{"host":"rc8mq8p9nwipzqut","time":1609702190,"event":{"mods":["2.2 Compatiblity","AchievementEnabler","BaseMod","Colored Map","Defective Defect","Downfall","Jorbs\u0027s Wanderer Trilogy","Marisa????????","Minty Spire (QoL Compilation)","Rare Cards Sparkle","Replay The Spire","Spicy Shops","StSLib","The Animator","The Cursed","The Disciple","The Senshi","The Servant 0.9.4"],"gold_per_floor":[117,219,268,287,299,328,328,328,328,340,340,340,5,25,25,127,127,144,21,21,21,37,37,53,53,53,53,65,65,65,94,94,94,94],"floor_reached":33,"playtime":3802,"items_purged":[],"score":338,"play_id":"21da18b0-7bfd-4114-9d6e-1a693822ab70","local_time":"20210103142950","daily_mods":["Draft","Heirloom"],"is_ascension_mode":false,"campfire_choices":[{"floor":7,"key":"REST"},{"data":"theSenshi:Sidestep","floor":12,"key":"SMITH"},{"data":"The Bomb","floor":15,"key":"SMITH"},{"floor":23,"key":"REST"},{"floor":25,"key":"REST"},{"floor":30,"key":"REST"},{"floor":32,"key":"REST"}],"circlet_count":0,"master_deck":["theSenshi:SaturnsMystery+1","theSenshi:Sidestep+1","theSenshi:MoonPower","theSenshi:MoonPunch","theSenshi:MoonPrincessHalation","theSenshi:TuxedoMaskAssists","theSenshi:MoonPunch","theSenshi:SailorMercuryAssists+1","theSenshi:MoonPunch","theSenshi:MoonTwilightFlash","theSenshi:MoonKick","theSenshi:MoonPunch","theSenshi:NeptunesGrace","theSenshi:SupersonicWaves","ReplayTheSpireMod:Splinters","theSenshi:SailorStarMakerAssists","theSenshi:TallSilhouette","theSenshi:TallSilhouette","theSenshi:VenusGlamour","theSenshi:SailorJupiterAssists","theSenshi:MoonPunch","theSenshi:TallSilhouette","theSenshi:UranusStrength+1","theSenshi:MarsPride","theSenshi:MoonTiaraMagic","ReplayTheSpireMod:Private Reserves","theSenshi:MoonCrystalPowerMakeUp","The Bomb","The Bomb","expansioncontent:GoopSpray","Bandage Up","theSenshi:Sidestep","theSenshi:SailorSaturnAssists","expansioncontent:FaceSlap+1","theSenshi:SailorChibiMoonAssists+1","theSenshi:TallSilhouette+1","theSenshi:Sidestep+1","theSenshi:SailorStarFighterAssists","theSenshi:SailorVenusAssists+1","theSenshi:TuxedoMaskAssists","theSenshi:OdangoHead","theSenshi:SailorVenusAssists+1","theSenshi:KlutzyLuck+1"],"relics":["theSenshi:TransformationBroochRelic","Turnip","Blue Doll","Replay:Accelerometer","ReplayTheSpireMod:Lightbulb","BargainBundle","ReplayTheSpireMod:ShopPack","Astrolabe","Enchiridion","champ:DeflectingBracers","theSenshi:CutieMoonRodRelic"],"acts_visited":["Exordium","TheCity"],"potions_floor_usage":[6,14,18,22,28,31],"damage_taken":[{"damage":2,"enemies":"Jaw Worm","floor":1,"turns":2},{"damage":0,"enemies":"2 Louse","floor":4,"turns":3},{"damage":0,"enemies":"Small Slimes","floor":5,"turns":1},{"damage":18,"enemies":"Gremlin Nob","floor":6,"turns":4},{"damage":0,"enemies":"Exordium Wildlife","floor":10,"turns":3},{"damage":0,"enemies":"Lots of Slimes","floor":14,"turns":3},{"damage":35,"enemies":"Slime Boss","floor":16,"turns":5},{"damage":12,"enemies":"Spheric Guardian","floor":18,"turns":1},{"damage":0,"enemies":"3 Byrds","floor":22,"turns":4},{"damage":7,"enemies":"Snecko","floor":24,"turns":6},{"damage":0,"enemies":"Cultist and Chosen","floor":28,"turns":6},{"damage":24,"enemies":"Slavers","floor":31,"turns":3},{"damage":97,"enemies":"Automaton","floor":33,"turns":12}],"seed_played":"4441431574851726738","potions_obtained":[{"floor":5,"key":"Flashbang"},{"floor":6,"key":"ColorlessPotion"},{"floor":16,"key":"Death Potion"},{"floor":24,"key":"SpeedPotion"},{"floor":28,"key":"Fruit Juice"}],"is_trial":true,"path_per_floor":["M","?","T","M","M","E","R","?","T","M","?","R","$","M","R","B",null,"M","$","?","$","M","R","M","R","T","?","M","?","R","E","R","B"],"character_chosen":"THE_SENSHI","items_purchased":["BargainBundle","theSenshi:UranusStrength+1","theSenshi:MarsPride","theSenshi:MoonTiaraMagic","ReplayTheSpireMod:Private Reserves","theSenshi:MoonCrystalPowerMakeUp","The Bomb","ReplayTheSpireMod:ShopPack","theSenshi:SailorStarFighterAssists","theSenshi:SailorVenusAssists+1","AttackPotion"],"campfire_rested":5,"item_purchase_floors":[13,13,13,13,13,13,13,13,19,19,19],"current_hp_per_floor":[73,73,73,73,75,57,75,60,60,75,75,75,75,75,75,44,75,63,63,47,47,47,69,68,75,75,75,75,61,80,61,85,0,0],"gold":94,"neow_bonus":"","is_daily":false,"chose_seed":false,"campfire_upgraded":2,"win_rate":0.0,"timestamp":1609702190,"path_taken":["M","?","?","M","M","E","R","?","T","M","?","R","$","?","R","BOSS","M","?","?","?","M","R","M","R","T","?","?","?","R","E","R","BOSS"],"items_purchased_type":["Relic","Card","Card","Card","Card","Card","Card","Relic","Card","Card","Potion"],"build_version":"2020-12-22","purchased_purges":0,"victory":false,"max_hp_per_floor":[75,75,75,75,75,75,75,75,75,75,75,75,75,75,75,75,75,75,75,75,75,75,75,75,75,75,75,75,80,80,85,85,85,85],"card_choices":[{"not_picked":["theSenshi:LunasBite","theSenshi:MoonTiaraMagic"],"picked":"theSenshi:SaturnsMystery","floor":0},{"not_picked":["theSenshi:TallSilhouette","theSenshi:SailorV"],"picked":"theSenshi:Sidestep","floor":0},{"not_picked":["theSenshi:LunasBite","theSenshi:SchoolBag"],"picked":"theSenshi:MoonPower","floor":0},{"not_picked":["theSenshi:MoonKick","theSenshi:MoonsReflection"],"picked":"theSenshi:MoonPunch","floor":0},{"not_picked":["theSenshi:MoonPower","theSenshi:EncouragingSpeech"],"picked":"theSenshi:MoonPrincessHalation","floor":0},{"not_picked":["theSenshi:OdangoHead","theSenshi:UranusStrength"],"picked":"theSenshi:TuxedoMaskAssists","floor":0},{"not_picked":["theSenshi:LateForSchool","theSenshi:TuxedoSmokingBomber"],"picked":"theSenshi:Overload","floor":0},{"not_picked":["theSenshi:MoonPrincessHalation","theSenshi:LateForSchool"],"picked":"theSenshi:VenusGlamour","floor":0},{"not_picked":["theSenshi:UranusStrength","theSenshi:MoonCrystalPowerMakeUp"],"picked":"theSenshi:MoonPunch","floor":0},{"not_picked":["theSenshi:SailorMarsAssists","theSenshi:MoonKick"],"picked":"theSenshi:SailorMercuryAssists","floor":0},{"not_picked":["theSenshi:MoonPower","theSenshi:LateForSchool"],"picked":"theSenshi:MoonPunch","floor":0},{"not_picked":["theSenshi:SchoolBag","theSenshi:Sidestep"],"picked":"theSenshi:MoonTwilightFlash","floor":0},{"not_picked":["theSenshi:GatheringStrength","theSenshi:MoonCrisisMakeUp"],"picked":"theSenshi:MoonKick","floor":0},{"not_picked":["theSenshi:Sidestep","theSenshi:LunasBite"],"picked":"theSenshi:MoonPunch","floor":0},{"not_picked":["theSenshi:MoonsReflection","theSenshi:OdangoHead"],"picked":"theSenshi:NeptunesGrace","floor":0},{"not_picked":["theSenshi:YouCanTalk","theSenshi:EncouragingSpeech"],"picked":"theSenshi:SupersonicWaves","floor":1},{"not_picked":["theSenshi:MoonPrincessHalation","theSenshi:LateForSchool"],"picked":"theSenshi:SailorStarMakerAssists","floor":2},{"not_picked":["theSenshi:TuxedoMaskAssists","theSenshi:SailorChibiMoonAssists"],"picked":"theSenshi:TallSilhouette","floor":2},{"not_picked":["theSenshi:SailorVenusAssists","theSenshi:SailorChibiMoonAssists"],"picked":"theSenshi:TallSilhouette","floor":2},{"not_picked":["theSenshi:GatheringStrength","theSenshi:TuxedoSmokingBomber"],"picked":"theSenshi:VenusGlamour","floor":4},{"not_picked":["theSenshi:SchoolBag","theSenshi:LunaWiseMentor"],"picked":"theSenshi:SailorJupiterAssists","floor":5},{"not_picked":["theSenshi:MoonEternalMakeUp","theSenshi:SilverMoonCrystalPowerKiss"],"picked":"theSenshi:MoonPunch","floor":6},{"not_picked":["theSenshi:SaturnsMystery","theSenshi:SailorChibiMoonAssists"],"picked":"theSenshi:TallSilhouette","floor":10},{"not_picked":["expansioncontent:DashGenerateEvil","Metamorphosis"],"picked":"The Bomb","floor":13},{"not_picked":["Dark Shackles","expansioncontent:LastStand"],"picked":"expansioncontent:GoopSpray","floor":13},{"not_picked":["expansioncontent:DefensiveStance","Mayhem"],"picked":"Bandage Up","floor":13},{"not_picked":["theSenshi:CrisisMakeUp","theSenshi:MoonsReflection"],"picked":"theSenshi:Sidestep","floor":14},{"not_picked":["theSenshi:SilverMoonCrystalPowerKiss","theSenshi:GlimpseOfThePast"],"picked":"theSenshi:SailorSaturnAssists","floor":16},{"not_picked":["theSenshi:MoonPunch","theSenshi:LunasBite"],"picked":"theSenshi:Sidestep+1","floor":18},{"not_picked":["theSenshi:SailorStarFighterAssists","theSenshi:MoonPower"],"picked":"theSenshi:TuxedoMaskAssists","floor":22},{"not_picked":["theSenshi:MoonPower","theSenshi:SailorStarMakerAssists+1"],"picked":"theSenshi:OdangoHead","floor":24},{"not_picked":["theSenshi:PlutosSolemnity","theSenshi:SchoolBag"],"picked":"theSenshi:SailorVenusAssists+1","floor":28},{"not_picked":["theSenshi:MarsPride","theSenshi:SailorCosmosAssists"],"picked":"theSenshi:KlutzyLuck+1","floor":31}],"player_experience":758070,"relics_obtained":[{"floor":3,"key":"Blue Doll"},{"floor":6,"key":"Replay:Accelerometer"},{"floor":9,"key":"ReplayTheSpireMod:Lightbulb"},{"floor":20,"key":"Enchiridion"},{"floor":26,"key":"champ:DeflectingBracers"},{"floor":31,"key":"theSenshi:CutieMoonRodRelic"}],"event_choices":[{"damage_healed":0,"gold_gain":0,"player_choice":"Entered Light","damage_taken":15,"max_hp_gain":0,"max_hp_loss":0,"event_name":"Shining Light","floor":8,"gold_loss":0,"cards_upgraded":["theSenshi:SaturnsMystery","theSenshi:SailorMercuryAssists"]},{"damage_healed":0,"gold_gain":0,"player_choice":"Obtained Book","damage_taken":16,"max_hp_gain":0,"max_hp_loss":0,"event_name":"Cursed Tome","floor":20,"gold_loss":0},{"damage_healed":0,"gold_gain":0,"player_choice":"Leave","damage_taken":0,"max_hp_gain":0,"max_hp_loss":0,"event_name":"FaceTrader","floor":27,"gold_loss":0},{"damage_healed":0,"gold_gain":0,"player_choice":"Shed Blood","damage_taken":19,"max_hp_gain":5,"max_hp_loss":0,"event_name":"Forgotten Altar","floor":29,"gold_loss":0}],"is_beta":false,"boss_relics":[{"not_picked":["Philosopher\u0027s Stone","Ectoplasm"],"picked":"Astrolabe"}],"items_purged_floors":[],"is_endless":false,"potions_floor_spawned":[5,6,16,24,28],"killed_by":"Automaton","ascension_level":0}}