{"host":"pf5oese4ka0eje7d","time":1609666175,"event":{"mods":["AchievementEnabler","BaseMod","Colored Map","Minty Spire (QoL Compilation)","StSLib","SuperFastMode"],"gold_per_floor":[19,35,62,74,47,47,78,78,101,112,112,129,159,177,177,272,272,289,214,214,243,0,0,0,0],"floor_reached":24,"playtime":712,"items_purged":["Strike_R","Strike_R"],"score":311,"play_id":"db9bdc93-af33-458e-8022-264db94d2dae","local_time":"20210103102935","is_ascension_mode":true,"campfire_choices":[{"data":"Rampage","floor":6,"key":"SMITH"},{"data":"Armaments","floor":8,"key":"SMITH"},{"floor":15,"key":"REST"},{"floor":23,"key":"REST"}],"circlet_count":0,"master_deck":["Strike_R","Strike_R","Defend_R","Defend_R+1","Defend_R","Defend_R+1","Bash","Armaments","Rampage+1","Armaments+1","Feed","Battle Trance","Demon Form"],"relics":["Burning Blood","TungstenRod","Tiny Chest","Bag of Marbles","War Paint","Happy Flower","Sozu","Red Mask","Sling"],"acts_visited":["Exordium","TheCity"],"potions_floor_usage":[12,16,21],"damage_taken":[{"damage":13,"enemies":"Cultist","floor":1,"turns":5},{"damage":0,"enemies":"Small Slimes","floor":2,"turns":4},{"damage":1,"enemies":"Jaw Worm","floor":4,"turns":4},{"damage":31,"enemies":"Lagavulin","floor":7,"turns":10},{"damage":12,"enemies":"Exordium Thugs","floor":10,"turns":6},{"damage":4,"enemies":"Gremlin Gang","floor":12,"turns":3},{"damage":31,"enemies":"3 Sentries","floor":13,"turns":13},{"damage":0,"enemies":"Exordium Wildlife","floor":14,"turns":3},{"damage":17,"enemies":"The Guardian","floor":16,"turns":12},{"damage":14,"enemies":"Chosen","floor":18,"turns":6},{"damage":54,"enemies":"Masked Bandits","floor":21,"turns":7},{"damage":37,"enemies":"Slavers","floor":24,"turns":4}],"seed_played":"4400506594950105557","potions_obtained":[{"floor":4,"key":"ColorlessPotion"},{"floor":10,"key":"Fire Potion"},{"floor":13,"key":"SteroidPotion"},{"floor":14,"key":"BlessingOfTheForge"}],"is_trial":false,"path_per_floor":["M","M","T","M","$","R","E","R","T","M","?","M","E","M","R","B",null,"M","$","?","?","$","R","E"],"character_chosen":"IRONCLAD","items_purchased":["Armaments","Sling"],"campfire_rested":2,"item_purchase_floors":[5,22],"current_hp_per_floor":[65,71,71,76,76,76,51,51,51,45,39,41,20,29,55,44,76,68,68,52,8,8,36,0,0],"gold":0,"neow_bonus":"ONE_RARE_RELIC","is_daily":false,"chose_seed":false,"campfire_upgraded":2,"win_rate":0.0,"timestamp":1609666175,"path_taken":["M","?","?","M","$","R","E","R","T","M","?","M","E","M","R","BOSS","M","$","?","?","$","R","E"],"items_purchased_type":["Card","Relic"],"build_version":"2020-12-22","purchased_purges":2,"victory":false,"max_hp_per_floor":[80,80,80,80,80,80,80,80,80,80,80,80,84,87,87,87,87,87,87,92,96,96,96,96,96],"card_choices":[{"not_picked":["Power Through","Body Slam"],"picked":"Armaments","floor":1},{"not_picked":["Clothesline","Flame Barrier"],"picked":"Rampage","floor":2},{"not_picked":["Twin Strike","Headbutt","Rage"],"picked":"SKIP","floor":4},{"not_picked":["Clothesline","Rupture","Clash"],"picked":"SKIP","floor":7},{"not_picked":["Armaments","Heavy Blade","Rage"],"picked":"SKIP","floor":10},{"not_picked":["Perfected Strike","Wild Strike"],"picked":"Feed","floor":12},{"not_picked":["Armaments","Entrench","Whirlwind"],"picked":"SKIP","floor":13},{"not_picked":["Body Slam","Impervious"],"picked":"Battle Trance","floor":14},{"not_picked":["Fiend Fire","Berserk"],"picked":"Demon Form","floor":16},{"not_picked":["Cleave","Armaments","Shockwave"],"picked":"SKIP","floor":18}],"player_experience":308551,"relics_obtained":[{"floor":3,"key":"Tiny Chest"},{"floor":7,"key":"Bag of Marbles"},{"floor":9,"key":"War Paint"},{"floor":13,"key":"Happy Flower"},{"floor":21,"key":"Red Mask"}],"event_choices":[{"cards_removed":["Strike_R"],"damage_healed":0,"gold_gain":0,"player_choice":"Card Removal","damage_taken":7,"max_hp_gain":0,"max_hp_loss":0,"event_name":"Golden Wing","floor":11,"gold_loss":0},{"damage_healed":0,"gold_gain":0,"player_choice":"Shed Blood","damage_taken":22,"max_hp_gain":5,"max_hp_loss":0,"event_name":"Forgotten Altar","floor":20,"gold_loss":0},{"damage_healed":0,"gold_gain":0,"player_choice":"Fought Bandits","damage_taken":0,"max_hp_gain":0,"max_hp_loss":0,"event_name":"Masked Bandits","floor":21,"gold_loss":0}],"is_beta":false,"boss_relics":[{"not_picked":["Busted Crown","Runic Cube"],"picked":"Sozu"}],"items_purged_floors":[19,22],"is_endless":false,"potions_floor_spawned":[4,10,13,14,18],"killed_by":"Slavers","ascension_level":8}}