{"host":"byaz8jpbcvk71eys","time":1609654158,"event":{"mods":["BaseMod","Minty Spire (QoL Compilation)","StSLib"],"gold_per_floor":[118,118,135,135,60,87,107,107,107,107,107],"floor_reached":10,"playtime":177,"items_purged":["Regret"],"score":76,"play_id":"fa857e00-0f10-4bb1-be4d-0a4e2cbc988e","local_time":"20210103140918","is_ascension_mode":true,"campfire_choices":[{"floor":8,"key":"DIG"}],"circlet_count":0,"master_deck":["Strike_R","Strike_R","Strike_R","Strike_R","Defend_R","Defend_R","Defend_R","Defend_R","Bash","Flex","Perfected Strike","Clash"],"relics":["Burning Blood","InkBottle","Red Skull","Shovel","Gambling Chip","The Courier"],"acts_visited":["Exordium"],"potions_floor_usage":[6,6,6,6],"damage_taken":[{"damage":6,"enemies":"2 Louse","floor":1,"turns":2},{"damage":6,"enemies":"Cultist","floor":3,"turns":3},{"damage":16,"enemies":"Gremlin Nob","floor":6,"turns":3},{"damage":3,"enemies":"Small Slimes","floor":7,"turns":3},{"damage":15,"enemies":"Lagavulin","floor":10,"turns":3}],"seed_played":"-7807351966219074259","potions_obtained":[{"floor":3,"key":"EntropicBrew"}],"is_trial":false,"path_per_floor":["M","?","M","?","$","E","M","R","T","E"],"character_chosen":"IRONCLAD","items_purchased":[],"campfire_rested":0,"item_purchase_floors":[],"current_hp_per_floor":[80,80,80,80,80,70,73,73,73,58,58],"gold":107,"neow_bonus":"TRANSFORM_CARD","is_daily":false,"chose_seed":false,"campfire_upgraded":0,"win_rate":0.0,"timestamp":1609654158,"path_taken":["M","?","?","?","$","E","M","R","T","E"],"items_purchased_type":[],"build_version":"2020-12-22","purchased_purges":1,"victory":false,"max_hp_per_floor":[80,80,80,80,80,80,80,80,80,80,80],"card_choices":[{"not_picked":["Anger","Flame Barrier"],"picked":"Flex","floor":1},{"not_picked":["Wild Strike","Sword Boomerang"],"picked":"Perfected Strike","floor":3},{"not_picked":["Entrench","Cleave","Power Through"],"picked":"SKIP","floor":6},{"not_picked":["Shrug It Off","Fiend Fire"],"picked":"Clash","floor":7}],"player_experience":39243,"relics_obtained":[{"floor":6,"key":"Shovel"},{"floor":8,"key":"Gambling Chip"},{"floor":9,"key":"The Courier"}],"event_choices":[{"cards_removed":["Thunderclap"],"damage_healed":0,"gold_gain":0,"player_choice":"Gave Card","damage_taken":0,"relics_obtained":["InkBottle"],"max_hp_gain":0,"max_hp_loss":0,"event_name":"WeMeetAgain","floor":2,"gold_loss":0},{"damage_healed":0,"gold_gain":0,"player_choice":"Box","damage_taken":0,"relics_obtained":["Red Skull"],"max_hp_gain":0,"max_hp_loss":0,"event_name":"Big Fish","floor":4,"gold_loss":0,"cards_obtained":["Regret"]}],"is_beta":false,"boss_relics":[],"items_purged_floors":[5],"is_endless":false,"potions_floor_spawned":[3],"killed_by":"Lagavulin","ascension_level":3}}