{"host":"9l4mw5jqza9qz9hr","time":1609661545,"event":{"mods":["AchievementEnabler","Always Whale","BaseMod","Colored Map","Minty Spire (QoL Compilation)","StSLib","SuperFastMode"],"gold_per_floor":[115,130,130,130,153,187,187,199,199,217,187,206,220,248,248,349,349,363,363,303,322,322,322,340,351,402,402,402,55,55,85,97,109,109],"floor_reached":33,"playtime":2553,"items_purged":["Defend_R","Defend_R+1"],"score":344,"play_id":"333fe4b7-8e45-4460-b3fe-9faf154d7c11","local_time":"20210103171225","is_ascension_mode":true,"campfire_choices":[{"data":"Bash","floor":7,"key":"SMITH"},{"data":"Carnage","floor":15,"key":"SMITH"},{"floor":23,"key":"DIG"},{"floor":30,"key":"DIG"},{"floor":32,"key":"DIG"}],"circlet_count":0,"master_deck":["Strike_R","Strike_R","Strike_R","Strike_R","Strike_R","Defend_R+1","Bash+1","Blood for Blood+1","Shrug It Off","Shrug It Off","Carnage+1","Barricade","CurseOfTheBell","Perfected Strike+1","Evolve","Shrug It Off+1","Bludgeon","Uppercut","Flash of Steel","Bloodletting","Dual Wield"],"relics":["Burning Blood","Thread and Needle","Paper Frog","War Paint","Darkstone Periapt","Kunai","Ginger","Calling Bell","Happy Flower","The Courier","Shovel","Matryoshka","Oddly Smooth Stone","Regal Pillow","PreservedInsect","Question Card","MawBank","Eternal Feather"],"acts_visited":["Exordium","TheCity"],"potions_floor_usage":[14,18,31,33,33],"damage_taken":[{"damage":12,"enemies":"2 Louse","floor":1,"turns":2},{"damage":2,"enemies":"Jaw Worm","floor":2,"turns":4},{"damage":26,"enemies":"3 Sentries","floor":6,"turns":14},{"damage":0,"enemies":"Small Slimes","floor":8,"turns":3},{"damage":5,"enemies":"Exordium Thugs","floor":10,"turns":5},{"damage":2,"enemies":"Looter","floor":12,"turns":4},{"damage":9,"enemies":"Red Slaver","floor":13,"turns":5},{"damage":8,"enemies":"Lagavulin","floor":14,"turns":4},{"damage":11,"enemies":"The Guardian","floor":16,"turns":13},{"damage":9,"enemies":"Spheric Guardian","floor":18,"turns":3},{"damage":14,"enemies":"Shell Parasite","floor":21,"turns":4},{"damage":0,"enemies":"Snake Plant","floor":24,"turns":2},{"damage":17,"enemies":"3 Cultists","floor":25,"turns":5},{"damage":14,"enemies":"Slavers","floor":31,"turns":4},{"damage":59,"enemies":"Champ","floor":33,"turns":7}],"seed_played":"5748836951253159345","potions_obtained":[{"floor":1,"key":"Energy Potion"},{"floor":2,"key":"DuplicationPotion"},{"floor":11,"key":"SmokeBomb"},{"floor":14,"key":"AttackPotion"},{"floor":18,"key":"LiquidMemories"},{"floor":31,"key":"Fruit Juice"}],"is_trial":false,"path_per_floor":["M","M","?","?","T","E","R","M","T","M","?","M","M","E","R","B",null,"M","?","$","M","?","R","M","M","T","?","?","$","R","E","R","B"],"character_chosen":"IRONCLAD","items_purchased":["PreservedInsect","Flash of Steel","Bloodletting"],"campfire_rested":0,"item_purchase_floors":[29,29,29],"current_hp_per_floor":[66,70,63,68,68,48,48,54,54,55,55,59,56,54,54,49,76,73,73,73,65,65,65,71,60,60,60,60,60,60,52,52,0,0],"gold":109,"neow_bonus":"ONE_RARE_RELIC","is_daily":false,"chose_seed":false,"campfire_upgraded":2,"win_rate":0.0,"timestamp":1609661545,"path_taken":["M","M","?","?","?","E","R","M","T","M","?","?","M","E","R","BOSS","M","?","$","?","?","R","?","M","T","?","?","?","R","E","R","BOSS"],"items_purchased_type":["Relic","Card","Card"],"build_version":"2020-12-22","purchased_purges":2,"victory":false,"max_hp_per_floor":[72,72,72,77,77,77,77,77,77,77,77,77,77,77,77,77,83,83,83,83,83,83,83,83,83,83,83,83,83,83,83,83,88,88],"card_choices":[{"not_picked":["Reckless Charge","Fire Breathing","Burning Pact"],"picked":"SKIP","floor":1},{"not_picked":["Anger","Intimidate","Clash"],"picked":"SKIP","floor":2},{"not_picked":["Power Through","Rampage","Anger"],"picked":"SKIP","floor":6},{"not_picked":["Thunderclap","Headbutt"],"picked":"Blood for Blood","floor":8},{"not_picked":["Havoc","Clash"],"picked":"Shrug It Off","floor":10},{"not_picked":["Headbutt","Rupture"],"picked":"Shrug It Off","floor":12},{"not_picked":["Cleave","Body Slam"],"picked":"Carnage","floor":13},{"not_picked":["Berserk","Headbutt","Havoc"],"picked":"SKIP","floor":14},{"not_picked":["Impervious","Demon Form"],"picked":"Barricade","floor":16},{"not_picked":["Sword Boomerang","Headbutt"],"picked":"Perfected Strike+1","floor":18},{"not_picked":["Havoc+1","Clash+1"],"picked":"Shrug It Off+1","floor":21},{"not_picked":["Flame Barrier","Sword Boomerang"],"picked":"Bludgeon","floor":24},{"not_picked":["Body Slam+1","Reckless Charge+1"],"picked":"Uppercut","floor":25},{"not_picked":["Anger","Rampage+1","Twin Strike"],"picked":"Dual Wield","floor":31}],"player_experience":144966,"relics_obtained":[{"floor":5,"key":"War Paint"},{"floor":6,"key":"Darkstone Periapt"},{"floor":9,"key":"Kunai"},{"floor":14,"key":"Ginger"},{"floor":17,"key":"Happy Flower"},{"floor":17,"key":"The Courier"},{"floor":17,"key":"Shovel"},{"floor":23,"key":"Matryoshka"},{"floor":26,"key":"Oddly Smooth Stone"},{"floor":26,"key":"Regal Pillow"},{"floor":30,"key":"Question Card"},{"floor":31,"key":"MawBank"},{"floor":32,"key":"Eternal Feather"}],"event_choices":[{"damage_healed":0,"gold_gain":0,"player_choice":"Success","damage_taken":7,"relics_obtained":["Paper Frog"],"max_hp_gain":0,"max_hp_loss":0,"event_name":"Scrap Ooze","floor":3,"gold_loss":0},{"damage_healed":0,"gold_gain":0,"player_choice":"Donut","damage_taken":0,"max_hp_gain":5,"max_hp_loss":0,"event_name":"Big Fish","floor":4,"gold_loss":0},{"damage_healed":0,"gold_gain":0,"player_choice":"Bought 2 Potions","damage_taken":0,"max_hp_gain":0,"max_hp_loss":0,"event_name":"The Woman in Blue","floor":11,"gold_loss":0},{"damage_healed":0,"gold_gain":0,"cards_transformed":["Defend_R"],"player_choice":"Transformed","damage_taken":0,"max_hp_gain":0,"max_hp_loss":0,"event_name":"Transmorgrifier","floor":19,"gold_loss":0,"cards_obtained":["Evolve"]},{"damage_healed":0,"gold_gain":0,"player_choice":"Upgraded","damage_taken":0,"max_hp_gain":0,"max_hp_loss":0,"event_name":"Upgrade Shrine","floor":22,"gold_loss":0,"cards_upgraded":["Blood for Blood"]},{"damage_healed":0,"gold_gain":0,"player_choice":"Ignored","damage_taken":0,"max_hp_gain":0,"max_hp_loss":0,"event_name":"Vampires","floor":27,"gold_loss":0},{"damage_healed":0,"gold_gain":0,"player_choice":"Ignored","damage_taken":0,"max_hp_gain":0,"max_hp_loss":0,"event_name":"Ghosts","floor":28,"gold_loss":0}],"is_beta":false,"boss_relics":[{"not_picked":["Snecko Eye","Mark of Pain"],"picked":"Calling Bell"}],"items_purged_floors":[20,29],"is_endless":false,"potions_floor_spawned":[1,2,14,18,31],"killed_by":"Champ","ascension_level":5}}