{"host":"soyfmymeou4emntr","time":1609644298,"event":{"mods":["BaseMod","Minty Spire (QoL Compilation)","Relic Sorter","Relic Stats","StSLib"],"gold_per_floor":[110,110,130,148,148,148,177,177,477,490,490,517,2,20,20,97,97,109,109,124,124,141,170,170,170],"floor_reached":24,"playtime":1899,"items_purged":["Strike_R"],"score":452,"play_id":"fd473a95-f03c-4263-9335-b31350ac178f","local_time":"20210102202458","is_ascension_mode":true,"campfire_choices":[{"data":"Whirlwind","floor":6,"key":"SMITH"},{"data":"Battle Trance","floor":8,"key":"SMITH"},{"floor":11,"key":"REST"},{"floor":15,"key":"REST"}],"circlet_count":0,"master_deck":["AscendersBane","Strike_R","Strike_R","Strike_R","Defend_R","Defend_R","Defend_R","Defend_R","Bash+1","Thunderclap","Whirlwind+1","Battle Trance+1","Clothesline","Corruption","Spot Weakness","Battle Trance","Feel No Pain"],"relics":["Sozu","Charon\u0027s Ashes","Old Coin","Torii","Kunai","PreservedInsect","Black Star","Singing Bowl","Ornamental Fan"],"acts_visited":["Exordium","TheCity"],"potions_floor_usage":[],"damage_taken":[{"damage":2,"enemies":"2 Louse","floor":1,"turns":2},{"damage":7,"enemies":"Jaw Worm","floor":3,"turns":3},{"damage":0,"enemies":"Cultist","floor":4,"turns":2},{"damage":20,"enemies":"3 Sentries","floor":7,"turns":4},{"damage":14,"enemies":"Red Slaver","floor":10,"turns":2},{"damage":25,"enemies":"Lagavulin","floor":12,"turns":5},{"damage":0,"enemies":"Gremlin Gang","floor":14,"turns":1},{"damage":1,"enemies":"Slime Boss","floor":16,"turns":5},{"damage":13,"enemies":"2 Thieves","floor":18,"turns":3},{"damage":25,"enemies":"Spheric Guardian","floor":20,"turns":4},{"damage":9,"enemies":"Snecko","floor":22,"turns":4},{"damage":9,"enemies":"Gremlin Leader","floor":23,"turns":4},{"damage":13,"enemies":"Sentry and Sphere","floor":24,"turns":3}],"seed_played":"-6358605754779991027","potions_obtained":[],"is_trial":false,"path_per_floor":["M","?","M","M","?","R","E","R","T","M","R","E","$","M","R","B",null,"M","?","M","?","M","E","M"],"character_chosen":"IRONCLAD","items_purchased":["Kunai","PreservedInsect"],"campfire_rested":2,"item_purchase_floors":[13,13],"current_hp_per_floor":[66,66,59,59,52,52,32,32,32,18,40,15,15,15,37,36,65,52,52,27,27,18,11,0,0],"gold":170,"neow_bonus":"BOSS_RELIC","is_daily":false,"chose_seed":false,"campfire_upgraded":2,"win_rate":0.0,"timestamp":1609644298,"path_taken":["M","?","M","M","?","R","E","R","T","M","R","E","?","M","R","BOSS","M","?","M","?","M","E","M"],"items_purchased_type":["Relic","Relic"],"build_version":"2020-12-22","purchased_purges":1,"victory":false,"max_hp_per_floor":[75,75,75,75,75,75,75,75,75,75,75,75,75,75,75,75,75,75,75,75,75,75,77,77,77],"relic_stats":{"Sozu":6,"Torii":7,"Singing Bowl":2,"counters":[13,42],"Ornamental Fan":[4],"Charon\u0027s Ashes":[110],"PreservedInsect":45,"Black Star":1,"Kunai":[4],"obtain_stats":[{"Sozu":0,"Torii":12,"Singing Bowl":23,"Ornamental Fan":23,"Charon\u0027s Ashes":7,"PreservedInsect":13,"Black Star":17,"Kunai":13,"Burning Blood":0,"Old Coin":9},{"Sozu":0,"Torii":6,"Singing Bowl":12,"Ornamental Fan":12,"Charon\u0027s Ashes":4,"PreservedInsect":6,"Black Star":8,"Kunai":6,"Burning Blood":0,"Old Coin":4},{"Sozu":0,"Torii":18,"Singing Bowl":39,"Ornamental Fan":39,"Charon\u0027s Ashes":11,"PreservedInsect":18,"Black Star":24,"Kunai":18,"Burning Blood":0,"Old Coin":11}]},"card_choices":[{"not_picked":["Sword Boomerang","Heavy Blade"],"picked":"Thunderclap","floor":1},{"not_picked":["Twin Strike","Combust"],"picked":"Whirlwind","floor":3},{"not_picked":["Headbutt","Wild Strike","Body Slam"],"picked":"SKIP","floor":4},{"not_picked":["Bloodletting","Clothesline"],"picked":"Battle Trance","floor":7},{"not_picked":["Combust","Limit Break"],"picked":"Clothesline","floor":10},{"not_picked":["Twin Strike","Perfected Strike","Sentinel"],"picked":"SKIP","floor":12},{"not_picked":["Bloodletting","Perfected Strike","Anger"],"picked":"SKIP","floor":14},{"not_picked":["Limit Break","Offering"],"picked":"Corruption","floor":16},{"not_picked":["Anger","Clash"],"picked":"Spot Weakness","floor":18},{"not_picked":["Clothesline","Thunderclap","Perfected Strike"],"picked":"SKIP","floor":20},{"not_picked":["Body Slam","Anger+1"],"picked":"Feel No Pain","floor":22},{"not_picked":["Pommel Strike","Searing Blow","Heavy Blade"],"picked":"Singing Bowl","floor":23}],"player_experience":2797666,"relics_obtained":[{"floor":7,"key":"Charon\u0027s Ashes"},{"floor":9,"key":"Old Coin"},{"floor":12,"key":"Torii"},{"floor":23,"key":"Singing Bowl"},{"floor":23,"key":"Ornamental Fan"}],"event_choices":[{"damage_healed":0,"gold_gain":0,"player_choice":"Grow","damage_taken":0,"max_hp_gain":0,"max_hp_loss":0,"event_name":"Living Wall","floor":2,"gold_loss":0,"cards_upgraded":["Bash"]},{"cards_removed":["Strike_R"],"damage_healed":0,"gold_gain":0,"player_choice":"Card Removal","damage_taken":7,"max_hp_gain":0,"max_hp_loss":0,"event_name":"Golden Wing","floor":5,"gold_loss":0},{"damage_healed":0,"gold_gain":0,"player_choice":"Read","damage_taken":0,"max_hp_gain":0,"max_hp_loss":0,"event_name":"The Library","floor":19,"gold_loss":0,"cards_obtained":["Battle Trance"]},{"damage_healed":0,"gold_gain":0,"player_choice":"Ignored","damage_taken":0,"max_hp_gain":0,"max_hp_loss":0,"event_name":"N\u0027loth","floor":21,"gold_loss":0}],"is_beta":false,"boss_relics":[{"not_picked":["Snecko Eye","Mark of Pain"],"picked":"Black Star"}],"items_purged_floors":[13],"is_endless":false,"potions_floor_spawned":[7,10,12,16,18,22],"killed_by":"Sentry and Sphere","ascension_level":20}}