{"host":"appz8zkad29u9482","time":1609710887,"event":{"mods":["2.2 Compatiblity","Act Like it!","Aspiration","BaseMod","Beaked The Cultist","Better Altar","Better Match","Better Note","Better Skull","Better Third Choice","BetterRewards","CapriCore","Conspire","Disable Question Mark Monsters","Energized Spire","Gensokyo","GifTheSpireLib","Gold Saver","Halation","Hermit","Hubris","Infinite Spire","Jedi Mod","Jorbs\u0027s Wanderer Trilogy","Koishi","Marisa????????","Minty Spire (QoL Compilation)","Permanent Neow","Reimu??????","Replay The Spire","Spicy Shops","StSLib","Strawberry Spire","Stuff the Spire","The Administrix","The Cursed","The Hierophant","The Immortal","The Marked","The Servant 0.9.4","yUi"],"gold_per_floor":[864,883,897,909,921,921,952,952,952,965,977,977,977,148,148,246,246,258,268,349,349,362,362,362,362,362,380,380,80,112,124,124,228,228,238,343,353,353,353],"floor_reached":38,"playtime":2183,"items_purged":["Regret"],"score":468,"play_id":"7e42d5b7-60c9-41ba-9b86-35ed14ce76c8","local_time":"20210103115447","is_ascension_mode":true,"campfire_choices":[{"floor":6,"key":"REST"},{"floor":8,"key":"REST"},{"floor":15,"key":"REST"},{"floor":23,"key":"REST"},{"floor":25,"key":"REST"},{"floor":32,"key":"REST"}],"circlet_count":0,"master_deck":["Strike_MRS","Strike_MRS+1","Strike_MRS","Strike_MRS","Defend_MRS+1","Defend_MRS","Defend_MRS","Defend_MRS+1","MasterSpark+1","UpSweep+1","PowerUp+1","DoubleSpark","SprinkleStarSeal","Singularity+1","SuperPerseids+1","DarkMatter","PowerUp","hubris:EnhanceAbility","Acceleration","Singularity+1","Singularity+1","Singularity+1","Singularity+1","Singularity+1","TreasureHunter+1","MysteriousBeam","DoubleSpark","PropBag+1","DoubleSpark","ReplayTheSpireMod:??????????????????????","GravityBeat","SuperPerseids","BinaryStars+1","PropBag"],"relics":["MiniHakkero","Gremlin Food","Mummified Hand","Juzu Bracelet","Replay:Wax Seal","conspire:SlowCooker","halation:SelfBoilingWater","Replay:Bottled Eggs","conspire:RoyalGoblet","Garlic","Singing Bowl","halation:Sosunser","halation:Thesaurus","Frozen Eye","Bottled Lightning","hubris:RunicObelisk","Bag of Marbles","Mercury Hourglass"],"acts_visited":["Exordium","Gensokyo:Gensokyoer","Gensokyo:Gensokyoest"],"potions_floor_usage":[30,30,33,33],"damage_taken":[{"damage":3,"enemies":"Small Slimes","floor":1,"turns":3},{"damage":2,"enemies":"Cultist","floor":2,"turns":3},{"damage":6,"enemies":"Jaw Worm","floor":3,"turns":2},{"damage":11,"enemies":"2 Fungi Beasts","floor":4,"turns":4},{"damage":19,"enemies":"3 Louse","floor":5,"turns":3},{"damage":44,"enemies":"3 Sentries","floor":7,"turns":8},{"damage":13,"enemies":"Lots of Slimes","floor":10,"turns":4},{"damage":2,"enemies":"Blue Slaver","floor":11,"turns":4},{"damage":10,"enemies":"Hexaghost","floor":16,"turns":5},{"damage":41,"enemies":"Gensokyo:3_Dogs","floor":18,"turns":5},{"damage":18,"enemies":"Gensokyo:Chomper","floor":19,"turns":4},{"damage":0,"enemies":"Gensokyo:Wraith","floor":22,"turns":3},{"damage":0,"enemies":"Gensokyo:Chomper_and_Gloop","floor":27,"turns":3},{"damage":36,"enemies":"Gensokyo:Reisen","floor":30,"turns":5},{"damage":3,"enemies":"Gensokyo:3_Gloops","floor":31,"turns":5},{"damage":11,"enemies":"Gensokyo:Eiki","floor":33,"turns":4},{"damage":8,"enemies":"Gensokyo:3_Boulders","floor":35,"turns":3},{"damage":4,"enemies":"Gensokyo:3_Bats","floor":37,"turns":3},{"damage":7,"enemies":"conspire:MimicChest","floor":38,"turns":2}],"seed_played":"4555144359239086482","potions_obtained":[{"floor":2,"key":"CultistPotion"},{"floor":5,"key":"DuplicationPotion"},{"floor":11,"key":"CultistPotion"},{"floor":30,"key":"Strength Potion"},{"floor":31,"key":"jedi:holywater"}],"is_trial":false,"path_per_floor":["M","M","M","M","M","R","E","R","T","M","M","?","?","$","R","B",null,"M","M","T","AVR","M","R","T","R","T","M","?","$","E","M","R","B",null,"M","?","M","?"],"character_chosen":"MARISA","items_purchased":["Replay:Wax Seal","hubris:EnhanceAbility","Acceleration","strawberrySpire:BrokenPrinter","halation:Sosunser","halation:Thesaurus"],"campfire_rested":6,"item_purchase_floors":[14,14,14,14,29,29],"current_hp_per_floor":[72,70,64,53,34,56,12,34,34,21,19,19,19,19,41,31,75,34,16,16,16,16,38,38,60,60,60,42,42,18,27,49,38,75,67,9,7,0,0],"gold":353,"neow_bonus":"RANDOM_EVENT","is_daily":false,"chose_seed":false,"campfire_upgraded":0,"win_rate":0.0,"timestamp":1609710887,"path_taken":["M","M","M","M","M","R","E","R","T","M","M","?","?","$","R","BOSS","M","M","?","AVR","M","R","?","R","T","M","?","$","E","M","R","BOSS","M","?","M","?"],"items_purchased_type":["Relic","Card","Card","Relic","Relic","Relic"],"build_version":"2020-12-22","purchased_purges":1,"victory":false,"max_hp_per_floor":[75,75,75,75,75,75,75,75,75,75,75,75,75,75,75,75,75,75,75,75,75,75,75,75,75,75,75,75,75,75,75,75,75,75,75,75,77,77,77],"card_choices":[{"not_picked":["EarthLightRay","MysteriousBeam"],"picked":"PowerUp","floor":1},{"not_picked":["GrandCross","ChargeUpSpray"],"picked":"DoubleSpark","floor":2},{"not_picked":["GrandCross","GravityBeat"],"picked":"SprinkleStarSeal","floor":3},{"not_picked":["OpenUniverse","DC"],"picked":"Singularity","floor":4},{"not_picked":["GalacticHalo","ChargeUpSpray","SprinkleStarSeal"],"picked":"SKIP","floor":5},{"not_picked":["AbsoluteMagnitude","DarkSpark"],"picked":"SuperPerseids","floor":7},{"not_picked":["GravityBeat","DC"],"picked":"DarkMatter","floor":10},{"not_picked":["6A","NonDirectionalLaser"],"picked":"PowerUp","floor":11},{"not_picked":["BlazingStar","MillisecondPulsars"],"picked":"TreasureHunter","floor":16},{"not_picked":["6A","SporeBomb+1"],"picked":"MysteriousBeam","floor":18},{"not_picked":["ShootingEcho","SporeBomb+1"],"picked":"DoubleSpark","floor":19},{"not_picked":["ShootingEcho","FairyDestructionRay"],"picked":"PropBag+1","floor":22},{"not_picked":["BlazeAway","PulseMagic"],"picked":"DoubleSpark","floor":27},{"not_picked":["ReplayTheSpireMod:Echoes of Time","infinitespire:TheBestDefense"],"picked":"ReplayTheSpireMod:??????????????????????","floor":28},{"not_picked":["MillisecondPulsars","MeteoricShower"],"picked":"GravityBeat","floor":30},{"not_picked":["ShootTheMoon","DC"],"picked":"SuperPerseids","floor":31},{"not_picked":["TreasureHunter","AbsoluteMagnitude"],"picked":"BinaryStars","floor":33},{"not_picked":["MilkyWay+1","NonDirectionalLaser+1"],"picked":"PropBag","floor":35},{"not_picked":["DragonMeteor+1","SporeBomb","SprinkleStarSeal"],"picked":"Singing Bowl","floor":37}],"player_experience":429385,"relics_obtained":[{"floor":7,"key":"Mummified Hand"},{"floor":9,"key":"Juzu Bracelet"},{"floor":20,"key":"halation:SelfBoilingWater"},{"floor":24,"key":"Garlic"},{"floor":26,"key":"Singing Bowl"},{"floor":30,"key":"Bottled Lightning"}],"event_choices":[{"damage_healed":0,"gold_gain":0,"player_choice":"Box","damage_taken":0,"relics_obtained":["Gremlin Food"],"max_hp_gain":0,"max_hp_loss":0,"event_name":"Big Fish","floor":0,"gold_loss":0,"cards_obtained":["Regret"]},{"damage_healed":0,"gold_gain":0,"player_choice":"Ignored","damage_taken":977,"max_hp_gain":0,"max_hp_loss":0,"event_name":"betterThird:BetterSerpent","floor":12,"gold_loss":0},{"damage_healed":0,"gold_gain":0,"player_choice":"Bought 0 Potions","damage_taken":0,"max_hp_gain":0,"max_hp_loss":0,"event_name":"The Woman in Blue","floor":13,"gold_loss":0},{"damage_healed":0,"gold_gain":105,"player_choice":"RE UP GO UP UP ","damage_taken":67,"relics_obtained":["Bag of Marbles"],"max_hp_gain":0,"max_hp_loss":0,"event_name":"betterSkull:BetterSkull","floor":36,"gold_loss":0,"cards_upgraded":["BinaryStars","SuperPerseids","MasterSpark"]}],"is_beta":false,"boss_relics":[{"not_picked":["jedi:battlestandard","halation:ForbiddenBikini"],"picked":"conspire:SlowCooker"},{"not_picked":["infinitespire:Cupcake","SacredBark"],"picked":"hubris:RunicObelisk"}],"items_purged_floors":[14],"is_endless":false,"potions_floor_spawned":[2,5,11,19,30,31],"killed_by":"conspire:MimicChest","ascension_level":1}}