{"host":"odz7g4gpgch153rb","time":1609710931,"event":{"mods":["AchievementEnabler","BaseMod","Better Match","Better Third Choice","BetterRewards","GifTheSpireLib","Infinite Spire","Jedi Mod","Minty Spire (QoL Compilation)","Quick Restart","Replay The Spire","Spikes Relics","StSLib","Stuff the Spire","The Blue Laboratory","Trackpad"],"gold_per_floor":[116,116,116,132,146,146,57,22,22,32,32,65,65,26,26,105,105,25,43,43,43,43,43],"floor_reached":22,"playtime":1237,"items_purged":["Strike_G","Strike_G","Strike_G","Strike_G"],"score":518,"play_id":"8457895a-e672-45e8-a63a-f212fe809b49","local_time":"20210103165531","is_ascension_mode":true,"campfire_choices":[{"data":"Caltrops","floor":6,"key":"SMITH"},{"floor":11,"key":"DIG"},{"data":"Caltrops","floor":15,"key":"SMITH"}],"circlet_count":0,"master_deck":["AscendersBane","Defend_G","Defend_G","Defend_G","Defend_G","Survivor","Neutralize","jedi:pocketpoison+1","Deadly Poison+1","Footwork","Caltrops+1","InfectiousVector","Catalyst","Toxin Wave","Caltrops+1","Deadly Poison","ReplayTheSpireMod:Black Plague"],"relics":["Ring of the Snake","Eternal Feather","Shovel","Girya","Toy Ornithopter","trackpad:SneckoScepter","Juzu Bracelet","StuffTheSpire:TintedRock","StuffTheSpire:Saxophone"],"acts_visited":["Exordium","TheCity"],"potions_floor_usage":[10,12],"damage_taken":[{"damage":0,"enemies":"Small Slimes","floor":1,"turns":4},{"damage":0,"enemies":"Cultist","floor":4,"turns":3},{"damage":0,"enemies":"Jaw Worm","floor":5,"turns":4},{"damage":4,"enemies":"Blue Slaver","floor":10,"turns":4},{"damage":20,"enemies":"3 Sentries","floor":12,"turns":10},{"damage":32,"enemies":"The Guardian","floor":16,"turns":9},{"damage":13,"enemies":"2 Thieves","floor":18,"turns":4},{"damage":11,"enemies":"Chosen","floor":19,"turns":5},{"damage":29,"enemies":"3 Cultists","floor":22,"turns":4}],"seed_played":"-4195594015002627478","potions_obtained":[{"floor":1,"key":"Block Potion"},{"floor":4,"key":"Adrenaline Potion"}],"is_trial":false,"path_per_floor":["M","?","?","M","M","R","$","?","T","M","R","E","T","$","R","B",null,"M","M","AVR","?","M"],"character_chosen":"THE_SILENT","items_purchased":["Eternal Feather","jedi:pocketpoison","Deadly Poison+1","Footwork","Caltrops","Catalyst","Caltrops"],"campfire_rested":0,"item_purchase_floors":[0,0,0,0,0,7,14],"current_hp_per_floor":[18,18,18,18,18,24,24,40,40,41,50,35,35,35,44,12,53,40,29,29,29,0,0],"gold":43,"neow_bonus":"","is_daily":false,"chose_seed":false,"campfire_upgraded":2,"win_rate":0.0,"timestamp":1609710931,"path_taken":["M","?","?","?","M","R","$","?","T","M","R","E","?","$","R","BOSS","M","M","AVR","?","M"],"items_purchased_type":["Relic","Card","Card","Card","Card","Card","Card"],"build_version":"2020-12-22","purchased_purges":4,"victory":false,"max_hp_per_floor":[66,66,66,66,66,66,66,66,66,66,66,66,66,66,66,66,66,66,66,66,66,66,66],"card_choices":[{"not_picked":["ShadowRift","Backflip","Flying Knee"],"picked":"SKIP","floor":1},{"not_picked":["Dagger Spray","StuffTheSpire:Python","Backflip"],"picked":"SKIP","floor":4},{"not_picked":["Riddle With Holes","Deflect"],"picked":"InfectiousVector","floor":5},{"not_picked":["Flying Knee","PiercingWail","Blur"],"picked":"SKIP","floor":10},{"not_picked":["Infinite Blades","Outmaneuver"],"picked":"Toxin Wave","floor":12},{"not_picked":["Sucker Punch","Cloak And Dagger","Choke"],"picked":"SKIP","floor":18},{"not_picked":["Backflip+1","Bane"],"picked":"Deadly Poison","floor":19}],"player_experience":993183,"relics_obtained":[{"floor":9,"key":"Toy Ornithopter"},{"floor":11,"key":"trackpad:SneckoScepter"},{"floor":12,"key":"Juzu Bracelet"},{"floor":13,"key":"StuffTheSpire:TintedRock"}],"event_choices":[{"cards_removed":["Strike_G"],"damage_healed":0,"gold_gain":0,"player_choice":"Purged","damage_taken":0,"max_hp_gain":0,"max_hp_loss":0,"event_name":"Purifier","floor":3,"gold_loss":0},{"damage_healed":16,"gold_gain":0,"player_choice":"Healed","damage_taken":0,"max_hp_gain":0,"max_hp_loss":0,"event_name":"The Cleric","floor":8,"gold_loss":35},{"cards_removed":["Defend_G"],"damage_healed":0,"gold_gain":0,"player_choice":"Purged","damage_taken":0,"max_hp_gain":0,"max_hp_loss":0,"event_name":"Purifier","floor":21,"gold_loss":0}],"is_beta":false,"boss_relics":[{"not_picked":["Snecko Scales","StuffTheSpire:ModemDavis","Replay:Bronze Core"]}],"items_purged_floors":[0,0,0,20],"is_endless":false,"potions_floor_spawned":[1,4],"killed_by":"3 Cultists","ascension_level":17}}