{"host":"lpogke4cwz8zw1ju","time":1609715422,"event":{"mods":["Always Whale","BaseMod","Minty Spire (QoL Compilation)","Permanent Neow"],"gold_per_floor":[99,99,99,99,99,99,99,99,99,99,99,55,55,55,55,55,55,55,55,55,55,55,55,55,55,55,55,55,55,55,55,55,55,55,55,55,55,55],"floor_reached":37,"playtime":2153,"items_purged":[],"score":407,"play_id":"4071f213-4294-41c8-ae30-6f16570994a5","local_time":"20210104001022","is_ascension_mode":false,"campfire_choices":[{"data":"Infinite Blades","floor":7,"key":"SMITH"},{"floor":10,"key":"REST"},{"data":"Finisher","floor":13,"key":"SMITH"},{"data":"Neutralize","floor":15,"key":"SMITH"},{"floor":23,"key":"REST"},{"data":"Dagger Spray","floor":25,"key":"SMITH"},{"floor":30,"key":"REST"},{"floor":32,"key":"REST"}],"circlet_count":0,"master_deck":["Strike_G","Strike_G","Strike_G","Strike_G","Strike_G","Defend_G","Defend_G","Defend_G","Defend_G","Survivor","Neutralize+1","Finisher+1","Blade Dance","Infinite Blades+1","Blade Dance","Quick Slash","Quick Slash","Dagger Spray+1","Dodge and Roll+1","Blade Dance","Distraction","Backflip","Sucker Punch","Deflect+1","Bullet Time","Finisher","Deflect+1"],"relics":["Ectoplasm","Potion Belt","Gambling Chip","Pocketwatch","WingedGreaves","Runic Pyramid","Blue Candle","StoneCalendar","Tiny Chest","SacredBark","TungstenRod"],"acts_visited":["Exordium","TheCity","TheBeyond"],"potions_floor_usage":[16,27,27,27,33,33],"damage_taken":[{"damage":2,"enemies":"Jaw Worm","floor":1,"turns":5},{"damage":0,"enemies":"Small Slimes","floor":2,"turns":3},{"damage":6,"enemies":"Cultist","floor":3,"turns":4},{"damage":0,"enemies":"Exordium Wildlife","floor":4,"turns":4},{"damage":5,"enemies":"3 Sentries","floor":6,"turns":7},{"damage":6,"enemies":"Gremlin Nob","floor":8,"turns":3},{"damage":8,"enemies":"3 Sentries","floor":11,"turns":6},{"damage":12,"enemies":"Hexaghost","floor":16,"turns":6},{"damage":10,"enemies":"Shell Parasite","floor":18,"turns":4},{"damage":0,"enemies":"3 Byrds","floor":19,"turns":4},{"damage":21,"enemies":"Centurion and Healer","floor":20,"turns":4},{"damage":12,"enemies":"Gremlin Leader","floor":27,"turns":4},{"damage":25,"enemies":"Snake Plant","floor":28,"turns":5},{"damage":4,"enemies":"3 Cultists","floor":29,"turns":5},{"damage":10,"enemies":"Cultist and Chosen","floor":31,"turns":5},{"damage":31,"enemies":"Collector","floor":33,"turns":5},{"damage":0,"enemies":"Orb Walker","floor":35,"turns":3},{"damage":0,"enemies":"Mind Bloom Boss Battle","floor":36,"turns":2},{"damage":0,"enemies":"3 Darklings","floor":37,"turns":1}],"seed_played":"-1543162296376302088","potions_obtained":[{"floor":1,"key":"SkillPotion"},{"floor":2,"key":"EssenceOfSteel"},{"floor":8,"key":"Explosive Potion"},{"floor":19,"key":"Energy Potion"},{"floor":27,"key":"SteroidPotion"},{"floor":28,"key":"Swift Potion"},{"floor":31,"key":"Explosive Potion"}],"is_trial":false,"path_per_floor":["M","M","M","M","?","E","R","E","T","R","E","?","R","?","R","B",null,"M","M","M","?","?","R","T","R","T","E","M","M","R","M","R","B",null,"M","?","M"],"character_chosen":"THE_SILENT","items_purchased":[],"campfire_rested":4,"item_purchase_floors":[],"current_hp_per_floor":[68,68,62,62,62,57,57,51,51,70,62,62,62,62,62,50,70,60,60,39,62,49,71,71,71,71,59,34,30,52,42,64,33,75,75,75,75,75],"gold":55,"neow_bonus":"BOSS_RELIC","is_daily":false,"chose_seed":false,"campfire_upgraded":4,"win_rate":0.0,"timestamp":1609715422,"path_taken":["M","M","M","M","?","E","R","E","T","R","E","?","R","?","R","BOSS","M","M","?","?","?","R","?","R","T","E","M","M","R","?","R","BOSS","M","?","M"],"items_purchased_type":[],"build_version":"2020-12-22","purchased_purges":0,"victory":false,"max_hp_per_floor":[70,70,70,70,70,70,70,70,70,70,70,70,70,70,70,70,70,70,70,70,70,75,75,75,75,75,75,75,75,75,75,75,75,75,75,75,75,75],"card_choices":[{"not_picked":["Flying Knee","Reflex","All Out Attack"],"picked":"SKIP","floor":1},{"not_picked":["Expertise","Outmaneuver"],"picked":"Finisher","floor":2},{"not_picked":["Choke","Quick Slash"],"picked":"Blade Dance","floor":3},{"not_picked":["Dash","Acrobatics"],"picked":"Infinite Blades","floor":4},{"not_picked":["Deadly Poison","Deflect"],"picked":"Blade Dance","floor":6},{"not_picked":["All Out Attack","Underhanded Strike"],"picked":"Quick Slash","floor":8},{"not_picked":["Prepared","Outmaneuver"],"picked":"Quick Slash","floor":11},{"not_picked":["Leg Sweep+1","Eviscerate+1"],"picked":"Dagger Spray","floor":18},{"not_picked":["Bane","Bouncing Flask"],"picked":"Dodge and Roll+1","floor":19},{"not_picked":["Deadly Poison","Dagger Spray+1"],"picked":"Blade Dance","floor":20},{"not_picked":["Poisoned Stab","Noxious Fumes"],"picked":"Distraction","floor":27},{"not_picked":["PiercingWail","Deadly Poison"],"picked":"Backflip","floor":28},{"not_picked":["Underhanded Strike","Calculated Gamble"],"picked":"Sucker Punch","floor":29},{"not_picked":["Leg Sweep","Riddle With Holes+1"],"picked":"Deflect+1","floor":31},{"not_picked":["Envenom","Unload"],"picked":"Bullet Time","floor":33},{"not_picked":["Bane+1","Deadly Poison"],"picked":"Finisher","floor":35},{"not_picked":["Leg Sweep+1","Eviscerate+1"],"picked":"Deflect+1","floor":36}],"player_experience":143932,"relics_obtained":[{"floor":6,"key":"Potion Belt"},{"floor":8,"key":"Gambling Chip"},{"floor":9,"key":"Pocketwatch"},{"floor":11,"key":"WingedGreaves"},{"floor":24,"key":"Blue Candle"},{"floor":26,"key":"StoneCalendar"},{"floor":27,"key":"Tiny Chest"},{"floor":36,"key":"TungstenRod"}],"event_choices":[{"damage_healed":0,"gold_gain":0,"player_choice":"Ignored","damage_taken":0,"max_hp_gain":0,"max_hp_loss":0,"event_name":"Liars Game","floor":5,"gold_loss":0},{"damage_healed":0,"gold_gain":0,"player_choice":"Left Gold","damage_taken":0,"max_hp_gain":0,"max_hp_loss":0,"event_name":"World of Goop","floor":12,"gold_loss":44},{"cards_removed":["Defend_G"],"damage_healed":0,"gold_gain":0,"player_choice":"Offered Basic","damage_taken":0,"max_hp_gain":0,"max_hp_loss":0,"event_name":"Bonfire Elementals","floor":14,"gold_loss":0},{"damage_healed":23,"gold_gain":0,"player_choice":"Heal","damage_taken":0,"max_hp_gain":0,"max_hp_loss":0,"event_name":"The Library","floor":21,"gold_loss":0},{"damage_healed":0,"gold_gain":0,"player_choice":"Shed Blood","damage_taken":18,"max_hp_gain":5,"max_hp_loss":0,"event_name":"Forgotten Altar","floor":22,"gold_loss":0},{"damage_healed":0,"gold_gain":0,"player_choice":"Fight","damage_taken":0,"max_hp_gain":0,"max_hp_loss":0,"event_name":"MindBloom","floor":36,"gold_loss":0}],"is_beta":false,"boss_relics":[{"not_picked":["Pandora\u0027s Box","Astrolabe"],"picked":"Runic Pyramid"},{"not_picked":["Black Star","Calling Bell"],"picked":"SacredBark"}],"items_purged_floors":[],"is_endless":false,"potions_floor_spawned":[1,2,8,19,27,28,31],"killed_by":"3 Darklings","ascension_level":0}}