{"host":"g5zc4ej6zn2at89o","time":1609678247,"event":{"mods":["2.2 Compatiblity","AchievementEnabler","BaseMod","Colored Map","DeckTracker","Highlight Path","KOR Keyword Fix","Keyboard Shortcuts","Minty Spire (QoL Compilation)","Permanent Neow","Quick Restart","Say the Spire","StSLib","SuperFastMode","everything is the same but u backflip on backflip"],"gold_per_floor":[10,10,10,10,29,29,49,49,103,278,38,38,54,73,73,204,204,224,224,224,249,272,315,315,91,91,91,91],"floor_reached":27,"playtime":853,"items_purged":["Strike_R"],"score":221,"play_id":"6f26c629-cb2c-4a33-821b-832eae891717","local_time":"20210103215047","is_ascension_mode":false,"campfire_choices":[{"data":"Double Tap","floor":6.0,"key":"SMITH"},{"data":"Twin Strike","floor":8.0,"key":"SMITH"},{"data":"Bash","floor":12,"key":"SMITH"},{"data":"Shrug It Off","floor":15,"key":"SMITH"}],"circlet_count":0,"master_deck":["Strike_R","Strike_R","Strike_R+1","Defend_R","Defend_R","Defend_R+1","Bash+1","Double Tap+1","Headbutt","Shrug It Off+1","Twin Strike+1","Anger","Doubt","Inflame+1","Metallicize+1","Barricade+1","Flex","RitualDagger","Perfected Strike+1","Spot Weakness+1","Pummel+1"],"relics":["Burning Blood","Golden Idol","Art of War","Frozen Egg 2","Sozu","Nilry\u0027s Codex","Omamori","PreservedInsect"],"acts_visited":["Exordium","TheCity"],"potions_floor_usage":[16,21,22],"damage_taken":[{"damage":1.0,"enemies":"Cultist","floor":1.0,"turns":3.0},{"damage":6.0,"enemies":"2 Louse","floor":5.0,"turns":2.0},{"damage":0.0,"enemies":"Small Slimes","floor":7.0,"turns":3.0},{"damage":8,"enemies":"2 Fungi Beasts","floor":13,"turns":3},{"damage":0,"enemies":"Blue Slaver","floor":14,"turns":1},{"damage":30,"enemies":"Hexaghost","floor":16,"turns":6},{"damage":2,"enemies":"Spheric Guardian","floor":18,"turns":6},{"damage":10,"enemies":"2 Thieves","floor":21,"turns":4},{"damage":27,"enemies":"Centurion and Healer","floor":22,"turns":6},{"damage":22,"enemies":"Book of Stabbing","floor":23,"turns":3},{"damage":14,"enemies":"Snake Plant","floor":27,"turns":3}],"seed_played":"-3260460824991624170","potions_obtained":[{"floor":5.0,"key":"SteroidPotion"},{"floor":14,"key":"LiquidBronze"},{"floor":16,"key":"FearPotion"}],"is_trial":false,"path_per_floor":["M","?","?","$","M","R","M","R","T","?","$","R","M","M","R","B",null,"M","?","?","M","M","E","?","$","T","M"],"character_chosen":"IRONCLAD","items_purchased":["Frozen Egg 2","PreservedInsect"],"campfire_rested":0,"item_purchase_floors":[11,25],"current_hp_per_floor":[80,60,44,44,44,44,50,50,50,50,50,50,48,54,54,30,80,80,74,58,54,33,17,17,17,17,3,3],"gold":91,"neow_bonus":"TRANSFORM_TWO_CARDS","is_daily":false,"chose_seed":false,"campfire_upgraded":4,"win_rate":0.0,"timestamp":1609678247,"path_taken":["M","?","?","$","M","R","M","R","T","?","$","R","M","M","R","BOSS","M","?","?","M","M","E","?","?","T","M"],"items_purchased_type":["Relic","Relic"],"build_version":"2020-12-22","purchased_purges":1,"victory":false,"max_hp_per_floor":[80,80,80,80,80,80,80,80,80,80,80,80,80,80,80,80,80,80,80,80,80,80,80,80,80,80,80,80],"card_choices":[{"not_picked":["Anger","Sever Soul"],"picked":"Shrug It Off","floor":1.0},{"not_picked":["True Grit","Clash"],"picked":"Twin Strike","floor":5.0},{"not_picked":["Body Slam","Iron Wave"],"picked":"Anger","floor":7.0},{"not_picked":["Clash","Shrug It Off"],"picked":"Inflame+1","floor":13},{"not_picked":["True Grit","Iron Wave"],"picked":"Metallicize+1","floor":14},{"not_picked":["Fiend Fire","Brutality+1"],"picked":"Barricade+1","floor":16},{"not_picked":["Pommel Strike","Clothesline"],"picked":"Flex","floor":18},{"not_picked":["Body Slam+1","Pommel Strike"],"picked":"Perfected Strike+1","floor":21},{"not_picked":["Fiend Fire","Second Wind"],"picked":"Spot Weakness+1","floor":22},{"not_picked":["Clash","True Grit"],"picked":"Pummel+1","floor":23}],"player_experience":127905,"relics_obtained":[{"floor":9.0,"key":"Art of War"},{"floor":20,"key":"Nilry\u0027s Codex"},{"floor":23,"key":"Omamori"}],"event_choices":[{"damage_healed":0.0,"max_hp_gain":0.0,"max_hp_loss":0.0,"gold_gain":0.0,"event_name":"Golden Idol","player_choice":"Take Damage","floor":2.0,"gold_loss":0.0,"damage_taken":20.0,"relics_obtained":["Golden Idol"]},{"damage_healed":0.0,"max_hp_gain":0.0,"max_hp_loss":0.0,"gold_gain":0.0,"event_name":"Shining Light","player_choice":"Entered Light","floor":3.0,"gold_loss":0.0,"damage_taken":16.0,"cards_upgraded":["Strike_R","Defend_R"]},{"damage_healed":0.0,"max_hp_gain":0.0,"max_hp_loss":0.0,"gold_gain":175.0,"event_name":"Liars Game","player_choice":"AGREE","floor":10.0,"gold_loss":0.0,"damage_taken":0.0,"cards_obtained":["Doubt"]},{"damage_healed":0,"gold_gain":0,"player_choice":"Joined the Cult","damage_taken":6,"max_hp_gain":0,"max_hp_loss":0,"event_name":"Nest","floor":19,"gold_loss":0,"cards_obtained":["RitualDagger"]},{"damage_healed":0,"gold_gain":0,"player_choice":"Obtained Book","damage_taken":16,"max_hp_gain":0,"max_hp_loss":0,"event_name":"Cursed Tome","floor":20,"gold_loss":0},{"damage_healed":0,"gold_gain":0,"player_choice":"Ignored","damage_taken":0,"max_hp_gain":0,"max_hp_loss":0,"event_name":"Vampires","floor":24,"gold_loss":0}],"is_beta":false,"boss_relics":[{"not_picked":["Snecko Eye","Runic Dome"],"picked":"Sozu"}],"items_purged_floors":[25],"is_endless":false,"potions_floor_spawned":[5,14,16,22],"killed_by":"Snake Plant","ascension_level":0}}