{"host":"ed3mvzyt8tykicbm","time":1609661198,"event":{"mods":["AchievementEnabler","BaseMod","Colored Map","Colored Powertips","Googly Eyes","Minty Spire (QoL Compilation)","Quick Restart"],"gold_per_floor":[112,112,131,145,145,145,145,170,197,62,22,39,39,67,67,140,140,150,150,160,259,274,274,300,300,300,300,311,331,331,348,348,348,348],"floor_reached":33,"playtime":2028,"items_purged":[],"score":451,"play_id":"503f9d86-4ee7-4852-9547-aae300075117","local_time":"20210103030638","is_ascension_mode":true,"campfire_choices":[{"floor":6.0,"key":"REST"},{"floor":13.0,"key":"REST"},{"floor":15.0,"key":"REST"},{"floor":23.0,"key":"REST"},{"floor":27.0,"key":"REST"},{"floor":32.0,"key":"REST"}],"circlet_count":0,"master_deck":["AscendersBane","Strike_G+1","Strike_G+1","Strike_G+1","Defend_G+1","Defend_G+1","Defend_G+1","Defend_G+1","Defend_G+1","Survivor","Neutralize","CurseOfTheBell","Deflect","Blade Dance","Cloak And Dagger","Accuracy","Panacea","Leg Sweep","Backstab","Envenom","Blade Dance","Die Die Die","Dagger Spray","Envenom","Infinite Blades","Blade Dance","Finisher+1"],"relics":["Calling Bell","Toy Ornithopter","InkBottle","Ginger","Happy Flower","Darkstone Periapt","Oddly Smooth Stone","Odd Mushroom","SlaversCollar","The Courier","Nloth\u0027s Gift"],"acts_visited":["Exordium","TheCity"],"potions_floor_usage":[],"damage_taken":[{"damage":0.0,"enemies":"2 Louse","floor":1.0,"turns":3.0},{"damage":14.0,"enemies":"Cultist","floor":3.0,"turns":6.0},{"damage":11.0,"enemies":"Jaw Worm","floor":4.0,"turns":8.0},{"damage":40.0,"enemies":"3 Sentries","floor":8.0,"turns":18.0},{"damage":0.0,"enemies":"Exordium Thugs","floor":12.0,"turns":4.0},{"damage":7.0,"enemies":"The Mushroom Lair","floor":14.0,"turns":6.0},{"damage":42.0,"enemies":"Hexaghost","floor":16.0,"turns":17.0},{"damage":0.0,"enemies":"Shell Parasite","floor":18.0,"turns":12.0},{"damage":1.0,"enemies":"3 Byrds","floor":20.0,"turns":7.0},{"damage":17.0,"enemies":"Centurion and Healer","floor":22.0,"turns":6.0},{"damage":33.0,"enemies":"Book of Stabbing","floor":24.0,"turns":6.0},{"damage":15.0,"enemies":"3 Cultists","floor":28.0,"turns":7.0},{"damage":8.0,"enemies":"Snake Plant","floor":29.0,"turns":5.0},{"damage":10.0,"enemies":"Sentry and Sphere","floor":31.0,"turns":8.0},{"damage":52,"enemies":"Automaton","floor":33,"turns":8}],"seed_played":"4076206918271704167","potions_obtained":[{"floor":3.0,"key":"DuplicationPotion"},{"floor":4.0,"key":"EssenceOfSteel"},{"floor":8.0,"key":"Explosive Potion"},{"floor":14.0,"key":"FearPotion"},{"floor":22.0,"key":"LiquidBronze"},{"floor":24.0,"key":"FearPotion"},{"floor":28.0,"key":"Dexterity Potion"}],"is_trial":false,"path_per_floor":["M","?","M","M","?","R","$","E","T","$","$","M","R","?","R","B",null,"M","?","M","?","M","R","E","?","T","R","M","M","?","M","R","B"],"character_chosen":"THE_SILENT","items_purchased":["Accuracy","Panacea","Leg Sweep"],"campfire_rested":6,"item_purchase_floors":[10,10,11],"current_hp_per_floor":[59,59,45,39,32,51,51,16,16,16,16,21,40,33,52,15,53,53,53,52,52,35,54,26,26,26,45,35,27,27,22,41,0,0],"gold":348,"neow_bonus":"BOSS_RELIC","is_daily":false,"chose_seed":false,"campfire_upgraded":0,"win_rate":0.0,"timestamp":1609661198,"path_taken":["M","?","M","?","?","R","$","E","T","?","$","?","R","?","R","BOSS","M","?","?","?","M","R","E","?","T","R","M","M","?","?","R","BOSS"],"items_purchased_type":["Card","Card","Card"],"build_version":"2020-12-22","purchased_purges":0,"victory":false,"max_hp_per_floor":[66,66,66,66,66,66,66,66,66,66,66,66,66,66,66,66,66,66,66,66,66,66,66,66,66,66,66,66,66,66,66,66,66,66],"card_choices":[{"not_picked":["Prepared","Deflect"],"picked":"Noxious Fumes","floor":1.0},{"not_picked":["Slice","Dagger Throw"],"picked":"Deflect","floor":3.0},{"not_picked":["Acrobatics","Flying Knee"],"picked":"Blade Dance","floor":4.0},{"not_picked":["Prepared","Storm of Steel"],"picked":"Cloak And Dagger","floor":8.0},{"not_picked":["Outmaneuver","Terror"],"picked":"Backstab","floor":12.0},{"not_picked":["Wraith Form v2","Night Terror"],"picked":"Envenom","floor":16.0},{"not_picked":["Dagger Spray","Prepared+1"],"picked":"Blade Dance","floor":18.0},{"not_picked":["Leg Sweep","Flying Knee"],"picked":"Dagger Spray","floor":20.0},{"not_picked":["Underhanded Strike","Bane"],"picked":"Envenom","floor":22.0},{"not_picked":["Skewer","Reflex"],"picked":"Infinite Blades","floor":24.0},{"not_picked":["Skewer+1","Dagger Throw","Prepared"],"picked":"SKIP","floor":28.0},{"not_picked":["Choke","Bane"],"picked":"Blade Dance","floor":29.0},{"not_picked":["Die Die Die","Poisoned Stab"],"picked":"Finisher+1","floor":31.0}],"player_experience":1014548,"relics_obtained":[{"floor":0.0,"key":"Toy Ornithopter"},{"floor":0.0,"key":"InkBottle"},{"floor":0.0,"key":"Ginger"},{"floor":8.0,"key":"Darkstone Periapt"},{"floor":9.0,"key":"Oddly Smooth Stone"},{"floor":14.0,"key":"Odd Mushroom"},{"floor":24.0,"key":"Bottled Lightning"},{"floor":26.0,"key":"The Courier"}],"event_choices":[{"cards_removed":["Noxious Fumes"],"damage_healed":0.0,"max_hp_gain":0.0,"max_hp_loss":0.0,"gold_gain":0.0,"event_name":"WeMeetAgain","player_choice":"Gave Card","floor":2.0,"gold_loss":0.0,"damage_taken":0.0,"relics_obtained":["Happy Flower"]},{"cards_removed":["Strike_G"],"damage_healed":0.0,"max_hp_gain":0.0,"max_hp_loss":0.0,"gold_gain":0.0,"event_name":"Golden Wing","player_choice":"Card Removal","floor":5.0,"gold_loss":0.0,"damage_taken":7.0},{"damage_healed":0.0,"max_hp_gain":0.0,"max_hp_loss":0.0,"gold_gain":0.0,"event_name":"Mushrooms","player_choice":"Fought Mushrooms","floor":14.0,"gold_loss":0.0,"damage_taken":0.0},{"damage_healed":0.0,"max_hp_gain":0.0,"max_hp_loss":0.0,"gold_gain":0.0,"cards_transformed":["Strike_G"],"event_name":"Transmorgrifier","player_choice":"Transformed","floor":19.0,"gold_loss":0.0,"damage_taken":0.0,"cards_obtained":["Die Die Die"]},{"damage_healed":0.0,"max_hp_gain":0.0,"max_hp_loss":0.0,"gold_gain":99.0,"event_name":"Nest","player_choice":"Stole From Cult","floor":21.0,"gold_loss":0.0,"damage_taken":0.0},{"damage_healed":0.0,"max_hp_gain":0.0,"max_hp_loss":0.0,"gold_gain":0.0,"event_name":"Back to Basics","player_choice":"Simplicity","floor":25.0,"gold_loss":0.0,"damage_taken":0.0,"cards_upgraded":["Strike_G","Strike_G","Strike_G","Defend_G","Defend_G","Defend_G","Defend_G","Defend_G"]},{"damage_healed":0.0,"max_hp_gain":0.0,"max_hp_loss":0.0,"gold_gain":0.0,"event_name":"N\u0027loth","player_choice":"Traded Relic","floor":30.0,"relics_lost":["Bottled Lightning"],"gold_loss":0.0,"damage_taken":0.0,"relics_obtained":["Nloth\u0027s Gift"]}],"is_beta":false,"boss_relics":[{"not_picked":["Snecko Eye","Black Star"],"picked":"SlaversCollar"}],"items_purged_floors":[],"is_endless":false,"potions_floor_spawned":[3,4,8,14,22,24,28],"killed_by":"Automaton","ascension_level":14}}