{"host":"am0cr9xwekqmrere","time":1609659535,"event":{"mods":["AchievementEnabler","Act Like it!","BaseMod","Better Altar","Better Match","Better Note","Better Sensory Stone","Better Skull","Better Third Choice","BetterRewards","Conspire","Hubris","Infinite Spire","Minty Spire (QoL Compilation)","Rare Cards Sparkle","Spicy Shops","StSLib","The Marked","Unceasing Turn Reminder"],"gold_per_floor":[113,132,146,24,41,41,41],"floor_reached":6,"playtime":207,"items_purged":["Shame"],"score":38,"play_id":"bbdc2705-2d1c-4f36-92e7-3744ea77b7ca","local_time":"20210103013855","is_ascension_mode":false,"campfire_choices":[],"circlet_count":0,"master_deck":["theMarked:Strike","theMarked:Strike","theMarked:Strike","theMarked:Strike","theMarked:Strike","theMarked:Defend","theMarked:Defend","theMarked:Defend","theMarked:Defend","theMarked:SoldierOfQuellstein","Apotheosis","theMarked:Aftermath","theMarked:DeterminationOfTheMarked","theMarked:Parry"],"relics":["theMarked:ArtifactOfAir","infinitespire:Lucky Rock"],"acts_visited":["Exordium"],"potions_floor_usage":[],"damage_taken":[{"damage":0,"enemies":"Cultist","floor":1,"turns":3},{"damage":8,"enemies":"Jaw Worm","floor":2,"turns":4},{"damage":8,"enemies":"Small Slimes","floor":3,"turns":3},{"damage":14,"enemies":"Blue Slaver","floor":5,"turns":4},{"damage":51,"enemies":"Gremlin Nob","floor":6,"turns":5}],"seed_played":"-5516920342442948953","potions_obtained":[],"is_trial":false,"path_per_floor":["M","M","M","$","M","E"],"character_chosen":"THE_DEFAULT","items_purchased":["Apotheosis","infinitespire:Lucky Rock","theMarked:Parry"],"campfire_rested":0,"item_purchase_floors":[0,0,4],"current_hp_per_floor":[63,55,47,47,33,0,0],"gold":41,"neow_bonus":"","is_daily":false,"chose_seed":false,"campfire_upgraded":0,"win_rate":0.0,"timestamp":1609659535,"path_taken":["M","M","M","$","M","E"],"items_purchased_type":["Card","Relic","Card"],"build_version":"2020-12-22","purchased_purges":1,"victory":false,"max_hp_per_floor":[70,70,70,70,70,70,70],"card_choices":[{"not_picked":["theMarked:Electrocute","theMarked:WastefulDefense","theMarked:Convert"],"picked":"SKIP","floor":1},{"not_picked":["theMarked:Generate","theMarked:Static"],"picked":"theMarked:Aftermath","floor":2},{"not_picked":["theMarked:Improvise","theMarked:ReduceFriction"],"picked":"theMarked:DeterminationOfTheMarked","floor":3},{"not_picked":["theMarked:Electrify","theMarked:CreepingChasm","theMarked:Improvise"],"picked":"SKIP","floor":5}],"player_experience":2591449,"relics_obtained":[],"event_choices":[],"is_beta":false,"boss_relics":[],"items_purged_floors":[4],"is_endless":false,"potions_floor_spawned":[],"killed_by":"Gremlin Nob","ascension_level":0}}