{"host":"2gugywxuw0nvjb3h","time":1609644934,"event":{"mods":["AchievementEnabler","BaseMod","Better Altar","Better Match","Better Note","Better Sensory Stone","Better Skull","Better Third Choice","BetterRewards","Colored Map","Colored Powertips","Curses Come First","Evolution","GifTheSpireLib","Hermit","Key Reminder","Marisa????????","Minty Spire (QoL Compilation)","Rare Cards Sparkle","Relic Sorter","Replay The Spire","Spicy Shops","StSLib","The Servant 0.9.4"],"gold_per_floor":[112,129,149,162,180,208,60,60,60,76,94,94,194,194,194,298,298,310,310,84,103,18,43,43,43,43,43,43,43,53,85,85,190,190,209,226,3,3,103,103,196,302,302,622,622,751,892,312,312,702],"floor_reached":51,"playtime":6095,"items_purged":["Shame","Delirium"],"score":812,"play_id":"bda10e5d-cbca-4847-81da-5d05a8ec9cd4","local_time":"20210102203534","is_ascension_mode":false,"campfire_choices":[{"floor":8,"key":"REST"},{"data":"Exchange","floor":12,"key":"SMITH"},{"data":"BottledTime","floor":15,"key":"SMITH"},{"data":"SilverBlades","floor":24,"key":"SMITH"},{"floor":29,"key":"REST"},{"data":"Advance","floor":32,"key":"SMITH"},{"floor":40,"key":"REST"},{"floor":45,"key":"REST"}],"circlet_count":0,"master_deck":["Strike_S","Strike_S+1","Strike_S","Strike_S","Defend_S","Defend_S","Defend_S","Defend_S","KidneyShot+1","Exchange+1","TimeWarp+1","Starlight+1","ShatteredReality+1","BottledTime+1","MoonPhase","FastForward","SpecialFormula+1","Reset","Impatience","SoulSculpture+1","Rearm","Unruled+1","SilverBlades+1","BottledTime+1","Necronomicurse","FanOfKnives+1","Advance+1","LightFlow+1","Desolation+1","Rearm+1","Purity","ShatteredReality+1","SoulSculpture+1","Read","BottledTime","Starlight+1","ShatteredReality+1","Starlight+1","MurderousAura","Dark Shackles","Moonlight+1","Potential+1","Advance","Dilation","Potential+1"],"relics":["Uniform","Replay:Accelerometer","Replay:Wax Seal","Replay:Bandana","EVO:Axolotl","Mercury Hourglass","Mango","Membership Card","Molten Egg 2","Replay:Ringing Soul","Turnip","Juzu Bracelet","The Courier","Philosopher\u0027s Stone","Pondfish Scales","Lantern","Singing Bowl","Strange Spoon","Kunai","Onion Ring","ReplayTheSpireMod:Shallot","Necronomicon","Question Card","Replay:Towering Pillar of Hats","Replay:Grab Bag","Sozu","Fusion Hammer","SlaversCollar","StoneMask","HornCleat","BargainBundle","Whetstone","Blood Vial","HandDrill","Ring of Chaos","Ring of Fangs","Blue Candle","Meat on the Bone","Bag of Preparation","Replay:Baseball","Garlic","Nunchaku","Iron Hammer","Orrery"],"acts_visited":["Exordium","TheCity","TheBeyond"],"potions_floor_usage":[16,16,23,23],"damage_taken":[{"damage":12,"enemies":"Small Slimes","floor":1,"turns":3},{"damage":2,"enemies":"Cultist","floor":2,"turns":5},{"damage":0,"enemies":"2 Louse","floor":3,"turns":3},{"damage":1,"enemies":"Exordium Thugs","floor":4,"turns":3},{"damage":0,"enemies":"2 Fungi Beasts","floor":5,"turns":2},{"damage":17,"enemies":"Replay:BlueRogue","floor":6,"turns":5},{"damage":0,"enemies":"3 Louse","floor":10,"turns":2},{"damage":0,"enemies":"Looter","floor":11,"turns":2},{"damage":65,"enemies":"Fading Forest","floor":16,"turns":11},{"damage":2,"enemies":"Chosen","floor":18,"turns":3},{"damage":0,"enemies":"Spheric Guardian","floor":21,"turns":3},{"damage":22,"enemies":"Slavers","floor":23,"turns":4},{"damage":0,"enemies":"3 Cultists","floor":30,"turns":4},{"damage":16,"enemies":"Book of Stabbing","floor":31,"turns":4},{"damage":11,"enemies":"Champ","floor":33,"turns":6},{"damage":0,"enemies":"Orb Walker","floor":35,"turns":2},{"damage":0,"enemies":"3 Darklings","floor":36,"turns":1},{"damage":0,"enemies":"Jaw Worm Horde","floor":41,"turns":1},{"damage":0,"enemies":"Spire Growth","floor":42,"turns":2},{"damage":13,"enemies":"Writhing Mass","floor":46,"turns":4},{"damage":1,"enemies":"Sphere and 2 Shapes","floor":47,"turns":2},{"damage":7,"enemies":"Awakened One","floor":50,"turns":6}],"seed_played":"-2911080948590682280","potions_obtained":[{"floor":3,"key":"Dexterity Potion"},{"floor":4,"key":"BlessingOfTheForge"},{"floor":11,"key":"LiquidBronze"},{"floor":16,"key":"AttackPotion"},{"floor":21,"key":"Milkshake"},{"floor":30,"key":"Toxic Potion"},{"floor":31,"key":"Strength Potion"}],"is_trial":false,"path_per_floor":["M","M","M","M","M","E","$","R","T","M","M","R","?","?","R","B",null,"M","?","$","M","$","E","R","?","T","?","T","R","M","E","R","B",null,"M","M","$","?","?","R","M","M","T","?","R","M","M","$","R_BF","B",null],"character_chosen":"THE_SERVANT","items_purchased":["Mercury Hourglass","Membership Card","Molten Egg 2","Turnip","Juzu Bracelet","Pondfish Scales","Lantern","Singing Bowl","Strange Spoon","SilverBlades","Replay:Bandana","HornCleat","BargainBundle","Replay:Accelerometer","Whetstone","Replay:Wax Seal","Blood Vial","HandDrill","Purity","ShatteredReality+1","SoulSculpture+1","Read","BottledTime","Meat on the Bone","Bag of Preparation","Replay:Baseball","Dark Shackles","Garlic","Nunchaku","Iron Hammer","Orrery"],"campfire_rested":4,"item_purchase_floors":[0,0,0,7,7,20,20,20,22,22,37,37,37,37,37,37,37,37,37,37,37,37,37,48,48,48,48,48,48,48,48],"current_hp_per_floor":[67,65,65,64,64,50,50,74,74,77,85,85,85,88,88,49,94,97,97,97,100,103,89,89,92,92,79,79,112,115,102,102,99,121,125,129,132,135,135,135,141,145,145,102,145,143,155,158,158,160],"gold":702,"neow_bonus":"","is_daily":false,"chose_seed":false,"campfire_upgraded":4,"win_rate":0.0,"timestamp":1609644934,"path_taken":["M","M","M","M","M","E","$","R","T","M","M","R","?","?","R","BOSS","M","?","$","M","$","E","R","?","T","?","?","R","M","E","R","BOSS","M","M","$","?","?","R","M","M","T","?","R","M","M","$","R_BF","BOSS"],"items_purchased_type":["Relic","Relic","Relic","Relic","Relic","Relic","Relic","Relic","Relic","Card","Relic","Relic","Relic","Relic","Relic","Relic","Relic","Relic","Card","Card","Card","Card","Card","Relic","Relic","Relic","Card","Relic","Relic","Relic","Relic"],"build_version":"2020-12-22","purchased_purges":2,"victory":true,"max_hp_per_floor":[79,79,79,79,79,82,82,82,82,85,88,88,88,91,91,94,94,97,97,97,100,103,106,106,109,109,112,112,112,115,118,118,121,121,125,129,132,135,135,135,141,145,145,145,145,149,155,158,158,162],"card_choices":[{"not_picked":["Revamp","Defy"],"picked":"TimeWarp+1","floor":1},{"not_picked":["StarChef","TimeWarp+1"],"picked":"Starlight+1","floor":2},{"not_picked":["Moonlight+1","Revamp"],"picked":"ShatteredReality+1","floor":3},{"not_picked":["Hightail","Read"],"picked":"BottledTime","floor":4},{"not_picked":["Rearm","FastForward"],"picked":"MoonPhase","floor":5},{"not_picked":["Shuttle","Replace"],"picked":"FastForward","floor":6},{"not_picked":["Rearm","Sabotage+1"],"picked":"SpecialFormula","floor":10},{"not_picked":["FanOfKnives+1","Gouge+1"],"picked":"Reset","floor":11},{"not_picked":["Survey Options","ReplayTheSpireMod:Uncanny Aura"],"picked":"Impatience","floor":14},{"not_picked":["Dilation","TheWorld"],"picked":"SoulSculpture+1","floor":16},{"not_picked":["Replace","BottledTime"],"picked":"Rearm","floor":18},{"not_picked":["Defy","StarChef"],"picked":"Unruled+1","floor":21},{"not_picked":["LightFlow+1","Starlight+1"],"picked":"BottledTime+1","floor":23},{"not_picked":["DoubleEdge+1","Luminosity","StarChef+1"],"picked":"FanOfKnives+1","floor":30},{"not_picked":["Replace","SpecialFormula","TimeWarp+1"],"picked":"Advance","floor":31},{"not_picked":["FloweringNight","Duplication","Deny"],"picked":"LightFlow+1","floor":33},{"not_picked":["Ricochet+1","BottledTime","Read+1"],"picked":"Desolation+1","floor":35},{"not_picked":["DoubleEdge+1","Foresight","FastForward"],"picked":"Rearm+1","floor":36},{"not_picked":["MoonPhase+1","Shuttle","Defy+1"],"picked":"Starlight+1","floor":41},{"not_picked":["DualDimension","Foresight+1","Advance+1"],"picked":"ShatteredReality+1","floor":42},{"not_picked":["Reset","Snipe+1","Rewind"],"picked":"Starlight+1","floor":46},{"not_picked":["FastForward","Defy+1","Unruled+1"],"picked":"MurderousAura","floor":47},{"not_picked":["Alleviate","Spin+1","Desolation+1"],"picked":"Moonlight+1","floor":48},{"not_picked":["Reset","ShiftingGears","FanOfKnives+1"],"picked":"Potential+1","floor":48},{"not_picked":["FastForward","Defy","Replace+1"],"picked":"Advance","floor":48},{"not_picked":["Revamp","FastForward+1","Ricochet+1"],"picked":"Dilation","floor":48},{"not_picked":["Misdirection","Desolation+1","ShiftingGears"],"picked":"Potential+1","floor":48}],"player_experience":197187,"relics_obtained":[{"floor":6,"key":"Replay:Ringing Soul"},{"floor":9,"key":"The Courier"},{"floor":23,"key":"Kunai"},{"floor":26,"key":"ReplayTheSpireMod:Shallot"},{"floor":27,"key":"Necronomicon"},{"floor":28,"key":"Question Card"},{"floor":31,"key":"Replay:Towering Pillar of Hats"},{"floor":38,"key":"Ring of Chaos"},{"floor":38,"key":"Ring of Fangs"},{"floor":43,"key":"Blue Candle"}],"event_choices":[{"damage_healed":0,"gold_gain":100,"player_choice":"Pray","damage_taken":0,"max_hp_gain":0,"max_hp_loss":0,"event_name":"Golden Shrine","floor":13,"gold_loss":0},{"damage_healed":0,"gold_gain":1,"player_choice":"1","damage_taken":0,"max_hp_gain":0,"max_hp_loss":0,"event_name":"betterStone:BetterStone","floor":14,"gold_loss":0},{"damage_healed":0,"gold_gain":0,"player_choice":"Ignored","damage_taken":0,"max_hp_gain":0,"max_hp_loss":0,"event_name":"betterNote:BetterNote","floor":19,"gold_loss":0,"cards_obtained":["Strike_MRS"]},{"damage_healed":0,"gold_gain":0,"player_choice":"Stole Relic","damage_taken":0,"relics_obtained":["Onion Ring"],"max_hp_gain":0,"max_hp_loss":0,"event_name":"Addict","floor":25,"gold_loss":0,"cards_obtained":["Shame"]},{"damage_healed":0,"gold_gain":0,"player_choice":"Obtained Book","damage_taken":16,"max_hp_gain":0,"max_hp_loss":0,"event_name":"Cursed Tome","floor":27,"gold_loss":0},{"damage_healed":0,"gold_gain":100,"player_choice":"Pray","damage_taken":0,"max_hp_gain":0,"max_hp_loss":0,"event_name":"Golden Shrine","floor":39,"gold_loss":0},{"damage_healed":0,"gold_gain":320,"player_choice":"GO GO GO ","damage_taken":46,"relics_obtained":[],"max_hp_gain":0,"max_hp_loss":0,"event_name":"betterSkull:BetterSkull","floor":44,"gold_loss":0,"cards_upgraded":[]}],"is_beta":false,"boss_relics":[{"not_picked":["Empty Cage","SacredBark"],"picked":"Philosopher\u0027s Stone"},{"not_picked":["Replay:Drink Me","Snecko Eye"],"picked":"Replay:Grab Bag"},{"not_picked":["Coffee Dripper","Replay:Bronze Core"],"picked":"Sozu"},{"not_picked":["Replay:Wanted Poster","ChewingGum"],"picked":"Fusion Hammer"},{"not_picked":["Astrolabe","Ring of Chaos"],"picked":"SlaversCollar"},{"not_picked":["Kintsugi","Runic Pyramid"],"picked":"StoneMask"}],"items_purged_floors":[37,48],"is_endless":false,"potions_floor_spawned":[3,4,11,16,21,30,31,33,36,42],"ascension_level":0}}