{"host":"uflv0e3ja7hvnij7","time":1609717784,"event":{"mods":["BaseMod","Better Altar","Better Match","Better Note","Better Sensory Stone","Better Skull","Better Third Choice","Hubris","Infinite Spire","Minty Spire (QoL Compilation)","Permanent Neow","StSLib"],"gold_per_floor":[113,125,141,141,35,68,88,121,144,170,170,190,223,223,223,319,319,304,304,304],"floor_reached":19,"playtime":907,"items_purged":[],"score":289,"play_id":"2101388e-655e-48a8-8648-fbbd05d859b6","local_time":"20210103184944","is_ascension_mode":true,"campfire_choices":[{"floor":11,"key":"REST"},{"floor":15,"key":"REST"}],"circlet_count":0,"master_deck":["Strike_B+1","Strike_B","Strike_B+1","Strike_B+1","Defend_B+1","Defend_B","Defend_B","Defend_B","Zap","Dualcast","Auto Shields","Defragment","Storm","Redo","Double Energy","Static Discharge","Conserve Battery","Melter","Heatsinks","Seek","White Noise"],"relics":["Cracked Core","Regal Pillow","Toy Ornithopter","Oddly Smooth Stone","Omamori","Whetstone","hubris:Towel","Cursed Key"],"acts_visited":["Exordium","TheCity"],"potions_floor_usage":[6,6,8,10,16],"damage_taken":[{"damage":0,"enemies":"Cultist","floor":1,"turns":3},{"damage":4,"enemies":"Small Slimes","floor":2,"turns":4},{"damage":3,"enemies":"2 Louse","floor":3,"turns":3},{"damage":0,"enemies":"Gremlin Nob","floor":6,"turns":2},{"damage":7,"enemies":"Blue Slaver","floor":7,"turns":3},{"damage":20,"enemies":"3 Sentries","floor":8,"turns":5},{"damage":13,"enemies":"Lagavulin","floor":10,"turns":6},{"damage":2,"enemies":"Looter","floor":12,"turns":2},{"damage":20,"enemies":"Gremlin Nob","floor":13,"turns":4},{"damage":34,"enemies":"Hexaghost","floor":16,"turns":9},{"damage":21,"enemies":"2 Thieves","floor":18,"turns":4},{"damage":11,"enemies":"Spheric Guardian","floor":19,"turns":3}],"seed_played":"-287758387885862723","potions_obtained":[{"floor":0,"key":"PowerPotion"},{"floor":0,"key":"DistilledChaos"},{"floor":0,"key":"Ancient Potion"},{"floor":6,"key":"Strength Potion"},{"floor":10,"key":"Energy Potion"},{"floor":16,"key":"FairyPotion"},{"floor":18,"key":"Regen Potion"}],"is_trial":false,"path_per_floor":["M","M","M","?","$","E","M","E","T","E","R","M","E","?","R","B",null,"M","M"],"character_chosen":"DEFECT","items_purchased":["Storm","Redo"],"campfire_rested":2,"item_purchase_floors":[5,5],"current_hp_per_floor":[68,64,61,46,46,46,39,19,19,11,48,46,26,26,63,34,65,44,33,33],"gold":304,"neow_bonus":"THREE_SMALL_POTIONS","is_daily":false,"chose_seed":false,"campfire_upgraded":0,"win_rate":0.0,"timestamp":1609717784,"path_taken":["M","M","?","?","$","E","M","E","T","E","R","M","E","?","R","BOSS","M","M"],"items_purchased_type":["Card","Card"],"build_version":"2020-12-22","purchased_purges":0,"victory":false,"max_hp_per_floor":[75,75,75,75,75,75,75,75,75,75,75,75,75,75,75,75,75,75,75,75],"card_choices":[{"not_picked":["Steam","Turbo"],"picked":"Auto Shields","floor":1},{"not_picked":["Undo","Compile Driver","hubris:Prefetch"],"picked":"SKIP","floor":2},{"not_picked":["Redo","Gash"],"picked":"Defragment","floor":3},{"not_picked":["Scrape","FTL"],"picked":"Double Energy","floor":6},{"not_picked":["Streamline","Stack"],"picked":"Static Discharge","floor":7},{"not_picked":["Sweeping Beam","Reboot"],"picked":"Conserve Battery","floor":8},{"not_picked":["Stack","Reprogram"],"picked":"Melter","floor":10},{"not_picked":["Hologram","Streamline"],"picked":"Heatsinks","floor":12},{"not_picked":["Sunder","Leap","Streamline"],"picked":"SKIP","floor":13},{"not_picked":["All For One","Biased Cognition"],"picked":"Seek","floor":16},{"not_picked":["Rebound","Beam Cell+1"],"picked":"White Noise","floor":18}],"player_experience":468645,"relics_obtained":[{"floor":6,"key":"Regal Pillow"},{"floor":8,"key":"Toy Ornithopter"},{"floor":9,"key":"Oddly Smooth Stone"},{"floor":10,"key":"Omamori"},{"floor":13,"key":"Whetstone"}],"event_choices":[{"damage_healed":61,"gold_gain":0,"player_choice":"Upgrade","damage_taken":15,"max_hp_gain":0,"max_hp_loss":75,"event_name":"betterThird:BetterShining","floor":4,"gold_loss":0,"cards_upgraded":["Defend_B","Strike_B"]}],"is_beta":false,"boss_relics":[{"not_picked":["Tiny House","hubris:GrandSneckoEye"],"picked":"Cursed Key"}],"items_purged_floors":[],"is_endless":false,"potions_floor_spawned":[2,6,10,16,18],"killed_by":"Spheric Guardian","ascension_level":6}}