{"host":"kev6uqotw4tlyx8l","time":1609684422,"event":{"mods":["Act Like it!","Aspiration","BaseMod","Colored Powertips","Dota2Spire","Downfall","Hallownest","Infinite Spire","Marisa????????","Minty Spire (QoL Compilation)","Quick Restart","Remilia??????","Replay The Spire","StSLib","The Cursed","The Jungle","The Marked","The Mystic","The Servant 0.9.4"],"gold_per_floor":[114,114,289,289,306,306,320,87,110,121,68,68,87,101,101,201,201,211,245,309,309,224,224,38,86,86,86,106,106,172,220,220,220,220],"floor_reached":33,"playtime":839,"items_purged":[],"score":249,"play_id":"bcdcb396-79cf-4851-aca9-3b397a2fb60b","local_time":"20210103213342","is_ascension_mode":true,"campfire_choices":[{"data":"theMarked:SelfDefenseTraining","floor":6,"key":"SMITH"},{"data":"theMarked:HeritageOfTheMarked","floor":15,"key":"SMITH"},{"floor":23,"key":"REST"},{"data":"Doubt","floor":27,"key":"PURGE"},{"floor":29,"key":"REST"},{"floor":32,"key":"REST"}],"circlet_count":0,"master_deck":["theMarked:Strike","theMarked:Strike","theMarked:Strike","theMarked:Strike","theMarked:Strike","theMarked:Defend","theMarked:Defend","theMarked:Defend","theMarked:Defend","theMarked:SoldierOfQuellstein","theMarked:SoldierOfQuellstein","theMarked:SelfDefenseTraining+1","theMarked:ComboAttacks","theMarked:BanishingWave","theMarked:BanishingStrike","theMarked:RogueSparks","theMarked:HeritageOfTheMarked+1","theMarked:SoldierForm","theMarked:EmpowerWeapon","theMarked:Parry+1","HandOfGreed","theMarked:SwordAndMagic","theMarked:Opportunist"],"relics":["theMarked:ArtifactOfAir","NeowsBlessing","Dota2Spire:DrumOfEndurance","Pen Nib","Peace Pipe","infinitespire:Cupcake","Red Mask","Snack Pack","aspiration:RitualStick","Dota2Spire:HandOfMidas","Dota2Spire:MantaStyle"],"acts_visited":["Exordium","TheCity"],"potions_floor_usage":[16,18,19,19,19,25,28,30,31],"damage_taken":[{"damage":0,"enemies":"Jaw Worm","floor":1,"turns":1},{"damage":0,"enemies":"Small Slimes","floor":5,"turns":1},{"damage":0,"enemies":"2 Louse","floor":7,"turns":1},{"damage":5,"enemies":"Exordium Thugs","floor":10,"turns":5},{"damage":3,"enemies":"Red Slaver","floor":13,"turns":4},{"damage":0,"enemies":"Gremlin Gang","floor":14,"turns":2},{"damage":29,"enemies":"Slime Boss","floor":16,"turns":7},{"damage":11,"enemies":"Spheric Guardian","floor":18,"turns":4},{"damage":0,"enemies":"Masked Bandits","floor":19,"turns":2},{"damage":9,"enemies":"Chosen","floor":25,"turns":5},{"damage":15,"enemies":"Snake Plant","floor":28,"turns":3},{"damage":0,"enemies":"3 Cultists","floor":30,"turns":3},{"damage":9,"enemies":"Snecko","floor":31,"turns":4},{"damage":76,"enemies":"Collector","floor":33,"turns":10}],"seed_played":"-5492897820122600240","potions_obtained":[{"floor":10,"key":"EntropicBrew"},{"floor":13,"key":"SkillPotion"},{"floor":14,"key":"Explosive Potion"},{"floor":16,"key":"hexamod:EctoCoolerPotion"},{"floor":19,"key":"SkillPotion"},{"floor":25,"key":"Fire Potion"}],"is_trial":false,"path_per_floor":["M","?","?","?","M","R","M","$","T","M","$","T","M","M","R","B",null,"M","?","?","?","?","R","$","M","T","R","M","R","M","M","R","B"],"character_chosen":"THE_DEFAULT","items_purchased":["Dota2Spire:DrumOfEndurance","theMarked:ComboAttacks","theMarked:BanishingStrike","HandOfGreed"],"campfire_rested":3,"item_purchase_floors":[8,8,11,24],"current_hp_per_floor":[70,70,70,70,70,70,70,70,70,65,65,65,62,62,62,33,70,59,59,31,17,17,38,38,31,31,31,20,41,41,34,55,0,0],"gold":220,"neow_bonus":"THREE_ENEMY_KILL","is_daily":false,"chose_seed":false,"campfire_upgraded":2,"win_rate":0.0,"timestamp":1609684422,"path_taken":["M","?","?","?","?","R","M","$","T","M","$","?","?","M","R","BOSS","M","?","?","?","?","R","$","M","T","R","?","R","M","M","R","BOSS"],"items_purchased_type":["Relic","Card","Card","Card"],"build_version":"2020-12-22","purchased_purges":0,"victory":false,"max_hp_per_floor":[70,70,70,70,70,70,70,70,70,70,70,70,70,70,70,70,70,70,70,70,70,70,70,70,70,70,70,70,70,70,70,70,70,70],"card_choices":[{"not_picked":["theMarked:MaelstromOfLightning","theMarked:CreepingChasm","theMarked:Parkour"],"picked":"SKIP","floor":1},{"not_picked":["theMarked:WastefulAttack","theMarked:DeterminationOfTheMarked"],"picked":"theMarked:SelfDefenseTraining","floor":5},{"not_picked":["theMarked:TunnelVision","theMarked:Parry","theMarked:TwofoldDefense"],"picked":"SKIP","floor":7},{"not_picked":["theMarked:SelfDefenseTraining","theMarked:Reabsorb"],"picked":"theMarked:BanishingWave","floor":10},{"not_picked":["theMarked:EnhanceMovement","theMarked:Generate"],"picked":"theMarked:RogueSparks","floor":13},{"not_picked":["theMarked:TwofoldDefense","theMarked:LightningStrikesTwice"],"picked":"theMarked:HeritageOfTheMarked","floor":14},{"not_picked":["theMarked:Defy","theMarked:ThrowWeapon"],"picked":"theMarked:SoldierForm","floor":16},{"not_picked":["theMarked:WastefulDefense","theMarked:HeightenedSenses"],"picked":"theMarked:EmpowerWeapon","floor":18},{"not_picked":["theMarked:SwordAndMagic","theMarked:Parkour"],"picked":"theMarked:Parry+1","floor":19},{"not_picked":["theMarked:TwofoldDefense","theMarked:RepellingDischarge"],"picked":"theMarked:SwordAndMagic","floor":25},{"not_picked":["theMarked:Static","theMarked:Polarize+1"],"picked":"theMarked:Opportunist","floor":28},{"not_picked":["theMarked:Opportunist+1","theMarked:CreepingChasm+1","theMarked:EnhanceMovement"],"picked":"SKIP","floor":30},{"not_picked":["theMarked:ParalyzingBlade","theMarked:AttractMetal","theMarked:DeterminationOfTheMarked"],"picked":"SKIP","floor":31}],"player_experience":83861,"relics_obtained":[{"floor":9,"key":"Pen Nib"},{"floor":12,"key":"Peace Pipe"},{"floor":19,"key":"Red Mask"},{"floor":20,"key":"Snack Pack"},{"floor":26,"key":"Dota2Spire:MantaStyle"}],"event_choices":[{"damage_healed":0,"gold_gain":0,"player_choice":"Ignored","damage_taken":0,"max_hp_gain":0,"max_hp_loss":0,"event_name":"Golden Wing","floor":2,"gold_loss":0},{"damage_healed":0,"gold_gain":175,"player_choice":"AGREE","damage_taken":0,"max_hp_gain":0,"max_hp_loss":0,"event_name":"Liars Game","floor":3,"gold_loss":0,"cards_obtained":["Doubt"]},{"damage_healed":0,"gold_gain":0,"player_choice":"1 cards matched","damage_taken":0,"max_hp_gain":0,"max_hp_loss":0,"event_name":"Match and Keep!","floor":4,"gold_loss":0,"cards_obtained":["theMarked:SoldierOfQuellstein"]},{"damage_healed":0,"gold_gain":0,"player_choice":"Fought Bandits","damage_taken":0,"max_hp_gain":0,"max_hp_loss":0,"event_name":"Masked Bandits","floor":19,"gold_loss":0},{"damage_healed":0,"gold_gain":0,"player_choice":"Obtained Relic","damage_taken":0,"relics_obtained":["Dota2Spire:HandOfMidas"],"max_hp_gain":0,"max_hp_loss":0,"event_name":"Addict","floor":22,"gold_loss":85}],"is_beta":false,"boss_relics":[{"not_picked":["aspiration:FutureDiary","Replay:Bronze Core"],"picked":"infinitespire:Cupcake"}],"items_purged_floors":[],"is_endless":false,"potions_floor_spawned":[10,13,14,16,19,25],"killed_by":"Collector","ascension_level":1}}