{"host":"y76clbnovzmw9ubx","time":1609711145,"event":{"mods":["AchievementEnabler","BaseMod","Minty Spire (QoL Compilation)","Permanent Neow","Relic Stats"],"gold_per_floor":[114,134,151,170,183,183,199,199,199],"floor_reached":8,"playtime":525,"items_purged":[],"score":104,"play_id":"2a56d9c8-54b4-4b66-9eaf-7f348d7f2e83","local_time":"20210103165905","is_ascension_mode":true,"campfire_choices":[{"data":"True Grit","floor":6,"key":"SMITH"}],"circlet_count":0,"master_deck":["AscendersBane","Strike_R","Strike_R","Strike_R","Strike_R","Strike_R","Defend_R","Defend_R","Defend_R","Defend_R","Bash+1","Feel No Pain","Wild Strike","True Grit+1","Demon Form","Dark Embrace","Evolve"],"relics":["Burning Blood"],"acts_visited":["Exordium"],"potions_floor_usage":[7,8],"damage_taken":[{"damage":1,"enemies":"Cultist","floor":1,"turns":3},{"damage":6,"enemies":"2 Louse","floor":2,"turns":4},{"damage":4,"enemies":"Jaw Worm","floor":3,"turns":4},{"damage":32,"enemies":"Large Slime","floor":4,"turns":7},{"damage":3,"enemies":"3 Louse","floor":5,"turns":5},{"damage":34,"enemies":"Exordium Thugs","floor":7,"turns":12},{"damage":24,"enemies":"Gremlin Nob","floor":8,"turns":3}],"seed_played":"7670093251728103554","potions_obtained":[{"floor":2,"key":"PowerPotion"},{"floor":3,"key":"FearPotion"},{"floor":7,"key":"Dexterity Potion"}],"is_trial":false,"path_per_floor":["M","M","M","M","M","R","M","E"],"character_chosen":"IRONCLAD","items_purchased":[],"campfire_rested":0,"item_purchase_floors":[],"current_hp_per_floor":[73,73,75,49,52,52,24,0,0],"gold":199,"neow_bonus":"UPGRADE_CARD","is_daily":false,"chose_seed":false,"campfire_upgraded":1,"win_rate":0.0,"timestamp":1609711145,"path_taken":["M","M","M","M","?","R","M","E"],"items_purchased_type":[],"build_version":"2020-12-22","purchased_purges":0,"victory":false,"max_hp_per_floor":[75,75,75,75,75,75,75,75,75],"relic_stats":{"counters":[7,38],"obtain_stats":[{"Burning Blood":0},{"Burning Blood":0},{"Burning Blood":0}],"Burning Blood":36},"card_choices":[{"not_picked":["Shrug It Off","Sword Boomerang"],"picked":"Feel No Pain","floor":1},{"not_picked":["Iron Wave","Anger"],"picked":"Wild Strike","floor":2},{"not_picked":["Clash","Infernal Blade"],"picked":"True Grit","floor":3},{"not_picked":["Rampage","Anger"],"picked":"Demon Form","floor":4},{"not_picked":["Iron Wave","Pommel Strike"],"picked":"Dark Embrace","floor":5},{"not_picked":["Entrench","Rage"],"picked":"Evolve","floor":7}],"player_experience":3034756,"relics_obtained":[],"event_choices":[],"is_beta":false,"boss_relics":[],"items_purged_floors":[],"is_endless":false,"potions_floor_spawned":[2,3,4,7],"killed_by":"Gremlin Nob","ascension_level":20}}