{"host":"Sumable","time":1609712719,"event":{"mods":["AchievementEnabler","BaseMod","Better Note","BetterRewards","Googly Eyes","Hermit","Minty Spire (QoL Compilation)","Quick Restart","Shop Mod","StSLib","The Cursed","everything is the same but u backflip on backflip","slay the spire mod where everything is the same but ironclad has a cowboy hat"],"gold_per_floor":[109,184,184,199,215,215,242,242,266,266,541,554,587,603,603,681,681,693,112,112,112,130,130,143,162,187,187,213,226,226,245,245,245,245],"floor_reached":33,"playtime":782,"items_purged":[],"score":457,"play_id":"61130f41-b267-4628-a38f-ec88537c0b38","local_time":"20210103152519","is_ascension_mode":true,"campfire_choices":[{"data":"Bash","floor":6.0,"key":"SMITH"},{"floor":8.0,"key":"REST"},{"data":"Twin Strike","floor":10.0,"key":"SMITH"},{"floor":15,"key":"REST"},{"data":"Shrug It Off","floor":23,"key":"SMITH"},{"floor":30,"key":"REST"},{"floor":32,"key":"REST"}],"circlet_count":0,"master_deck":["AscendersBane","Strike_R","Strike_R","Strike_R","Strike_R","Strike_R","Defend_R","Defend_R","Defend_R","Defend_R","Bash+1","Pommel Strike","Demon Form","Twin Strike+1","Inflame","Sword Boomerang","Bludgeon","Shrug It Off+1","Cleave","Sword Boomerang","Juggernaut","Spot Weakness"],"relics":["Burning Blood","PreservedInsect","Akabeko","Omamori","Sundial","Cursed Key","TungstenRod","Mummified Hand","Enchiridion","Strawberry","Boot"],"acts_visited":["Exordium","TheCity"],"potions_floor_usage":[16,28,31,33],"damage_taken":[{"damage":1.0,"enemies":"Cultist","floor":1.0,"turns":3.0},{"damage":10.0,"enemies":"Small Slimes","floor":4.0,"turns":4.0},{"damage":0.0,"enemies":"Jaw Worm","floor":5.0,"turns":1.0},{"damage":32.0,"enemies":"Gremlin Nob","floor":7.0,"turns":4.0},{"damage":7.0,"enemies":"Exordium Wildlife","floor":12.0,"turns":3.0},{"damage":50.0,"enemies":"3 Sentries","floor":13.0,"turns":5.0},{"damage":10,"enemies":"Large Slime","floor":14,"turns":4},{"damage":24,"enemies":"Slime Boss","floor":16,"turns":6},{"damage":28,"enemies":"Shell Parasite","floor":18,"turns":4},{"damage":1,"enemies":"Chosen","floor":22,"turns":3},{"damage":9,"enemies":"Snecko","floor":24,"turns":3},{"damage":16,"enemies":"Centurion and Healer","floor":25,"turns":4},{"damage":25,"enemies":"Book of Stabbing","floor":28,"turns":3},{"damage":33,"enemies":"Chosen and Byrds","floor":29,"turns":5},{"damage":4,"enemies":"Snecko","floor":31,"turns":3},{"damage":73,"enemies":"Collector","floor":33,"turns":6}],"seed_played":"-3020519485986053279","potions_obtained":[{"floor":4.0,"key":"AttackPotion"},{"floor":7.0,"key":"SkillPotion"},{"floor":14,"key":"Explosive Potion"},{"floor":16,"key":"SpeedPotion"},{"floor":18,"key":"LiquidBronze"},{"floor":29,"key":"PowerPotion"}],"is_trial":false,"path_per_floor":["M","?","?","M","M","R","E","R","T","R","?","M","E","M","R","B",null,"M","$","?","?","M","R","M","M","T","?","E","M","R","M","R","B"],"character_chosen":"IRONCLAD","items_purchased":["TungstenRod","Mummified Hand","Cleave"],"campfire_rested":4,"item_purchase_floors":[19,19,19],"current_hp_per_floor":[77,66,66,62,68,68,42,66,66,66,66,65,21,17,41,23,66,44,44,70,58,63,63,60,50,57,57,38,11,37,39,65,0,0],"gold":245,"neow_bonus":"RANDOM_COMMON_RELIC","is_daily":false,"chose_seed":false,"campfire_upgraded":3,"win_rate":0.0,"timestamp":1609712719,"path_taken":["M","?","?","M","M","R","E","R","T","R","?","M","E","?","R","BOSS","M","$","?","?","?","R","M","M","T","?","E","M","R","M","R","BOSS"],"items_purchased_type":["Relic","Relic","Card"],"build_version":"2020-12-18","purchased_purges":0,"victory":false,"max_hp_per_floor":[80,80,80,80,80,80,80,80,80,80,80,80,80,80,80,80,80,80,80,80,80,80,80,80,80,87,87,87,87,87,87,87,87,87],"card_choices":[{"not_picked":["Flex","Intimidate"],"picked":"Pommel Strike","floor":1.0},{"not_picked":["Blood for Blood","Clothesline"],"picked":"Demon Form","floor":4.0},{"not_picked":["Havoc","Burning Pact"],"picked":"Twin Strike","floor":5.0},{"not_picked":["Pommel Strike","Heavy Blade"],"picked":"Inflame","floor":7.0},{"not_picked":["Armaments","Disarm","Sentinel"],"picked":"SKIP","floor":12.0},{"not_picked":["Sever Soul","Body Slam"],"picked":"Sword Boomerang","floor":13.0},{"not_picked":["Anger","Dual Wield","Perfected Strike"],"picked":"SKIP","floor":14},{"not_picked":["Double Tap","Fiend Fire"],"picked":"Bludgeon","floor":16},{"not_picked":["Perfected Strike","Sword Boomerang"],"picked":"Shrug It Off","floor":18},{"not_picked":["Havoc","Blood for Blood","Pommel Strike"],"picked":"SKIP","floor":22},{"not_picked":["Heavy Blade","Perfected Strike"],"picked":"Sword Boomerang","floor":24},{"not_picked":["Rampage","Shockwave"],"picked":"Juggernaut","floor":25},{"not_picked":["Burning Pact","Clothesline","Rampage"],"picked":"SKIP","floor":28},{"not_picked":["Flex+1","Dark Embrace","True Grit"],"picked":"SKIP","floor":29},{"not_picked":["Infernal Blade","Pommel Strike"],"picked":"Spot Weakness","floor":31}],"player_experience":1033451,"relics_obtained":[{"floor":7.0,"key":"Akabeko"},{"floor":9.0,"key":"Omamori"},{"floor":13.0,"key":"Sundial"},{"floor":21,"key":"Enchiridion"},{"floor":26,"key":"Strawberry"},{"floor":28,"key":"Boot"}],"event_choices":[{"damage_healed":0.0,"max_hp_gain":0.0,"max_hp_loss":0.0,"gold_gain":75.0,"event_name":"World of Goop","player_choice":"Gather Gold","floor":2.0,"gold_loss":0.0,"damage_taken":11.0},{"damage_healed":0.0,"max_hp_gain":0.0,"max_hp_loss":0.0,"gold_gain":0.0,"event_name":"Golden Wing","player_choice":"Ignored","floor":3.0,"gold_loss":0.0,"damage_taken":0.0},{"damage_healed":0.0,"max_hp_gain":0.0,"max_hp_loss":0.0,"gold_gain":275.0,"event_name":"Golden Shrine","player_choice":"Desecrate","floor":11.0,"gold_loss":0.0,"damage_taken":0.0,"cards_obtained":["Regret"]},{"damage_healed":26,"gold_gain":0,"player_choice":"Heal","damage_taken":0,"max_hp_gain":0,"max_hp_loss":0,"event_name":"The Library","floor":20,"gold_loss":0},{"damage_healed":0,"gold_gain":0,"player_choice":"Obtained Book","damage_taken":16,"max_hp_gain":0,"max_hp_loss":0,"event_name":"Cursed Tome","floor":21,"gold_loss":0},{"damage_healed":0,"gold_gain":0,"player_choice":"Ignored","damage_taken":0,"max_hp_gain":0,"max_hp_loss":0,"event_name":"Ghosts","floor":27,"gold_loss":0}],"is_beta":true,"boss_relics":[{"not_picked":["Coffee Dripper","Velvet Choker"],"picked":"Cursed Key"}],"items_purged_floors":[],"is_endless":false,"potions_floor_spawned":[4,7,14,16,18,22,25,29],"killed_by":"Collector","ascension_level":13}}