{"host":"gx4mysb2tifc5ce4","time":1609711477,"event":{"mods":["AchievementEnabler","Act Like it!","Ascension Reborn","BaseMod","BetterRewards","Block Reminder","Colored Map","Colored Powertips","Downfall","Duelist Mod","Gensokyo","GifTheSpireLib","Gold Saver","GungeonMod","Lobotomy","LobotomyExtend","Minty Spire (QoL Compilation)","Prisma Mod","Rare Cards Sparkle","Spicy Shops","StSLib","The Animator","The Jungle","The Necromancer","The Poker Player","The Wild Card","Waifu the Spire","WarShipGirlsR/????R mod"],"gold_per_floor":[146,146,146,69,69,98,98,126,126,126,141,141,159,175,175,278,328,328,238,257,257,269,283,298,313,313,324,324,337,372,389,389,389,389],"floor_reached":33,"playtime":2301,"items_purged":[],"score":329,"play_id":"30db09de-0a69-47f2-8ac5-ee0121993907","local_time":"20210103140437","is_ascension_mode":true,"metric_token":1810,"campfire_choices":[{"floor":7,"key":"REST"},{"floor":10,"key":"REST"},{"data":"theWildCard:Michael","floor":12,"key":"SMITH"},{"data":"PokerPlayerMod:Sharpen","floor":15,"key":"SMITH"},{"data":"PokerPlayerMod:TheDieIsCast","floor":32,"key":"SMITH"}],"circlet_count":0,"master_deck":["PokerPlayerMod:Diamond1","PokerPlayerMod:Diamond2","PokerPlayerMod:Diamond3","PokerPlayerMod:Diamond4","PokerPlayerMod:Diamond5","PokerPlayerMod:Spade1","PokerPlayerMod:Spade2","PokerPlayerMod:Spade3","PokerPlayerMod:Spade6","PokerPlayerMod:Club1","PokerPlayerMod:Club2","PokerPlayerMod:Heart2","PokerPlayerMod:TrumpStrike","PokerPlayerMod:BadJoker","PokerPlayerMod:Diamond10+","theWildCard:Michael+1","PokerPlayerMod:ClubShade","PokerPlayerMod:Club2","PokerPlayerMod:Club3","PokerPlayerMod:Club4","PokerPlayerMod:Club5","PokerPlayerMod:Club6","PokerPlayerMod:Spade5","PokerPlayerMod:Spade6","PokerPlayerMod:FakeSymbols","PokerPlayerMod:Heart4","PokerPlayerMod:Sharpen+1","PokerPlayerMod:TheDieIsCast+1","PokerPlayerMod:Spade4","PokerPlayerMod:Heart5","RitualDagger","PokerPlayerMod:Club4","PokerPlayerMod:Raise","PokerPlayerMod:Raise","PokerPlayerMod:FillThePot","PokerPlayerMod:RiskyBet","PokerPlayerMod:ThinkingTime","PokerPlayerMod:Diamond6","PokerPlayerMod:Overdeal","PokerPlayerMod:Spade6"],"relics":["PokerPlayerMod:DeckCase","LetterFromLob","Question Card","Strawberry","HornCleat","Pear","Tiny House","DemoMod:SerJunkan","DemoMod:Junk"],"acts_visited":["Exordium","TheCity"],"potions_floor_usage":[24,29,33],"damage_taken":[{"damage":7,"enemies":"Jaw Worm","floor":1,"turns":2},{"damage":17,"enemies":"3 Sentries","floor":6,"turns":4},{"damage":18,"enemies":"Lagavulin","floor":8,"turns":4},{"damage":0,"enemies":"2 Louse","floor":11,"turns":1},{"damage":0,"enemies":"Small Slimes","floor":13,"turns":1},{"damage":10,"enemies":"2 Fungi Beasts","floor":14,"turns":4},{"damage":34,"enemies":"Slime Boss","floor":16,"turns":8},{"damage":0,"enemies":"3 Byrds","floor":20,"turns":1},{"damage":9,"enemies":"2 Thieves","floor":22,"turns":4},{"damage":13,"enemies":"Snake Plant","floor":23,"turns":4},{"damage":18,"enemies":"Snecko","floor":24,"turns":6},{"damage":14,"enemies":"Cultist and Chosen","floor":25,"turns":6},{"damage":0,"enemies":"Snake Plant","floor":27,"turns":5},{"damage":4,"enemies":"Shelled Parasite and Fungi","floor":29,"turns":5},{"damage":8,"enemies":"theDuelist:KaibaA2","floor":30,"turns":7},{"damage":19,"enemies":"3 Cultists","floor":31,"turns":6},{"damage":68,"enemies":"Champ","floor":33,"turns":10}],"seed_played":"2748703073973116321","potions_obtained":[{"floor":1,"key":"AttackPotion"},{"floor":14,"key":"Strength Potion"},{"floor":16,"key":"SkillPotion"},{"floor":23,"key":"PowerPotion"},{"floor":24,"key":"SpeedPotion"}],"is_trial":false,"path_per_floor":["M","?","?","$","?","E","R","E","T","R","M","R","M","M","R","B",null,"M","?","M","?","M","M","M","M","T","M","?","M","E","M","R","B"],"character_chosen":"THE_POKER_PLAYER","items_purchased":["PokerPlayerMod:ClubShade"],"campfire_rested":2,"item_purchase_floors":[4],"current_hp_per_floor":[45,45,38,38,38,28,45,32,42,62,62,62,62,59,59,33,74,74,74,74,68,70,61,62,66,66,74,74,74,74,55,55,0,0],"gold":389,"neow_bonus":"TRANSFORM_CARD","is_daily":false,"chose_seed":false,"campfire_upgraded":3,"win_rate":0.0,"timestamp":1609711477,"path_taken":["M","?","?","$","?","E","R","E","T","R","M","R","M","M","R","BOSS","M","?","?","?","M","M","M","M","T","M","?","M","E","M","R","BOSS"],"items_purchased_type":["Card"],"build_version":"2020-12-22","purchased_purges":0,"victory":false,"max_hp_per_floor":[52,52,52,52,52,59,59,59,69,69,69,69,69,69,69,69,74,74,74,74,74,74,74,74,74,74,74,74,74,74,74,74,74,74],"card_choices":[{"not_picked":["PokerPlayerMod:Diamond3","PokerPlayerMod:CardBurn"],"picked":"PokerPlayerMod:DartThrow","floor":1},{"not_picked":["PokerPlayerMod:Diamond7","PokerPlayerMod:ClubsClub","PokerPlayerMod:Diamond3"],"picked":"PokerPlayerMod:Spade5","floor":6},{"not_picked":["PokerPlayerMod:ClubShade","PokerPlayerMod:Spade1","PokerPlayerMod:Heart4"],"picked":"PokerPlayerMod:Spade6","floor":8},{"not_picked":["PokerPlayerMod:Raise","PokerPlayerMod:Spade2","PokerPlayerMod:Heart3"],"picked":"PokerPlayerMod:FakeSymbols","floor":11},{"not_picked":["PokerPlayerMod:MagicTrick","PokerPlayerMod:SpadeStrike","PokerPlayerMod:Diamond1"],"picked":"PokerPlayerMod:Heart4","floor":13},{"not_picked":["PokerPlayerMod:DartThrow","PokerPlayerMod:Diamond3","PokerPlayerMod:ClubsClub"],"picked":"PokerPlayerMod:Sharpen","floor":14},{"not_picked":["PokerPlayerMod:Diamond10+","PokerPlayerMod:Club10+","PokerPlayerMod:GamblerForm"],"picked":"PokerPlayerMod:TheDieIsCast","floor":16},{"not_picked":["PokerPlayerMod:Club1","PokerPlayerMod:DiamondStrike","PokerPlayerMod:Spade1"],"picked":"PokerPlayerMod:Spade4","floor":17},{"not_picked":["PokerPlayerMod:Diamond3","PokerPlayerMod:Club3","PokerPlayerMod:DartThrow"],"picked":"PokerPlayerMod:Heart5","floor":20},{"not_picked":["PokerPlayerMod:MagicTrick","PokerPlayerMod:HeartStrike","PokerPlayerMod:Diamond3"],"picked":"PokerPlayerMod:Club4","floor":22},{"not_picked":["PokerPlayerMod:FillThePot","PokerPlayerMod:Diamond1","PokerPlayerMod:Spade3"],"picked":"PokerPlayerMod:Raise","floor":23},{"not_picked":["PokerPlayerMod:Heart5","PokerPlayerMod:PoorCopy","PokerPlayerMod:Diamond5"],"picked":"PokerPlayerMod:Raise","floor":24},{"not_picked":["PokerPlayerMod:Club1","PokerPlayerMod:HotShotCut","PokerPlayerMod:Diamond1"],"picked":"PokerPlayerMod:FillThePot","floor":25},{"not_picked":["PokerPlayerMod:DartThrow","PokerPlayerMod:Club5","PokerPlayerMod:Heart4"],"picked":"PokerPlayerMod:RiskyBet","floor":27},{"not_picked":["PokerPlayerMod:Extraction","PokerPlayerMod:Spade1","PokerPlayerMod:Club3"],"picked":"PokerPlayerMod:Diamond6","floor":29},{"not_picked":["PokerPlayerMod:Spade2","PokerPlayerMod:PoorCopy+1","PokerPlayerMod:CardBurn+1"],"picked":"PokerPlayerMod:Overdeal","floor":30},{"not_picked":["PokerPlayerMod:Diamond2","PokerPlayerMod:FillThePot+1","PokerPlayerMod:Club4"],"picked":"PokerPlayerMod:Spade6","floor":31}],"player_experience":161183,"relics_obtained":[{"floor":1,"key":"LetterFromLob"},{"floor":6,"key":"Strawberry"},{"floor":8,"key":"HornCleat"},{"floor":9,"key":"Pear"},{"floor":26,"key":"DemoMod:SerJunkan"},{"floor":30,"key":"DemoMod:Junk"}],"event_choices":[{"damage_healed":0,"gold_gain":0,"player_choice":"Success","damage_taken":7,"relics_obtained":["Question Card"],"max_hp_gain":0,"max_hp_loss":0,"event_name":"Scrap Ooze","floor":3,"gold_loss":0},{"damage_healed":0,"gold_gain":0,"player_choice":"Jackpot","damage_taken":0,"max_hp_gain":0,"max_hp_loss":0,"event_name":"PokerPlayerMod:ExordiumClub","floor":5,"gold_loss":0,"cards_obtained":["PokerPlayerMod:Club2","PokerPlayerMod:Club3","PokerPlayerMod:Club4","PokerPlayerMod:Club5","PokerPlayerMod:Club6"]},{"damage_healed":0,"gold_gain":0,"player_choice":"Jackpot","damage_taken":0,"max_hp_gain":0,"max_hp_loss":0,"event_name":"PokerPlayerMod:ExordiumClub","floor":5,"gold_loss":0,"cards_obtained":["PokerPlayerMod:Club2","PokerPlayerMod:Club3","PokerPlayerMod:Club4","PokerPlayerMod:Club5","PokerPlayerMod:Club6"]},{"damage_healed":0,"gold_gain":0,"player_choice":"Jackpot","damage_taken":0,"max_hp_gain":0,"max_hp_loss":0,"event_name":"PokerPlayerMod:ExordiumClub","floor":5,"gold_loss":0,"cards_obtained":["PokerPlayerMod:Club2","PokerPlayerMod:Club3","PokerPlayerMod:Club4","PokerPlayerMod:Club5","PokerPlayerMod:Club6"]},{"damage_healed":0,"gold_gain":0,"player_choice":"Jackpot","damage_taken":0,"max_hp_gain":0,"max_hp_loss":0,"event_name":"PokerPlayerMod:ExordiumClub","floor":5,"gold_loss":0,"cards_obtained":["PokerPlayerMod:Club2","PokerPlayerMod:Club3","PokerPlayerMod:Club4","PokerPlayerMod:Club5","PokerPlayerMod:Club6"]},{"damage_healed":0,"gold_gain":0,"player_choice":"Jackpot","damage_taken":0,"max_hp_gain":0,"max_hp_loss":0,"event_name":"PokerPlayerMod:ExordiumClub","floor":5,"gold_loss":0,"cards_obtained":["PokerPlayerMod:Club2","PokerPlayerMod:Club3","PokerPlayerMod:Club4","PokerPlayerMod:Club5","PokerPlayerMod:Club6"]},{"cards_removed":["PokerPlayerMod:DartThrow"],"damage_healed":0,"gold_gain":0,"player_choice":"Upgrade and Remove","damage_taken":0,"max_hp_gain":0,"max_hp_loss":0,"event_name":"Designer","floor":19,"gold_loss":90,"cards_upgraded":["PokerPlayerMod:Spade6"]},{"damage_healed":0,"gold_gain":0,"player_choice":"Joined the Cult","damage_taken":6,"max_hp_gain":0,"max_hp_loss":0,"event_name":"Nest","floor":21,"gold_loss":0,"cards_obtained":["RitualDagger"]},{"damage_healed":0,"gold_gain":0,"player_choice":"Think Hard","damage_taken":0,"max_hp_gain":0,"max_hp_loss":0,"event_name":"PokerPlayerMod:Vampires","floor":28,"gold_loss":0,"cards_obtained":["PokerPlayerMod:ThinkingTime"]}],"is_beta":false,"boss_relics":[{"not_picked":["Fusion Hammer","Busted Crown"],"picked":"Tiny House"}],"items_purged_floors":[],"is_endless":false,"potions_floor_spawned":[1,14,16,20,23,24],"killed_by":"Champ","ascension_level":0}}