{"host":"akjsb4vg7478j4ls","time":1609657627,"event":{"mods":["BaseMod","Colored Map","Colored Powertips","Minty Spire (QoL Compilation)","Rare Cards Sparkle"],"gold_per_floor":[119,294,304,323,109,139,169,169,194,194,210,210,222,62,62,167,167,180,195,195,195,195,195,54,73,99,119,129,129,147,157,157,157,157],"floor_reached":33,"playtime":1874,"items_purged":[],"score":249,"play_id":"c6852f6a-4182-4b59-86cc-3c8532378b09","local_time":"20210103050707","is_ascension_mode":false,"campfire_choices":[{"floor":8,"key":"RECALL"},{"floor":15,"key":"REST"},{"floor":23,"key":"REST"},{"floor":32,"key":"REST"}],"circlet_count":0,"master_deck":["Defend_G","Defend_G","Defend_G","Defend_G","Defend_G","Survivor","Neutralize","Backstab","Doubt","Cloak And Dagger","Dash","Transmutation+1","Backstab","Envenom","Sucker Punch","Poisoned Stab","Bullet Time","Storm of Steel","Glass Knife+1","Underhanded Strike+1","Adrenaline+1","Outmaneuver+1","Dodge and Roll","Blade Dance","Caltrops","Blade Dance+1","Cloak And Dagger","Leg Sweep","Crippling Poison","A Thousand Cuts","A Thousand Cuts","Blade Dance"],"relics":["Ring of the Snake","Torii","Bronze Scales","Singing Bowl","Astrolabe","Pantograph","Orichalcum"],"acts_visited":["Exordium","TheCity"],"potions_floor_usage":[16,31],"damage_taken":[{"damage":8,"enemies":"Jaw Worm","floor":1,"turns":8},{"damage":1,"enemies":"2 Louse","floor":3,"turns":2},{"damage":0,"enemies":"Cultist","floor":4,"turns":3},{"damage":33,"enemies":"Lagavulin","floor":6,"turns":9},{"damage":0,"enemies":"2 Fungi Beasts","floor":11,"turns":2},{"damage":13,"enemies":"Exordium Wildlife","floor":13,"turns":3},{"damage":7,"enemies":"Hexaghost","floor":16,"turns":7},{"damage":3,"enemies":"Shell Parasite","floor":18,"turns":5},{"damage":14,"enemies":"2 Thieves","floor":19,"turns":4},{"damage":15,"enemies":"Snake Plant","floor":25,"turns":3},{"damage":19,"enemies":"Cultist and Chosen","floor":27,"turns":7},{"damage":40,"enemies":"Shelled Parasite and Fungi","floor":28,"turns":6},{"damage":30,"enemies":"Snake Plant","floor":30,"turns":3},{"damage":2,"enemies":"Centurion and Healer","floor":31,"turns":6},{"damage":78,"enemies":"Automaton","floor":33,"turns":6}],"seed_played":"-8600871252797110348","potions_obtained":[{"floor":3,"key":"Energy Potion"},{"floor":4,"key":"Strength Potion"},{"floor":19,"key":"Fire Potion"},{"floor":25,"key":"FairyPotion"},{"floor":30,"key":"Block Potion"}],"is_trial":false,"path_per_floor":["M","?","M","M","$","E","?","R","T","T","M","?","M","$","R","B",null,"M","M","?","?","T","R","$","M","T","M","M","?","M","M","R","B"],"character_chosen":"THE_SILENT","items_purchased":["Transmutation","Backstab","Bullet Time","FairyPotion","Caltrops"],"campfire_rested":3,"item_purchase_floors":[5,5,14,24,24],"current_hp_per_floor":[55,55,54,54,54,21,21,21,21,21,21,21,8,8,26,19,63,60,46,46,46,46,63,63,48,48,29,17,17,11,9,27,0,0],"gold":157,"neow_bonus":"ONE_RARE_RELIC","is_daily":false,"chose_seed":false,"campfire_upgraded":0,"win_rate":0.0,"timestamp":1609657627,"path_taken":["M","?","M","M","$","E","?","R","T","?","?","?","M","?","R","BOSS","M","M","?","?","?","R","$","M","T","?","M","?","M","M","R","BOSS"],"items_purchased_type":["Card","Card","Card","Potion","Card"],"build_version":"2020-12-22","purchased_purges":0,"victory":false,"max_hp_per_floor":[63,63,63,63,63,63,63,63,63,63,63,63,63,63,63,63,63,63,63,63,63,63,63,63,63,63,63,63,63,63,63,63,63,63],"card_choices":[{"not_picked":["PiercingWail","Dash"],"picked":"Backstab","floor":1},{"not_picked":["Underhanded Strike","PiercingWail"],"picked":"Cloak And Dagger","floor":3},{"not_picked":["Prepared","Dagger Spray"],"picked":"Dash","floor":4},{"not_picked":["Well Laid Plans","Acrobatics"],"picked":"Envenom","floor":6},{"not_picked":["Expertise","Distraction"],"picked":"Sucker Punch","floor":11},{"not_picked":["A Thousand Cuts","Endless Agony"],"picked":"Poisoned Stab","floor":13},{"not_picked":["Malaise","Wraith Form v2"],"picked":"Storm of Steel","floor":16},{"not_picked":["Reflex","Dagger Throw"],"picked":"Outmaneuver+1","floor":18},{"not_picked":["Deadly Poison","Dagger Spray"],"picked":"Dodge and Roll","floor":19},{"not_picked":["Underhanded Strike","Noxious Fumes"],"picked":"Blade Dance+1","floor":25},{"not_picked":["Dash","Underhanded Strike"],"picked":"Cloak And Dagger","floor":27},{"not_picked":["Dagger Spray","Catalyst"],"picked":"Leg Sweep","floor":28},{"not_picked":["Tactician","Masterful Stab"],"picked":"A Thousand Cuts","floor":30},{"not_picked":["Deadly Poison","Quick Slash"],"picked":"Blade Dance","floor":31}],"player_experience":97623,"relics_obtained":[{"floor":6,"key":"Bronze Scales"},{"floor":10,"key":"Singing Bowl"},{"floor":22,"key":"Pantograph"},{"floor":26,"key":"Orichalcum"}],"event_choices":[{"damage_healed":0,"gold_gain":175,"player_choice":"AGREE","damage_taken":0,"max_hp_gain":0,"max_hp_loss":0,"event_name":"Liars Game","floor":2,"gold_loss":0,"cards_obtained":["Doubt"]},{"damage_healed":0,"gold_gain":30,"player_choice":"Searched \u00271\u0027 times","damage_taken":0,"max_hp_gain":0,"max_hp_loss":0,"event_name":"Dead Adventurer","floor":7,"gold_loss":0},{"damage_healed":0,"gold_gain":0,"player_choice":"Grow","damage_taken":0,"max_hp_gain":0,"max_hp_loss":0,"event_name":"Living Wall","floor":12,"gold_loss":0,"cards_upgraded":["Transmutation"]},{"damage_healed":0,"gold_gain":0,"player_choice":"Read","damage_taken":0,"max_hp_gain":0,"max_hp_loss":0,"event_name":"The Library","floor":20,"gold_loss":0,"cards_obtained":["Blade Dance"]},{"damage_healed":0,"gold_gain":0,"player_choice":"Ignored","damage_taken":0,"max_hp_gain":0,"max_hp_loss":0,"event_name":"Ghosts","floor":21,"gold_loss":0},{"damage_healed":0,"gold_gain":0,"cards_transformed":["Strike_G","Strike_G"],"player_choice":"Became Test Subject","damage_taken":0,"max_hp_gain":0,"max_hp_loss":0,"event_name":"Drug Dealer","floor":29,"gold_loss":0,"cards_obtained":["Crippling Poison","A Thousand Cuts"]}],"is_beta":false,"boss_relics":[{"not_picked":["WristBlade","Ectoplasm"],"picked":"Astrolabe"}],"items_purged_floors":[],"is_endless":false,"potions_floor_spawned":[3,4,19,25,27,30],"killed_by":"Automaton","ascension_level":0}}