{"host":"5gusigds1c3jyr99","time":1609668193,"event":{"mods":["AchievementEnabler","Arknights The Spire","Astrologer","BaseMod","GungeonMod","Hermit","Marisa£¨Ùöéë¡¡Øª×âÞÞ£©","Minty Spire (QoL Compilation)","Permanent Neow","Replay The Spire","StSLib","The Bug Knight","The Cursed","The Death Knight","The Disciple","The Dragon Tamer","The Hierophant","The Jungle","The Poker Player","The Senshi","TheBandit"],"gold_per_floor":[114,189,205,205,205,245,245,276,276,315,338,338,338,278,278,406,406,426,451,164,185,335,335,351,351,377,377,377,415,415,433,433,564,564,583,124,124,124,137,137,157,157,183,183,202,221,246,6,6,6],"floor_reached":51,"playtime":3745,"items_purged":["Regret","DeathKnight:Defend_DeathKnight","DTMod:Strike"],"score":1005,"play_id":"026ae88e-850c-4ac8-876c-6c67f4438dcb","local_time":"20210103190313","is_ascension_mode":true,"metric_token":1375,"campfire_choices":[{"data":"DTMod:DragonDance","floor":7,"key":"SMITH"},{"data":"DTMod:DoubleHit","floor":15,"key":"SMITH"},{"data":"DTMod:SwitchingTactic","floor":23,"key":"SMITH"},{"data":"DTMod:MasterPlan","floor":27,"key":"SMITH"},{"data":"DTMod:CleansingStrike","floor":30,"key":"SMITH"},{"data":"DTMod:Strike","floor":32,"key":"PURGE"},{"data":"DTMod:BizarreTactic","floor":40,"key":"SMITH"},{"data":"DTMod:EchoTactic","floor":42,"key":"SMITH"},{"data":"DTMod:ResonanceForm","floor":44,"key":"SMITH"},{"data":"DTMod:ShadowImage","floor":49,"key":"SMITH"}],"dtmod_dragon_data":[46,58,1,0,12,0],"circlet_count":0,"master_deck":["DTMod:DoubleHit+1","DTMod:TargetDefense","DTMod:TargetDefense","DTMod:TargetDefense","DTMod:SwitchingTactic+1","DTMod:ResonanceForm+1","DTMod:DragonDance+1","DTMod:BalancedStrike","DTMod:Punisher","DTMod:Shift","DTMod:BizarreTactic+1","DTMod:Inferno","DTMod:StunTrap","DTMod:LastStand","DTMod:BlazingStrike","DTMod:MasterPlan+1","DTMod:ComboAttack+1","DTMod:BreakAttack+1","DTMod:MaximumCharge+1","DTMod:CleansingStrike+1","DTMod:EchoTactic+1","DTMod:BizarreTactic+1","DTMod:MasterPlan+1","DTMod:ShadowImage+1","DTMod:DragonDance+1"],"relics":["DTMod:PactStone","DemoMod:GlassGuonStoneRelic","Golden Idol","Replay:Mystery Machine","The Courier","DemoMod:ChaffGrenade","ReplayTheSpireMod:TigerMarble","Nunchaku","Replay:Bottled Snecko","Prayer Wheel","SlaversCollar","DemoMod:SerJunkan","theJungle:BirthdayCake","Oddly Smooth Stone","theJungle:SpiritDisease","Smiling Mask","DemoMod:RiddleOfLead","DTMod:TacticalNote","Bottled Tornado","DemoMod:Junk","DTMod:BasicTextbook","Art of War"],"acts_visited":["Exordium","Exordium","TheBeyond"],"potions_floor_usage":[10,16,33,33,50,50],"damage_taken":[{"damage":0,"enemies":"Jaw Worm","floor":1,"turns":4},{"damage":0,"enemies":"2 Louse","floor":3,"turns":3},{"damage":0,"enemies":"Lagavulin","floor":6,"turns":7},{"damage":0,"enemies":"3 Sentries","floor":8,"turns":9},{"damage":0,"enemies":"Lagavulin","floor":10,"turns":7},{"damage":0,"enemies":"Small Slimes","floor":11,"turns":4},{"damage":0,"enemies":"Hexaghost","floor":16,"turns":9},{"damage":0,"enemies":"theJungle:GiantWrat","floor":18,"turns":7},{"damage":0,"enemies":"theJungle:Flameango_and_Byrd","floor":19,"turns":6},{"damage":0,"enemies":"theJungle:2_Snecko_Cultists","floor":21,"turns":4},{"damage":0,"enemies":"theJungle:SlimyTreeVines","floor":24,"turns":3},{"damage":0,"enemies":"theJungle:MamaSnecko","floor":29,"turns":6},{"damage":0,"enemies":"theJungle:Lyon","floor":31,"turns":5},{"damage":0,"enemies":"theJungle:FunGuy","floor":33,"turns":8},{"damage":0,"enemies":"Orb Walker","floor":35,"turns":2},{"damage":0,"enemies":"3 Shapes","floor":39,"turns":6},{"damage":0,"enemies":"Sphere and 2 Shapes","floor":41,"turns":9},{"damage":0,"enemies":"3 Darklings","floor":45,"turns":5},{"damage":0,"enemies":"4 Shapes","floor":46,"turns":6},{"damage":0,"enemies":"Spire Growth","floor":47,"turns":5},{"damage":0,"enemies":"Donu and Deca","floor":50,"turns":9}],"seed_played":"4609190441467769103","potions_obtained":[{"floor":3,"key":"SpeedPotion"},{"floor":8,"key":"AttackPotion"},{"floor":10,"key":"ColorlessPotion"},{"floor":19,"key":"Strength Potion"},{"floor":24,"key":"GamblersBrew"},{"floor":29,"key":"Fire Potion"},{"floor":39,"key":"LifebloodPotion"},{"floor":41,"key":"SteroidPotion"}],"is_trial":false,"path_per_floor":["M","?","M","?","?","E","R","E","T","E","M","?","?","$","R","B",null,"M","M","$","M","?","R","M","?","T","R","?","E","R","M","R","B",null,"M","$","?","?","M","R","M","R","T","R","M","M","M","$","R","B",null],"character_chosen":"THE_DT","items_purchased":["Prayer Wheel","DemoMod:SerJunkan","DTMod:TacticalNote","Bottled Tornado","DTMod:BasicTextbook","Art of War"],"campfire_rested":0,"item_purchase_floors":[14,20,36,36,48,48],"current_hp_per_floor":[45,34,34,23,16,16,16,16,16,16,16,16,16,16,16,16,45,45,45,45,45,45,45,45,65,65,65,65,65,65,65,65,65,75,75,75,75,71,71,71,71,71,71,71,71,71,71,71,71,71],"gold":6,"neow_bonus":"THREE_RARE_CARDS","is_daily":false,"chose_seed":false,"campfire_upgraded":9,"win_rate":0.0,"timestamp":1609668193,"path_taken":["M","?","M","?","?","E","R","E","T","E","M","?","?","$","R","BOSS","M","M","$","M","?","R","M","?","T","R","?","E","R","M","R","BOSS","M","$","?","?","M","R","M","R","T","R","M","M","M","?","R","BOSS"],"items_purchased_type":["Relic","Relic","Relic","Relic","Relic","Relic"],"build_version":"2020-12-22","purchased_purges":3,"victory":true,"max_hp_per_floor":[45,45,45,45,45,45,45,45,45,45,45,45,45,45,45,45,45,45,45,45,45,45,45,45,65,65,65,65,65,65,65,65,65,75,75,75,75,71,71,71,71,71,71,71,71,71,71,71,71,71],"card_choices":[{"not_picked":["DTMod:ShadowImage","DTMod:Harmonize"],"picked":"DTMod:ResonanceForm","floor":0},{"not_picked":["DTMod:CleansingStrike","DTMod:MasterPlan"],"picked":"DTMod:DragonDance","floor":1},{"not_picked":["DTMod:BizarreTactic","DTMod:WarmUp"],"picked":"DTMod:BalancedStrike","floor":3},{"not_picked":["DTMod:InvisibleFlame","DTMod:MagicField"],"picked":"DTMod:Punisher","floor":6},{"not_picked":["DTMod:Dissolve","DTMod:TauntingStrike"],"picked":"DTMod:Shift","floor":8},{"not_picked":["DTMod:Punisher","DTMod:MagiciansMark"],"picked":"DTMod:BizarreTactic","floor":10},{"not_picked":["DTMod:Threaten","DTMod:SealedStrike","DTMod:BurningEnergy"],"picked":"SKIP","floor":11},{"not_picked":["DTMod:SealedStrike","DTMod:FierySynthesis"],"picked":"DTMod:StunTrap","floor":16},{"not_picked":["DTMod:Threaten","DTMod:BuildUp+1"],"picked":"DTMod:LastStand","floor":18},{"not_picked":["DTMod:LastStand","DTMod:HeatWave"],"picked":"DTMod:BlazingStrike","floor":18},{"not_picked":["DTMod:Punisher","DTMod:Coolant"],"picked":"DTMod:MasterPlan","floor":19},{"not_picked":["DTMod:LightShield","DTMod:MagicField"],"picked":"DTMod:ComboAttack+1","floor":19},{"not_picked":["DTMod:Cover","DTMod:WarmUp"],"picked":"DTMod:BreakAttack+1","floor":21},{"not_picked":["DTMod:BlazingStrike","DTMod:Harmonize"],"picked":"DTMod:MaximumCharge+1","floor":21},{"not_picked":["DTMod:Threaten","DTMod:Shift+1"],"picked":"DTMod:Cover","floor":24},{"not_picked":["DTMod:HeatWave","DTMod:BlazingStrike","DTMod:BreakAttack"],"picked":"SKIP","floor":24},{"not_picked":["DTMod:MaximumCharge","DTMod:Coolant"],"picked":"DTMod:CleansingStrike","floor":29},{"not_picked":["DTMod:BlueScale","DTMod:DeepFocus","DTMod:BuildUp"],"picked":"SKIP","floor":31},{"not_picked":["DTMod:CleansingStrike","DTMod:Coolant+1","DTMod:BizarreTactic"],"picked":"SKIP","floor":31},{"not_picked":["DTMod:ExcessFootwork","DTMod:StunTrap"],"picked":"DTMod:EchoTactic","floor":33},{"not_picked":["DTMod:MagicField+1","DTMod:RecklessFlurry","DTMod:GhostSkin+1"],"picked":"SKIP","floor":35},{"not_picked":["DTMod:Feint+1","DTMod:CalculatedDefense","DTMod:BlueScale+1"],"picked":"SKIP","floor":35},{"not_picked":["DTMod:BlazingStrike+1","DTMod:BreakAttack+1"],"picked":"DTMod:BizarreTactic+1","floor":39},{"not_picked":["DTMod:Cover","DTMod:TauntingStrike+1","DTMod:FlameSlash"],"picked":"SKIP","floor":39},{"not_picked":["DTMod:BurningEnergy+1","DTMod:Conduct","DTMod:StarRain"],"picked":"SKIP","floor":41},{"not_picked":["DTMod:Dissolve","DTMod:QuickFly","DTMod:ForkedFire+1"],"picked":"SKIP","floor":41},{"not_picked":["DTMod:Observe+1","DTMod:DarkBreath+1"],"picked":"DTMod:MasterPlan+1","floor":45},{"not_picked":["DTMod:DeepFocus","DTMod:BizarreTactic+1"],"picked":"DTMod:ShadowImage","floor":45},{"not_picked":["DTMod:BurningEnergy+1","DTMod:BalancedStrike+1"],"picked":"DTMod:DragonDance+1","floor":46},{"not_picked":["DTMod:Shift","DTMod:Hide","DTMod:Coolant"],"picked":"SKIP","floor":46},{"not_picked":["DTMod:BurningForce+1","DTMod:TauntingStrike","DTMod:Haste+1"],"picked":"SKIP","floor":47},{"not_picked":["DTMod:Punisher+1","DTMod:ForkedFire+1","DTMod:MagicField+1"],"picked":"SKIP","floor":47}],"player_experience":593040,"relics_obtained":[{"floor":6,"key":"The Courier"},{"floor":8,"key":"DemoMod:ChaffGrenade"},{"floor":9,"key":"ReplayTheSpireMod:TigerMarble"},{"floor":10,"key":"Nunchaku"},{"floor":26,"key":"Oddly Smooth Stone"},{"floor":29,"key":"Smiling Mask"},{"floor":43,"key":"DemoMod:Junk"}],"event_choices":[{"damage_healed":0,"gold_gain":75,"player_choice":"Gather Gold","damage_taken":11,"max_hp_gain":0,"max_hp_loss":0,"event_name":"World of Goop","floor":2,"gold_loss":0},{"damage_healed":0,"gold_gain":0,"player_choice":"Take Damage","damage_taken":11,"relics_obtained":["Golden Idol"],"max_hp_gain":0,"max_hp_loss":0,"event_name":"Golden Idol","floor":4,"gold_loss":0},{"damage_healed":0,"gold_gain":0,"player_choice":"Success","damage_taken":7,"relics_obtained":["Replay:Mystery Machine"],"max_hp_gain":0,"max_hp_loss":0,"event_name":"Scrap Ooze","floor":5,"gold_loss":0},{"damage_healed":0,"gold_gain":0,"player_choice":"Box","damage_taken":0,"relics_obtained":["Replay:Bottled Snecko"],"max_hp_gain":0,"max_hp_loss":0,"event_name":"Big Fish","floor":12,"gold_loss":0,"cards_obtained":["Regret"]},{"damage_healed":0,"gold_gain":0,"cards_transformed":["theSenshi:SailorKick"],"player_choice":"Change","damage_taken":0,"max_hp_gain":0,"max_hp_loss":0,"event_name":"Living Wall","floor":13,"gold_loss":0,"cards_obtained":["DTMod:Inferno"]},{"cards_removed":["DTMod:Cover"],"damage_healed":0,"gold_gain":0,"player_choice":"Removed Skill","damage_taken":0,"max_hp_gain":0,"max_hp_loss":0,"event_name":"Falling","floor":37,"gold_loss":0},{"damage_healed":0,"gold_gain":0,"player_choice":"Max HP","damage_taken":0,"max_hp_gain":0,"max_hp_loss":4,"event_name":"Winding Halls","floor":38,"gold_loss":0}],"is_beta":false,"boss_relics":[{"not_picked":["Calling Bell","ChewingGum"],"picked":"SlaversCollar"},{"not_picked":["Pandora\u0027s Box","SacredBark"],"picked":"DemoMod:RiddleOfLead"}],"items_purged_floors":[14,20,36],"is_endless":false,"potions_floor_spawned":[3,8,10,19,24,29,39,41],"ascension_level":1}}