{"host":"gg","time":1609665448,"event":{"mods":["BaseMod","Colored Map","Googly Eyes","Minty Spire (QoL Compilation)","Permanent Neow","Relic Stats","The IronCluck"],"gold_per_floor":[116,116,134,148,148,192,192,192,192],"floor_reached":8,"playtime":321,"items_purged":[],"score":112,"play_id":"44b77324-83fe-46fd-952a-2dd3328027ce","local_time":"20210103011728","is_ascension_mode":true,"campfire_choices":[{"data":"1","floor":7.0,"key":"LIFT"}],"circlet_count":0,"master_deck":["AscendersBane","Strike_R","Strike_R","Strike_R","Strike_R","Strike_R","Defend_R","Defend_R","Defend_R","Defend_R","Bash+1","Shrug It Off","Clothesline","Disarm","Headbutt"],"relics":["Burning Blood","Girya","Golden Idol","Lantern"],"acts_visited":["Exordium"],"potions_floor_usage":[8],"damage_taken":[{"damage":7.0,"enemies":"Small Slimes","floor":1.0,"turns":5.0},{"damage":6.0,"enemies":"Jaw Worm","floor":3.0,"turns":5.0},{"damage":0.0,"enemies":"Cultist","floor":4.0,"turns":3.0},{"damage":50.0,"enemies":"Lagavulin","floor":6.0,"turns":11.0},{"damage":19,"enemies":"Gremlin Nob","floor":8,"turns":3}],"seed_played":"8899952423558943435","potions_obtained":[{"floor":6.0,"key":"Energy Potion"}],"is_trial":false,"path_per_floor":["M","?","M","M","?","E","R","E"],"character_chosen":"IRONCLAD","items_purchased":[],"campfire_rested":0,"item_purchase_floors":[],"current_hp_per_floor":[67,67,67,68,62,18,18,0,0],"gold":192,"neow_bonus":"ONE_RARE_RELIC","is_daily":false,"chose_seed":false,"campfire_upgraded":0,"win_rate":0.0,"timestamp":1609665448,"path_taken":["M","?","M","M","?","E","R","E"],"items_purchased_type":[],"build_version":"2020-12-18","purchased_purges":0,"victory":false,"max_hp_per_floor":[68,68,68,68,62,62,62,62,62],"relic_stats":{"counters":[5,27],"Golden Idol":9,"obtain_stats":[{"Girya":0,"Lantern":6,"Golden Idol":5,"Burning Blood":0},{"Girya":0,"Lantern":4,"Golden Idol":3,"Burning Blood":0},{"Girya":0,"Lantern":24,"Golden Idol":13,"Burning Blood":0}],"Burning Blood":19},"card_choices":[{"not_picked":["Pommel Strike","Ghostly Armor"],"picked":"Shrug It Off","floor":1.0},{"not_picked":["Flex","Iron Wave"],"picked":"Clothesline","floor":3.0},{"not_picked":["Flex","True Grit"],"picked":"Disarm","floor":4.0},{"not_picked":["Flex","Brutality"],"picked":"Headbutt","floor":6.0}],"player_experience":1017278,"relics_obtained":[{"floor":6.0,"key":"Lantern"}],"event_choices":[{"damage_healed":0.0,"max_hp_gain":0.0,"max_hp_loss":0.0,"gold_gain":0.0,"event_name":"Living Wall","player_choice":"Grow","floor":2.0,"gold_loss":0.0,"damage_taken":0.0,"cards_upgraded":["Bash"]},{"damage_healed":0.0,"max_hp_gain":0.0,"max_hp_loss":6.0,"gold_gain":0.0,"event_name":"Golden Idol","player_choice":"Lose Max HP","floor":5.0,"gold_loss":0.0,"damage_taken":0.0,"relics_obtained":["Golden Idol"]}],"is_beta":true,"boss_relics":[],"items_purged_floors":[],"is_endless":false,"potions_floor_spawned":[6],"killed_by":"Gremlin Nob","ascension_level":20}}