{"host":"6gnjg44wf0nz538o","time":1609650204,"event":{"mods":["AchievementEnabler","BaseMod","BetterRewards","Colored Map","Minty Spire (QoL Compilation)","Replay The Spire","Spicy Shops","StSLib","The Servant 0.9.4"],"gold_per_floor":[111,51,51,69,83,113,178,178,178,212,60,70,70,89,89,162,162,180,211,211,231,231,265,265,294,319,319,319,389,415,434,434,434,434],"floor_reached":33,"playtime":1277,"items_purged":[],"score":538,"play_id":"957d901a-f841-4032-adf0-04cb00348a8d","local_time":"20210103000324","is_ascension_mode":true,"campfire_choices":[{"floor":13.0,"key":"REST"},{"floor":15.0,"key":"REST"},{"floor":24.0,"key":"REST"},{"floor":32.0,"key":"REST"}],"circlet_count":0,"master_deck":["AscendersBane","Strike_R","Strike_R","Strike_R","Strike_R","Strike_R","Defend_R","Defend_R","Defend_R","Defend_R","Bash","Perfected Strike","Perfected Strike","Inflame+1","Thunderclap","Pommel Strike","Double Tap","Pommel Strike","Normality","Pot Of Greed","Pot Of Greed","Flex+1","ReplayTheSpireMod:Strike From Hell"],"relics":["Burning Blood","Ornamental Fan","WingedGreaves","HornCleat","ReplayTheSpireMod:Ninjato","ReplayTheSpireMod:TigerMarble","Chemical X","Black Star","Red Mask","ReplayTheSpireMod:Ring of Exchange","ReplayTheSpireMod:Ring of Challenge","Bronze Scales","Another Sword","Replay:Ringing Soul","Quantum Egg","King of Hearts","Enchiridion","Grinning Jar","Frozen Egg 2"],"acts_visited":["Exordium","TheCity"],"potions_floor_usage":[33,33],"damage_taken":[{"damage":14.0,"enemies":"2 Louse","floor":1.0,"turns":3.0},{"damage":6.0,"enemies":"Cultist","floor":4.0,"turns":3.0},{"damage":7.0,"enemies":"Small Slimes","floor":5.0,"turns":3.0},{"damage":60.0,"enemies":"3 Sentries","floor":6.0,"turns":11.0},{"damage":16.0,"enemies":"Gremlin Nob","floor":7.0,"turns":4.0},{"damage":15.0,"enemies":"Gremlin Nob","floor":10.0,"turns":4.0},{"damage":0.0,"enemies":"Looter","floor":12.0,"turns":3.0},{"damage":16.0,"enemies":"Exordium Thugs","floor":14.0,"turns":4.0},{"damage":52.0,"enemies":"Fading Forest","floor":16.0,"turns":11.0},{"damage":16.0,"enemies":"Shell Parasite","floor":18.0,"turns":2.0},{"damage":13.0,"enemies":"Masked Bandits","floor":19.0,"turns":3.0},{"damage":8.0,"enemies":"2 Thieves","floor":21.0,"turns":3.0},{"damage":30.0,"enemies":"Slavers","floor":23.0,"turns":5.0},{"damage":10.0,"enemies":"Replay:Snechameleon","floor":25.0,"turns":4.0},{"damage":19.0,"enemies":"Slavers","floor":30.0,"turns":4.0},{"damage":0.0,"enemies":"Snecko","floor":31.0,"turns":3.0},{"damage":84,"enemies":"Automaton","floor":33,"turns":6}],"seed_played":"-290554432807341297","potions_obtained":[{"floor":1.0,"key":"BloodPotion"},{"floor":6.0,"key":"FearPotion"},{"floor":12.0,"key":"LiquidBronze"},{"floor":16.0,"key":"GamblersBrew"},{"floor":18.0,"key":"SkillPotion"},{"floor":23.0,"key":"GamblersBrew"},{"floor":25.0,"key":"PowerPotion"},{"floor":30.0,"key":"Doom Potion"}],"is_trial":false,"path_per_floor":["M","?","$","M","M","E","?","?","T","E","$","M","R","M","R","B",null,"M","?","?","M","?","E","R","E","T","?","?","T","E","M","R","B"],"character_chosen":"IRONCLAD","items_purchased":["Chemical X"],"campfire_rested":4,"item_purchase_floors":[11],"current_hp_per_floor":[72,72,72,72,71,17,24,24,24,15,15,21,47,37,63,37,75,65,58,41,39,39,45,72,68,68,68,52,52,42,51,80,0,0],"gold":434,"neow_bonus":"TEN_PERCENT_HP_BONUS","is_daily":false,"chose_seed":false,"campfire_upgraded":0,"win_rate":0.0,"timestamp":1609650204,"path_taken":["M","?","?","M","M","E","?","?","T","E","$","?","R","M","R","BOSS","M","?","?","M","?","E","R","E","T","?","?","?","E","M","R","BOSS"],"items_purchased_type":["Relic"],"build_version":"2020-12-22","purchased_purges":0,"victory":false,"max_hp_per_floor":[88,88,88,88,88,88,88,88,88,88,88,88,88,88,88,88,88,88,88,93,93,93,93,93,93,93,93,93,93,96,99,99,99,99],"card_choices":[{"not_picked":["ReplayTheSpireMod:Strike From Hell","Shrug It Off"],"picked":"Perfected Strike","floor":1.0},{"not_picked":["Heavy Blade","Combust","Run Through"],"picked":"SKIP","floor":4.0},{"not_picked":["Sword Boomerang","Heavy Blade","Warcry"],"picked":"SKIP","floor":5.0},{"not_picked":["Headbutt","Havoc"],"picked":"Perfected Strike","floor":6.0},{"not_picked":["Shockwave","Heavy Blade"],"picked":"Inflame","floor":7.0},{"not_picked":["Sentinel","Blood for Blood","Replay:Undeath\u0027s Touch"],"picked":"SKIP","floor":10.0},{"not_picked":["Cleave","Sentinel"],"picked":"Thunderclap","floor":12.0},{"not_picked":["Reckless Charge","Perfected Strike"],"picked":"Pommel Strike","floor":14.0},{"not_picked":["Juggernaut","Brutality"],"picked":"Double Tap","floor":16.0},{"not_picked":["Clash","Warcry","ReplayReversal"],"picked":"SKIP","floor":18.0},{"not_picked":["Entrench","Hemokinesis+1"],"picked":"Pommel Strike","floor":21.0},{"not_picked":["Heavy Blade","Iron Wave","Replay:Undeath\u0027s Touch+1"],"picked":"SKIP","floor":23.0},{"not_picked":["Body Slam+1","Dual Wield","Massacre"],"picked":"SKIP","floor":25.0},{"not_picked":["Seeing Red","Replay:Undeath\u0027s Touch+1"],"picked":"Flex+1","floor":30.0},{"not_picked":["ReplayTheSpireMod:Muscle Training","Impervious"],"picked":"ReplayTheSpireMod:Strike From Hell","floor":31.0}],"player_experience":510549,"relics_obtained":[{"floor":6.0,"key":"WingedGreaves"},{"floor":7.0,"key":"HornCleat"},{"floor":9.0,"key":"ReplayTheSpireMod:Ninjato"},{"floor":10.0,"key":"ReplayTheSpireMod:TigerMarble"},{"floor":19.0,"key":"Red Mask"},{"floor":22.0,"key":"ReplayTheSpireMod:Ring of Exchange"},{"floor":22.0,"key":"ReplayTheSpireMod:Ring of Challenge"},{"floor":23.0,"key":"Bronze Scales"},{"floor":23.0,"key":"Another Sword"},{"floor":25.0,"key":"Replay:Ringing Soul"},{"floor":25.0,"key":"Quantum Egg"},{"floor":26.0,"key":"King of Hearts"},{"floor":28.0,"key":"Enchiridion"},{"floor":30.0,"key":"Grinning Jar"},{"floor":30.0,"key":"Frozen Egg 2"}],"event_choices":[{"damage_healed":0.0,"max_hp_gain":0.0,"max_hp_loss":0.0,"gold_gain":0.0,"event_name":"WeMeetAgain","player_choice":"Paid Gold","floor":2.0,"gold_loss":60.0,"damage_taken":0.0,"relics_obtained":["Ornamental Fan"]},{"damage_healed":0.0,"max_hp_gain":0.0,"max_hp_loss":0.0,"gold_gain":0.0,"event_name":"Dead Adventurer","player_choice":"Searched \u00271\u0027 times","floor":7.0,"gold_loss":0.0,"damage_taken":0.0},{"damage_healed":0.0,"max_hp_gain":0.0,"max_hp_loss":0.0,"gold_gain":0.0,"event_name":"Accursed Blacksmith","player_choice":"Forge","floor":8.0,"gold_loss":0.0,"damage_taken":0.0,"cards_upgraded":["Inflame"]},{"damage_healed":0.0,"max_hp_gain":0.0,"max_hp_loss":0.0,"gold_gain":0.0,"event_name":"Masked Bandits","player_choice":"Fought Bandits","floor":19.0,"gold_loss":0.0,"damage_taken":0.0},{"damage_healed":0.0,"max_hp_gain":5.0,"max_hp_loss":0.0,"gold_gain":0.0,"event_name":"Forgotten Altar","player_choice":"Shed Blood","floor":20.0,"gold_loss":0.0,"damage_taken":22.0},{"damage_healed":0.0,"max_hp_gain":0.0,"max_hp_loss":0.0,"gold_gain":0.0,"event_name":"Ghosts","player_choice":"Ignored","floor":27.0,"gold_loss":0.0,"damage_taken":0.0},{"damage_healed":0.0,"max_hp_gain":0.0,"max_hp_loss":0.0,"gold_gain":0.0,"event_name":"Cursed Tome","player_choice":"Obtained Book","floor":28.0,"gold_loss":0.0,"damage_taken":16.0}],"is_beta":false,"boss_relics":[{"not_picked":["Ooze Armor","Busted Crown"],"picked":"Black Star"}],"items_purged_floors":[],"is_endless":false,"potions_floor_spawned":[1,6,12,16,18,23,25,30],"killed_by":"Automaton","ascension_level":13}}