{"host":"iml8x8es9od4zowg","time":1609680978,"event":{"mods":["2.2 Compatiblity","BaseMod","Marisa£¨Ùöéë¡¡Øª×âÞÞ£©","Minty Spire (QoL Compilation)","StSLib","Td1madao Mod","The Jungle","¡¼?Úª?ø«¡½REMEMod"],"gold_per_floor":[20,295,313,329,342,342,371,371,371,385,18,31,31,31,31,132,132,144,243,90,90,90,116,127,155,155,171,171,184,184,209,209,314,314,329,375,31,50,50,50,50,65,65,79,92,92,107,157,157,157,157,157,30,55,55],"floor_reached":56,"playtime":4432,"items_purged":["Regret","Strike_MRS"],"score":1212,"play_id":"70b07a02-b39f-4603-bd53-afe1f889b56b","local_time":"20210103223618","is_ascension_mode":false,"campfire_choices":[{"data":"Apotheosis","floor":6,"key":"SMITH"},{"data":"FairyDestructionRay","floor":8,"key":"SMITH"},{"floor":13,"key":"REST"},{"floor":15,"key":"RECALL"},{"data":"EnergyRecoil","floor":28,"key":"SMITH"},{"floor":30,"key":"REST"},{"data":"MilkyWay","floor":32,"key":"SMITH"},{"floor":40,"key":"REST"},{"floor":46,"key":"REST"},{"floor":49,"key":"REST"},{"data":"CasketOfStar","floor":52,"key":"SMITH"}],"circlet_count":0,"master_deck":["Strike_MRS","Strike_MRS","Defend_MRS","Defend_MRS","Defend_MRS","MasterSpark","UpSweep","Apotheosis+1","DoubleSpark","MachineGunSpark","FairyDestructionRay+1","AlicesGift","6A","Panacea","AsteroidBelt","AlicesGift","MillisecondPulsars+1","LuminesStrike","Acceleration+1","DoubleSpark","AsteroidBelt","EnergyRecoil+1","UltimateShortwave","MilkyWay+1","CasketOfStar+1","GravityBeat+1","EarthLightRay+1","EnergyFlow+1","Panache","REME_TwoStrings","Madness","Madness","MagicAbsorber","GravityBeat+1","Occultation+1"],"relics":["MiniHakkero","REME_ComplimentaryCards","Vajra","Bottled Flame","Regal Pillow","REME_DemonsWealth","Happy Flower","Letter Opener","Red Mask","Molten Egg 2","REME_HandOfSuture","SacredBark","CatCart","Ornamental Fan","Bird Faced Urn","Gambling Chip","Bronze Scales"],"acts_visited":["Exordium","TheCity","TheBeyond","TheEnding"],"potions_floor_usage":[7,7,16,23,25,31,36,45,45,50,54,55,55],"damage_taken":[{"damage":1,"enemies":"Jaw Worm","floor":1,"turns":3},{"damage":9,"enemies":"Cultist","floor":3,"turns":3},{"damage":3,"enemies":"2 Louse","floor":4,"turns":3},{"damage":16,"enemies":"2 Fungi Beasts","floor":5,"turns":3},{"damage":3,"enemies":"Lagavulin","floor":7,"turns":5},{"damage":7,"enemies":"Blue Slaver","floor":10,"turns":2},{"damage":13,"enemies":"Red Slaver","floor":12,"turns":2},{"damage":22,"enemies":"Hexaghost","floor":16,"turns":6},{"damage":6,"enemies":"Shell Parasite","floor":18,"turns":4},{"damage":12,"enemies":"Slavers","floor":23,"turns":3},{"damage":16,"enemies":"2 Thieves","floor":24,"turns":3},{"damage":0,"enemies":"Masked Bandits","floor":25,"turns":2},{"damage":0,"enemies":"Snake Plant","floor":27,"turns":4},{"damage":1,"enemies":"Centurion and Healer","floor":29,"turns":3},{"damage":11,"enemies":"Book of Stabbing","floor":31,"turns":4},{"damage":40,"enemies":"Collector","floor":33,"turns":8},{"damage":0,"enemies":"3 Shapes","floor":35,"turns":2},{"damage":65,"enemies":"Orin","floor":36,"turns":16},{"damage":1,"enemies":"Orb Walker","floor":38,"turns":2},{"damage":12,"enemies":"4 Shapes","floor":42,"turns":1},{"damage":0,"enemies":"3 Darklings","floor":44,"turns":1},{"damage":16,"enemies":"Writhing Mass","floor":45,"turns":3},{"damage":18,"enemies":"Maw","floor":47,"turns":5},{"damage":16,"enemies":"Mind Bloom Boss Battle","floor":48,"turns":5},{"damage":71,"enemies":"Time Eater","floor":50,"turns":7},{"damage":7,"enemies":"Shield and Spear","floor":54,"turns":5},{"damage":134,"enemies":"The Heart","floor":55,"turns":8}],"seed_played":"-1561044338326064952","potions_obtained":[{"floor":4,"key":"Explosive Potion"},{"floor":5,"key":"DistilledChaos"},{"floor":10,"key":"Strength Potion"},{"floor":18,"key":"BottledSpark"},{"floor":24,"key":"Fire Potion"},{"floor":29,"key":"SkillPotion"},{"floor":31,"key":"CultistPotion"},{"floor":33,"key":"Block Potion"},{"floor":36,"key":"Strength Potion"},{"floor":38,"key":"DuplicationPotion"},{"floor":45,"key":"Energy Potion"}],"is_trial":false,"path_per_floor":["M","?","M","M","M","R","E","R","T","M","$","M","R","T","R","B",null,"M","?","$","?","?","E","M","?","T","M","R","M","R","E","R","B",null,"M","?","$","M","?","R","?","M","T","M","M","R","M","?","R","B",null,"R","$","E","B",null],"character_chosen":"MARISA","items_purchased":["Regal Pillow","Panacea","AsteroidBelt","Happy Flower","Ornamental Fan","Regen Potion","ColorlessPotion"],"campfire_rested":5,"item_purchase_floors":[11,11,11,20,37,53,53],"current_hp_per_floor":[74,74,65,62,46,46,43,43,43,36,36,23,60,60,60,38,75,69,69,69,69,69,57,41,41,41,41,41,40,75,64,64,24,75,75,10,10,15,5,42,33,21,21,23,11,48,44,48,75,8,75,75,75,72,44],"gold":55,"neow_bonus":"REMOVE_TWO","is_daily":false,"chose_seed":false,"campfire_upgraded":5,"win_rate":0.0,"timestamp":1609680978,"path_taken":["M","?","M","M","M","R","E","R","T","M","?","M","R","?","R","BOSS","M","?","$","?","?","E","?","?","T","M","R","M","R","E","R","BOSS","M","?","$","M","?","R","?","M","T","M","M","R","M","?","R","BOSS","R","$","E","BOSS"],"items_purchased_type":["Relic","Card","Card","Relic","Relic","Potion","Potion"],"build_version":"2020-12-22","purchased_purges":2,"victory":true,"max_hp_per_floor":[75,75,75,75,75,75,75,75,75,75,75,75,75,75,75,75,75,75,75,75,75,75,75,75,75,75,75,75,75,75,75,75,75,75,75,75,75,75,75,75,75,75,75,75,75,75,75,75,75,75,75,75,75,75,75],"card_choices":[{"not_picked":["6A","IllusionStar"],"picked":"DoubleSpark","floor":1},{"not_picked":["WitchLeyline","DC","IllusionStar"],"picked":"SKIP","floor":3},{"not_picked":["OpenUniverse","DarkMatter"],"picked":"MachineGunSpark","floor":4},{"not_picked":["GravityBeat","OrrerysSun"],"picked":"FairyDestructionRay","floor":5},{"not_picked":["AsteroidBelt","LuminesStrike"],"picked":"AlicesGift","floor":7},{"not_picked":["NonDirectionalLaser","JA"],"picked":"6A","floor":10},{"not_picked":["6A","WitchLeyline"],"picked":"AlicesGift","floor":12},{"not_picked":["TreasureHunter","CollectingQuirk"],"picked":"MillisecondPulsars","floor":16},{"not_picked":["AsteroidBelt","DoubleSpark+1","Injury"],"picked":"LuminesStrike","floor":18},{"not_picked":["WitchOfGreed","WitchLeyline","Writhe"],"picked":"Acceleration+1","floor":23},{"not_picked":["CollectingQuirk","WitchLeyline","Injury"],"picked":"DoubleSpark","floor":24},{"not_picked":["GalacticHalo","NonDirectionalLaser","Clumsy"],"picked":"AsteroidBelt","floor":25},{"not_picked":["ShootingEcho+1","AlicesGift+1","Shame"],"picked":"EnergyRecoil","floor":27},{"not_picked":["SporeBomb","BlazeAway","Decay"],"picked":"UltimateShortwave","floor":29},{"not_picked":["JA+1","ShootTheMoon+1","Normality"],"picked":"MilkyWay","floor":31},{"not_picked":["TreasureHunter+1","MillisecondPulsars","Injury"],"picked":"CasketOfStar","floor":33},{"not_picked":["Acceleration","SporeBomb","Injury"],"picked":"GravityBeat+1","floor":35},{"not_picked":["GravityBeat+1","ChargingUp","Pain"],"picked":"EarthLightRay+1","floor":36},{"not_picked":["GrandCross+1","RefractionSpark+1","Doubt"],"picked":"EnergyFlow+1","floor":38},{"not_picked":["Dark Shackles","REME_MagicPocketWatch"],"picked":"Panache","floor":39},{"not_picked":["Blind","REME_MagicPocketWatch"],"picked":"REME_TwoStrings","floor":39},{"not_picked":["ManaConvection","IllusionStar+1","Regret"],"picked":"MagicAbsorber","floor":42},{"not_picked":["MysteriousBeam+1","AsteroidBelt+1","Normality"],"picked":"GravityBeat+1","floor":44},{"not_picked":["WitchLeyline+1","MachineGunSpark+1","Writhe"],"picked":"Occultation+1","floor":45},{"not_picked":["GalacticHalo+1","IllusionStar","SuperPerseids+1","Injury"],"picked":"SKIP","floor":47},{"not_picked":["ChargeUpSpray+1","PulseMagic+1","DarkSpark+1","Shame"],"picked":"SKIP","floor":54}],"player_experience":505237,"relics_obtained":[{"floor":7,"key":"Vajra"},{"floor":9,"key":"Bottled Flame"},{"floor":23,"key":"Letter Opener"},{"floor":25,"key":"Red Mask"},{"floor":26,"key":"Molten Egg 2"},{"floor":31,"key":"REME_HandOfSuture"},{"floor":36,"key":"CatCart"},{"floor":43,"key":"Bird Faced Urn"},{"floor":48,"key":"Gambling Chip"},{"floor":54,"key":"Bronze Scales"}],"event_choices":[{"damage_healed":0,"gold_gain":275,"player_choice":"Desecrate","damage_taken":0,"max_hp_gain":0,"max_hp_loss":0,"event_name":"Golden Shrine","floor":2,"gold_loss":0,"cards_obtained":["Regret"]},{"damage_healed":0,"gold_gain":99,"player_choice":"Stole From Cult","damage_taken":0,"max_hp_gain":0,"max_hp_loss":0,"event_name":"Nest","floor":19,"gold_loss":0},{"damage_healed":0,"gold_gain":0,"player_choice":"Ignored","damage_taken":0,"max_hp_gain":0,"max_hp_loss":0,"event_name":"Ghosts","floor":21,"gold_loss":0},{"damage_healed":0,"gold_gain":0,"player_choice":"Upgraded","damage_taken":0,"max_hp_gain":0,"max_hp_loss":0,"event_name":"Upgrade Shrine","floor":22,"gold_loss":0,"cards_upgraded":["MillisecondPulsars"]},{"damage_healed":0,"gold_gain":0,"player_choice":"Fought Bandits","damage_taken":0,"max_hp_gain":0,"max_hp_loss":0,"event_name":"Masked Bandits","floor":25,"gold_loss":0},{"damage_healed":0,"gold_gain":0,"player_choice":"Fight","damage_taken":0,"max_hp_gain":0,"max_hp_loss":0,"event_name":"OrinTheCat","floor":36,"gold_loss":0},{"damage_healed":0,"gold_gain":0,"player_choice":"Memory 3","damage_taken":10,"max_hp_gain":0,"max_hp_loss":0,"event_name":"SensoryStone","floor":39,"gold_loss":0},{"damage_healed":0,"gold_gain":0,"player_choice":"Embrace Madness","damage_taken":9,"max_hp_gain":0,"max_hp_loss":0,"event_name":"Winding Halls","floor":41,"gold_loss":0,"cards_obtained":["Madness","Madness"]},{"damage_healed":0,"gold_gain":0,"player_choice":"Fight","damage_taken":0,"max_hp_gain":0,"max_hp_loss":0,"event_name":"MindBloom","floor":48,"gold_loss":0}],"is_beta":false,"boss_relics":[{"not_picked":["Snecko Eye","RampagingMagicTools"],"picked":"REME_DemonsWealth"},{"not_picked":["Velvet Choker","Cursed Key"],"picked":"SacredBark"}],"items_purged_floors":[11,37],"is_endless":false,"potions_floor_spawned":[4,5,10,18,24,29,31,33,36,38,42,45],"ascension_level":0}}