{"host":"kev6uqotw4tlyx8l","time":1609717500,"event":{"mods":["Act Like it!","Aspiration","BaseMod","Colored Powertips","Dota2Spire","Downfall","Hallownest","Infinite Spire","Marisa????????","Minty Spire (QoL Compilation)","Quick Restart","Remilia??????","Replay The Spire","StSLib","The Cursed","The Jungle","The Marked","The Mystic","The Servant 0.9.4"],"gold_per_floor":[366,366,40,56,66,66,66,66,66,83,100,100,133,143,143,244,244,259,259,259,276,286,286,55,55,55,74,74,84,16,16,16,118,118,131,148,158,158,176,176,176,176],"floor_reached":41,"playtime":1506,"items_purged":[],"score":415,"play_id":"51f3c2e6-bbb2-4491-9c6e-56f35462031e","local_time":"20210104064500","is_ascension_mode":true,"campfire_choices":[{"data":"Mind Blast","floor":6,"key":"SMITH"},{"floor":12,"key":"REST"},{"data":"mysticmod:ComboCaster","floor":15,"key":"SMITH"},{"data":"mysticmod:Flourish","floor":23,"key":"SMITH"},{"data":"mysticmod:Flourish","floor":25,"key":"SMITH"},{"floor":28,"key":"REST"},{"floor":40,"key":"REST"}],"circlet_count":0,"master_deck":["mysticmod:Strike_Mystic","mysticmod:Strike_Mystic","mysticmod:Strike_Mystic","mysticmod:Strike_Mystic","mysticmod:Defend_Mystic","mysticmod:Defend_Mystic","mysticmod:Defend_Mystic","mysticmod:Defend_Mystic","mysticmod:ArcaneDodge","mysticmod:ShockingGrasp","mysticmod:LightningBolt","Mind Blast+1","mysticmod:Riposte","mysticmod:Flurry","mysticmod:EnchantedMoulinet","mysticmod:DiviningBlow","mysticmod:ComboCaster+1","mysticmod:Feint+1","mysticmod:SpellRecall+1","CurseOfTheBell","mysticmod:Flourish+1","mysticmod:PowerSlash+1","mysticmod:EnergizedRift+1","mysticmod:Flourish+1","mysticmod:DiviningBlow","mysticmod:Fireball","mysticmod:Dedication","mysticmod:Discipline","mysticmod:LightningBolt","mysticmod:Probe","mysticmod:MightyMagic+1","infinitespire:Starlight+1","mysticmod:Disintegrate"],"relics":["mysticmod:SpellBook","Dota2Spire:LinkenSphere","Potion Belt","Toxic Egg 2","aspiration:TomeofQuesting","Calling Bell","ReplayTheSpireMod:TigerMarble","Gremlin Horn","Dota2Spire:ShivaGuard","CultistMask","MealTicket","Pocketwatch","Juzu Bracelet","Dota2Spire:RefresherOrb","Sling"],"acts_visited":["Exordium","TheCity","TheBeyond"],"potions_floor_usage":[13,16,16,22,33,41,41],"damage_taken":[{"damage":0,"enemies":"2 Louse","floor":1,"turns":2},{"damage":1,"enemies":"Cultist","floor":4,"turns":3},{"damage":0,"enemies":"Small Slimes","floor":5,"turns":3},{"damage":4,"enemies":"Blue Slaver","floor":10,"turns":3},{"damage":10,"enemies":"2 Fungi Beasts","floor":11,"turns":3},{"damage":4,"enemies":"Gremlin Nob","floor":13,"turns":3},{"damage":0,"enemies":"Gremlin Gang","floor":14,"turns":1},{"damage":66,"enemies":"Hexaghost","floor":16,"turns":12},{"damage":0,"enemies":"Chosen","floor":18,"turns":5},{"damage":0,"enemies":"Spheric Guardian","floor":21,"turns":3},{"damage":22,"enemies":"Snecko","floor":22,"turns":4},{"damage":0,"enemies":"Shelled Parasite and Fungi","floor":27,"turns":1},{"damage":1,"enemies":"Cultist and Chosen","floor":29,"turns":5},{"damage":55,"enemies":"Automaton","floor":33,"turns":8},{"damage":14,"enemies":"3 Shapes","floor":35,"turns":3},{"damage":25,"enemies":"3 Darklings","floor":36,"turns":5},{"damage":12,"enemies":"Transient","floor":37,"turns":5},{"damage":26,"enemies":"Jaw Worm Horde","floor":39,"turns":5},{"damage":63,"enemies":"Nightmare","floor":41,"turns":5}],"seed_played":"2466848994502517727","potions_obtained":[{"floor":5,"key":"Dota2Spire:HealingSalve"},{"floor":10,"key":"AttackPotion"},{"floor":14,"key":"Regen Potion"},{"floor":16,"key":"BlessingOfTheForge"},{"floor":18,"key":"PowerPotion"},{"floor":36,"key":"SteroidPotion"},{"floor":37,"key":"SteroidPotion"},{"floor":39,"key":"sneckomod:MuddlingPotion"}],"is_trial":false,"path_per_floor":["M","?","$","M","M","R","?","?","T","M","M","R","E","M","R","B",null,"M","?","?","M","M","R","$","R","T","M","R","M","$","T","R","B",null,"M","M","M","AVR","M","R","NM"],"character_chosen":"MYSTIC_CLASS","items_purchased":["Dota2Spire:LinkenSphere","Mind Blast","MealTicket","mysticmod:Flourish","mysticmod:Dedication"],"campfire_rested":3,"item_purchase_floors":[3,3,24,24,30],"current_hp_per_floor":[56,56,56,55,55,55,55,55,55,51,41,64,60,60,60,24,77,77,63,63,63,41,41,41,41,41,41,65,64,79,79,82,27,82,68,43,31,31,20,44,0,0],"gold":176,"neow_bonus":"TWO_FIFTY_GOLD","is_daily":false,"chose_seed":false,"campfire_upgraded":4,"win_rate":0.0,"timestamp":1609717500,"path_taken":["M","?","$","M","?","R","?","?","T","M","M","R","E","M","R","BOSS","M","?","?","?","M","R","$","R","T","M","R","M","?","?","R","BOSS","M","M","M","AVR","M","R","NM"],"items_purchased_type":["Relic","Card","Relic","Card","Card"],"build_version":"2020-12-22","purchased_purges":0,"victory":false,"max_hp_per_floor":[77,77,77,77,77,77,77,77,77,77,77,77,77,77,77,77,77,77,82,82,82,82,82,82,82,82,82,82,82,82,82,82,82,82,82,82,82,82,82,82,82,82],"card_choices":[{"not_picked":["mysticmod:Disengage","mysticmod:Riposte"],"picked":"mysticmod:LightningBolt","floor":1},{"not_picked":["mysticmod:Alacrity","mysticmod:Spellstrike"],"picked":"mysticmod:Riposte","floor":4},{"not_picked":["mysticmod:VorpalThrust","mysticmod:DiviningBlow"],"picked":"mysticmod:Flurry","floor":5},{"not_picked":["mysticmod:Riposte","mysticmod:DiviningBlow"],"picked":"mysticmod:EnchantedMoulinet","floor":10},{"not_picked":["mysticmod:Grapple+1","mysticmod:Sideswipe"],"picked":"mysticmod:DiviningBlow","floor":11},{"not_picked":["mysticmod:Daze+1","mysticmod:ClosingBarrage"],"picked":"mysticmod:ComboCaster","floor":13},{"not_picked":["mysticmod:TomeOfSpells+1","mysticmod:EarthenWall+1"],"picked":"mysticmod:Feint","floor":14},{"not_picked":["mysticmod:Lunge+1","mysticmod:SpontaneousCaster"],"picked":"mysticmod:SpellRecall+1","floor":16},{"not_picked":["mysticmod:EarthenWall+1","mysticmod:PowerSlash"],"picked":"mysticmod:Flourish","floor":18},{"not_picked":["mysticmod:Disengage+1","mysticmod:PureInstinct+1"],"picked":"mysticmod:PowerSlash+1","floor":21},{"not_picked":["mysticmod:GeminiForm","mysticmod:EarthenWall+1"],"picked":"mysticmod:EnergizedRift+1","floor":22},{"not_picked":["mysticmod:BulkUp+1","mysticmod:HunkerDown+1"],"picked":"mysticmod:DiviningBlow","floor":27},{"not_picked":["mysticmod:BladeMaster+1","mysticmod:ComponentsPouch"],"picked":"mysticmod:Fireball","floor":29},{"not_picked":["mysticmod:SpontaneousCaster","mysticmod:GeminiForm"],"picked":"mysticmod:Discipline","floor":33},{"not_picked":["mysticmod:DiviningBlow+1","mysticmod:Fireball+1"],"picked":"mysticmod:LightningBolt","floor":35},{"not_picked":["mysticmod:TomeOfSpells+1","mysticmod:ArcaneAccuracy"],"picked":"mysticmod:Probe","floor":36},{"not_picked":["mysticmod:Shield+1","mysticmod:PowerAttack+1"],"picked":"mysticmod:MightyMagic+1","floor":37},{"not_picked":["mysticmod:PowerSlash","mysticmod:Riposte+1"],"picked":"mysticmod:Disintegrate","floor":39}],"player_experience":87290,"relics_obtained":[{"floor":8,"key":"Potion Belt"},{"floor":9,"key":"Toxic Egg 2"},{"floor":13,"key":"aspiration:TomeofQuesting"},{"floor":17,"key":"ReplayTheSpireMod:TigerMarble"},{"floor":17,"key":"Gremlin Horn"},{"floor":17,"key":"Dota2Spire:ShivaGuard"},{"floor":26,"key":"Pocketwatch"},{"floor":31,"key":"Juzu Bracelet"}],"event_choices":[{"damage_healed":0,"gold_gain":0,"player_choice":"Ignored","damage_taken":0,"max_hp_gain":0,"max_hp_loss":0,"event_name":"Purifier","floor":2,"gold_loss":0},{"damage_healed":0,"gold_gain":0,"player_choice":"Ignored","damage_taken":0,"max_hp_gain":0,"max_hp_loss":0,"event_name":"Golden Wing","floor":7,"gold_loss":0},{"damage_healed":0,"gold_gain":0,"player_choice":"Shed Blood","damage_taken":19,"max_hp_gain":5,"max_hp_loss":0,"event_name":"Forgotten Altar","floor":19,"gold_loss":0},{"damage_healed":0,"gold_gain":0,"player_choice":"Trade","damage_taken":0,"relics_obtained":["CultistMask"],"max_hp_gain":0,"max_hp_loss":0,"event_name":"FaceTrader","floor":20,"gold_loss":0}],"is_beta":false,"boss_relics":[{"not_picked":["Ring of Chaos","Busted Crown"],"picked":"Calling Bell"},{"not_picked":["SacredBark","Replay:Ancient Bell"],"picked":"Dota2Spire:RefresherOrb"}],"items_purged_floors":[],"is_endless":false,"potions_floor_spawned":[5,10,14,16,18,36,37,39],"killed_by":"Nightmare","ascension_level":1}}