{"host":"3vgzk5mhz751jdrj","time":1609664297,"event":{"mods":["2.2 Compatiblity","AchievementEnabler","Act Like it!","Aspiration","BaseMod","Better Match","Better Note","Better Sensory Stone","Better Skull","Better Third Choice","Block Reminder","Colored Map","Conspire","Displayed Cursed Tome","Downfall","Downfall-Rebalance","Friendly Minions","GifTheSpireLib","Halation","Hubris","Marked Mod","Mimic Mod","Minty Spire (QoL Compilation)","Quick Restart","Rare Cards Sparkle","Replay The Spire","Reworked Bosses","Shop Mod","Spicy Shops","Spikes Relics","StSLib","Stuff the Spire","The Dragon Tamer","The Marked","Trackpad","vexMod"],"gold_per_floor":[115,115,130,46,80,109,109,123,123,137,137,62,74,105,105,209,209,229,229,229,241,256,256,256,276,302,79,79,79,91,124,124,124,124,124],"floor_reached":33,"playtime":2312,"items_purged":["Decay"],"score":300,"play_id":"3a914061-5583-4d02-a404-32c1b1eace1a","local_time":"20210103035817","is_ascension_mode":false,"metric_token":2323,"campfire_choices":[{"data":"DTMod:CrossStep","floor":7,"key":"SMITH"},{"data":"DTMod:HeatWave","floor":11,"key":"SMITH"},{"floor":15,"key":"REST"},{"floor":23,"key":"REST"},{"data":"DTMod:RecklessFlurry","floor":28,"key":"SMITH"},{"floor":32,"key":"REST"}],"dtmod_dragon_data":[0,50,1,-1,8,0],"circlet_count":0,"master_deck":["DTMod:DoubleHit","DTMod:TargetDefense","DTMod:TargetDefense","DTMod:TargetDefense","DTMod:TargetDefense","DTMod:SwitchingTactic+1","DTMod:ForkedFire","DTMod:MagiciansMark","DTMod:Feint","DTMod:RecklessFlurry+1","DTMod:CrossStep+1","DTMod:HeatWave+1","DTMod:Coolant","DTMod:Dissolve","DTMod:Shift","DTMod:Inferno","CurseOfTheBell","DTMod:HeatWave","DTMod:BurningEnergy+1","DTMod:SneakAttack+1","DTMod:DragonDance","Slimebound:Tackle+1","Slimebound:Tackle+1","Slimebound:Tackle+1","DTMod:GhostSkin+1","DTMod:Harmonize"],"relics":["DTMod:PactStone","MealTicket","Lantern","StuffTheSpire:PointBlank","Calling Bell","ReplayTheSpireMod:TigerMarble","vexMod:BerryBomb","aspiration:AnachronicSnailShell","Nloth\u0027s Gift","Bag of Preparation","vexMod:MemoryStick"],"acts_visited":["Exordium","TheCity"],"potions_floor_usage":[14,16,16,21,22,31],"damage_taken":[{"damage":0,"enemies":"2 Louse","floor":1,"turns":3},{"damage":0,"enemies":"Cultist","floor":3,"turns":3},{"damage":3,"enemies":"Jaw Worm","floor":5,"turns":6},{"damage":0,"enemies":"3 Sentries","floor":6,"turns":4},{"damage":0,"enemies":"Jaw Worm","floor":8,"turns":3},{"damage":0,"enemies":"3 Louse","floor":10,"turns":1},{"damage":0,"enemies":"Red Slaver","floor":13,"turns":3},{"damage":4,"enemies":"Gremlin Nob","floor":14,"turns":6},{"damage":24,"enemies":"Hexaghost","floor":16,"turns":16},{"damage":5,"enemies":"Shell Parasite","floor":18,"turns":12},{"damage":0,"enemies":"Spheric Guardian","floor":21,"turns":6},{"damage":5,"enemies":"Shelled Parasite and Fungi","floor":22,"turns":9},{"damage":0,"enemies":"Centurion and Healer","floor":25,"turns":2},{"damage":0,"enemies":"Snake Plant","floor":30,"turns":3},{"damage":44,"enemies":"Gremlin Leader","floor":31,"turns":6},{"damage":24,"enemies":"hubris:MusketHawk","floor":33,"turns":7}],"seed_played":"8397967361075131709","potions_obtained":[{"floor":2,"key":"Regen Potion"},{"floor":2,"key":"Cursed Concoction"},{"floor":2,"key":"Energy Potion"},{"floor":6,"key":"Adrenaline Potion"},{"floor":18,"key":"SpeedPotion"},{"floor":21,"key":"GamblersBrew"},{"floor":30,"key":"champ:CounterPotion"},{"floor":31,"key":"SmokeBomb"}],"is_trial":false,"path_per_floor":["M","?","M","$","MIM","E","R","M","T","M","R","$","M","E","R","B",null,"M","?","?","M","M","R","?","M","T","$","R","?","M","E","R","B"],"character_chosen":"THE_DT","items_purchased":["DTMod:MagiciansMark","DTMod:Feint","DTMod:Dissolve","Bag of Preparation"],"campfire_rested":3,"item_purchase_floors":[4,4,12,27],"current_hp_per_floor":[45,45,45,45,42,42,42,42,42,42,42,45,45,41,45,21,51,46,46,46,46,41,51,51,51,51,51,51,51,51,7,22,0,0,0],"gold":124,"neow_bonus":"UPGRADE_CARD","is_daily":false,"chose_seed":false,"campfire_upgraded":3,"win_rate":0.0,"timestamp":1609664297,"path_taken":["M","?","?","$","?","E","R","M","T","M","R","$","M","E","R","BOSS","M","?","?","M","?","R","?","?","T","$","R","?","M","E","R","BOSS"],"items_purchased_type":["Card","Card","Card","Relic"],"build_version":"2020-12-22","purchased_purges":1,"victory":false,"max_hp_per_floor":[45,45,45,45,45,45,45,45,45,45,45,45,45,45,45,45,51,51,51,51,51,51,51,51,51,51,51,51,51,51,51,51,52,52,52],"card_choices":[{"not_picked":["DTMod:BurningEnergy","DTMod:Haste"],"picked":"DTMod:ForkedFire","floor":1},{"not_picked":["DTMod:MagicField","DTMod:BreakAttack","DTMod:Observe"],"picked":"SKIP","floor":3},{"not_picked":["DTMod:LastStand","DTMod:PurifyingFlame"],"picked":"DTMod:RecklessFlurry","floor":5},{"not_picked":["DTMod:ShieldDrain","DTMod:Cover"],"picked":"DTMod:CrossStep","floor":6},{"not_picked":["DTMod:MasterPlan","DTMod:RunningTactic"],"picked":"DTMod:HeatWave","floor":8},{"not_picked":["DTMod:Weaken","DTMod:CalculatedDefense"],"picked":"DTMod:Coolant","floor":10},{"not_picked":["DTMod:ForkedFire","DTMod:Punisher"],"picked":"DTMod:Shift","floor":13},{"not_picked":["DTMod:Cover","DTMod:MagicField","DTMod:Haste"],"picked":"SKIP","floor":14},{"not_picked":["DTMod:Prediction","DTMod:StunTrap"],"picked":"DTMod:Inferno","floor":16},{"not_picked":["DTMod:MagicField","DTMod:Weaken"],"picked":"DTMod:HeatWave","floor":18},{"not_picked":["DTMod:Hide","DTMod:MaximumCharge"],"picked":"DTMod:BurningEnergy+1","floor":21},{"not_picked":["DTMod:Haste+1","DTMod:MasterPlan"],"picked":"DTMod:SneakAttack+1","floor":22},{"not_picked":["DTMod:BizarreTactic","DTMod:HeatWave"],"picked":"DTMod:DragonDance","floor":25},{"not_picked":["DTMod:LastStand","DTMod:ForkedFire"],"picked":"DTMod:GhostSkin+1","floor":30},{"not_picked":["DTMod:ShadowImage","DTMod:Inferno"],"picked":"DTMod:Harmonize","floor":31}],"player_experience":427264,"relics_obtained":[{"floor":5,"key":"MealTicket"},{"floor":6,"key":"Lantern"},{"floor":9,"key":"StuffTheSpire:PointBlank"},{"floor":14,"key":"hubris:DeckOfHolding"},{"floor":17,"key":"ReplayTheSpireMod:TigerMarble"},{"floor":17,"key":"vexMod:BerryBomb"},{"floor":17,"key":"aspiration:AnachronicSnailShell"},{"floor":31,"key":"vexMod:MemoryStick"}],"event_choices":[{"damage_healed":0,"gold_gain":0,"player_choice":"Got Potions","damage_taken":0,"max_hp_gain":0,"max_hp_loss":0,"event_name":"Lab","floor":2,"gold_loss":0},{"cards_removed":["DTMod:CrossStep"],"damage_healed":0,"gold_gain":0,"player_choice":"Give","damage_taken":0,"max_hp_gain":0,"max_hp_loss":0,"event_name":"betterNote:BetterNote","floor":19,"gold_loss":0,"cards_obtained":["None"]},{"damage_healed":0,"gold_gain":0,"player_choice":"Cursed","damage_taken":0,"max_hp_gain":0,"max_hp_loss":0,"event_name":"Wheel of Change","floor":20,"gold_loss":0,"cards_obtained":["Decay"]},{"damage_healed":0,"gold_gain":0,"player_choice":"Traded Relic","damage_taken":0,"relics_obtained":["Nloth\u0027s Gift"],"max_hp_gain":0,"max_hp_loss":0,"event_name":"N\u0027loth","floor":24,"relics_lost":["hubris:DeckOfHolding"],"gold_loss":0}],"is_beta":false,"boss_relics":[{"not_picked":["Replay:Bronze Core","vexMod:RockOfEvil"],"picked":"Calling Bell"}],"items_purged_floors":[27],"is_endless":false,"potions_floor_spawned":[3,6,8,10,18,21,30,31],"killed_by":"hubris:MusketHawk","ascension_level":0}}