{"host":"o6rpelx2jpc8yies","time":1609637948,"event":{"mods":["BaseMod","Downfall","Minty Spire (QoL Compilation)","StSLib"],"gold_per_floor":[99,99,99,99,113,143,143,143,161,178,88,88,88,88],"floor_reached":12,"playtime":1159,"items_purged":["champ:Strike"],"score":76,"play_id":"021dd56b-a289-4901-a44a-3fcc44d39567","local_time":"20210102183908","is_ascension_mode":false,"campfire_choices":[{"floor":1,"key":"RECALL"}],"circlet_count":0,"master_deck":["champ:Strike","champ:Strike","champ:Strike","champ:Defend","champ:Defend","champ:Defend","champ:Defend","champ:Execute","champ:Taunt","champ:StanceDance","champ:DefensiveStyle","champ:ViciousMockery","champ:GladiatorsShout","champ:Circumvent","champ:RisingSlash","champ:IronFortress","champ:FlashCut"],"relics":["champ:ChampionCrown","downfall:HeartsMalice","Unceasing Top","White Beast Statue"],"acts_visited":["Exordium"],"potions_floor_usage":[10,11,12],"damage_taken":[{"damage":0,"enemies":"2 Louse","floor":2,"turns":1},{"damage":0,"enemies":"Cultist","floor":3,"turns":1},{"damage":0,"enemies":"Jaw Worm","floor":4,"turns":1},{"damage":33,"enemies":"Lots of Slimes","floor":5,"turns":8},{"damage":48,"enemies":"Lagavulin","floor":6,"turns":15},{"damage":28,"enemies":"Exordium Wildlife","floor":9,"turns":8},{"damage":0,"enemies":"Large Slime","floor":10,"turns":6},{"damage":3,"enemies":"downfall:FleeingMerchant","floor":11,"turns":4},{"damage":17,"enemies":"Gremlin Nob","floor":12,"turns":2}],"seed_played":"-8439397500955556913","potions_obtained":[{"floor":5,"key":"sneckomod:MuddlingPotion"},{"floor":6,"key":"BlessingOfTheForge"},{"floor":8,"key":"LiquidMemories"},{"floor":8,"key":"ColorlessPotion"},{"floor":10,"key":"Swift Potion"},{"floor":11,"key":"PowerPotion"}],"is_trial":false,"path_per_floor":["R","M","M","M","M","E","T","?","M","M","$","E"],"character_chosen":"THE_CHAMP","items_purchased":[],"campfire_rested":0,"item_purchase_floors":[],"current_hp_per_floor":[90,90,90,90,70,33,33,33,15,15,15,0,0,0],"gold":88,"neow_bonus":"THREE_ENEMY_KILL","is_daily":false,"chose_seed":false,"campfire_upgraded":0,"win_rate":0.0,"timestamp":1609637948,"path_taken":["R","M","M","M","M","E","T","?","M","M","$","E"],"items_purchased_type":[],"build_version":"2020-12-22","purchased_purges":1,"victory":false,"max_hp_per_floor":[90,90,90,90,90,90,90,90,90,90,90,90,90,90],"card_choices":[{"not_picked":["champ:HeartStrike","champ:CrookedStrike"],"picked":"champ:StanceDance","floor":2},{"not_picked":["champ:Backstep","champ:CrookedStrike"],"picked":"champ:DefensiveStyle","floor":3},{"not_picked":["champ:GutPunch","champ:EnragedBash"],"picked":"champ:ViciousMockery","floor":4},{"not_picked":["champ:CrookedStrike","champ:GutPunch"],"picked":"champ:GladiatorsShout","floor":5},{"not_picked":["champ:BringItOn","champ:RecklessLeap"],"picked":"champ:Circumvent","floor":6},{"not_picked":["champ:GladiatorsShout","champ:Encircle"],"picked":"champ:RisingSlash","floor":9},{"not_picked":["champ:FanOfKnives","champ:ArenaPreparation"],"picked":"champ:IronFortress","floor":10},{"not_picked":["champ:RecklessLeap","champ:AdrenalArmor"],"picked":"champ:FlashCut","floor":11}],"player_experience":1718912,"relics_obtained":[{"floor":6,"key":"Unceasing Top"},{"floor":7,"key":"White Beast Statue"}],"event_choices":[{"damage_healed":0,"gold_gain":0,"player_choice":"Got Potions","damage_taken":0,"max_hp_gain":0,"max_hp_loss":0,"event_name":"Lab","floor":8,"gold_loss":0}],"is_beta":false,"boss_relics":[],"items_purged_floors":[11],"is_endless":false,"potions_floor_spawned":[5,6,9,10,11],"killed_by":"Gremlin Nob","ascension_level":0}}