{"host":"ksmhkxap3eqvmwsu","time":1609707301,"event":{"mods":["AchievementEnabler","BaseMod","Infinite Spire","Minty Spire (QoL Compilation)","StSLib"],"gold_per_floor":[116,128,128,128,142,142,163,179,179,179,35,56,16,116,116,241,541,541,466,466,490,490,490,86,86,86,109,109,109,109,125,125,245,245,266,599,599,610,610,610],"floor_reached":39,"playtime":3854,"items_purged":["Strike_G","Strike_G+1"],"score":419,"play_id":"dade2ddb-e582-4654-9f21-047ad94aea17","local_time":"20210103225501","is_ascension_mode":false,"campfire_choices":[{"data":"Doppelganger","floor":6,"key":"SMITH"},{"data":"Backstab","floor":10,"key":"SMITH"},{"data":"Noxious Fumes","floor":15,"key":"SMITH"},{"data":"Backstab","floor":23,"key":"SMITH"},{"data":"Backstab","floor":25,"key":"SMITH"},{"data":"Venomology","floor":28,"key":"SMITH"},{"data":"Outmaneuver","floor":30,"key":"SMITH"},{"data":"Night Terror","floor":32,"key":"SMITH"}],"circlet_count":0,"master_deck":["Strike_G+1","Strike_G+1","Defend_G+1","Defend_G+1","Defend_G+1","Defend_G+1","Defend_G+1","Survivor","Neutralize+1","Doppelganger+1","Backflip","Backstab+1","Backstab+1","Blade Dance","Blade Dance","Backstab+1","Flying Knee","Noxious Fumes+1","Venomology+1","CurseOfTheBell","Flechettes","Backstab+1","Caltrops+1","Outmaneuver+1","Night Terror+1","A Thousand Cuts+1","Prepared+1","Backstab+1"],"relics":["Ring of the Snake","DollysMirror","Calling Bell","infinitespire:Satchel","Old Coin","infinitespire:FocusingShard","Frozen Egg 2","Potion Belt","Bottled Lightning","Molten Egg 2"],"acts_visited":["Exordium","TheCity","TheBeyond"],"potions_floor_usage":[16,16,18,24,27,31,31,33,33,39],"damage_taken":[{"damage":0,"enemies":"Jaw Worm","floor":1,"turns":5},{"damage":0,"enemies":"2 Louse","floor":2,"turns":4},{"damage":0,"enemies":"Cultist","floor":5,"turns":4},{"damage":0,"enemies":"Exordium Wildlife","floor":7,"turns":1},{"damage":4,"enemies":"Large Slime","floor":8,"turns":6},{"damage":0,"enemies":"3 Louse","floor":12,"turns":1},{"damage":9,"enemies":"Slime Boss","floor":16,"turns":5},{"damage":5,"enemies":"Spheric Guardian","floor":18,"turns":3},{"damage":0,"enemies":"3 Byrds","floor":21,"turns":3},{"damage":0,"enemies":"Cultist and Chosen","floor":27,"turns":6},{"damage":1,"enemies":"3 Cultists","floor":31,"turns":4},{"damage":56,"enemies":"Collector","floor":33,"turns":7},{"damage":0,"enemies":"3 Shapes","floor":35,"turns":2},{"damage":26,"enemies":"3 Darklings","floor":38,"turns":6},{"damage":60,"enemies":"Spire Growth","floor":39,"turns":4}],"seed_played":"197333698590892766","potions_obtained":[{"floor":1,"key":"BlessingOfTheForge"},{"floor":5,"key":"Poison Potion"},{"floor":8,"key":"SmokeBomb"},{"floor":12,"key":"ColorlessPotion"},{"floor":21,"key":"EssenceOfSteel"},{"floor":33,"key":"LiquidBronze"},{"floor":35,"key":"Fire Potion"}],"is_trial":false,"path_per_floor":["M","M","?","?","M","R","M","M","T","R","$","M","$","?","R","B",null,"M","?","T","M","?","R","$","R","T","M","R","?","R","M","R","B",null,"M","?","AVR","M","M"],"character_chosen":"THE_SILENT","items_purchased":["DollysMirror","Noxious Fumes","Potion Belt","Caltrops+1","Fruit Juice"],"campfire_rested":0,"item_purchase_floors":[11,13,24,24,24],"current_hp_per_floor":[70,70,53,39,39,39,39,35,35,35,35,35,35,35,35,26,70,65,65,65,65,65,65,70,70,70,70,70,70,70,69,69,13,75,75,75,75,49,0,0],"gold":610,"neow_bonus":"ONE_RANDOM_RARE_CARD","is_daily":false,"chose_seed":false,"campfire_upgraded":8,"win_rate":0.0,"timestamp":1609707301,"path_taken":["M","M","?","?","?","R","M","M","T","R","$","M","$","?","R","BOSS","M","?","?","M","?","R","$","R","T","M","R","?","R","?","R","BOSS","M","?","AVR","M","M"],"items_purchased_type":["Relic","Card","Relic","Card","Potion"],"build_version":"2020-12-22","purchased_purges":2,"victory":false,"max_hp_per_floor":[70,70,70,70,70,70,70,70,70,70,70,70,70,70,70,70,70,70,70,70,70,70,70,75,75,75,75,75,75,75,75,75,75,75,75,75,75,75,75,75],"card_choices":[{"not_picked":["All Out Attack","Acrobatics"],"picked":"Backflip","floor":1},{"not_picked":["Slice","PiercingWail"],"picked":"Backstab","floor":2},{"not_picked":["Deflect","Backflip"],"picked":"Backstab","floor":5},{"not_picked":["Expertise","Backflip"],"picked":"Blade Dance","floor":7},{"not_picked":["Backflip","Dash"],"picked":"Blade Dance","floor":8},{"not_picked":["Dodge and Roll","Catalyst"],"picked":"Flying Knee","floor":12},{"not_picked":["Unload","Storm of Steel"],"picked":"Venomology","floor":16},{"not_picked":["Slice","Quick Slash"],"picked":"Flechettes","floor":21},{"not_picked":["Blade Dance","Well Laid Plans+1"],"picked":"Outmaneuver","floor":27},{"not_picked":["Slice","Choke"],"picked":"Night Terror","floor":31},{"not_picked":["Burst","Doppelganger"],"picked":"A Thousand Cuts+1","floor":33},{"not_picked":["Sucker Punch+1","Dagger Spray"],"picked":"Prepared+1","floor":35},{"not_picked":["Deadly Poison+1","Backflip+1"],"picked":"Backstab+1","floor":38}],"player_experience":193326,"relics_obtained":[{"floor":17,"key":"infinitespire:Satchel"},{"floor":17,"key":"Old Coin"},{"floor":17,"key":"infinitespire:FocusingShard"},{"floor":20,"key":"Frozen Egg 2"},{"floor":26,"key":"Bottled Lightning"}],"event_choices":[{"damage_healed":0,"gold_gain":0,"player_choice":"Take Damage","damage_taken":17,"relics_obtained":["Golden Idol"],"max_hp_gain":0,"max_hp_loss":0,"event_name":"Golden Idol","floor":3,"gold_loss":0},{"damage_healed":0,"gold_gain":0,"player_choice":"Entered Light","damage_taken":14,"max_hp_gain":0,"max_hp_loss":0,"event_name":"Shining Light","floor":4,"gold_loss":0,"cards_upgraded":["Neutralize","Strike_G"]},{"damage_healed":0,"gold_gain":100,"player_choice":"Pray","damage_taken":0,"max_hp_gain":0,"max_hp_loss":0,"event_name":"Golden Shrine","floor":14,"gold_loss":0},{"cards_removed":["Strike_G"],"damage_healed":0,"gold_gain":0,"player_choice":"Gave Gold","damage_taken":0,"max_hp_gain":0,"max_hp_loss":0,"event_name":"Beggar","floor":19,"gold_loss":75},{"damage_healed":0,"gold_gain":0,"player_choice":"Read","damage_taken":0,"max_hp_gain":0,"max_hp_loss":0,"event_name":"The Library","floor":22,"gold_loss":0,"cards_obtained":["Backstab"]},{"damage_healed":0,"gold_gain":0,"player_choice":"Simplicity","damage_taken":0,"max_hp_gain":0,"max_hp_loss":0,"event_name":"Back to Basics","floor":29,"gold_loss":0,"cards_upgraded":["Strike_G","Strike_G","Defend_G","Defend_G","Defend_G","Defend_G","Defend_G"]},{"damage_healed":0,"gold_gain":333,"player_choice":"Gave Idol","damage_taken":0,"max_hp_gain":0,"max_hp_loss":0,"event_name":"The Moai Head","floor":36,"relics_lost":["Golden Idol"],"gold_loss":0}],"is_beta":false,"boss_relics":[{"not_picked":["Fusion Hammer","Cursed Key"],"picked":"Calling Bell"},{"not_picked":[]}],"items_purged_floors":[24,37],"is_endless":false,"potions_floor_spawned":[1,5,8,12,21,33,35],"killed_by":"Spire Growth","ascension_level":0}}