{"host":"8fjsnt81u6xsmhji","time":1609654872,"event":{"mods":["BaseMod","Beaked The Cultist","Colored Powertips","Downfall","Glutton Mod","Hermit","Minty Spire (QoL Compilation)","Quick Restart","StSLib","The Bug Knight","The Forsaken","The Hierophant","The Runesmith"],"gold_per_floor":[110,77,27,27,40,69,69,69,93,154,154,168,178,198,198,296,296,316,79,89,104,104,104,134,134,159,159,159,159,5,19,19,115,115,132,132,147,158,158,158],"floor_reached":39,"playtime":2996,"items_purged":[],"score":441,"play_id":"46f922d4-12fc-4491-9ae0-f4b797a22152","local_time":"20210103002112","is_ascension_mode":true,"campfire_choices":[{"floor":7.0,"key":"REST"},{"floor":11.0,"key":"REST"},{"floor":15.0,"key":"REST"},{"floor":23,"key":"REST"},{"floor":25,"key":"REST"},{"floor":28,"key":"REST"},{"floor":32,"key":"REST"}],"circlet_count":0,"master_deck":["Runesmith:Strike_RS","Runesmith:Defend_RS","Runesmith:Defend_RS+1","Runesmith:Defend_RS","Runesmith:Defend_RS+1","Runesmith:CraftFirestone","Runesmith:Fortify","Runesmith:HeatExchange","Runesmith:CraftProtectio","Runesmith:HeatedChisel","Runesmith:HammerThrow","Runesmith:FissionHammer","Runesmith:Empowerment+1","Runesmith:Permafrost","Runesmith:Grindstone","Runesmith:CraftIncendium+1","Runesmith:ChiselStab+1","Runesmith:ChaoticBlast+1","Runesmith:FissionHammer","CurseOfTheBell","Runesmith:EarthShield+1","Madness","expansioncontent:DashGenerateEvil","Runesmith:Firestorm","Parasite"],"relics":["Runesmith:BrokenRuby","Anchor","PreservedInsect","Ornamental Fan","Empty Cage","Tiny Chest","Incense Burner","Lantern","Enchiridion","Dream Catcher","Calling Bell","Bag of Preparation","HollowMod:LifeEnderRelic","StoneCalendar"],"acts_visited":["Exordium","TheCity","TheBeyond"],"potions_floor_usage":[16,16,22],"damage_taken":[{"damage":3.0,"enemies":"Small Slimes","floor":1.0,"turns":5.0},{"damage":2.0,"enemies":"Jaw Worm","floor":5.0,"turns":4.0},{"damage":26.0,"enemies":"Lagavulin","floor":6.0,"turns":9.0},{"damage":17.0,"enemies":"Lagavulin Event","floor":10.0,"turns":7.0},{"damage":0.0,"enemies":"Cultist","floor":12.0,"turns":4.0},{"damage":8.0,"enemies":"Exordium Thugs","floor":13.0,"turns":4.0},{"damage":7.0,"enemies":"Exordium Wildlife","floor":14.0,"turns":4.0},{"damage":37,"enemies":"Slime Boss","floor":16,"turns":10},{"damage":32,"enemies":"Shell Parasite","floor":18,"turns":10},{"damage":2,"enemies":"Chosen","floor":20,"turns":4},{"damage":13,"enemies":"Centurion and Healer","floor":21,"turns":8},{"damage":0,"enemies":"Snake Plant","floor":22,"turns":2},{"damage":19,"enemies":"Book of Stabbing","floor":24,"turns":5},{"damage":29,"enemies":"Colosseum Slavers","floor":27,"turns":5},{"damage":25,"enemies":"Chosen and Byrds","floor":31,"turns":5},{"damage":19,"enemies":"Collector","floor":33,"turns":11},{"damage":36,"enemies":"3 Darklings","floor":35,"turns":5},{"damage":0,"enemies":"Orb Walker","floor":37,"turns":3},{"damage":54,"enemies":"Transient","floor":38,"turns":5},{"damage":33,"enemies":"Writhing Mass","floor":39,"turns":4}],"seed_played":"2127129270655744377","potions_obtained":[{"floor":10.0,"key":"SpeedPotion"},{"floor":12.0,"key":"FairyPotion"},{"floor":13.0,"key":"DuplicationPotion"},{"floor":21,"key":"SmokeBomb"},{"floor":35,"key":"Dexterity Potion"},{"floor":37,"key":"EssenceOfSteel"}],"is_trial":false,"path_per_floor":["M","?","?","?","M","E","R","?","T","?","R","M","M","M","R","B",null,"M","$","M","M","M","R","E","R","T","?","R","?","$","M","R","B",null,"M","?","M","M","M"],"character_chosen":"RUNESMITH_CLASS","items_purchased":["Runesmith:Permafrost","Runesmith:Grindstone","Tiny Chest","Dream Catcher"],"campfire_rested":7,"item_purchase_floors":[19,19,19,30],"current_hp_per_floor":[74,74,74,59,57,31,54,54,54,37,60,60,52,45,68,31,77,45,45,43,30,30,53,34,57,57,28,51,35,35,10,33,14,77,41,36,36,23,0,0],"gold":158,"neow_bonus":"TEN_PERCENT_HP_BONUS","is_daily":false,"chose_seed":false,"campfire_upgraded":0,"win_rate":0.0,"timestamp":1609654872,"path_taken":["M","?","?","?","M","E","R","?","T","?","R","?","M","M","R","BOSS","M","$","M","M","M","R","E","R","T","?","R","?","$","M","R","BOSS","M","?","M","M","M"],"items_purchased_type":["Card","Card","Relic","Relic"],"build_version":"2020-12-22","purchased_purges":0,"victory":false,"max_hp_per_floor":[77,77,77,77,77,77,77,77,77,77,77,77,77,77,77,77,77,77,77,77,77,77,77,77,77,77,77,77,77,77,77,77,77,77,77,77,77,77,77,77],"card_choices":[{"not_picked":["Runesmith:Repurpose","Runesmith:Augment"],"picked":"Runesmith:HeatExchange","floor":1.0},{"not_picked":["Runesmith:StaticCage","Runesmith:Discharge","Runesmith:WhiteBalance"],"picked":"SKIP","floor":5.0},{"not_picked":["Runesmith:ChiselStab","Runesmith:Duplicate","Runesmith:UnstableHammer"],"picked":"SKIP","floor":6.0},{"not_picked":["Runesmith:Repurpose","Runesmith:Discharge"],"picked":"Runesmith:CraftProtectio","floor":10.0},{"not_picked":["Runesmith:Reinforce","Runesmith:HammerThrow"],"picked":"Runesmith:HeatedChisel","floor":12.0},{"not_picked":["Runesmith:StaticCage","Runesmith:ChiselStab"],"picked":"Runesmith:HammerThrow","floor":13.0},{"not_picked":["Runesmith:ChiselStab","Runesmith:UnstableHammer","Runesmith:Refine"],"picked":"SKIP","floor":14.0},{"not_picked":["Runesmith:Duplicate","Runesmith:LastStand"],"picked":"Runesmith:FissionHammer","floor":16},{"not_picked":["Runesmith:GoWithTheFlow+1","Runesmith:HeatExchange+1"],"picked":"Runesmith:Empowerment+1","floor":18},{"not_picked":["Runesmith:EarthShield+1","Runesmith:Accelerate"],"picked":"Runesmith:CraftIncendium+1","floor":20},{"not_picked":["Runesmith:Retool","Runesmith:UnstableHammer"],"picked":"Runesmith:ChiselStab+1","floor":21},{"not_picked":["Runesmith:Permafrost","Runesmith:HeatExchange","Runesmith:ShiftingStrike"],"picked":"SKIP","floor":24},{"not_picked":["Runesmith:CraftProtectio","Runesmith:FieryHammer+1"],"picked":"Runesmith:ChaoticBlast+1","floor":31},{"not_picked":["Runesmith:GrandSlam","Runesmith:MetallurgicalResearch"],"picked":"Runesmith:FissionHammer","floor":33},{"not_picked":["Runesmith:ChiselStab+1","Runesmith:MakeshiftArmor"],"picked":"Runesmith:EarthShield+1","floor":35},{"not_picked":["Jack Of All Trades","Swift Strike"],"picked":"Madness","floor":36},{"not_picked":["expansioncontent:CaCaw","Purity"],"picked":"expansioncontent:DashGenerateEvil","floor":36},{"not_picked":["Runesmith:NegativeSpace+1","Runesmith:ElementalConversion"],"picked":"Runesmith:Firestorm","floor":37},{"not_picked":["Runesmith:Grindstone","Runesmith:HeatExchange+1","Runesmith:HammerThrow+1"],"picked":"SKIP","floor":38}],"player_experience":690032,"relics_obtained":[{"floor":6.0,"key":"Anchor"},{"floor":9.0,"key":"PreservedInsect"},{"floor":10.0,"key":"Ornamental Fan"},{"floor":24,"key":"Incense Burner"},{"floor":26,"key":"Lantern"},{"floor":29,"key":"Enchiridion"},{"floor":34,"key":"Bag of Preparation"},{"floor":34,"key":"HollowMod:LifeEnderRelic"},{"floor":34,"key":"StoneCalendar"}],"event_choices":[{"damage_healed":0.0,"max_hp_gain":0.0,"max_hp_loss":0.0,"gold_gain":0.0,"event_name":"World of Goop","player_choice":"Left Gold","floor":2.0,"gold_loss":33.0,"damage_taken":0.0},{"cards_removed":["Runesmith:Strike_RS"],"damage_healed":0.0,"max_hp_gain":0.0,"max_hp_loss":0.0,"gold_gain":0.0,"event_name":"The Cleric","player_choice":"Card Removal","floor":3.0,"gold_loss":50.0,"damage_taken":0.0},{"damage_healed":0.0,"max_hp_gain":0.0,"max_hp_loss":0.0,"gold_gain":0.0,"event_name":"Shining Light","player_choice":"Entered Light","floor":4.0,"gold_loss":0.0,"damage_taken":15.0,"cards_upgraded":["Runesmith:Defend_RS","Runesmith:Defend_RS"]},{"damage_healed":0.0,"max_hp_gain":0.0,"max_hp_loss":0.0,"gold_gain":30.0,"event_name":"Dead Adventurer","player_choice":"Searched \u00273\u0027 times","floor":10.0,"gold_loss":0.0,"damage_taken":0.0},{"damage_healed":0,"gold_gain":0,"player_choice":"Fight","damage_taken":0,"max_hp_gain":0,"max_hp_loss":0,"event_name":"Colosseum","floor":27,"gold_loss":0},{"damage_healed":0,"gold_gain":0,"player_choice":"Fled From Nobs","damage_taken":0,"max_hp_gain":0,"max_hp_loss":0,"event_name":"Colosseum","floor":27,"gold_loss":0},{"damage_healed":0,"gold_gain":0,"player_choice":"Obtained Book","damage_taken":16,"max_hp_gain":0,"max_hp_loss":0,"event_name":"Cursed Tome","floor":29,"gold_loss":0},{"damage_healed":0,"gold_gain":0,"player_choice":"Memory 2","damage_taken":5,"max_hp_gain":0,"max_hp_loss":0,"event_name":"SensoryStone","floor":36,"gold_loss":0}],"is_beta":false,"boss_relics":[{"not_picked":["Snecko Eye","Runesmith:PocketReactor"],"picked":"Empty Cage"},{"not_picked":["Velvet Choker","Coffee Dripper"],"picked":"Calling Bell"}],"items_purged_floors":[],"is_endless":false,"potions_floor_spawned":[10,12,13,21,27,35,37],"killed_by":"Writhing Mass","ascension_level":2}}