{"host":"z9grmtg2w0nmz8n1","time":1609652411,"event":{"mods":["Aspiration","Bard","BaseMod","Beaked The Cultist","Better Altar","Better Match","Better Note","Better Sensory Stone","Better Skull","Better Third Choice","BetterRewards","CCEM","Colored Map","Conspire","Downfall","GifTheSpireLib","Googly Eyes","Halation","Hermit","Highlight Path","Hubris","Hunter ??","Jedi Mod","Jorbs\u0027s Wanderer Trilogy","Mad Scientist","Marisa????????","Minty Spire (QoL Compilation)","Permanent Neow","Replay The Spire","Shade Mod","Shop Mod","Spicy Shops","StSLib","Stuff the Spire","The Bug Knight","The Construct","The Necromancer","The Runesmith","The Witch"],"gold_per_floor":[212,231,104,104,122,122,162,162,162,162,162,175,195,231,231,231,231],"floor_reached":16,"playtime":631,"items_purged":["Strike_B"],"score":116,"play_id":"3c778b21-59d7-4fa2-bdb7-77004e380f41","local_time":"20210103034011","is_ascension_mode":true,"campfire_choices":[{"floor":6,"key":"RECALL"},{"data":"Zap","floor":8,"key":"SMITH"},{"floor":15,"key":"REST"}],"circlet_count":0,"master_deck":["Strike_B+1","Strike_B","Strike_B","Defend_B","Defend_B","Defend_B","Defend_B","Zap+1","Dualcast+1","Conserve Battery","Conserve Battery","Sweeping Beam","ReplayTheSpireMod:Calculation Training","Conserve Battery"],"relics":["Cracked Core","Golden Idol","jedi:Pinwheel","hubris:Towel","Peace Pipe"],"acts_visited":["Exordium"],"potions_floor_usage":[7],"damage_taken":[{"damage":2,"enemies":"2 Louse","floor":1,"turns":3},{"damage":0,"enemies":"Small Slimes","floor":2,"turns":3},{"damage":0,"enemies":"conspire:RoseBush","floor":5,"turns":2},{"damage":40,"enemies":"Lagavulin","floor":7,"turns":11},{"damage":0,"enemies":"Blue Slaver","floor":12,"turns":3},{"damage":8,"enemies":"Large Slime","floor":13,"turns":7},{"damage":13,"enemies":"Gremlin Nob","floor":14,"turns":4},{"damage":30,"enemies":"Slime Boss","floor":16,"turns":9}],"seed_played":"-5423950562753031867","potions_obtained":[{"floor":2,"key":"conspire:TimeTravelPotion"}],"is_trial":false,"path_per_floor":["M","M","$","?","M","R","E","R","T","?","?","M","M","E","R","B"],"character_chosen":"DEFECT","items_purchased":["Sweeping Beam"],"campfire_rested":1,"item_purchase_floors":[3],"current_hp_per_floor":[73,73,73,69,69,69,44,44,44,30,30,30,22,9,29,0,0],"gold":231,"neow_bonus":"HUNDRED_GOLD","is_daily":false,"chose_seed":false,"campfire_upgraded":1,"win_rate":0.0,"timestamp":1609652411,"path_taken":["M","M","$","?","M","R","E","R","T","?","?","M","?","E","R","BOSS"],"items_purchased_type":["Card"],"build_version":"2020-12-22","purchased_purges":1,"victory":false,"max_hp_per_floor":[75,75,75,69,69,69,69,69,69,69,69,69,69,69,69,69,69],"card_choices":[{"not_picked":["Cold Snap","Coolheaded"],"picked":"Conserve Battery","floor":1},{"not_picked":["Panic Button","ReplaySolidLightProjector"],"picked":"Conserve Battery","floor":2},{"not_picked":["jedi:blockon","BasicCrystalCard","Conserve Battery"],"picked":"SKIP","floor":5},{"not_picked":["Sweeping Beam","ReplayTheSpireMod:Reroute Power"],"picked":"ReplayTheSpireMod:Calculation Training","floor":7},{"not_picked":["jedi:BurstFrost","jedi:hex","Coolheaded"],"picked":"SKIP","floor":12},{"not_picked":["conspire:SharedLibrary","Beam Cell","jedi:blockon"],"picked":"SKIP","floor":13},{"not_picked":["Double Energy","StuffTheSpire:LaunchingStrike"],"picked":"Conserve Battery","floor":14}],"player_experience":757153,"relics_obtained":[{"floor":7,"key":"jedi:Pinwheel"},{"floor":14,"key":"Peace Pipe"}],"event_choices":[{"damage_healed":0,"gold_gain":0,"player_choice":"Lose Max HP","damage_taken":0,"relics_obtained":["Golden Idol"],"max_hp_gain":0,"max_hp_loss":6,"event_name":"Golden Idol","floor":4,"gold_loss":0},{"damage_healed":44,"gold_gain":0,"player_choice":"Upgrade","damage_taken":14,"max_hp_gain":0,"max_hp_loss":69,"event_name":"betterThird:BetterShining","floor":10,"gold_loss":0,"cards_upgraded":["Strike_B","Dualcast"]}],"is_beta":false,"boss_relics":[],"items_purged_floors":[3],"is_endless":false,"potions_floor_spawned":[2],"killed_by":"Slime Boss","ascension_level":1}}