{"host":"iphsb0ccnjx0pfn6","time":1609698565,"event":{"mods":["2.2 Compatiblity","AchievementEnabler","Arknights The Spire","BaseMod","Colored Map","DeckTracker","Keyboard Shortcuts","Minty Spire (QoL Compilation)","Permanent Neow","Quick Restart","Relic Stats","StSLib","SuperFastMode","Uncapped","everything is the same but u backflip on backflip"],"gold_per_floor":[112,130,142,142,67,103,123,123,150,189,211,231,231,267,267,267,267],"floor_reached":16,"playtime":873,"items_purged":["ats:Strike C"],"score":122,"play_id":"3d6b2b97-7880-44d1-93ec-293b0b0a9ddb","local_time":"20210104032925","is_ascension_mode":false,"campfire_choices":[{"data":"ats:Encircling Forest","floor":8.0,"key":"SMITH"},{"data":"ats:Dogmatic Field","floor":13.0,"key":"SMITH"},{"floor":15,"key":"REST"}],"circlet_count":0,"master_deck":["ats:Strike G","ats:Strike S","ats:Strike V","ats:Armor Crushing Shot","ats:Defend","ats:Defend","ats:Defend","ats:Defend","ats:Emotion Absorption","ats:Leaping Hammer","ats:Consecutive Shot Auto","ats:Hammer On","ats:Encircling Forest+1","ats:Revitalization","ats:Thermite Blade","ats:Shell Defense","ats:Dogmatic Field+1","ats:Defend Order","ats:Magnetic Hammer"],"relics":["ats:Sanity","ats:Originium","CeramicFish","Bag of Marbles","Bronze Scales","Potion Belt"],"acts_visited":["Exordium"],"potions_floor_usage":[14,16],"damage_taken":[{"damage":8.0,"enemies":"2 Louse","floor":1.0,"turns":3.0},{"damage":8.0,"enemies":"Cultist","floor":2.0,"turns":5.0},{"damage":1.0,"enemies":"Jaw Worm","floor":3.0,"turns":4.0},{"damage":20.0,"enemies":"Gremlin Nob","floor":6.0,"turns":4.0},{"damage":11.0,"enemies":"Blue Slaver","floor":7.0,"turns":4.0},{"damage":23.0,"enemies":"3 Sentries","floor":10.0,"turns":10.0},{"damage":0.0,"enemies":"3 Louse","floor":11.0,"turns":2.0},{"damage":1.0,"enemies":"Large Slime","floor":12.0,"turns":4.0},{"damage":22,"enemies":"Gremlin Nob","floor":14,"turns":3},{"damage":75,"enemies":"The Guardian","floor":16,"turns":17}],"seed_played":"-7230268393288485414","potions_obtained":[{"floor":2.0,"key":"EssenceOfSteel"},{"floor":3.0,"key":"Explosive Potion"},{"floor":10.0,"key":"AttackPotion"},{"floor":12.0,"key":"DistilledChaos"}],"is_trial":false,"path_per_floor":["M","M","M","?","$","E","M","R","T","E","M","M","R","E","R","B"],"character_chosen":"DOCTOR_CLASS","items_purchased":[],"campfire_rested":1,"item_purchase_floors":[],"current_hp_per_floor":[64,56,55,55,55,38,29,29,29,25,25,29,29,12,33,0,0],"gold":267,"neow_bonus":"THREE_CARDS","is_daily":false,"chose_seed":false,"campfire_upgraded":2,"win_rate":0.0,"timestamp":1609698565,"path_taken":["M","M","M","?","$","E","M","R","T","E","?","?","R","E","R","BOSS"],"items_purchased_type":[],"build_version":"2020-12-22","purchased_purges":1,"victory":false,"max_hp_per_floor":[72,72,72,72,72,72,72,72,72,72,72,72,72,72,72,72,72],"relic_stats":{"counters":[10,56],"CeramicFish":45,"Bronze Scales":[73],"obtain_stats":[{"Potion Belt":14,"ats:Originium":6,"CeramicFish":6,"Bronze Scales":10,"Bag of Marbles":9,"ats:Sanity":0},{"Potion Belt":9,"ats:Originium":4,"CeramicFish":4,"Bronze Scales":6,"Bag of Marbles":5,"ats:Sanity":0},{"Potion Belt":39,"ats:Originium":16,"CeramicFish":16,"Bronze Scales":30,"Bag of Marbles":20,"ats:Sanity":0}]},"card_choices":[{"not_picked":["ats:Apocalypse","ats:Explosion Area Strengthen"],"picked":"ats:Leaping Hammer","floor":0.0},{"not_picked":["ats:Apocalypse","ats:Childhood Dance","ats:Spore Proliferation"],"picked":"SKIP","floor":1.0},{"not_picked":["ats:Cat Scratch","ats:Support Order"],"picked":"ats:Consecutive Shot Auto","floor":2.0},{"not_picked":["ats:Healing Strengthening","ats:Cat Scratch"],"picked":"ats:Hammer On","floor":3.0},{"not_picked":["ats:Shadow Raid","ats:Revitalization"],"picked":"ats:Thermite Blade","floor":6.0},{"not_picked":["ats:Closed Bolt Burst Fire","ats:Healing Strengthening"],"picked":"ats:Shell Defense","floor":7.0},{"not_picked":["ats:Shell Defense","ats:Flexible Camouflage"],"picked":"ats:Dogmatic Field","floor":10.0},{"not_picked":["ats:Burning Ground","ats:Consecutive Shot Auto"],"picked":"ats:Defend Order","floor":11.0},{"not_picked":["ats:Childhood Dance","ats:Demon Strength","ats:Powerful Strike"],"picked":"SKIP","floor":12.0},{"not_picked":["ats:Hammer On","ats:Counter Healing Mode"],"picked":"ats:Magnetic Hammer","floor":14}],"player_experience":1261350,"relics_obtained":[{"floor":6.0,"key":"ats:Originium"},{"floor":6.0,"key":"CeramicFish"},{"floor":9.0,"key":"Bag of Marbles"},{"floor":10.0,"key":"ats:Originium"},{"floor":10.0,"key":"Bronze Scales"},{"floor":14,"key":"ats:Originium"},{"floor":14,"key":"Potion Belt"}],"event_choices":[{"damage_healed":0.0,"max_hp_gain":0.0,"max_hp_loss":0.0,"gold_gain":0.0,"event_name":"Match and Keep!","player_choice":"2 cards matched","floor":4.0,"gold_loss":0.0,"damage_taken":0.0,"cards_obtained":["ats:Encircling Forest","ats:Revitalization"]}],"is_beta":false,"boss_relics":[],"items_purged_floors":[5],"is_endless":false,"potions_floor_spawned":[2,3,10,12],"killed_by":"The Guardian","ascension_level":0}}