{"host":"y89x8uui45kcjy42","time":1609683533,"event":{"mods":["2.2 Compatiblity","BaseMod","CapriCore","Colored Map","Colored Powertips","Custom Start","Friendly Minions","Keyboard Shortcuts","Minty Spire (QoL Compilation)","Relic Stats","Slay the Relics Exporter","StSLib","SuperFastMode"],"gold_per_floor":[119,269,283,298,107,107,182,182,182],"floor_reached":8,"playtime":113,"items_purged":["Doubt"],"score":92,"play_id":"a29cf209-4a5c-41b1-93ea-dafbc72ab021","local_time":"20210103231853","is_ascension_mode":true,"campfire_choices":[{"data":"Wallop","floor":6,"key":"SMITH"}],"circlet_count":0,"master_deck":["AscendersBane","Strike_P","Strike_P","Strike_P","Strike_P","Defend_P","Defend_P","Defend_P","Defend_P","Eruption","Vigilance","FlurryOfBlows","InnerPeace","Wallop+1"],"relics":["PureWater","NeowsBlessing"],"acts_visited":["Exordium"],"potions_floor_usage":[],"damage_taken":[{"damage":0,"enemies":"2 Louse","floor":1,"turns":2},{"damage":0,"enemies":"Jaw Worm","floor":3,"turns":1},{"damage":0,"enemies":"Cultist","floor":4,"turns":1},{"damage":50,"enemies":"Lagavulin","floor":8,"turns":7}],"seed_played":"-8320670670549218739","potions_obtained":[],"is_trial":false,"path_per_floor":["M","?","M","M","$","R","?","E"],"character_chosen":"WATCHER","items_purchased":["InnerPeace","Wallop"],"campfire_rested":0,"item_purchase_floors":[5,5],"current_hp_per_floor":[61,61,61,61,61,61,50,0,0],"gold":182,"neow_bonus":"THREE_ENEMY_KILL","is_daily":false,"chose_seed":false,"campfire_upgraded":1,"win_rate":0.0,"timestamp":1609683533,"path_taken":["M","?","M","M","$","R","?","E"],"items_purchased_type":["Card","Card"],"build_version":"2020-12-22","purchased_purges":1,"victory":false,"max_hp_per_floor":[68,68,68,68,68,68,68,68,68],"relic_stats":{"counters":[4,11],"obtain_stats":[{"NeowsBlessing":0,"PureWater":0},{"NeowsBlessing":0,"PureWater":0},{"NeowsBlessing":0,"PureWater":0}]},"card_choices":[{"not_picked":["ClearTheMind","Consecrate","CutThroughFate"],"picked":"SKIP","floor":1},{"not_picked":["EmptyFist","EmptyBody"],"picked":"FlurryOfBlows","floor":3},{"not_picked":["BowlingBash","ClearTheMind","WindmillStrike"],"picked":"SKIP","floor":4}],"player_experience":551259,"relics_obtained":[],"event_choices":[{"damage_healed":0,"gold_gain":150,"player_choice":"AGREE","damage_taken":0,"max_hp_gain":0,"max_hp_loss":0,"event_name":"Liars Game","floor":2,"gold_loss":0,"cards_obtained":["Doubt"]},{"damage_healed":0,"gold_gain":75,"player_choice":"Gather Gold","damage_taken":11,"max_hp_gain":0,"max_hp_loss":0,"event_name":"World of Goop","floor":7,"gold_loss":0}],"is_beta":false,"boss_relics":[],"items_purged_floors":[5],"is_endless":false,"potions_floor_spawned":[],"killed_by":"Lagavulin","ascension_level":20}}