{"host":"pbf6u3tyx46snqc7","time":1609672591,"event":{"mods":["AchievementEnabler","BaseMod","Colored Map","Minty Spire (QoL Compilation)","Rare Cards Sparkle","SuperFastMode"],"gold_per_floor":[414,424,98,10,10,10,10,10,10,24,24,49,61,73,73,147,147,159,169,68,84,104,104,133,133,133,147,147,174,274,274,274,274,274],"floor_reached":33,"playtime":1425,"items_purged":["Strike_B"],"score":570,"play_id":"15480e6d-56ca-415d-9594-1103fcca1a81","local_time":"20210103201631","is_ascension_mode":true,"campfire_choices":[{"data":"Defragment","floor":6.0,"key":"SMITH"},{"floor":8.0,"key":"REST"},{"data":"Dualcast","floor":11.0,"key":"SMITH"},{"floor":15.0,"key":"REST"},{"floor":23.0,"key":"REST"},{"floor":25.0,"key":"REST"},{"data":"Ball Lightning","floor":28.0,"key":"SMITH"},{"floor":32.0,"key":"REST"}],"circlet_count":0,"master_deck":["AscendersBane","Strike_B","Strike_B","Defend_B","Defend_B+1","Defend_B+1","Defend_B","Zap+1","Dualcast+1","Leap","Defragment+1","Coolheaded+1","Conserve Battery+1","Turbo+1","Recycle+1","Chill+1","Ball Lightning","Ball Lightning+1","Electrodynamics","Redo+1","Stack+1","Aggregate+1","Seek+1","Blizzard+1","Defragment","Decay","Gash"],"relics":["Cracked Core","Old Coin","Toxic Egg 2","War Paint","Dream Catcher","Cursed Key","DataDisk","Tiny Chest","Peace Pipe","Meat on the Bone"],"acts_visited":["Exordium","TheCity"],"potions_floor_usage":[],"damage_taken":[{"damage":1.0,"enemies":"Cultist","floor":1.0,"turns":3.0},{"damage":0.0,"enemies":"2 Louse","floor":2.0,"turns":3.0},{"damage":10.0,"enemies":"Small Slimes","floor":10.0,"turns":3.0},{"damage":8.0,"enemies":"3 Sentries","floor":12.0,"turns":12.0},{"damage":0.0,"enemies":"Red Slaver","floor":13.0,"turns":5.0},{"damage":0.0,"enemies":"Exordium Thugs","floor":14.0,"turns":6.0},{"damage":40.0,"enemies":"Slime Boss","floor":16.0,"turns":10.0},{"damage":0.0,"enemies":"Chosen","floor":18.0,"turns":5.0},{"damage":12.0,"enemies":"Shell Parasite","floor":19.0,"turns":6.0},{"damage":13.0,"enemies":"Chosen and Byrds","floor":21.0,"turns":5.0},{"damage":18.0,"enemies":"Snake Plant","floor":22.0,"turns":4.0},{"damage":6.0,"enemies":"Gremlin Leader","floor":24.0,"turns":8.0},{"damage":0.0,"enemies":"Snecko","floor":27.0,"turns":5.0},{"damage":14.0,"enemies":"Slavers","floor":29.0,"turns":2.0},{"damage":1.0,"enemies":"Colosseum Slavers","floor":30.0,"turns":4.0},{"damage":0.0,"enemies":"Colosseum Nobs","floor":30.0,"turns":3.0},{"damage":71,"enemies":"Automaton","floor":33,"turns":10}],"seed_played":"-5171147011907480084","potions_obtained":[{"floor":2.0,"key":"Dexterity Potion"},{"floor":10.0,"key":"Energy Potion"},{"floor":16.0,"key":"DuplicationPotion"},{"floor":19.0,"key":"FocusPotion"}],"is_trial":false,"path_per_floor":["M","M","$","$","?","R","?","R","T","M","R","E","M","M","R","B",null,"M","M","$","M","M","R","E","R","T","M","R","E","?","?","R","B"],"character_chosen":"DEFECT","items_purchased":["Toxic Egg 2","Coolheaded+1","Conserve Battery+1","Turbo+1","Redo+1"],"campfire_rested":5,"item_purchase_floors":[3,3,4,4,20],"current_hp_per_floor":[45,45,45,45,38,38,38,59,59,49,49,41,41,41,62,22,59,59,47,47,34,16,37,31,52,52,52,52,38,37,37,58,0,0],"gold":274,"neow_bonus":"ONE_RARE_RELIC","is_daily":false,"chose_seed":false,"campfire_upgraded":3,"win_rate":0.0,"timestamp":1609672591,"path_taken":["M","M","?","$","?","R","?","R","T","M","R","E","?","M","R","BOSS","M","M","$","M","M","R","E","R","T","M","R","E","?","?","R","BOSS"],"items_purchased_type":["Relic","Card","Card","Card","Card"],"build_version":"2020-12-22","purchased_purges":1,"victory":false,"max_hp_per_floor":[71,71,71,71,71,71,71,71,71,71,71,71,71,71,71,71,71,71,71,71,71,71,71,71,71,71,71,71,71,71,71,71,71,71],"card_choices":[{"not_picked":["Auto Shields","Steam"],"picked":"Leap","floor":1.0},{"not_picked":["Fusion","Redo"],"picked":"Defragment","floor":2.0},{"not_picked":["Turbo+1","Steam+1"],"picked":"Recycle+1","floor":10.0},{"not_picked":["Sweeping Beam","Reinforced Body+1"],"picked":"Chill+1","floor":12.0},{"not_picked":["Static Discharge","Beam Cell","Go for the Eyes"],"picked":"SKIP","floor":13.0},{"not_picked":["Coolheaded+1","Streamline"],"picked":"Ball Lightning","floor":14.0},{"not_picked":["Darkness+1","Stack+1"],"picked":"Ball Lightning","floor":15.0},{"not_picked":["Fission+1","All For One"],"picked":"Electrodynamics","floor":16.0},{"not_picked":["Conserve Battery+1","Leap+1","Recycle+1"],"picked":"SKIP","floor":18.0},{"not_picked":["Sweeping Beam+1","Force Field+1","Go for the Eyes"],"picked":"SKIP","floor":19.0},{"not_picked":["Compile Driver","Conserve Battery+1","Hyperbeam"],"picked":"SKIP","floor":21.0},{"not_picked":["Conserve Battery+1","Gash"],"picked":"Stack+1","floor":22.0},{"not_picked":["Barrage","Loop"],"picked":"Aggregate+1","floor":23.0},{"not_picked":["Rebound","Conserve Battery+1","Sunder"],"picked":"SKIP","floor":24.0},{"not_picked":["Coolheaded+1","Undo+1"],"picked":"Seek+1","floor":25.0},{"not_picked":["Reinforced Body+1","Rebound","BootSequence+1"],"picked":"SKIP","floor":27.0},{"not_picked":["Go for the Eyes","Ball Lightning+1"],"picked":"Blizzard+1","floor":29.0},{"not_picked":["Streamline","Glacier+1"],"picked":"Defragment","floor":30.0},{"not_picked":["Conserve Battery+1","Rebound"],"picked":"Gash","floor":32.0}],"player_experience":375565,"relics_obtained":[{"floor":9.0,"key":"War Paint"},{"floor":12.0,"key":"Dream Catcher"},{"floor":24.0,"key":"DataDisk"},{"floor":29.0,"key":"Tiny Chest"},{"floor":30.0,"key":"Peace Pipe"},{"floor":30.0,"key":"Meat on the Bone"}],"event_choices":[{"cards_removed":["Strike_B"],"damage_healed":0.0,"max_hp_gain":0.0,"max_hp_loss":0.0,"gold_gain":0.0,"event_name":"Golden Wing","player_choice":"Card Removal","floor":5.0,"gold_loss":0.0,"damage_taken":7.0},{"damage_healed":0.0,"max_hp_gain":0.0,"max_hp_loss":0.0,"gold_gain":0.0,"event_name":"Upgrade Shrine","player_choice":"Upgraded","floor":7.0,"gold_loss":0.0,"damage_taken":0.0,"cards_upgraded":["Zap"]},{"damage_healed":0.0,"max_hp_gain":0.0,"max_hp_loss":0.0,"gold_gain":0.0,"event_name":"Colosseum","player_choice":"Fight","floor":30.0,"gold_loss":0.0,"damage_taken":0.0},{"damage_healed":0.0,"max_hp_gain":0.0,"max_hp_loss":0.0,"gold_gain":0.0,"event_name":"Colosseum","player_choice":"Fought Nobs","floor":30.0,"gold_loss":0.0,"damage_taken":0.0},{"damage_healed":0.0,"max_hp_gain":0.0,"max_hp_loss":0.0,"gold_gain":0.0,"event_name":"Forgotten Altar","player_choice":"Smashed Altar","floor":31.0,"gold_loss":0.0,"damage_taken":0.0,"cards_obtained":["Decay"]}],"is_beta":false,"boss_relics":[{"not_picked":["Runic Pyramid","Philosopher\u0027s Stone"],"picked":"Cursed Key"}],"items_purged_floors":[20],"is_endless":false,"potions_floor_spawned":[2,10,16,19,27,29],"killed_by":"Automaton","ascension_level":20}}