{"host":"mytek2nu1hrzdnew","time":1609706046,"event":{"mods":["Aspiration","BaseMod","Clawfect","Conspire","Energized Spire","Evolution","GifTheSpireLib","Gold Saver","Hubris","Minty Spire (QoL Compilation)","Replay The Spire","Retaliation","StSLib","Stuff the Spire","The Blue Laboratory","Uncapped"],"gold_per_floor":[613,623,523,536,550,550,566,279,305,337,337,350,350,364,364,469,469,479,493,513,62,80,80,93,93,117,117,117,117,117],"floor_reached":29,"playtime":1271,"items_purged":["Defend_B","Defend_B"],"score":300,"play_id":"1d4e2424-ebcc-4af4-88aa-fe98025e4c5c","local_time":"20210103153406","is_ascension_mode":true,"campfire_choices":[{"data":"Genetic Algorithm","floor":6,"key":"SMITH"},{"floor":11,"key":"REST"},{"floor":13,"key":"REST"},{"data":"Coolheaded","floor":15,"key":"SMITH"},{"floor":23,"key":"REST"},{"data":"Clawfect:ScrapingClaw","floor":25,"key":"SMITH"},{"data":"Clawfect:ClawForTheEyes","floor":25,"key":"SMITH"}],"circlet_count":0,"master_deck":["Gash+1","Gash","Gash","Gash","Gash","Leap","Defend_B","Defend_B","Clawfect:ClawLightning","Gash","Clawfect:Clawter","Genetic Algorithm+1","Coolheaded+1","Clawfect:ClawingBeam","Clawfect:ClawForTheEyes+1","Replay:Bootleg Shield Generator","StuffTheSpire:Coldhearted","Clawfect:ClawingBeam","Gash","Clawfect:ScrapingClaw+1"],"relics":["Clawfect:DRClaw","EVO:Axolotl","hubris:RGBLights","hubris:BallOfYels","Omamori","Replay:Bronze Core","Replay:Arrowhead","StuffTheSpire:Gunfinga"],"acts_visited":["Exordium","TheCity"],"potions_floor_usage":[14,16,16,22,24],"damage_taken":[{"damage":2,"enemies":"Jaw Worm","floor":1,"turns":4},{"damage":0,"enemies":"Cultist","floor":2,"turns":4},{"damage":1,"enemies":"2 Louse","floor":4,"turns":3},{"damage":12,"enemies":"2 Fungi Beasts","floor":5,"turns":3},{"damage":23,"enemies":"Large Slime","floor":7,"turns":5},{"damage":21,"enemies":"3 Sentries","floor":10,"turns":5},{"damage":5,"enemies":"Blue Slaver","floor":12,"turns":3},{"damage":3,"enemies":"Lots of Slimes","floor":14,"turns":3},{"damage":42,"enemies":"The Guardian","floor":16,"turns":5},{"damage":4,"enemies":"Shell Parasite","floor":18,"turns":4},{"damage":14,"enemies":"3 Byrds","floor":19,"turns":5},{"damage":17,"enemies":"3 Cultists","floor":20,"turns":5},{"damage":21,"enemies":"Centurion and Healer","floor":22,"turns":4},{"damage":15,"enemies":"Sentry and Sphere","floor":24,"turns":4},{"damage":35,"enemies":"Gremlin Leader","floor":29,"turns":2}],"seed_played":"4040792499898847936","potions_obtained":[{"floor":5,"key":"PowerPotion"},{"floor":10,"key":"FocusPotion"},{"floor":22,"key":"blueLaboratory:FruitPunch"}],"is_trial":false,"path_per_floor":["M","M","?","M","M","R","M","$","T","E","R","M","R","M","R","B",null,"M","M","M","$","M","R","M","R","T","$","?","E"],"character_chosen":"DEFECT","items_purchased":["Clawfect:ClawingBeam","Clawfect:ClawForTheEyes","Adrenaline Potion","Replay:Bootleg Shield Generator","Replay:Arrowhead","ColorlessPotion"],"campfire_rested":3,"item_purchase_floors":[8,8,8,8,21,21],"current_hp_per_floor":[73,73,73,72,60,60,37,37,37,16,38,33,55,52,52,10,75,71,57,40,40,19,41,28,28,28,28,28,0,0],"gold":117,"neow_bonus":"UPGRADE_CARD","is_daily":false,"chose_seed":false,"campfire_upgraded":4,"win_rate":0.0,"timestamp":1609706046,"path_taken":["M","M","?","M","M","R","M","$","T","E","R","M","R","M","R","BOSS","M","M","M","$","M","R","M","R","T","?","?","E"],"items_purchased_type":["Card","Card","Potion","Card","Relic","Potion"],"build_version":"2020-12-22","purchased_purges":2,"victory":false,"max_hp_per_floor":[75,75,75,75,75,75,75,75,75,75,75,75,75,75,75,75,75,75,75,75,75,75,75,77,77,77,77,77,77,77],"card_choices":[{"not_picked":["Panic Button","Auto Shields"],"picked":"Clawfect:ClawLightning","floor":1},{"not_picked":["Tempest","Clawfect:ClawpileDriver"],"picked":"Gash","floor":2},{"not_picked":["Time Bomb","StuffTheSpire:LoadUp"],"picked":"Clawfect:Clawter","floor":4},{"not_picked":["Clawfect:ClawAndGloom","Clawfect:Clawline"],"picked":"Genetic Algorithm","floor":5},{"not_picked":["Redo","Lockon"],"picked":"Coolheaded","floor":7},{"not_picked":["Panic Button","FTL","Auto Shields"],"picked":"SKIP","floor":10},{"not_picked":["FIFO Queue","StuffTheSpire:Plugnplay"],"picked":"StuffTheSpire:Coldhearted","floor":12},{"not_picked":["Clawfect:Clawrage","StuffTheSpire:EventHorizon","Redo"],"picked":"SKIP","floor":14},{"not_picked":["Reinforced Body","Sunder"],"picked":"Clawfect:ClawingBeam","floor":18},{"not_picked":["ReplayTheSpireMod:Calculation Training","ReplayTheSpireMod:GoodbyeWorld+1","StuffTheSpire:NuclearReactor"],"picked":"SKIP","floor":19},{"not_picked":["Stack+1","BasicCrystalCard"],"picked":"Gash","floor":20},{"not_picked":["conspire:Rain","Turbo","Capacitor"],"picked":"SKIP","floor":22},{"not_picked":["BasicCrystalCard+1","Blizzard"],"picked":"Clawfect:ScrapingClaw","floor":24}],"player_experience":1013226,"relics_obtained":[{"floor":9,"key":"hubris:BallOfYels"},{"floor":10,"key":"Omamori"},{"floor":26,"key":"StuffTheSpire:Gunfinga"}],"event_choices":[{"damage_healed":0,"gold_gain":0,"player_choice":"Paid Gold","damage_taken":0,"relics_obtained":["hubris:RGBLights"],"max_hp_gain":0,"max_hp_loss":0,"event_name":"WeMeetAgain","floor":3,"gold_loss":100}],"is_beta":false,"boss_relics":[{"not_picked":["Painkiller Herb","aspiration:IroncladSkillbook"],"picked":"Replay:Bronze Core"}],"items_purged_floors":[8,21],"is_endless":false,"potions_floor_spawned":[5,7,10,20,22],"killed_by":"Gremlin Leader","ascension_level":4}}