{"host":"mydft8i2zzydgggw","time":1609691638,"event":{"mods":["AchievementEnabler","BaseMod","Colored Map","Colored Powertips","Minty Spire (QoL Compilation)","StSLib","The Hierophant","The Poker Player","The Runesmith"],"gold_per_floor":[117,67,67,142,69,100,59,88,88,19,19,94,106,124,124,225,275,289,18,38,55,5,5,5],"floor_reached":23,"playtime":622,"items_purged":["Strike_B","Strike_B"],"score":284,"play_id":"721fd1ed-c226-458e-9530-be7954049655","local_time":"20210104013358","is_ascension_mode":true,"campfire_choices":[{"data":"Rainbow","floor":11,"key":"SMITH"},{"data":"Darkness","floor":15,"key":"SMITH"}],"circlet_count":0,"master_deck":["Strike_B","Defend_B","Defend_B+1","Defend_B","Defend_B","Zap","Dualcast","Barrage","Rainbow+1","Darkness+1","Loop","Conserve Battery","Fusion","Capacitor","Electrodynamics","Skim","Chill"],"relics":["Cracked Core","NeowsBlessing","Darkstone Periapt","Centennial Puzzle","Cables","Tiny House","Membership Card","Dream Catcher"],"acts_visited":["Exordium","TheCity"],"potions_floor_usage":[16,23,23,23],"damage_taken":[{"damage":0,"enemies":"2 Louse","floor":1,"turns":1},{"damage":0,"enemies":"Gremlin Nob","floor":6,"turns":1},{"damage":0,"enemies":"Lagavulin","floor":8,"turns":1},{"damage":3,"enemies":"Jaw Worm","floor":13,"turns":3},{"damage":6,"enemies":"Small Slimes","floor":14,"turns":2},{"damage":33,"enemies":"Slime Boss","floor":16,"turns":8},{"damage":9,"enemies":"Spheric Guardian","floor":18,"turns":3},{"damage":18,"enemies":"Chosen","floor":20,"turns":5},{"damage":33,"enemies":"Snake Plant","floor":21,"turns":4},{"damage":21,"enemies":"Book of Stabbing","floor":23,"turns":4}],"seed_played":"-7424055606687070127","potions_obtained":[{"floor":1,"key":"LiquidBronze"},{"floor":13,"key":"SpeedPotion"},{"floor":14,"key":"Block Potion"},{"floor":16,"key":"EssenceOfSteel"},{"floor":17,"key":"ColorlessPotion"},{"floor":18,"key":"Swift Potion"}],"is_trial":false,"path_per_floor":["M","?","?","?","$","E","$","E","T","$","R","?","M","M","R","B",null,"M","$","M","M","$","E"],"character_chosen":"DEFECT","items_purchased":["Rainbow","Loop","Fusion","Membership Card","Dream Catcher"],"campfire_rested":0,"item_purchase_floors":[5,7,10,19,19],"current_hp_per_floor":[75,75,68,57,57,57,57,57,57,57,57,50,47,41,41,8,80,71,71,53,20,20,0,0],"gold":5,"neow_bonus":"THREE_ENEMY_KILL","is_daily":false,"chose_seed":false,"campfire_upgraded":2,"win_rate":0.0,"timestamp":1609691638,"path_taken":["M","?","?","?","?","E","$","E","T","$","R","?","M","M","R","BOSS","M","?","M","?","?","E"],"items_purchased_type":["Card","Card","Card","Relic","Relic"],"build_version":"2020-12-22","purchased_purges":2,"victory":false,"max_hp_per_floor":[75,75,75,75,75,75,75,75,75,75,75,75,75,75,75,75,80,80,80,80,80,80,80,80],"card_choices":[{"not_picked":["Auto Shields","Coolheaded"],"picked":"Barrage","floor":1},{"not_picked":["Turbo","Skim"],"picked":"Darkness","floor":6},{"not_picked":["Rebound","Core Surge"],"picked":"Conserve Battery","floor":8},{"not_picked":["Steam","Static Discharge","Barrage"],"picked":"SKIP","floor":13},{"not_picked":["Undo","Gash"],"picked":"Capacitor","floor":14},{"not_picked":["Meteor Strike","Hyperbeam"],"picked":"Electrodynamics","floor":16},{"not_picked":["Ball Lightning+1","Cold Snap","Steam+1"],"picked":"SKIP","floor":18},{"not_picked":["Cold Snap","Consume+1"],"picked":"Skim","floor":20},{"not_picked":["Leap","Conserve Battery"],"picked":"Chill","floor":21}],"player_experience":79938,"relics_obtained":[{"floor":6,"key":"Centennial Puzzle"},{"floor":8,"key":"Cables"}],"event_choices":[{"cards_removed":["Strike_B"],"damage_healed":0,"gold_gain":0,"player_choice":"Card Removal","damage_taken":0,"max_hp_gain":0,"max_hp_loss":0,"event_name":"The Cleric","floor":2,"gold_loss":50},{"damage_healed":0,"gold_gain":0,"player_choice":"Success","damage_taken":7,"relics_obtained":["Darkstone Periapt"],"max_hp_gain":0,"max_hp_loss":0,"event_name":"Scrap Ooze","floor":3,"gold_loss":0},{"damage_healed":0,"gold_gain":75,"player_choice":"Gather Gold","damage_taken":11,"max_hp_gain":0,"max_hp_loss":0,"event_name":"World of Goop","floor":4,"gold_loss":0},{"damage_healed":0,"gold_gain":75,"player_choice":"Touch","damage_taken":7,"max_hp_gain":0,"max_hp_loss":0,"event_name":"FaceTrader","floor":12,"gold_loss":0}],"is_beta":false,"boss_relics":[{"not_picked":["Coffee Dripper","Fusion Hammer"],"picked":"Tiny House"}],"items_purged_floors":[19,22],"is_endless":false,"potions_floor_spawned":[1,13,14,16,18],"killed_by":"Book of Stabbing","ascension_level":3}}