{"host":"szp1d6dso4pv7ddl","time":1609651794,"event":{"mods":["AchievementEnabler","Alarm Clock","BaseMod","Bestiary","Block Reminder","Colored Map","Colored Powertips","Curses Come First","Displayed Cursed Tome","Highlight Path","Minty Spire (QoL Compilation)","Permanent Neow","Quick Restart","Relic Sorter","Relic Stats","StSLib","Synergy Search"],"gold_per_floor":[113,113,113,131,306,306,306,306,306,338,349,364,79,95,95,192,192,192,116,116,56,56,56,56,56,56,56,56,56,56,56,56,56,56],"floor_reached":33,"playtime":1488,"items_purged":[],"score":424,"play_id":"0e405884-7ce9-4137-adbf-44239d39161a","local_time":"20210102212954","is_ascension_mode":true,"campfire_choices":[{"data":"Rampage","floor":6.0,"key":"SMITH"},{"data":"Heavy Blade","floor":15.0,"key":"SMITH"},{"floor":23,"key":"REST"},{"floor":29,"key":"REST"},{"data":"Metallicize","floor":32,"key":"SMITH"}],"circlet_count":0,"master_deck":["AscendersBane","Strike_R","Strike_R","Strike_R","Strike_R+1","Strike_R+1","Defend_R","Defend_R","Defend_R+1","Bash","Rampage+1","Iron Wave","Disarm","Cleave","Perfected Strike","Metallicize+1","Heavy Blade+1","Spot Weakness","Double Tap","Offering","Iron Wave","Headbutt+1","Spot Weakness","Flex","Power Through","Heavy Blade+1"],"relics":["Burning Blood","Letter Opener","CaptainsWheel","Omamori","Sundial","Orrery","Ectoplasm","Red Skull","Whetstone","StoneCalendar"],"acts_visited":["Exordium","TheCity"],"potions_floor_usage":[33],"damage_taken":[{"damage":10.0,"enemies":"Jaw Worm","floor":1.0,"turns":5.0},{"damage":6.0,"enemies":"Cultist","floor":4.0,"turns":3.0},{"damage":16.0,"enemies":"3 Sentries","floor":10.0,"turns":9.0},{"damage":9.0,"enemies":"2 Louse","floor":11.0,"turns":2.0},{"damage":31.0,"enemies":"Gremlin Gang","floor":12.0,"turns":4.0},{"damage":0.0,"enemies":"2 Fungi Beasts","floor":14.0,"turns":2.0},{"damage":26.0,"enemies":"The Guardian","floor":16.0,"turns":11.0},{"damage":6,"enemies":"3 Byrds","floor":18,"turns":5},{"damage":22,"enemies":"2 Thieves","floor":21,"turns":4},{"damage":20,"enemies":"Gremlin Leader","floor":24,"turns":4},{"damage":13,"enemies":"Snake Plant","floor":27,"turns":4},{"damage":18,"enemies":"Snecko","floor":30,"turns":5},{"damage":6,"enemies":"3 Cultists","floor":31,"turns":4},{"damage":91,"enemies":"Automaton","floor":33,"turns":6}],"seed_played":"-3916485457791097136","potions_obtained":[{"floor":1.0,"key":"PowerPotion"},{"floor":12.0,"key":"Weak Potion"},{"floor":24,"key":"LiquidMemories"},{"floor":30,"key":"BlessingOfTheForge"}],"is_trial":false,"path_per_floor":["M","?","?","M","?","R","?","?","T","E","M","M","$","M","R","B",null,"M","$","?","M","?","R","E","T","T","M","?","R","M","M","R","B"],"character_chosen":"IRONCLAD","items_purchased":["Metallicize","Fruit Juice","Orrery","Spot Weakness"],"campfire_rested":2,"item_purchase_floors":[13,13,13,19],"current_hp_per_floor":[68,54,54,54,54,54,47,72,72,62,59,34,39,45,45,25,64,64,64,64,48,34,58,44,44,44,37,37,61,49,49,49,0,0],"gold":56,"neow_bonus":"ONE_RARE_RELIC","is_daily":false,"chose_seed":false,"campfire_upgraded":3,"win_rate":0.0,"timestamp":1609651794,"path_taken":["M","?","?","?","?","R","?","?","T","E","M","M","$","?","R","BOSS","M","$","?","M","?","R","E","?","T","M","?","R","M","?","R","BOSS"],"items_purchased_type":["Card","Potion","Relic","Card"],"build_version":"2020-12-22","purchased_purges":0,"victory":false,"max_hp_per_floor":[72,72,72,72,72,72,72,72,72,72,72,72,77,77,77,77,77,77,77,77,77,82,82,82,82,82,82,82,82,82,82,82,82,82],"relic_stats":{"counters":[14,68],"Sundial":[4],"StoneCalendar":[0],"Ectoplasm":173,"Letter Opener":[31],"Whetstone":["Strike_R","Headbutt"],"obtain_stats":[{"CaptainsWheel":0,"Sundial":10,"Orrery":13,"StoneCalendar":26,"Ectoplasm":17,"Omamori":9,"Whetstone":24,"Letter Opener":25,"Burning Blood":0,"Red Skull":20},{"CaptainsWheel":0,"Sundial":3,"Orrery":5,"StoneCalendar":10,"Ectoplasm":7,"Omamori":2,"Whetstone":10,"Letter Opener":10,"Burning Blood":0,"Red Skull":8},{"CaptainsWheel":0,"Sundial":17,"Orrery":23,"StoneCalendar":49,"Ectoplasm":36,"Omamori":8,"Whetstone":49,"Letter Opener":49,"Burning Blood":0,"Red Skull":41}],"Burning Blood":78},"card_choices":[{"not_picked":["Power Through","Heavy Blade"],"picked":"Rampage","floor":1.0},{"not_picked":["Sword Boomerang","Clothesline"],"picked":"Iron Wave","floor":4.0},{"not_picked":["Thunderclap","Second Wind"],"picked":"Disarm","floor":10.0},{"not_picked":["Havoc","Disarm"],"picked":"Cleave","floor":11.0},{"not_picked":["Searing Blow","Clothesline"],"picked":"Perfected Strike","floor":12.0},{"not_picked":["Shrug It Off","Offering"],"picked":"Heavy Blade","floor":13.0},{"not_picked":["Anger","Iron Wave"],"picked":"Spot Weakness","floor":13.0},{"not_picked":["Clothesline","Pommel Strike"],"picked":"Double Tap","floor":13.0},{"not_picked":["Perfected Strike","Wild Strike"],"picked":"Offering","floor":13.0},{"not_picked":["Clothesline","Battle Trance"],"picked":"Iron Wave","floor":14.0},{"not_picked":["Anger+1","Flame Barrier"],"picked":"Headbutt","floor":18},{"not_picked":["Rage+1","Headbutt"],"picked":"Flex","floor":21},{"not_picked":["Dark Embrace","Clash","Rampage+1"],"picked":"SKIP","floor":24},{"not_picked":["Anger","Wild Strike","Pommel Strike"],"picked":"SKIP","floor":27},{"not_picked":["Combust","Headbutt"],"picked":"Power Through","floor":30},{"not_picked":["Battle Trance","Bloodletting"],"picked":"Heavy Blade+1","floor":31}],"player_experience":1104445,"relics_obtained":[{"floor":9.0,"key":"Omamori"},{"floor":10.0,"key":"Sundial"},{"floor":24,"key":"Whetstone"},{"floor":25,"key":"Letter Opener"},{"floor":26,"key":"StoneCalendar"}],"event_choices":[{"damage_healed":0.0,"max_hp_gain":0.0,"max_hp_loss":0.0,"gold_gain":0.0,"event_name":"Shining Light","player_choice":"Entered Light","floor":2.0,"gold_loss":0.0,"damage_taken":14.0,"cards_upgraded":["Strike_R","Defend_R"]},{"damage_healed":0.0,"max_hp_gain":0.0,"max_hp_loss":0.0,"gold_gain":0.0,"cards_transformed":["Defend_R"],"event_name":"Transmorgrifier","player_choice":"Transformed","floor":3.0,"gold_loss":0.0,"damage_taken":0.0,"cards_obtained":["Bloodletting"]},{"damage_healed":0.0,"max_hp_gain":0.0,"max_hp_loss":0.0,"gold_gain":175.0,"event_name":"Liars Game","player_choice":"AGREE","floor":5.0,"gold_loss":0.0,"damage_taken":0.0,"cards_obtained":["Doubt"]},{"cards_removed":["Doubt"],"damage_healed":0.0,"max_hp_gain":0.0,"max_hp_loss":0.0,"gold_gain":0.0,"event_name":"Golden Wing","player_choice":"Card Removal","floor":7.0,"gold_loss":0.0,"damage_taken":7.0},{"cards_removed":["Bloodletting"],"damage_healed":25.0,"max_hp_gain":0.0,"max_hp_loss":0.0,"gold_gain":0.0,"event_name":"Bonfire Elementals","player_choice":"Offered Uncommon","floor":8.0,"gold_loss":0.0,"damage_taken":0.0},{"damage_healed":0,"gold_gain":0,"player_choice":"Opened","damage_taken":0,"relics_obtained":["Red Skull"],"max_hp_gain":0,"max_hp_loss":0,"event_name":"The Mausoleum","floor":20,"gold_loss":0},{"damage_healed":0,"gold_gain":0,"player_choice":"Shed Blood","damage_taken":19,"max_hp_gain":5,"max_hp_loss":0,"event_name":"Forgotten Altar","floor":22,"gold_loss":0},{"damage_healed":0,"gold_gain":0,"player_choice":"Ignored","damage_taken":0,"max_hp_gain":0,"max_hp_loss":0,"event_name":"Vampires","floor":28,"gold_loss":0}],"is_beta":false,"boss_relics":[{"not_picked":["Coffee Dripper","Runic Pyramid"],"picked":"Ectoplasm"}],"items_purged_floors":[],"is_endless":false,"potions_floor_spawned":[1,12,24,30],"killed_by":"Automaton","ascension_level":12}}