{"host":"ta9mufxydm4vkknf","time":1609706301,"event":{"mods":["AchievementEnabler","BaseMod","Minty Spire (QoL Compilation)","Quick Restart"],"gold_per_floor":[114,114,114,39,49,81,101,101,101,117,117,142,154,201,213,323,335,360,372,399,411,442,484,496,538,550,562,562],"floor_reached":27,"playtime":1058,"items_purged":["Defend_B"],"score":413,"play_id":"fa59c777-7369-4c53-adce-1851b752fa12","local_time":"20210103213821","is_ascension_mode":true,"campfire_choices":[{"data":"Redo","floor":8,"key":"SMITH"},{"data":"Zap","floor":11,"key":"SMITH"},{"floor":15,"key":"REST"},{"floor":24,"key":"REST"}],"circlet_count":0,"master_deck":["Strike_B","Strike_B","Strike_B","Defend_B","Defend_B","Defend_B","Zap+1","Dualcast","Redo+1","Auto Shields","BootSequence+1","Sweeping Beam","Self Repair+1","Amplify","Leap","Buffer","Storm","Recycle","Biased Cognition","Steam","Turbo"],"relics":["Cracked Core","NeowsBlessing","Mercury Hourglass","Tiny Chest","Mummified Hand","MawBank","Vajra","Fusion Hammer","Nilry\u0027s Codex","Question Card","Shuriken","Bottled Lightning"],"acts_visited":["Exordium","TheCity"],"potions_floor_usage":[12,22,23,23],"damage_taken":[{"damage":0,"enemies":"Jaw Worm","floor":1,"turns":1},{"damage":0,"enemies":"Small Slimes","floor":5,"turns":1},{"damage":0,"enemies":"Lagavulin","floor":6,"turns":1},{"damage":0,"enemies":"2 Louse","floor":7,"turns":2},{"damage":0,"enemies":"Gremlin Gang","floor":10,"turns":2},{"damage":0,"enemies":"3 Sentries","floor":12,"turns":4},{"damage":29,"enemies":"Gremlin Nob","floor":14,"turns":4},{"damage":17,"enemies":"The Guardian","floor":16,"turns":12},{"damage":14,"enemies":"Shell Parasite","floor":18,"turns":7},{"damage":1,"enemies":"Spheric Guardian","floor":20,"turns":3},{"damage":10,"enemies":"Shelled Parasite and Fungi","floor":22,"turns":3},{"damage":0,"enemies":"Slavers","floor":23,"turns":1},{"damage":29,"enemies":"Book of Stabbing","floor":25,"turns":5},{"damage":70,"enemies":"Slavers","floor":27,"turns":4}],"seed_played":"57124581074788516","potions_obtained":[{"floor":5,"key":"Ancient Potion"},{"floor":6,"key":"Block Potion"},{"floor":7,"key":"Energy Potion"},{"floor":14,"key":"EntropicBrew"},{"floor":20,"key":"DuplicationPotion"},{"floor":23,"key":"Strength Potion"}],"is_trial":false,"path_per_floor":["M","?","?","$","M","E","M","R","T","M","R","E","?","E","R","B",null,"M","$","M","?","M","E","R","E","T","E"],"character_chosen":"DEFECT","items_purchased":[],"campfire_rested":2,"item_purchase_floors":[],"current_hp_per_floor":[75,68,61,61,61,61,61,61,61,61,61,68,53,34,56,49,75,71,71,75,59,59,59,75,56,56,0,0],"gold":562,"neow_bonus":"THREE_ENEMY_KILL","is_daily":false,"chose_seed":false,"campfire_upgraded":2,"win_rate":0.0,"timestamp":1609706301,"path_taken":["M","?","?","?","M","E","M","R","T","M","R","E","?","E","R","BOSS","M","$","M","?","M","E","R","E","T","E"],"items_purchased_type":[],"build_version":"2020-12-22","purchased_purges":1,"victory":false,"max_hp_per_floor":[75,75,75,75,75,75,75,75,75,75,75,75,75,75,75,75,75,75,75,75,75,75,75,75,75,75,75,75],"card_choices":[{"not_picked":["Steam Power","Gash"],"picked":"Redo","floor":1},{"not_picked":["Doom and Gloom","Rip and Tear"],"picked":"Auto Shields","floor":5},{"not_picked":["Force Field","Go for the Eyes"],"picked":"BootSequence","floor":6},{"not_picked":["Rebound","Stack"],"picked":"Sweeping Beam","floor":7},{"not_picked":["Barrage","Scrape"],"picked":"Self Repair","floor":10},{"not_picked":["Conserve Battery","Barrage"],"picked":"Amplify","floor":12},{"not_picked":["Hologram","Scrape"],"picked":"Leap","floor":14},{"not_picked":["Biased Cognition","Thunder Strike"],"picked":"Buffer","floor":16},{"not_picked":["Gash","Redo"],"picked":"Storm","floor":18},{"not_picked":["Sweeping Beam","Stack+1"],"picked":"Recycle","floor":20},{"not_picked":["Stack","Sunder"],"picked":"Biased Cognition","floor":22},{"not_picked":["Coolheaded","Amplify"],"picked":"Steam","floor":23},{"not_picked":["Hyperbeam","Streamline","Coolheaded+1"],"picked":"Turbo","floor":25}],"player_experience":179532,"relics_obtained":[{"floor":6,"key":"Tiny Chest"},{"floor":9,"key":"Mummified Hand"},{"floor":12,"key":"MawBank"},{"floor":14,"key":"Vajra"},{"floor":21,"key":"Nilry\u0027s Codex"},{"floor":23,"key":"Question Card"},{"floor":25,"key":"Shuriken"},{"floor":26,"key":"Bottled Lightning"}],"event_choices":[{"cards_removed":["Strike_B"],"damage_healed":0,"gold_gain":0,"player_choice":"Card Removal","damage_taken":7,"max_hp_gain":0,"max_hp_loss":0,"event_name":"Golden Wing","floor":2,"gold_loss":0},{"damage_healed":0,"gold_gain":0,"player_choice":"Success","damage_taken":7,"relics_obtained":["Mercury Hourglass"],"max_hp_gain":0,"max_hp_loss":0,"event_name":"Scrap Ooze","floor":3,"gold_loss":0},{"damage_healed":0,"gold_gain":0,"player_choice":"Entered Light","damage_taken":15,"max_hp_gain":0,"max_hp_loss":0,"event_name":"Shining Light","floor":13,"gold_loss":0,"cards_upgraded":["Self Repair","BootSequence"]},{"damage_healed":0,"gold_gain":0,"player_choice":"Obtained Book","damage_taken":16,"max_hp_gain":0,"max_hp_loss":0,"event_name":"Cursed Tome","floor":21,"gold_loss":0}],"is_beta":false,"boss_relics":[{"not_picked":["Velvet Choker","Tiny House"],"picked":"Fusion Hammer"}],"items_purged_floors":[4],"is_endless":false,"potions_floor_spawned":[5,6,7,14,18,20,23],"killed_by":"Slavers","ascension_level":4}}