{"host":"15f3wpiimhe5yrng","time":1609639158,"event":{"mods":["2.2 Compatiblity","Arknights The Spire","BaseMod","Bestiary","Better Altar","Better Match","Better Note","Better Sensory Stone","Better Skull","Better Third Choice","Colored Map","Colored Powertips","Downfall","Evolution","Marisa????????","Minty Spire (QoL Compilation)","Permanent Neow","Relic Filter","SacredBarkPlus","Spicy Shops","StSLib","The Animator","The Caster","The Marked","The Poker Player","TheSwordswoman","??????REMEMod"],"gold_per_floor":[11,31,50,50,50,77,77,106,106,106,123,123,48,59,59,161,161,171,171,171,184,197,223,69,102,102,102,102,129,149,159,159,256,256,275,275,287,337,2,2,33,33,60,60,60,160,171,186,186,186],"floor_reached":51,"playtime":3071,"items_purged":[],"score":810,"play_id":"10bffad2-3510-465d-b1c8-01dfc5519e96","local_time":"20210103025918","is_ascension_mode":false,"campfire_choices":[{"data":"REME_MawOfCthun","floor":7.0,"key":"SMITH"},{"data":"1","floor":10.0,"key":"LIFT"},{"data":"2","floor":12.0,"key":"LIFT"},{"data":"3","floor":15.0,"key":"LIFT"},{"data":"blazmod:PerennialBeauty","floor":32,"key":"SMITH"},{"data":"REME_WheelOfFate","floor":40,"key":"SMITH"},{"data":"blazmod:PerennialBeauty","floor":42,"key":"SMITH"},{"data":"blazmod:FleetOfFoot","floor":45,"key":"SMITH"},{"data":"blazmod:ClearTheMind","floor":49,"key":"SMITH"}],"circlet_count":0,"master_deck":["blazmod:Strike","blazmod:Defend","blazmod:Defend","blazmod:Defend","blazmod:ButterflyEffect","blazmod:Kyokasuigetsu+1","animator:TanyaDegurechaff+1","blazmod:PhysicalEndurance","blazmod:OneWithNature","blazmod:ButterFlutter","REME_MawOfCthun+1","blazmod:FortifiedVigor","blazmod:FlashRock","blazmod:FortifiedVigor","blazmod:HarmonyComplete+1","blazmod:TrueSelf","blazmod:SidewaySolace+1","expansioncontent:DashGenerateEvil+1","blazmod:FlashRock+1","blazmod:PerennialBeauty+1","blazmod:ButterFlutter+1","blazmod:StanceChange+1","blazmod:PerennialBeauty+1","blazmod:FlashRock+1","REME_WheelOfFate+1","blazmod:FleetOfFoot+1","blazmod:ClearTheMind+1"],"relics":["blazmod:Venustas","EVO:Axolotl","REME_ComplimentaryCards","Bag of Marbles","Odd Mushroom","Girya","Philosopher\u0027s Stone","Vajra","Bird Faced Urn","Bronze Scales","Mercury Hourglass","blazmod:EightLifeKatana","MutagenicStrength","Pen Nib","blazmod:ConfectionCutter","Runic Pyramid","FossilizedHelix","Anchor","Bag of Preparation"],"acts_visited":["Exordium","TheCity","TheBeyond"],"potions_floor_usage":[33,33,33,33,33],"damage_taken":[{"damage":0.0,"enemies":"2 Louse","floor":1.0,"turns":3.0},{"damage":0.0,"enemies":"Small Slimes","floor":2.0,"turns":4.0},{"damage":0.0,"enemies":"Cultist","floor":3.0,"turns":4.0},{"damage":3.0,"enemies":"Lagavulin","floor":6.0,"turns":7.0},{"damage":0.0,"enemies":"The Mushroom Lair","floor":8.0,"turns":2.0},{"damage":0.0,"enemies":"Lots of Slimes","floor":11.0,"turns":1.0},{"damage":0.0,"enemies":"Blue Slaver","floor":14.0,"turns":2.0},{"damage":7.0,"enemies":"The Guardian","floor":16.0,"turns":11.0},{"damage":0.0,"enemies":"2 Thieves","floor":18.0,"turns":1.0},{"damage":0,"enemies":"Shell Parasite","floor":21,"turns":1},{"damage":0,"enemies":"Cultist and Chosen","floor":22,"turns":2},{"damage":3,"enemies":"Slavers","floor":23,"turns":5},{"damage":4,"enemies":"Book of Stabbing","floor":25,"turns":3},{"damage":0,"enemies":"Gremlin Leader","floor":29,"turns":4},{"damage":4,"enemies":"Snake Plant","floor":30,"turns":2},{"damage":0,"enemies":"Shelled Parasite and Fungi","floor":31,"turns":3},{"damage":3,"enemies":"Automaton","floor":33,"turns":4},{"damage":7,"enemies":"3 Shapes","floor":35,"turns":3},{"damage":1,"enemies":"3 Darklings","floor":37,"turns":2},{"damage":0,"enemies":"Mind Bloom Boss Battle","floor":38,"turns":2},{"damage":0,"enemies":"Nemesis","floor":41,"turns":5},{"damage":0,"enemies":"Maw","floor":46,"turns":3},{"damage":0,"enemies":"Writhing Mass","floor":47,"turns":2},{"damage":0,"enemies":"Spire Growth","floor":48,"turns":2},{"damage":0,"enemies":"Time Eater","floor":50,"turns":5}],"seed_played":"-8896539478465946507","potions_obtained":[{"floor":1.0,"key":"GamblersBrew"},{"floor":8.0,"key":"Ancient Potion"},{"floor":11.0,"key":"EntropicBrew"},{"floor":21,"key":"SpeedPotion"},{"floor":33,"key":"Block Potion"},{"floor":37,"key":"AttackPotion"},{"floor":41,"key":"Guardian:BlockOnCardUsePotion"}],"is_trial":false,"path_per_floor":["M","M","M","?","?","E","R","?","T","R","M","R","?","M","R","B",null,"M","?","?","M","M","E","$","E","T","?","?","E","M","M","R","B",null,"M","?","M","?","$","R","E","R","T","$","R","M","M","M","R","B",null],"character_chosen":"THE_SWORDSWOMAN","items_purchased":["Bronze Scales","REME_WheelOfFate","Anchor"],"campfire_rested":0,"item_purchase_floors":[24,39,39],"current_hp_per_floor":[40,40,40,36,36,33,33,33,33,33,33,33,33,33,33,26,40,40,40,40,40,40,37,37,33,33,33,15,15,11,11,11,8,40,33,33,32,32,32,32,40,40,40,40,40,40,40,40,40,40],"gold":186,"neow_bonus":"REMOVE_TWO","is_daily":false,"chose_seed":false,"campfire_upgraded":6,"win_rate":0.0,"timestamp":1609639158,"path_taken":["M","M","M","?","?","E","R","?","T","R","M","R","?","?","R","BOSS","M","?","?","M","?","E","$","E","T","?","?","E","M","M","R","BOSS","M","?","M","?","$","R","E","R","T","?","R","M","M","?","R","BOSS"],"items_purchased_type":["Relic","Card","Relic"],"build_version":"2020-12-22","purchased_purges":0,"victory":true,"max_hp_per_floor":[40,40,40,40,40,40,40,40,40,40,40,40,40,40,40,40,40,40,40,40,40,40,40,40,40,40,40,40,40,40,40,40,40,40,40,40,40,40,40,40,40,40,40,40,40,40,40,40,40,40],"card_choices":[{"not_picked":["blazmod:FlyFlyAgain","blazmod:StanceChange"],"picked":"blazmod:PhysicalEndurance","floor":1.0},{"not_picked":["blazmod:MentalFocus","blazmod:BlindingFlash"],"picked":"blazmod:OneWithNature","floor":2.0},{"not_picked":["blazmod:SidewaySolace","blazmod:OpenSpirit"],"picked":"blazmod:ButterFlutter","floor":3.0},{"not_picked":["expansioncontent:GoopSpray","expansioncontent:Corrupt"],"picked":"REME_MawOfCthun","floor":5.0},{"not_picked":["blazmod:ButterFlutter","blazmod:MentalFocus"],"picked":"blazmod:FortifiedVigor","floor":6.0},{"not_picked":["blazmod:FortifiedVigor","blazmod:PhysicalEndurance"],"picked":"blazmod:FlashRock","floor":8.0},{"not_picked":["blazmod:Valiance","blazmod:PhysicalEndurance"],"picked":"blazmod:FortifiedVigor","floor":11.0},{"not_picked":["blazmod:FleetingDawn+1","blazmod:PureOfSoul+1"],"picked":"blazmod:HarmonyComplete+1","floor":13.0},{"not_picked":["blazmod:PhysicalEndurance","blazmod:MyEverything","blazmod:Trasient"],"picked":"SKIP","floor":14.0},{"not_picked":["blazmod:NaturesBeauty","blazmod:DawnflutterDance"],"picked":"blazmod:TrueSelf","floor":16.0},{"not_picked":["blazmod:FocusThroughFalls","blazmod:SureOfHand"],"picked":"blazmod:SidewaySolace+1","floor":18.0},{"not_picked":["blazmod:FleetOfFoot","blazmod:DrippingWaterHollowsStone","blazmod:Valiance"],"picked":"SKIP","floor":21},{"not_picked":["blazmod:FleetOfFoot","blazmod:QuickBlade"],"picked":"blazmod:FlashRock+1","floor":22},{"not_picked":["blazmod:KatanaStrike","blazmod:NaturesBeauty","blazmod:Valiance"],"picked":"SKIP","floor":23},{"not_picked":["blazmod:BoulderFlash+1","blazmod:FlashRock"],"picked":"blazmod:PerennialBeauty","floor":25},{"not_picked":["blazmod:Trasient+1","blazmod:HarmonyComplete"],"picked":"blazmod:ButterFlutter+1","floor":29},{"not_picked":["blazmod:UnderPurifyingWaters","blazmod:ButterFlutter"],"picked":"blazmod:StanceChange+1","floor":30},{"not_picked":["blazmod:FortifiedVigor","blazmod:ButterFlutter","blazmod:Trasient"],"picked":"SKIP","floor":31},{"not_picked":["blazmod:Setsuna","blazmod:DawnflutterDance"],"picked":"blazmod:PerennialBeauty","floor":33},{"not_picked":["blazmod:Trasient+1","blazmod:BlindBlade","blazmod:DrippingWaterHollowsStone"],"picked":"SKIP","floor":35},{"not_picked":["blazmod:Crosscut+1","blazmod:Unrestrained+1","blazmod:MentalFocus+1"],"picked":"SKIP","floor":37},{"not_picked":["blazmod:LoveAndHonor","blazmod:Lockswords"],"picked":"blazmod:FlashRock+1","floor":38},{"not_picked":["blazmod:FocusThroughFalls","blazmod:SidewaySolace"],"picked":"blazmod:FleetOfFoot","floor":41},{"not_picked":["blazmod:CastAwayDew","blazmod:Valiance+1","blazmod:ButterFlutter+1"],"picked":"SKIP","floor":46},{"not_picked":["blazmod:FleetOfFoot","blazmod:RevolvingPhoenix+1","blazmod:MindAtPeace"],"picked":"SKIP","floor":47},{"not_picked":["blazmod:RevolvingPhoenix","blazmod:FortifiedVigor+1"],"picked":"blazmod:ClearTheMind","floor":48}],"player_experience":123597,"relics_obtained":[{"floor":6.0,"key":"Bag of Marbles"},{"floor":8.0,"key":"Odd Mushroom"},{"floor":9.0,"key":"Girya"},{"floor":23,"key":"Bird Faced Urn"},{"floor":25,"key":"Mercury Hourglass"},{"floor":26,"key":"blazmod:EightLifeKatana"},{"floor":29,"key":"blazmod:ConfectionCutter"},{"floor":38,"key":"FossilizedHelix"},{"floor":41,"key":"Bag of Preparation"}],"event_choices":[{"damage_healed":0.0,"max_hp_gain":0.0,"max_hp_loss":0.0,"gold_gain":1.0,"event_name":"betterStone:BetterStone","player_choice":"1","floor":5.0,"gold_loss":0.0,"damage_taken":0.0},{"damage_healed":0.0,"max_hp_gain":0.0,"max_hp_loss":0.0,"gold_gain":0.0,"event_name":"Mushrooms","player_choice":"Fought Mushrooms","floor":8.0,"gold_loss":0.0,"damage_taken":0.0},{"damage_healed":0.0,"max_hp_gain":0.0,"max_hp_loss":0.0,"gold_gain":0.0,"event_name":"betterMatch:BetterMatch","player_choice":"2","floor":13.0,"gold_loss":0.0,"damage_taken":0.0,"cards_obtained":["betterMatch:UncommonCard"]},{"cards_removed":["REME_MawOfCthun"],"damage_healed":0,"gold_gain":0,"player_choice":"Take \u0026 Give","damage_taken":0,"max_hp_gain":0,"max_hp_loss":0,"event_name":"betterNote:BetterNote","floor":19,"gold_loss":0,"cards_obtained":["expansioncontent:DashGenerateEvil"]},{"damage_healed":0,"gold_gain":0,"player_choice":"Gave Potion","damage_taken":0,"relics_obtained":["Vajra"],"max_hp_gain":0,"max_hp_loss":0,"event_name":"WeMeetAgain","floor":20,"gold_loss":0},{"damage_healed":0,"gold_gain":0,"player_choice":"Inject Mutagens","damage_taken":0,"relics_obtained":["MutagenicStrength"],"max_hp_gain":0,"max_hp_loss":0,"event_name":"Drug Dealer","floor":27,"gold_loss":0},{"damage_healed":0,"gold_gain":0,"player_choice":"UP RE ","damage_taken":22,"relics_obtained":["Pen Nib"],"max_hp_gain":0,"max_hp_loss":0,"event_name":"betterSkull:BetterSkull","floor":28,"gold_loss":0,"cards_upgraded":["blazmod:Kyokasuigetsu"]},{"damage_healed":0,"gold_gain":0,"player_choice":"Fight","damage_taken":0,"max_hp_gain":0,"max_hp_loss":0,"event_name":"MindBloom","floor":38,"gold_loss":0}],"is_beta":false,"boss_relics":[{"not_picked":["blazmod:Vyxaba","Fusion Hammer"],"picked":"Philosopher\u0027s Stone"},{"not_picked":["REME_LowDesire","SlaversCollar"],"picked":"Runic Pyramid"}],"items_purged_floors":[],"is_endless":false,"potions_floor_spawned":[1,8,11,16,21,22,25,33,37,41,47],"ascension_level":0}}