{"host":"wwo1kwxjf4eyz37q","time":1609654836,"event":{"mods":["AchievementEnabler","BaseMod","Colored Map","Minty Spire (QoL Compilation)","Quick Restart","SuperFastMode"],"gold_per_floor":[12,24,42,53,72,72,99,99,99,134,8,38,50,0,0,105,105,115,127,141,155,254,283,283,318,318,233,244,277,277,295,295,397,397,411,461,478,55,74,101,113,144,144,155,175,189,18,18,18,18],"floor_reached":51,"playtime":8908,"items_purged":["Strike_P","BowlingBash"],"score":927,"play_id":"1db906d1-8994-45be-ae60-668dd232c4dc","local_time":"20210103152036","is_ascension_mode":true,"campfire_choices":[{"data":"Eruption","floor":6.0,"key":"SMITH"},{"data":"Blasphemy","floor":8.0,"key":"SMITH"},{"floor":15.0,"key":"REST"},{"floor":24.0,"key":"REST"},{"floor":32.0,"key":"REST"},{"floor":49,"key":"REST"}],"circlet_count":0,"master_deck":["Strike_P+1","Defend_P+1","Defend_P+1","Defend_P+1","Eruption+1","Vigilance","Blasphemy+1","FollowUp","ClearTheMind+1","Scrawl","CrushJoints+1","CutThroughFate+1","Halt+1","LessonLearned+1","Indignation+1","EmptyMind+1","Adaptation+1","MentalFortress+1","ReachHeaven","Establishment+1","EmptyBody+1","Apotheosis+1","CutThroughFate+1","TalkToTheHand+1","Scrawl","Study+1","Secret Technique"],"relics":["PureWater","Happy Flower","Shuriken","Blue Candle","Fusion Hammer","Frozen Egg 2","Juzu Bracelet","Eternal Feather","Torii","Singing Bowl","Cursed Key","CaptainsWheel","Centennial Puzzle","PreservedInsect","Question Card"],"acts_visited":["Exordium","TheCity","TheBeyond"],"potions_floor_usage":[46,46],"damage_taken":[{"damage":1.0,"enemies":"Cultist","floor":1.0,"turns":3.0},{"damage":0.0,"enemies":"Small Slimes","floor":2.0,"turns":3.0},{"damage":0.0,"enemies":"2 Louse","floor":3.0,"turns":2.0},{"damage":0.0,"enemies":"2 Fungi Beasts","floor":4.0,"turns":2.0},{"damage":4.0,"enemies":"Looter","floor":5.0,"turns":4.0},{"damage":21.0,"enemies":"Lagavulin","floor":7.0,"turns":6.0},{"damage":9.0,"enemies":"3 Sentries","floor":10.0,"turns":3.0},{"damage":0.0,"enemies":"Gremlin Nob","floor":12.0,"turns":2.0},{"damage":12.0,"enemies":"Exordium Thugs","floor":13.0,"turns":2.0},{"damage":0.0,"enemies":"Slime Boss","floor":16.0,"turns":2.0},{"damage":1.0,"enemies":"Chosen","floor":18.0,"turns":2.0},{"damage":11.0,"enemies":"2 Thieves","floor":19.0,"turns":2.0},{"damage":2.0,"enemies":"Cultist and Chosen","floor":20.0,"turns":4.0},{"damage":0.0,"enemies":"Snecko","floor":21.0,"turns":2.0},{"damage":13.0,"enemies":"Book of Stabbing","floor":23.0,"turns":4.0},{"damage":11.0,"enemies":"Slavers","floor":25.0,"turns":5.0},{"damage":11.0,"enemies":"Centurion and Healer","floor":28.0,"turns":4.0},{"damage":1.0,"enemies":"Book of Stabbing","floor":29.0,"turns":3.0},{"damage":10.0,"enemies":"Chosen and Byrds","floor":31.0,"turns":3.0},{"damage":30.0,"enemies":"Automaton","floor":33.0,"turns":7.0},{"damage":0.0,"enemies":"3 Darklings","floor":35.0,"turns":3.0},{"damage":0.0,"enemies":"Mind Bloom Boss Battle","floor":36.0,"turns":3.0},{"damage":19.0,"enemies":"3 Shapes","floor":37.0,"turns":4.0},{"damage":13.0,"enemies":"Sphere and 2 Shapes","floor":39.0,"turns":4.0},{"damage":6.0,"enemies":"Nemesis","floor":40.0,"turns":5.0},{"damage":0.0,"enemies":"Transient","floor":41.0,"turns":5.0},{"damage":9.0,"enemies":"Reptomancer","floor":42.0,"turns":3.0},{"damage":0.0,"enemies":"4 Shapes","floor":44.0,"turns":4.0},{"damage":0,"enemies":"Sphere and 2 Shapes","floor":45,"turns":3},{"damage":9,"enemies":"Transient","floor":46,"turns":5},{"damage":73,"enemies":"Time Eater","floor":50,"turns":8}],"seed_played":"2481885217943328059","potions_obtained":[{"floor":4.0,"key":"Ambrosia"},{"floor":7.0,"key":"Weak Potion"},{"floor":16.0,"key":"Dexterity Potion"},{"floor":19.0,"key":"Fire Potion"},{"floor":20.0,"key":"PowerPotion"},{"floor":29.0,"key":"FearPotion"},{"floor":31.0,"key":"Energy Potion"},{"floor":39.0,"key":"BottledMiracle"},{"floor":40.0,"key":"Fire Potion"},{"floor":44.0,"key":"Regen Potion"},{"floor":45,"key":"Block Potion"},{"floor":46,"key":"FearPotion"}],"is_trial":false,"path_per_floor":["M","M","M","M","M","R","E","R","T","E","$","E","M","?","R","B",null,"M","M","M","M","?","E","R","E","T","?","M","E","?","M","R","B",null,"M","?","M","$","M","E","M","E","T","M","M","M","$","?","R","B",null],"character_chosen":"WATCHER","items_purchased":["Halt","Apotheosis","Centennial Puzzle","Secret Technique"],"campfire_rested":4,"item_purchase_floors":[11,38,38,47],"current_hp_per_floor":[71,71,71,71,67,67,46,46,46,37,37,37,25,25,46,46,72,71,60,58,58,58,45,66,55,55,55,44,43,43,35,69,41,76,78,78,61,61,50,46,48,39,39,39,39,45,45,45,85,12],"gold":18,"neow_bonus":"THREE_RARE_CARDS","is_daily":false,"chose_seed":false,"campfire_upgraded":2,"win_rate":0.0,"timestamp":1609654836,"path_taken":["M","?","M","M","M","R","E","R","T","E","$","E","M","?","R","BOSS","M","M","M","M","?","E","R","E","T","?","M","E","?","M","R","BOSS","M","?","M","$","M","E","M","E","T","M","M","M","$","?","R","BOSS"],"items_purchased_type":["Card","Card","Relic","Card"],"build_version":"2020-12-22","purchased_purges":2,"victory":true,"max_hp_per_floor":[72,72,72,72,72,72,72,72,72,72,72,72,72,72,72,72,72,72,72,72,72,72,72,72,72,72,72,72,72,72,74,74,76,76,78,78,80,80,82,84,86,86,86,86,86,86,86,86,86,86],"card_choices":[{"not_picked":["ConjureBlade","DevaForm"],"picked":"Blasphemy","floor":0.0},{"not_picked":["FlurryOfBlows","ThirdEye"],"picked":"FollowUp","floor":1.0},{"not_picked":["Meditate","JustLucky"],"picked":"BowlingBash","floor":2.0},{"not_picked":["SashWhip","EmptyBody","BowlingBash"],"picked":"SKIP","floor":3.0},{"not_picked":["Conclude","CrushJoints"],"picked":"ClearTheMind","floor":4.0},{"not_picked":["Swivel","Sanctity"],"picked":"Scrawl","floor":5.0},{"not_picked":["MentalFortress","BowlingBash"],"picked":"CrushJoints","floor":7.0},{"not_picked":["DeusExMachina","BowlingBash"],"picked":"CutThroughFate","floor":10.0},{"not_picked":["PathToVictory","Fasting2","FlurryOfBlows"],"picked":"SKIP","floor":12.0},{"not_picked":["ForeignInfluence","ConjureBlade","SashWhip"],"picked":"SKIP","floor":13.0},{"not_picked":["ConjureBlade","DevaForm"],"picked":"LessonLearned","floor":16.0},{"not_picked":["Halt","Perseverance","PathToVictory"],"picked":"SKIP","floor":18.0},{"not_picked":["ClearTheMind","EmptyBody"],"picked":"Indignation","floor":19.0},{"not_picked":["JustLucky","ReachHeaven","Crescendo"],"picked":"SKIP","floor":20.0},{"not_picked":["CrushJoints+1","Halt+1"],"picked":"EmptyMind+1","floor":21.0},{"not_picked":["CutThroughFate","Halt","DeusExMachina"],"picked":"SKIP","floor":23.0},{"not_picked":["EmptyBody","EmptyFist"],"picked":"Adaptation+1","floor":25.0},{"not_picked":["Vengeance","Collect+1","Halt"],"picked":"SKIP","floor":28.0},{"not_picked":["Wallop","FlurryOfBlows"],"picked":"MentalFortress+1","floor":29.0},{"not_picked":["Protect","Consecrate","Crescendo"],"picked":"Singing Bowl","floor":31.0},{"not_picked":["Omniscience","Judgement","Devotion+1"],"picked":"Singing Bowl","floor":33.0},{"not_picked":["Nirvana+1","DeceiveReality","Adaptation+1"],"picked":"Singing Bowl","floor":35.0},{"not_picked":["Crescendo","Halt"],"picked":"EmptyBody+1","floor":36.0},{"not_picked":["ThirdEye","PathToVictory+1","CutThroughFate"],"picked":"Singing Bowl","floor":37.0},{"not_picked":["Consecrate","Halt","MasterReality+1"],"picked":"Singing Bowl","floor":39.0},{"not_picked":["SashWhip+1","ClearTheMind+1","JustLucky+1"],"picked":"Singing Bowl","floor":40.0},{"not_picked":["Consecrate+1","FlurryOfBlows","FollowUp+1"],"picked":"Singing Bowl","floor":41.0},{"not_picked":["ThirdEye+1","SashWhip"],"picked":"CutThroughFate+1","floor":42.0},{"not_picked":["Consecrate+1","ThirdEye","Collect+1"],"picked":"TalkToTheHand","floor":44.0},{"not_picked":["EmptyFist","PathToVictory","Tantrum"],"picked":"Scrawl","floor":45},{"not_picked":["WheelKick","InnerPeace","SashWhip"],"picked":"Study+1","floor":46}],"player_experience":167351,"relics_obtained":[{"floor":7.0,"key":"Happy Flower"},{"floor":10.0,"key":"Shuriken"},{"floor":12.0,"key":"Blue Candle"},{"floor":23.0,"key":"Frozen Egg 2"},{"floor":25.0,"key":"Juzu Bracelet"},{"floor":26.0,"key":"Eternal Feather"},{"floor":29.0,"key":"Singing Bowl"},{"floor":36.0,"key":"CaptainsWheel"},{"floor":40.0,"key":"PreservedInsect"},{"floor":42.0,"key":"Question Card"}],"event_choices":[{"cards_removed":["Strike_P"],"damage_healed":0.0,"max_hp_gain":0.0,"max_hp_loss":0.0,"gold_gain":0.0,"event_name":"The Cleric","player_choice":"Card Removal","floor":14.0,"gold_loss":50.0,"damage_taken":0.0},{"damage_healed":0.0,"max_hp_gain":0.0,"max_hp_loss":0.0,"gold_gain":99.0,"event_name":"Nest","player_choice":"Stole From Cult","floor":22.0,"gold_loss":0.0,"damage_taken":0.0},{"damage_healed":0.0,"max_hp_gain":0.0,"max_hp_loss":0.0,"gold_gain":0.0,"event_name":"Addict","player_choice":"Obtained Relic","floor":27.0,"gold_loss":85.0,"damage_taken":0.0,"relics_obtained":["Torii"]},{"damage_healed":0.0,"max_hp_gain":0.0,"max_hp_loss":0.0,"gold_gain":0.0,"cards_transformed":["Strike_P","Defend_P"],"event_name":"Drug Dealer","player_choice":"Became Test Subject","floor":30.0,"gold_loss":0.0,"damage_taken":0.0,"cards_obtained":["ReachHeaven","Establishment"]},{"damage_healed":0.0,"max_hp_gain":0.0,"max_hp_loss":0.0,"gold_gain":0.0,"event_name":"MindBloom","player_choice":"Fight","floor":36.0,"gold_loss":0.0,"damage_taken":0.0},{"damage_healed":0,"gold_gain":0,"player_choice":"Forge","damage_taken":0,"max_hp_gain":0,"max_hp_loss":0,"event_name":"Accursed Blacksmith","floor":48,"gold_loss":0,"cards_upgraded":["Apotheosis"]}],"is_beta":false,"boss_relics":[{"not_picked":["Ectoplasm","Black Star"],"picked":"Fusion Hammer"},{"not_picked":["Tiny House","Calling Bell"],"picked":"Cursed Key"}],"items_purged_floors":[11,38],"is_endless":false,"potions_floor_spawned":[4,7,16,19,20,21,29,31,39,40,44,45,46],"ascension_level":2}}