{"host":"byaz8jpbcvk71eys","time":1609654475,"event":{"mods":["BaseMod","Minty Spire (QoL Compilation)","StSLib"],"gold_per_floor":[119,69,69,69,19,47,47,81,107,107,126,145,70,104,104,104,104],"floor_reached":16,"playtime":307,"items_purged":["Strike_R"],"score":191,"play_id":"3b31c2c4-2360-49d0-82f6-1bf803994b6c","local_time":"20210103141435","is_ascension_mode":true,"campfire_choices":[{"data":"Infernal Blade","floor":7,"key":"SMITH"},{"data":"Armaments","floor":10,"key":"SMITH"},{"data":"Bash","floor":15,"key":"SMITH"}],"circlet_count":0,"master_deck":["Strike_R","Strike_R","Strike_R","Strike_R","Defend_R","Defend_R","Defend_R","Defend_R","Bash+1","Armaments+1","Infernal Blade+1","Impervious","Flex"],"relics":["Burning Blood","NeowsBlessing","Nunchaku","Tiny Chest","Omamori","Dream Catcher","Smiling Mask"],"acts_visited":["Exordium"],"potions_floor_usage":[16,16],"damage_taken":[{"damage":0,"enemies":"Cultist","floor":1,"turns":1},{"damage":0,"enemies":"Lagavulin","floor":6,"turns":1},{"damage":0,"enemies":"Gremlin Nob","floor":8,"turns":1},{"damage":0,"enemies":"2 Louse","floor":11,"turns":2},{"damage":7,"enemies":"Jaw Worm","floor":12,"turns":3},{"damage":45,"enemies":"Lagavulin","floor":14,"turns":7},{"damage":36,"enemies":"Slime Boss","floor":16,"turns":9}],"seed_played":"-2987091495901953110","potions_obtained":[{"floor":12,"key":"Weak Potion"},{"floor":14,"key":"FearPotion"}],"is_trial":false,"path_per_floor":["M","$","?","$","?","E","R","E","T","R","M","M","$","E","R","B"],"character_chosen":"IRONCLAD","items_purchased":["Armaments"],"campfire_rested":0,"item_purchase_floors":[2],"current_hp_per_floor":[80,80,80,80,80,80,80,80,80,80,80,79,79,40,40,4,4],"gold":104,"neow_bonus":"THREE_ENEMY_KILL","is_daily":false,"chose_seed":false,"campfire_upgraded":3,"win_rate":0.0,"timestamp":1609654475,"path_taken":["M","$","?","$","?","E","R","E","T","R","M","M","?","E","R","BOSS"],"items_purchased_type":["Card"],"build_version":"2020-12-22","purchased_purges":1,"victory":false,"max_hp_per_floor":[80,80,80,80,80,80,80,80,80,80,80,80,80,80,80,80,80],"card_choices":[{"not_picked":["True Grit","Sentinel","Second Wind"],"picked":"SKIP","floor":1},{"not_picked":["Inflame","Metallicize"],"picked":"Infernal Blade","floor":6},{"not_picked":["Shrug It Off","Heavy Blade","Anger"],"picked":"SKIP","floor":8},{"not_picked":["Body Slam","Burning Pact"],"picked":"Impervious","floor":11},{"not_picked":["Anger","Burning Pact"],"picked":"Flex","floor":12},{"not_picked":["Second Wind","Feel No Pain","Cleave"],"picked":"SKIP","floor":14}],"player_experience":39420,"relics_obtained":[{"floor":6,"key":"Tiny Chest"},{"floor":8,"key":"Omamori"},{"floor":9,"key":"Dream Catcher"},{"floor":14,"key":"Smiling Mask"}],"event_choices":[{"damage_healed":0,"gold_gain":0,"player_choice":"Box","damage_taken":0,"relics_obtained":["Nunchaku"],"max_hp_gain":0,"max_hp_loss":0,"event_name":"Big Fish","floor":3,"gold_loss":0,"cards_obtained":["Regret"]},{"cards_removed":["Regret"],"damage_healed":0,"gold_gain":0,"player_choice":"Card Removal","damage_taken":0,"max_hp_gain":0,"max_hp_loss":0,"event_name":"The Cleric","floor":5,"gold_loss":50}],"is_beta":false,"boss_relics":[],"items_purged_floors":[13],"is_endless":false,"potions_floor_spawned":[12,14],"killed_by":"Slime Boss","ascension_level":3}}