{"host":"p4zclu0beiy6gkiq","time":1609705419,"event":{"mods":["AchievementEnabler","BaseMod","Bestiary","Colored Map","Colored Powertips","DeckTracker","Minty Spire (QoL Compilation)","Quick Restart","StSLib","SuperFastMode","The Cursed"],"gold_per_floor":[112,112,131,3,3,3,36,36,36,49,62,12,12,46,46,142,142,162,174,124,137,47,81,108,108,108,140,159,191,106,120,120,216,216,226,176,176,187,197,197,229,229,229,247,272,76,102,121,121,121,121,121,20,55,55],"floor_reached":56,"playtime":7408,"items_purged":["Defend_R","Defend_R","Strike_R","Strike_R","Bash","Infernal Blade+1"],"score":1605,"play_id":"0e12007e-f2b6-4b7a-950c-242aa11f02dd","local_time":"20210104052339","is_ascension_mode":true,"campfire_choices":[{"data":"Shrug It Off","floor":6.0,"key":"SMITH"},{"data":"Shrug It Off","floor":8.0,"key":"SMITH"},{"data":"Rampage","floor":13.0,"key":"SMITH"},{"data":"Seeing Red","floor":15.0,"key":"SMITH"},{"data":"Barricade","floor":25.0,"key":"SMITH"},{"floor":32.0,"key":"RECALL"},{"floor":40.0,"key":"REST"},{"floor":42.0,"key":"REST"},{"floor":49,"key":"REST"},{"floor":52,"key":"REST"}],"circlet_count":0,"master_deck":["Apotheosis+1","Shrug It Off+1","Blood for Blood+1","Shrug It Off+1","Offering","Rampage+1","Seeing Red+1","Barricade+1","Power Through+1","Juggernaut+1","Body Slam+1","Fire Breathing","Pommel Strike","Juggernaut","Brutality","Dual Wield+1","Shockwave","Offering","Secret Technique","Forethought","Mayhem","Power Through","Dual Wield+1","Seeing Red+1","True Grit+1","Dual Wield+1","Entrench","True Grit+1","Exhume"],"relics":["Burning Blood","Happy Flower","Smiling Mask","Juzu Bracelet","Astrolabe","Shuriken","Orichalcum","Anchor","Potion Belt","Gambling Chip","Fusion Hammer","Centennial Puzzle","Blue Candle","Art of War","DollysMirror","Lantern","Vajra"],"acts_visited":["Exordium","TheCity","TheBeyond","TheEnding"],"potions_floor_usage":[44,55,55,55,55],"damage_taken":[{"damage":8.0,"enemies":"2 Louse","floor":1.0,"turns":3.0},{"damage":2.0,"enemies":"Cultist","floor":3.0,"turns":4.0},{"damage":29.0,"enemies":"Lagavulin","floor":7.0,"turns":7.0},{"damage":0.0,"enemies":"Small Slimes","floor":10.0,"turns":3.0},{"damage":1.0,"enemies":"Red Slaver","floor":11.0,"turns":3.0},{"damage":6.0,"enemies":"3 Sentries","floor":14.0,"turns":5.0},{"damage":40.0,"enemies":"The Guardian","floor":16.0,"turns":7.0},{"damage":17.0,"enemies":"2 Thieves","floor":18.0,"turns":3.0},{"damage":7.0,"enemies":"Chosen","floor":19.0,"turns":3.0},{"damage":24.0,"enemies":"Snake Plant","floor":21.0,"turns":4.0},{"damage":11.0,"enemies":"Gremlin Leader","floor":23.0,"turns":5.0},{"damage":17.0,"enemies":"Slavers","floor":27.0,"turns":3.0},{"damage":0.0,"enemies":"Sentry and Sphere","floor":28.0,"turns":3.0},{"damage":18.0,"enemies":"Book of Stabbing","floor":29.0,"turns":4.0},{"damage":9.0,"enemies":"Cultist and Chosen","floor":31.0,"turns":4.0},{"damage":9.0,"enemies":"Automaton","floor":33.0,"turns":5.0},{"damage":9.0,"enemies":"3 Darklings","floor":35.0,"turns":3.0},{"damage":0.0,"enemies":"Orb Walker","floor":38.0,"turns":4.0},{"damage":3.0,"enemies":"Maw","floor":39.0,"turns":6.0},{"damage":37.0,"enemies":"Reptomancer","floor":41.0,"turns":3.0},{"damage":35,"enemies":"Transient","floor":44,"turns":5},{"damage":2,"enemies":"Giant Head","floor":45,"turns":4},{"damage":7,"enemies":"Nemesis","floor":47,"turns":3},{"damage":33,"enemies":"Jaw Worm Horde","floor":48,"turns":22},{"damage":28,"enemies":"Awakened One","floor":50,"turns":5},{"damage":25,"enemies":"Shield and Spear","floor":54,"turns":4},{"damage":48,"enemies":"The Heart","floor":55,"turns":5}],"seed_played":"1030438366935470287","potions_obtained":[{"floor":1.0,"key":"Explosive Potion"},{"floor":10.0,"key":"Fire Potion"},{"floor":16.0,"key":"PowerPotion"},{"floor":21.0,"key":"SneckoOil"},{"floor":23.0,"key":"GamblersBrew"},{"floor":29.0,"key":"Ancient Potion"},{"floor":35.0,"key":"Dexterity Potion"},{"floor":41.0,"key":"ColorlessPotion"},{"floor":44,"key":"LiquidBronze"},{"floor":45,"key":"Block Potion"},{"floor":47,"key":"FairyPotion"}],"is_trial":false,"path_per_floor":["M","?","M","$","?","R","E","R","T","M","M","$","R","E","R","B",null,"M","M","$","M","?","E","T","R","T","E","M","E","?","M","R","B",null,"M","$","?","M","M","R","E","R","T","M","E","$","E","M","R","B",null,"R","$","E","B",null],"character_chosen":"IRONCLAD","items_purchased":["Shrug It Off","DollysMirror","Energy Potion"],"campfire_rested":4,"item_purchase_floors":[4,46,53],"current_hp_per_floor":[54,54,58,58,58,58,35,35,35,41,46,46,46,46,46,12,80,69,68,68,50,50,45,45,45,45,34,40,28,28,25,25,22,80,77,77,67,73,76,80,49,73,73,44,48,48,47,20,44,22,80,80,80,61,19],"gold":55,"neow_bonus":"RANDOM_COLORLESS_2","is_daily":false,"chose_seed":false,"campfire_upgraded":5,"win_rate":0.0,"timestamp":1609705419,"path_taken":["M","?","M","?","?","R","E","R","T","?","M","$","R","E","R","BOSS","M","M","$","M","?","E","?","R","T","E","M","E","?","M","R","BOSS","M","$","?","M","M","R","E","R","T","M","E","$","E","M","R","BOSS","R","$","E","BOSS"],"items_purchased_type":["Card","Relic","Potion"],"build_version":"2020-12-22","purchased_purges":6,"victory":true,"max_hp_per_floor":[80,80,80,80,80,80,80,80,80,80,80,80,80,80,80,80,80,80,80,80,80,80,80,80,80,80,80,80,80,80,80,80,80,80,80,80,80,80,80,80,80,80,80,80,80,80,80,80,80,80,80,80,80,80,80],"card_choices":[{"not_picked":["Panache","Transmutation"],"picked":"Apotheosis","floor":0.0},{"not_picked":["Rampage","Sever Soul"],"picked":"Shrug It Off","floor":1.0},{"not_picked":["Dual Wield","Havoc"],"picked":"Blood for Blood","floor":3.0},{"not_picked":["Power Through","True Grit"],"picked":"Offering","floor":7.0},{"not_picked":["Headbutt","Flame Barrier"],"picked":"Rampage","floor":10.0},{"not_picked":["Rupture","Heavy Blade","Twin Strike"],"picked":"SKIP","floor":11.0},{"not_picked":["Perfected Strike","Limit Break"],"picked":"Seeing Red","floor":14.0},{"not_picked":["Double Tap","Demon Form"],"picked":"Barricade","floor":16.0},{"not_picked":["Searing Blow","Sword Boomerang"],"picked":"Body Slam+1","floor":18.0},{"not_picked":["Heavy Blade+1","Twin Strike"],"picked":"Fire Breathing","floor":19.0},{"not_picked":["Clash","Thunderclap"],"picked":"Pommel Strike","floor":21.0},{"not_picked":["Feed","Perfected Strike"],"picked":"Juggernaut","floor":23.0},{"not_picked":["Havoc","Sever Soul"],"picked":"Brutality","floor":27.0},{"not_picked":["Clash","Havoc","Headbutt"],"picked":"SKIP","floor":28.0},{"not_picked":["Iron Wave","Ghostly Armor"],"picked":"Dual Wield+1","floor":29.0},{"not_picked":["Armaments","Flex+1"],"picked":"Shockwave","floor":31.0},{"not_picked":["Exhume","Berserk"],"picked":"Offering","floor":33.0},{"not_picked":["Fire Breathing+1","Headbutt","Clash+1"],"picked":"SKIP","floor":35.0},{"not_picked":["Finesse","Flash of Steel"],"picked":"Secret Technique","floor":37.0},{"not_picked":["Apotheosis","Mind Blast"],"picked":"Forethought","floor":37.0},{"not_picked":["Secret Weapon","Finesse"],"picked":"Mayhem","floor":37.0},{"not_picked":["Headbutt+1","Havoc"],"picked":"Power Through","floor":38.0},{"not_picked":["Rupture","Clash+1"],"picked":"Dual Wield+1","floor":39.0},{"not_picked":["Shrug It Off","Inflame"],"picked":"Seeing Red+1","floor":41.0},{"not_picked":["Twin Strike","Sword Boomerang+1"],"picked":"True Grit+1","floor":44},{"not_picked":["Cleave+1","Havoc+1","Headbutt"],"picked":"SKIP","floor":45},{"not_picked":["Feel No Pain","Rage"],"picked":"Entrench","floor":47},{"not_picked":["Reckless Charge","Headbutt"],"picked":"True Grit+1","floor":48},{"not_picked":["Armaments+1","Clothesline"],"picked":"Exhume","floor":54}],"player_experience":167970,"relics_obtained":[{"floor":7.0,"key":"Happy Flower"},{"floor":9.0,"key":"Smiling Mask"},{"floor":14.0,"key":"Juzu Bracelet"},{"floor":23.0,"key":"Shuriken"},{"floor":26.0,"key":"Orichalcum"},{"floor":27.0,"key":"Anchor"},{"floor":29.0,"key":"Potion Belt"},{"floor":41.0,"key":"Centennial Puzzle"},{"floor":43.0,"key":"Blue Candle"},{"floor":45,"key":"Art of War"},{"floor":47,"key":"Lantern"},{"floor":54,"key":"Vajra"}],"event_choices":[{"cards_removed":["Defend_R"],"damage_healed":0.0,"max_hp_gain":0.0,"max_hp_loss":0.0,"gold_gain":0.0,"event_name":"Bonfire Elementals","player_choice":"Offered Basic","floor":2.0,"gold_loss":0.0,"damage_taken":0.0},{"damage_healed":0.0,"max_hp_gain":0.0,"max_hp_loss":0.0,"gold_gain":0.0,"event_name":"Upgrade Shrine","player_choice":"Upgraded","floor":5.0,"gold_loss":0.0,"damage_taken":0.0,"cards_upgraded":["Apotheosis"]},{"cards_removed":["Strike_R"],"damage_healed":0.0,"max_hp_gain":0.0,"max_hp_loss":0.0,"gold_gain":0.0,"event_name":"Designer","player_choice":"Upgrade and Remove","floor":22.0,"gold_loss":90.0,"damage_taken":0.0,"cards_upgraded":["Blood for Blood"]},{"damage_healed":0.0,"max_hp_gain":0.0,"max_hp_loss":0.0,"gold_gain":0.0,"event_name":"Addict","player_choice":"Obtained Relic","floor":30.0,"gold_loss":85.0,"damage_taken":0.0,"relics_obtained":["Gambling Chip"]},{"damage_healed":0.0,"max_hp_gain":0.0,"max_hp_loss":0.0,"gold_gain":0.0,"event_name":"SensoryStone","player_choice":"Memory 3","floor":37.0,"gold_loss":0.0,"damage_taken":10.0}],"is_beta":false,"boss_relics":[{"not_picked":["Pandora\u0027s Box","Ectoplasm"],"picked":"Astrolabe"},{"not_picked":["SlaversCollar","Runic Cube"],"picked":"Fusion Hammer"}],"items_purged_floors":[4,12,20,36,46,53],"is_endless":false,"potions_floor_spawned":[1,10,16,21,23,29,35,41,44,45,47,54],"ascension_level":3}}