{"host":"xz7n3qy1zq36rzpg","time":1609677768,"event":{"mods":["BaseMod","Colored Map","Colored Powertips","Highlight Path","Minty Spire (QoL Compilation)","Quick Restart","Shop Mod"],"gold_per_floor":[115,115,179,189,239,239,266,286,286,350,54,158,158,174,174,274,274,284,334,12,0,18,53,53,86,86,86,86],"floor_reached":27,"playtime":925,"items_purged":["Strike_G"],"score":344,"play_id":"74355713-2f47-4f2a-9216-fbd7f7b48397","local_time":"20210103134248","is_ascension_mode":true,"campfire_choices":[{"data":"Blade Dance","floor":6,"key":"SMITH"},{"floor":13,"key":"REST"},{"data":"Backflip","floor":15,"key":"SMITH"},{"floor":24,"key":"REST"}],"circlet_count":0,"master_deck":["Strike_G+1","Strike_G+1","Strike_G","Strike_G","Defend_G","Defend_G","Defend_G","Defend_G","Defend_G","Survivor","Neutralize","Blade Dance+1","Finisher","Backflip+1","Well Laid Plans","Quick Slash","Burst","Blade Dance","Blade Dance+1","Crippling Poison+1","Phantasmal Killer+1","Caltrops"],"relics":["SsserpentHead","Sundial","Unceasing Top","Darkstone Periapt","Strange Spoon","Orichalcum","Sozu","Nloth\u0027s Gift","Membership Card","Whetstone","Toxic Egg 2","Matryoshka","Potion Belt","Mercury Hourglass","Happy Flower"],"acts_visited":["Exordium","TheCity"],"potions_floor_usage":[16,23,25,27],"damage_taken":[{"damage":3,"enemies":"Jaw Worm","floor":1,"turns":6},{"damage":0,"enemies":"Cultist","floor":3,"turns":3},{"damage":32,"enemies":"3 Sentries","floor":7,"turns":10},{"damage":0,"enemies":"Small Slimes","floor":8,"turns":2},{"damage":0,"enemies":"Red Slaver","floor":10,"turns":2},{"damage":14,"enemies":"Exordium Thugs","floor":14,"turns":7},{"damage":0,"enemies":"Slime Boss","floor":16,"turns":6},{"damage":4,"enemies":"Chosen","floor":18,"turns":4},{"damage":26,"enemies":"2 Thieves","floor":22,"turns":3},{"damage":30,"enemies":"Slavers","floor":23,"turns":5},{"damage":22,"enemies":"Book of Stabbing","floor":25,"turns":4},{"damage":10,"enemies":"Slavers","floor":27,"turns":1}],"seed_played":"-1271649934922970154","potions_obtained":[{"floor":0,"key":"Explosive Potion"},{"floor":0,"key":"Dexterity Potion"},{"floor":0,"key":"GhostInAJar"},{"floor":8,"key":"Swift Potion"},{"floor":16,"key":"Poison Potion"}],"is_trial":false,"path_per_floor":["M","?","M","?","?","R","E","M","T","M","$","T","R","M","R","B",null,"M","?","$","?","M","E","R","E","T","E"],"character_chosen":"THE_SILENT","items_purchased":["Strange Spoon","Well Laid Plans","Membership Card","Whetstone","Toxic Egg 2","Blade Dance+1"],"campfire_rested":2,"item_purchase_floors":[11,11,20,20,20,20],"current_hp_per_floor":[67,67,67,67,67,67,35,35,35,35,35,35,56,42,42,42,70,66,66,66,66,40,10,31,9,9,0,0],"gold":86,"neow_bonus":"THREE_SMALL_POTIONS","is_daily":false,"chose_seed":false,"campfire_upgraded":2,"win_rate":0.0,"timestamp":1609677768,"path_taken":["M","?","?","?","?","R","E","M","T","?","$","?","R","M","R","BOSS","M","?","?","?","M","E","R","E","T","E"],"items_purchased_type":["Relic","Card","Relic","Relic","Relic","Card"],"build_version":"2020-12-22","purchased_purges":1,"victory":false,"max_hp_per_floor":[70,70,70,70,70,70,70,70,70,70,70,70,70,70,70,70,70,70,70,70,70,70,70,70,70,70,70,70],"card_choices":[{"not_picked":["Underhanded Strike","Backflip"],"picked":"Blade Dance","floor":1},{"not_picked":["Dagger Throw","Flechettes","Catalyst"],"picked":"SKIP","floor":3},{"not_picked":["Eviscerate","Night Terror"],"picked":"Finisher","floor":7},{"not_picked":["Slice","Predator"],"picked":"Backflip","floor":8},{"not_picked":["Deadly Poison","Expertise","Dagger Throw"],"picked":"SKIP","floor":10},{"not_picked":["Sucker Punch","Dagger Throw"],"picked":"Quick Slash","floor":14},{"not_picked":["Wraith Form v2","Glass Knife"],"picked":"Burst","floor":16},{"not_picked":["Bane","Backflip"],"picked":"Blade Dance","floor":18},{"not_picked":["Quick Slash","PiercingWail+1"],"picked":"Crippling Poison+1","floor":22},{"not_picked":["Wraith Form v2","Skewer"],"picked":"Phantasmal Killer+1","floor":23},{"not_picked":["Reflex+1","Adrenaline+1"],"picked":"Caltrops","floor":25}],"player_experience":297017,"relics_obtained":[{"floor":7,"key":"Unceasing Top"},{"floor":9,"key":"Darkstone Periapt"},{"floor":12,"key":"Orichalcum"},{"floor":23,"key":"Matryoshka"},{"floor":25,"key":"Potion Belt"},{"floor":26,"key":"Mercury Hourglass"},{"floor":26,"key":"Happy Flower"}],"event_choices":[{"damage_healed":0,"gold_gain":0,"player_choice":"Trade","damage_taken":0,"relics_obtained":["SsserpentHead"],"max_hp_gain":0,"max_hp_loss":0,"event_name":"FaceTrader","floor":2,"gold_loss":0},{"damage_healed":0,"gold_gain":0,"player_choice":"Left Gold","damage_taken":0,"max_hp_gain":0,"max_hp_loss":0,"event_name":"World of Goop","floor":4,"gold_loss":40},{"damage_healed":0,"gold_gain":0,"player_choice":"Gave Potion","damage_taken":0,"relics_obtained":["Sundial"],"max_hp_gain":0,"max_hp_loss":0,"event_name":"WeMeetAgain","floor":5,"gold_loss":0},{"damage_healed":0,"gold_gain":0,"player_choice":"Traded Relic","damage_taken":0,"relics_obtained":["Nloth\u0027s Gift"],"max_hp_gain":0,"max_hp_loss":0,"event_name":"N\u0027loth","floor":19,"relics_lost":["Ring of the Snake"],"gold_loss":0},{"damage_healed":0,"gold_gain":0,"player_choice":"Paid Fearfully","damage_taken":0,"max_hp_gain":0,"max_hp_loss":0,"event_name":"Masked Bandits","floor":21,"gold_loss":62}],"is_beta":false,"boss_relics":[{"not_picked":["Calling Bell","Runic Pyramid"],"picked":"Sozu"}],"items_purged_floors":[11],"is_endless":false,"potions_floor_spawned":[1,8,16,18,25],"killed_by":"Slavers","ascension_level":3}}