{"host":"mydft8i2zzydgggw","time":1609691002,"event":{"mods":["AchievementEnabler","BaseMod","Colored Map","Colored Powertips","Minty Spire (QoL Compilation)","StSLib","The Hierophant","The Poker Player","The Runesmith"],"gold_per_floor":[111,111,36,36,55,86,86,102,102,102,122,122,122],"floor_reached":12,"playtime":319,"items_purged":[],"score":92,"play_id":"a5d4e803-d2e8-489e-b2e2-af5d638500fc","local_time":"20210104012322","is_ascension_mode":true,"campfire_choices":[],"circlet_count":0,"master_deck":["Strike_B","Strike_B","Defend_B","Defend_B","Defend_B","Zap","Dualcast","Capacitor","Self Repair","Melter","Buffer","Genetic Algorithm","Conserve Battery"],"relics":["Cracked Core","NeowsBlessing","Bag of Preparation","Lantern"],"acts_visited":["Exordium"],"potions_floor_usage":[6],"damage_taken":[{"damage":0,"enemies":"2 Louse","floor":1,"turns":1},{"damage":0,"enemies":"Cultist","floor":4,"turns":1},{"damage":0,"enemies":"Jaw Worm","floor":5,"turns":1},{"damage":50,"enemies":"3 Sentries","floor":6,"turns":9},{"damage":20,"enemies":"Gremlin Gang","floor":8,"turns":6},{"damage":1,"enemies":"Looter","floor":11,"turns":4},{"damage":62,"enemies":"Gremlin Nob","floor":12,"turns":5}],"seed_played":"6144588550911016249","potions_obtained":[{"floor":1,"key":"Swift Potion"},{"floor":5,"key":"FairyPotion"}],"is_trial":false,"path_per_floor":["M","?","$","M","M","E","?","M","T","?","M","E"],"character_chosen":"DEFECT","items_purchased":["Self Repair"],"campfire_rested":0,"item_purchase_floors":[3],"current_hp_per_floor":[75,75,75,75,75,32,32,19,19,19,18,0,0],"gold":122,"neow_bonus":"THREE_ENEMY_KILL","is_daily":false,"chose_seed":false,"campfire_upgraded":0,"win_rate":0.0,"timestamp":1609691002,"path_taken":["M","?","$","M","?","E","?","?","T","?","?","E"],"items_purchased_type":["Card"],"build_version":"2020-12-22","purchased_purges":0,"victory":false,"max_hp_per_floor":[75,75,75,75,75,75,75,75,75,75,75,75,75],"card_choices":[{"not_picked":["Force Field","Leap"],"picked":"Capacitor","floor":1},{"not_picked":["Cold Snap","Leap","Compile Driver"],"picked":"SKIP","floor":4},{"not_picked":["Stack","Streamline"],"picked":"Melter","floor":5},{"not_picked":["Self Repair","Conserve Battery"],"picked":"Buffer","floor":6},{"not_picked":["Go for the Eyes","Static Discharge","FTL"],"picked":"SKIP","floor":8},{"not_picked":["Beam Cell","Compile Driver"],"picked":"Conserve Battery","floor":11}],"player_experience":79619,"relics_obtained":[{"floor":6,"key":"Bag of Preparation"},{"floor":9,"key":"Lantern"}],"event_choices":[{"cards_removed":["Strike_B"],"damage_healed":0,"gold_gain":0,"player_choice":"Purged","damage_taken":0,"max_hp_gain":0,"max_hp_loss":0,"event_name":"Purifier","floor":2,"gold_loss":0},{"cards_removed":["Strike_B"],"damage_healed":0,"gold_gain":0,"player_choice":"Offered Basic","damage_taken":0,"max_hp_gain":0,"max_hp_loss":0,"event_name":"Bonfire Elementals","floor":7,"gold_loss":0},{"damage_healed":0,"gold_gain":0,"cards_transformed":["Defend_B"],"player_choice":"Transformed","damage_taken":0,"max_hp_gain":0,"max_hp_loss":0,"event_name":"Transmorgrifier","floor":10,"gold_loss":0,"cards_obtained":["Genetic Algorithm"]}],"is_beta":false,"boss_relics":[],"items_purged_floors":[],"is_endless":false,"potions_floor_spawned":[1,4,5],"killed_by":"Gremlin Nob","ascension_level":3}}