{"host":"sabve5zmqufxyc5o","time":1609648385,"event":{"mods":["2.2 Compatiblity","AchievementEnabler","Act Like it!","Arknights The Spire","BaseMod","Block Reminder","Colored Map","Colored Powertips","DeckTracker","KOR Keyword Fix","Keyboard Shortcuts","Minty Spire (QoL Compilation)","Quick Restart","Rare Cards Sparkle","Relic Stats","StSLib","SuperFastMode"],"gold_per_floor":[110,60,60,11,30,62,62,91,117,117,145,145,177,194,194,296,296,306,306,306,318,330,330,349,384,384,384,414,427,100,118,118,214,214,228,242,69,80,180,215,215,261,303,303,334,334,368,399,399,399],"floor_reached":51,"playtime":1775,"items_purged":["ats:Strike G","ats:Strike C+1"],"score":980,"play_id":"7dd0c413-12d9-4177-b609-15f143cfa487","local_time":"20210103133305","is_ascension_mode":true,"campfire_choices":[{"data":"ats:Armor Crushing Shot","floor":7.0,"key":"SMITH"},{"data":"ats:Magnetic Hammer","floor":10.0,"key":"SMITH"},{"floor":12,"key":"REST"},{"data":"ats:Revitalization","floor":15,"key":"SMITH"},{"data":"ats:Part Time Job","floor":23,"key":"SMITH"},{"floor":27,"key":"REST"},{"data":"ats:Rat Pack","floor":32,"key":"SMITH"},{"data":"ats:Echo Reverb","floor":41,"key":"SMITH"},{"data":"ats:Composite Medical Shells","floor":46,"key":"SMITH"},{"floor":49,"key":"REST"}],"circlet_count":0,"master_deck":["ats:Strike S+1","ats:Armor Crushing Shot+1","ats:Defend","ats:Defend","ats:Defend","ats:Defend","ats:Emotion Absorption+1","ats:Leaping Hammer","ats:Hammer On","ats:Magnetic Hammer+1","ats:Consecutive Shot Auto","ats:Powerful Strike","ats:Shell Defense","ats:Rat Pack+1","ats:Revitalization+1","ats:Wolf Pack","ats:Shadow Raid","ats:Part Time Job+1","ats:Shadow Raid","ats:Neurotoxin","ats:Explosion Area Strengthen","ats:Charging Defense","ats:Thorns","ats:Ambush","ats:Composite Medical Shells+1","ats:Echo Reverb+1","ats:Song Of Battle+1","ats:Poison Spread+1"],"relics":["ats:Sanity","NeowsBlessing","ats:Originium","ats:Berate","Oddly Smooth Stone","ats:Ability Aura","Whetstone","Tiny Chest","ats:Omniscience","Lizard Tail","StrikeDummy","Pear","Mummified Hand","ats:Lavender","Anchor","ats:Tactical Delivery","ats:Gyao","Letter Opener","Lantern","Smiling Mask"],"acts_visited":["Exordium","TheCity","TheBeyond"],"potions_floor_usage":[25,25,50,50],"damage_taken":[{"damage":0.0,"enemies":"Jaw Worm","floor":1.0,"turns":1.0},{"damage":0.0,"enemies":"Small Slimes","floor":5.0,"turns":1.0},{"damage":0.0,"enemies":"Lagavulin","floor":6.0,"turns":1.0},{"damage":29.0,"enemies":"3 Sentries","floor":8.0,"turns":7.0},{"damage":21,"enemies":"Lagavulin","floor":11,"turns":7},{"damage":6,"enemies":"3 Sentries","floor":13,"turns":5},{"damage":4,"enemies":"Cultist","floor":14,"turns":4},{"damage":66,"enemies":"The Guardian","floor":16,"turns":18},{"damage":0,"enemies":"Chosen","floor":18,"turns":7},{"damage":35,"enemies":"Spheric Guardian","floor":21,"turns":8},{"damage":0,"enemies":"Cultist and Chosen","floor":22,"turns":10},{"damage":35,"enemies":"Shelled Parasite and Fungi","floor":24,"turns":8},{"damage":71,"enemies":"Book of Stabbing","floor":25,"turns":9},{"damage":28,"enemies":"Slavers","floor":28,"turns":10},{"damage":0,"enemies":"Chosen and Byrds","floor":29,"turns":8},{"damage":0,"enemies":"Snake Plant","floor":31,"turns":9},{"damage":74,"enemies":"Champ","floor":33,"turns":21},{"damage":0,"enemies":"Orb Walker","floor":35,"turns":5},{"damage":0,"enemies":"3 Shapes","floor":36,"turns":7},{"damage":0,"enemies":"3 Darklings","floor":38,"turns":8},{"damage":0,"enemies":"Reptomancer","floor":40,"turns":9},{"damage":51,"enemies":"Giant Head","floor":42,"turns":12},{"damage":18,"enemies":"Sphere and 2 Shapes","floor":45,"turns":6},{"damage":23,"enemies":"Jaw Worm Horde","floor":47,"turns":5},{"damage":18,"enemies":"4 Shapes","floor":48,"turns":7},{"damage":108,"enemies":"Awakened One","floor":50,"turns":20}],"seed_played":"8858616466477671044","potions_obtained":[{"floor":6.0,"key":"BlessingOfTheForge"},{"floor":13,"key":"SpeedPotion"},{"floor":14,"key":"Energy Potion"},{"floor":18,"key":"ats:Emergency Sanity Potion"},{"floor":24,"key":"Weak Potion"},{"floor":29,"key":"ColorlessPotion"},{"floor":36,"key":"Regen Potion"},{"floor":47,"key":"Fire Potion"},{"floor":48,"key":"Block Potion"}],"is_trial":false,"path_per_floor":["M","?","?","$","M","E","R","E","T","R","E","R","E","M","R","B",null,"M","T","?","M","M","R","M","E","T","R","E","M","$","M","R","B",null,"M","M","$","M","?","E","R","E","T","T","M","R","M","M","R","B",null],"character_chosen":"DOCTOR_CLASS","items_purchased":["ats:Hammer On","ats:Explosion Area Strengthen","ats:Charging Defense","Anchor","ats:Composite Medical Shells"],"campfire_rested":3,"item_purchase_floors":[4,30,30,30,37],"current_hp_per_floor":[72,72,72,72,72,72,72,43,43,43,22,43,40,36,36,19,72,72,72,72,44,50,50,52,19,19,43,56,74,74,82,82,20,82,82,82,82,82,82,82,82,32,32,32,35,35,27,33,57,82],"gold":399,"neow_bonus":"THREE_ENEMY_KILL","is_daily":false,"chose_seed":false,"campfire_upgraded":7,"win_rate":0.0,"timestamp":1609648385,"path_taken":["M","?","?","$","M","E","R","E","T","R","E","R","E","M","R","BOSS","M","?","?","M","M","R","M","E","T","R","E","M","$","M","R","BOSS","M","M","$","M","?","E","R","E","T","?","M","R","M","M","R","BOSS"],"items_purchased_type":["Card","Card","Card","Relic","Card"],"build_version":"2020-12-22","purchased_purges":2,"victory":true,"max_hp_per_floor":[72,72,72,72,72,72,72,72,72,72,72,72,72,72,72,72,72,72,72,72,72,72,72,72,82,82,82,82,82,82,82,82,82,82,82,82,82,82,82,82,82,82,82,82,82,82,82,82,82,82],"relic_stats":{"Lizard Tail":0,"counters":[26,213],"Mummified Hand":[68],"Tiny Chest":1,"Whetstone":["ats:Strike S","ats:Strike C"],"Letter Opener":[75],"Smiling Mask":0,"obtain_stats":[{"ats:Ability Aura":9,"Lantern":43,"Pear":25,"NeowsBlessing":0,"ats:Lavender":28,"Oddly Smooth Stone":8,"Whetstone":11,"Letter Opener":42,"Smiling Mask":44,"ats:Gyao":40,"Lizard Tail":19,"Anchor":30,"ats:Originium":6,"Mummified Hand":26,"ats:Berate":6,"Tiny Chest":13,"ats:Tactical Delivery":34,"ats:Sanity":0,"ats:Omniscience":17,"StrikeDummy":20},{"ats:Ability Aura":4,"Lantern":22,"Pear":13,"NeowsBlessing":0,"ats:Lavender":14,"Oddly Smooth Stone":4,"Whetstone":5,"Letter Opener":22,"Smiling Mask":22,"ats:Gyao":21,"Lizard Tail":9,"Anchor":15,"ats:Originium":3,"Mummified Hand":13,"ats:Berate":3,"Tiny Chest":6,"ats:Tactical Delivery":17,"ats:Sanity":0,"ats:Omniscience":8,"StrikeDummy":9},{"ats:Ability Aura":10,"Lantern":175,"Pear":86,"NeowsBlessing":0,"ats:Lavender":96,"Oddly Smooth Stone":10,"Whetstone":17,"Letter Opener":175,"Smiling Mask":175,"ats:Gyao":163,"Lizard Tail":51,"Anchor":104,"ats:Originium":3,"Mummified Hand":86,"ats:Berate":3,"Tiny Chest":22,"ats:Tactical Delivery":134,"ats:Sanity":0,"ats:Omniscience":44,"StrikeDummy":51}]},"card_choices":[{"not_picked":["ats:Revitalization","ats:Cat Scratch"],"picked":"ats:Leaping Hammer","floor":1.0},{"not_picked":["ats:Powerful Strike","ats:Assault Order"],"picked":"ats:Magnetic Hammer","floor":5.0},{"not_picked":["ats:Soul Absorption","ats:Mental Burst"],"picked":"ats:Consecutive Shot Auto","floor":6.0},{"not_picked":["ats:Dogmatic Field","ats:Ignite"],"picked":"ats:Powerful Strike","floor":8.0},{"not_picked":["ats:Healing Drone","ats:Leaping Hammer"],"picked":"ats:Shell Defense","floor":11},{"not_picked":["ats:Apocalypse","ats:Healing Strengthening"],"picked":"ats:Rat Pack","floor":13},{"not_picked":["ats:Flexible Camouflage","ats:Song Of Battle"],"picked":"ats:Revitalization","floor":14},{"not_picked":["ats:Rat Pack","ats:True Silver Slash"],"picked":"ats:Wolf Pack","floor":16},{"not_picked":["ats:Curse Doll","ats:Revitalization","ats:Childhood Dance"],"picked":"SKIP","floor":18},{"not_picked":["ats:Closed Bolt Burst Fire","ats:Curse Doll"],"picked":"ats:Shadow Raid","floor":21},{"not_picked":["ats:Powerful Strike+1","ats:Curse Doll"],"picked":"ats:Part Time Job","floor":22},{"not_picked":["ats:Shell Defense","ats:Powerful Strike+1"],"picked":"ats:Shadow Raid","floor":24},{"not_picked":["ats:Ignite","ats:Burning Ground+1","ats:Disruption Kick"],"picked":"SKIP","floor":25},{"not_picked":["ats:Magnetic Hammer","ats:Leaping Hammer"],"picked":"ats:Neurotoxin","floor":28},{"not_picked":["ats:Steam Pump","ats:Childhood Dance","ats:Revitalization"],"picked":"SKIP","floor":29},{"not_picked":["ats:Spore Proliferation","ats:Demon Strength"],"picked":"ats:Thorns","floor":31},{"not_picked":["ats:Nebulous Foxfire","ats:Echo Reverb"],"picked":"ats:Ambush","floor":33},{"not_picked":["ats:Curse Doll","ats:Demon Strength+1","ats:Explosion Area Strengthen+1"],"picked":"SKIP","floor":35},{"not_picked":["ats:Hammer On","ats:Powerful Strike","ats:Ignite"],"picked":"SKIP","floor":36},{"not_picked":["ats:Poison Spread","ats:Apocalypse"],"picked":"ats:Echo Reverb","floor":38},{"not_picked":["ats:Chain Hook","ats:Childhood Dance","ats:Guardian Obelisk"],"picked":"SKIP","floor":40},{"not_picked":["ats:Apocalypse","ats:Thermite Blade+1","ats:Cat Scratch"],"picked":"SKIP","floor":42},{"not_picked":["ats:Soul Absorption","ats:Magnetic Hammer","ats:Fractured Body"],"picked":"SKIP","floor":45},{"not_picked":["ats:Consecutive Shot Auto+1","ats:Cat Scratch"],"picked":"ats:Song Of Battle+1","floor":47},{"not_picked":["ats:Leaping Hammer","ats:Flexible Camouflage+1"],"picked":"ats:Poison Spread+1","floor":48}],"player_experience":831432,"relics_obtained":[{"floor":6.0,"key":"ats:Originium"},{"floor":6.0,"key":"ats:Berate"},{"floor":8.0,"key":"ats:Originium"},{"floor":8.0,"key":"Oddly Smooth Stone"},{"floor":9.0,"key":"ats:Ability Aura"},{"floor":11,"key":"ats:Originium"},{"floor":11,"key":"Whetstone"},{"floor":13,"key":"Tiny Chest"},{"floor":19,"key":"Lizard Tail"},{"floor":25,"key":"Pear"},{"floor":26,"key":"Mummified Hand"},{"floor":28,"key":"ats:Lavender"},{"floor":40,"key":"ats:Gyao"},{"floor":42,"key":"Letter Opener"},{"floor":43,"key":"Lantern"},{"floor":44,"key":"Smiling Mask"}],"event_choices":[{"cards_removed":["ats:Strike V"],"damage_healed":0.0,"max_hp_gain":0.0,"max_hp_loss":0.0,"gold_gain":0.0,"event_name":"The Cleric","player_choice":"Card Removal","floor":2.0,"gold_loss":50.0,"damage_taken":0.0},{"damage_healed":0.0,"max_hp_gain":0.0,"max_hp_loss":0.0,"gold_gain":0.0,"event_name":"Upgrade Shrine","player_choice":"Upgraded","floor":3.0,"gold_loss":0.0,"damage_taken":0.0,"cards_upgraded":["ats:Emotion Absorption"]},{"damage_healed":0,"gold_gain":0,"player_choice":"Opened","damage_taken":0,"relics_obtained":["StrikeDummy"],"max_hp_gain":0,"max_hp_loss":0,"event_name":"The Mausoleum","floor":20,"gold_loss":0},{"damage_healed":0,"gold_gain":100,"player_choice":"Pray","damage_taken":0,"max_hp_gain":0,"max_hp_loss":0,"event_name":"Golden Shrine","floor":39,"gold_loss":0}],"is_beta":false,"boss_relics":[{"not_picked":["Sozu","Runic Dome"],"picked":"ats:Omniscience"},{"not_picked":["Philosopher\u0027s Stone","Runic Pyramid"],"picked":"ats:Tactical Delivery"}],"items_purged_floors":[30,37],"is_endless":false,"potions_floor_spawned":[6,13,14,16,18,22,24,29,36,42,47,48],"ascension_level":4}}