{"host":"6bsan6hkua32tfq7","time":1609653637,"event":{"mods":["BaseMod","Better Third Choice","Colored Map","Highlight Path","Minty Spire (QoL Compilation)","StSLib"],"gold_per_floor":[118,118,118,128,53,53,84,84,84,84,116,116,16,80,80,153,153,164,164,177,195,209,236,236,247,272,287,287,298,298,313,313,391,391,402,418,418,430,446,446,473,473,473,473,488,522,534,563,575,587,587],"floor_reached":50,"playtime":2360,"items_purged":["Strike_G","Defend_G"],"score":1064,"play_id":"ee79023c-b847-437e-9713-b6c0723ca18a","local_time":"20210103070037","is_ascension_mode":true,"campfire_choices":[{"data":"Bouncing Flask","floor":6.0,"key":"SMITH"},{"floor":8.0,"key":"DIG"},{"floor":12.0,"key":"DIG"},{"floor":15.0,"key":"REST"},{"floor":24,"key":"REST"},{"floor":28,"key":"DIG"},{"floor":30,"key":"DIG"},{"floor":32,"key":"REST"},{"floor":40,"key":"DIG"},{"floor":44,"key":"REST"},{"floor":47,"key":"REST"},{"floor":49,"key":"RECALL"}],"circlet_count":0,"master_deck":["AscendersBane","Strike_G","Strike_G","Strike_G","Strike_G","Defend_G","Defend_G","Defend_G","Defend_G","Survivor","Neutralize","Bouncing Flask+1","Predator","Leg Sweep","Blade Dance","Adrenaline","Dodge and Roll+1","Dodge and Roll","Infinite Blades","Burst","Blade Dance","Concentrate","Noxious Fumes","After Image","Tactician","Prepared","Discovery","Concentrate","Corpse Explosion","Catalyst","PiercingWail"],"relics":["Ring of the Snake","Ancient Tea Set","Snake Skull","Shovel","StoneCalendar","Lizard Tail","Blood Vial","Centennial Puzzle","Kunai","Runic Pyramid","Oddly Smooth Stone","Potion Belt","Bag of Marbles","Art of War","Black Star","Dream Catcher","Ninja Scroll","Akabeko","MawBank","Molten Egg 2"],"acts_visited":["Exordium","TheCity","TheBeyond"],"potions_floor_usage":[20,23,23,33,39,45,46,50,50,50],"damage_taken":[{"damage":1.0,"enemies":"2 Louse","floor":1.0,"turns":3.0},{"damage":3.0,"enemies":"Jaw Worm","floor":4.0,"turns":5.0},{"damage":28.0,"enemies":"Gremlin Nob","floor":7.0,"turns":4.0},{"damage":29.0,"enemies":"3 Sentries","floor":11.0,"turns":7.0},{"damage":22.0,"enemies":"3 Sentries","floor":14.0,"turns":5.0},{"damage":27,"enemies":"Slime Boss","floor":16,"turns":7},{"damage":1,"enemies":"Spheric Guardian","floor":18,"turns":8},{"damage":0,"enemies":"3 Byrds","floor":20,"turns":7},{"damage":4,"enemies":"Snecko","floor":21,"turns":6},{"damage":6,"enemies":"Snake Plant","floor":22,"turns":6},{"damage":34,"enemies":"Slavers","floor":23,"turns":7},{"damage":11,"enemies":"Centurion and Healer","floor":25,"turns":7},{"damage":2,"enemies":"Snecko","floor":27,"turns":5},{"damage":1,"enemies":"Snake Plant","floor":29,"turns":5},{"damage":0,"enemies":"3 Cultists","floor":31,"turns":6},{"damage":1,"enemies":"Champ","floor":33,"turns":10},{"damage":1,"enemies":"3 Shapes","floor":35,"turns":5},{"damage":7,"enemies":"3 Darklings","floor":36,"turns":7},{"damage":15,"enemies":"Spire Growth","floor":38,"turns":6},{"damage":15,"enemies":"Maw","floor":39,"turns":7},{"damage":22,"enemies":"Giant Head","floor":41,"turns":9},{"damage":6,"enemies":"Transient","floor":45,"turns":6},{"damage":18,"enemies":"Nemesis","floor":46,"turns":11},{"damage":3,"enemies":"Spire Growth","floor":48,"turns":4},{"damage":36,"enemies":"Time Eater","floor":50,"turns":11}],"seed_played":"-4946358880833126151","potions_obtained":[{"floor":7.0,"key":"AttackPotion"},{"floor":16,"key":"EntropicBrew"},{"floor":18,"key":"ColorlessPotion"},{"floor":19,"key":"CunningPotion"},{"floor":25,"key":"PowerPotion"},{"floor":27,"key":"LiquidMemories"},{"floor":29,"key":"PowerPotion"},{"floor":35,"key":"Energy Potion"},{"floor":39,"key":"Fire Potion"},{"floor":45,"key":"Swift Potion"},{"floor":46,"key":"GamblersBrew"}],"is_trial":false,"path_per_floor":["M","?","?","M","$","R","E","R","T","$","E","R","$","?","R","B",null,"M","?","M","M","M","E","R","M","T","M","R","M","R","M","R","B",null,"M","M","?","M","M","R","E","?","T","R","M","E","R","M","R","B"],"character_chosen":"THE_SILENT","items_purchased":[],"campfire_rested":5,"item_purchase_floors":[],"current_hp_per_floor":[58,58,58,55,55,55,27,27,27,27,33,33,33,13,32,7,51,52,52,54,52,48,16,35,26,26,26,26,27,27,29,48,49,62,63,58,58,45,32,32,12,12,12,31,27,11,30,29,29,0,0],"gold":587,"neow_bonus":"RANDOM_COMMON_RELIC","is_daily":false,"chose_seed":false,"campfire_upgraded":1,"win_rate":0.0,"timestamp":1609653637,"path_taken":["M","?","?","?","$","R","E","R","T","$","E","R","?","?","R","BOSS","M","?","M","?","M","E","R","M","T","M","R","M","R","M","R","BOSS","M","M","?","M","?","R","E","?","T","R","M","E","R","M","R","BOSS"],"items_purchased_type":[],"build_version":"2020-12-22","purchased_purges":2,"victory":false,"max_hp_per_floor":[66,66,66,66,66,66,66,66,66,66,66,66,66,66,66,66,66,66,66,66,66,66,66,66,66,66,66,66,66,66,66,66,66,66,66,66,66,66,66,66,66,66,66,66,66,66,66,66,66,66,66],"card_choices":[{"not_picked":["Sucker Punch","Poisoned Stab"],"picked":"Infinite Blades","floor":1.0},{"not_picked":["Dash","Finisher"],"picked":"Bouncing Flask","floor":4.0},{"not_picked":["Dagger Throw","Storm of Steel"],"picked":"Predator","floor":7.0},{"not_picked":["Storm of Steel","Concentrate"],"picked":"Leg Sweep","floor":11.0},{"not_picked":["Flying Knee","Backflip"],"picked":"Blade Dance","floor":14.0},{"not_picked":["After Image","Doppelganger"],"picked":"Adrenaline","floor":16},{"not_picked":["Outmaneuver","Blade Dance"],"picked":"Dodge and Roll+1","floor":18},{"not_picked":["Sucker Punch","Dagger Spray+1"],"picked":"Dodge and Roll","floor":20},{"not_picked":["Accuracy","Dagger Spray"],"picked":"Infinite Blades","floor":21},{"not_picked":["Cloak And Dagger","Setup"],"picked":"Burst","floor":22},{"not_picked":["Bane","Flying Knee"],"picked":"Blade Dance","floor":23},{"not_picked":["Backflip","Flying Knee"],"picked":"Concentrate","floor":25},{"not_picked":["Blur","Predator","Quick Slash"],"picked":"SKIP","floor":27},{"not_picked":["Flying Knee","Tactician"],"picked":"Noxious Fumes","floor":29},{"not_picked":["Dagger Spray+1","Sucker Punch","Reflex+1"],"picked":"SKIP","floor":31},{"not_picked":["Wraith Form v2","Grand Finale"],"picked":"After Image","floor":33},{"not_picked":["Dagger Spray","Poisoned Stab+1"],"picked":"Tactician","floor":35},{"not_picked":["Reflex","Outmaneuver"],"picked":"Prepared","floor":36},{"not_picked":["Enlightenment","Swift Strike"],"picked":"Discovery","floor":37},{"not_picked":["Outmaneuver","Backflip"],"picked":"Concentrate","floor":38},{"not_picked":["Choke+1","Finisher","Underhanded Strike"],"picked":"SKIP","floor":39},{"not_picked":["Cloak And Dagger","Flying Knee"],"picked":"Corpse Explosion","floor":41},{"not_picked":["Bane","Concentrate"],"picked":"Catalyst","floor":44},{"not_picked":["Poisoned Stab+1","Underhanded Strike","Cloak And Dagger"],"picked":"SKIP","floor":45},{"not_picked":["Envenom","Cloak And Dagger","Expertise"],"picked":"SKIP","floor":46},{"not_picked":["Blade Dance","Poisoned Stab+1"],"picked":"PiercingWail","floor":48}],"player_experience":5226630,"relics_obtained":[{"floor":7.0,"key":"Shovel"},{"floor":8.0,"key":"StoneCalendar"},{"floor":9.0,"key":"Lizard Tail"},{"floor":11.0,"key":"Blood Vial"},{"floor":12.0,"key":"Centennial Puzzle"},{"floor":14.0,"key":"Kunai"},{"floor":23,"key":"Oddly Smooth Stone"},{"floor":26,"key":"Potion Belt"},{"floor":28,"key":"Bag of Marbles"},{"floor":30,"key":"Art of War"},{"floor":40,"key":"Dream Catcher"},{"floor":41,"key":"Ninja Scroll"},{"floor":41,"key":"Akabeko"},{"floor":46,"key":"MawBank"},{"floor":46,"key":"Molten Egg 2"}],"event_choices":[{"damage_healed":0.0,"max_hp_gain":0.0,"max_hp_loss":0.0,"gold_gain":0.0,"event_name":"betterThird:BetterSerpent","player_choice":"Ignored","floor":2.0,"gold_loss":0.0,"damage_taken":118.0},{"cards_removed":["Infinite Blades"],"damage_healed":0.0,"max_hp_gain":0.0,"max_hp_loss":0.0,"gold_gain":0.0,"event_name":"WeMeetAgain","player_choice":"Gave Card","floor":3.0,"gold_loss":0.0,"damage_taken":0.0,"relics_obtained":["Snake Skull"]},{"damage_healed":0.0,"max_hp_gain":0.0,"max_hp_loss":0.0,"gold_gain":0.0,"event_name":"Dead Adventurer","player_choice":"Searched \u00271\u0027 times","floor":14.0,"gold_loss":0.0,"damage_taken":0.0},{"damage_healed":0,"gold_gain":0,"player_choice":"Got Potions","damage_taken":0,"max_hp_gain":0,"max_hp_loss":0,"event_name":"Lab","floor":19,"gold_loss":0},{"damage_healed":0,"gold_gain":0,"player_choice":"Random: Blue","damage_taken":0,"max_hp_gain":0,"max_hp_loss":0,"event_name":"betterThird:BetterPortal","floor":37,"gold_loss":0},{"damage_healed":0,"gold_gain":0,"player_choice":"Memory 1","damage_taken":0,"max_hp_gain":0,"max_hp_loss":0,"event_name":"SensoryStone","floor":37,"gold_loss":0},{"damage_healed":0,"gold_gain":0,"player_choice":"Ignored","damage_taken":0,"max_hp_gain":0,"max_hp_loss":0,"event_name":"Tomb of Lord Red Mask","floor":42,"gold_loss":0}],"is_beta":false,"boss_relics":[{"not_picked":["HoveringKite","Busted Crown"],"picked":"Runic Pyramid"},{"not_picked":["Ring of the Serpent","SacredBark"],"picked":"Black Star"}],"items_purged_floors":[5,13],"is_endless":false,"potions_floor_spawned":[7,16,18,25,27,29,35,39,45,46],"killed_by":"Time Eater","ascension_level":20}}