{"host":"r6da5kb9dzaaglw2","time":1609666288,"event":{"mods":["AchievementEnabler","BaseMod","Colored Powertips","Duelist Mod","GifTheSpireLib","Minty Spire (QoL Compilation)","StSLib"],"gold_per_floor":[139,139,159,159,159,190,200,219,271,281,306,325,325,341,341,341,341],"floor_reached":16,"playtime":1562,"items_purged":[],"score":114,"play_id":"c75cb513-ffcf-42f1-812b-cd1da0570271","local_time":"20210103103128","is_ascension_mode":false,"campfire_choices":[{"data":"theDuelist:SilverApples","floor":15,"key":"SMITH"}],"circlet_count":0,"master_deck":["theDuelist:BabyDragon+1","theDuelist:CastleWalls","theDuelist:CastleWalls","theDuelist:CaveDragon","theDuelist:CaveDragon","theDuelist:LesserDragon","theDuelist:LesserDragon","theDuelist:Sparks","theDuelist:Sparks","theDuelist:YamataDragon","theDuelist:SmashingGround","theDuelist:SilverApples+1","theDuelist:LabyrinthWall","theDuelist:ImperialOrder","Regret"],"relics":["theDuelist:MillenniumPuzzle","theDuelist:CardPoolRelic","theDuelist:CardPoolBasicRelic","theDuelist:BoosterPackPoolRelic","theDuelist:CardPoolAddRelic","theDuelist:CardPoolMinusRelic","theDuelist:CardPoolSaveRelic","theDuelist:CardPoolOptionsRelic","Darkstone Periapt","Art of War","Molten Egg 2"],"acts_visited":["Exordium"],"potions_floor_usage":[11,16],"damage_taken":[{"damage":0,"enemies":"2 Louse","floor":1,"turns":2},{"damage":0,"enemies":"Small Slimes","floor":3,"turns":3},{"damage":9,"enemies":"Gremlin Nob","floor":6,"turns":4},{"damage":0,"enemies":"Jaw Worm","floor":7,"turns":2},{"damage":6,"enemies":"Gremlin Gang","floor":8,"turns":6},{"damage":0,"enemies":"3 Louse","floor":10,"turns":3},{"damage":12,"enemies":"3 Sentries","floor":11,"turns":9},{"damage":1,"enemies":"Blue Slaver","floor":12,"turns":3},{"damage":14,"enemies":"Lots of Slimes","floor":14,"turns":6},{"damage":48,"enemies":"Hexaghost","floor":16,"turns":10}],"seed_played":"5774769422288577560","potions_obtained":[{"floor":1,"key":"theDuelist:BurningPotion"},{"floor":3,"key":"theDuelist:BigTributeBottle"},{"floor":10,"key":"theDuelist:CoolBottle"},{"floor":11,"key":"Energy Potion"}],"is_trial":false,"path_per_floor":["M","?","M","?","?","E","M","M","T","M","E","M","?","M","R","B"],"character_chosen":"THE_DUELIST","items_purchased":[],"campfire_rested":0,"item_purchase_floors":[],"current_hp_per_floor":[80,80,80,80,80,71,71,65,65,65,53,52,58,44,44,0,0],"gold":341,"neow_bonus":"UPGRADE_CARD","is_daily":false,"chose_seed":false,"campfire_upgraded":1,"win_rate":0.0,"timestamp":1609666288,"path_taken":["M","?","M","?","?","E","M","M","T","M","E","?","?","M","R","BOSS"],"items_purchased_type":[],"build_version":"2020-12-22","purchased_purges":0,"victory":false,"max_hp_per_floor":[80,80,80,80,80,80,80,80,80,80,80,80,86,86,86,86,86],"card_choices":[{"not_picked":["theDuelist:BigFire","theDuelist:Tuningware","theDuelist:FrontierWiseman","theDuelist:FusionFire","theDuelist:PsychicShockwave"],"picked":"SKIP","floor":1},{"not_picked":["theDuelist:BattleguardKing","theDuelist:BigFire","theDuelist:Hinotama","theDuelist:LightningDarts"],"picked":"theDuelist:SmashingGround","floor":3},{"not_picked":["theDuelist:Sparks","theDuelist:SmashingGround"],"picked":"SKIP","floor":6},{"not_picked":["theDuelist:RainbowNeos","theDuelist:WormApocalypse","theDuelist:Downbeat","theDuelist:MagnumShield"],"picked":"theDuelist:SilverApples","floor":7},{"not_picked":["theDuelist:LightningDarts","theDuelist:PurplePainOni","theDuelist:DarkCreator","theDuelist:ReinforcementsArmy","theDuelist:RainbowOverdragon"],"picked":"SKIP","floor":8},{"not_picked":["theDuelist:RainbowNeos","theDuelist:HappyLover","theDuelist:Eva","theDuelist:BlockGolem"],"picked":"theDuelist:LabyrinthWall","floor":10},{"not_picked":["theDuelist:WhiteHowling","theDuelist:GravityAxe","theDuelist:MiraculousDescent"],"picked":"theDuelist:ImperialOrder","floor":11},{"not_picked":["theDuelist:RainbowNeos","theDuelist:AfterTheStorm","theDuelist:WhiteMagicalHat","theDuelist:EgoBoost","theDuelist:Wiretap"],"picked":"SKIP","floor":12},{"not_picked":["theDuelist:SpellShatteringArrow+1","theDuelist:MeteorDestruction+1","theDuelist:CoreBlaster+1","theDuelist:RainbowNeos+1","theDuelist:BerserkerCrush+1"],"picked":"SKIP","floor":14}],"player_experience":435463,"relics_obtained":[{"floor":6,"key":"Darkstone Periapt"},{"floor":11,"key":"Art of War"}],"event_choices":[{"damage_healed":0,"gold_gain":0,"player_choice":"Leave","duelist":true,"damage_taken":0,"max_hp_gain":0,"max_hp_loss":0,"event_name":"Relic Duplicator","floor":2,"gold_loss":0},{"damage_healed":0,"gold_gain":0,"player_choice":"Leave","duelist":true,"damage_taken":0,"max_hp_gain":0,"max_hp_loss":0,"event_name":"Card Trader","floor":4,"gold_loss":0},{"total_magic_score":33,"gold_gain":0,"duelist":true,"damage_taken":0,"relics_obtained":[],"points":4,"max_hp_gain":0,"max_hp_loss":0,"spent_points":{"magic":0,"greed":0,"war":0,"power":0,"hunger":0},"event_name":"Nameless Tomb","floor":5,"gold_loss":0,"cards_obtained":[]},{"damage_healed":0,"gold_gain":0,"player_choice":"Box","damage_taken":0,"relics_obtained":["Molten Egg 2"],"max_hp_gain":0,"max_hp_loss":0,"event_name":"Big Fish","floor":13,"gold_loss":0,"cards_obtained":["Regret"]}],"is_beta":false,"boss_relics":[],"items_purged_floors":[],"is_endless":false,"potions_floor_spawned":[1,3,10,11,12,14],"killed_by":"Hexaghost","ascension_level":0}}