{"host":"by2xx8ri294xcjpl","time":1609684424,"event":{"mods":["BaseMod","Dota2Spire","Easy Mod","Minty Spire (QoL Compilation)","StSLib","【功能Mod】混沌之环修复补丁","【功能Mod】精心准备","【遗物Mod】简单游戏","【遗物卡牌】REMEMod"],"gold_per_floor":[119,119,294,294,320,320,352,24,78,119,165,177,215,227,227],"floor_reached":14,"playtime":549,"items_purged":[],"score":196,"play_id":"613805fc-9f66-4a0e-9265-ce96ea9389b3","local_time":"20210103223344","daily_mods":["Heirloom","Flight","DeadlyEvents"],"is_ascension_mode":true,"campfire_choices":[{"floor":6,"key":"REST"},{"floor":12,"key":"REST"}],"circlet_count":0,"master_deck":["EasyMod:card_1","Strike_B","Strike_B","Strike_B","Strike_B","Defend_B","Defend_B","Defend_B","Defend_B+1","Zap","Dualcast+1","LessonLearned","Rebound","REME_DataAnalysis","Gash","Doubt","Beam Cell+1","Redo","Reprogram","Loop","Gash","Gash","Leap","Compile Driver","Coolheaded","Static Discharge","Beam Cell"],"relics":["Cracked Core","REME_ComplimentaryCards","EasyRelic","REME_IWantAll","HornCleat","Dota2Spire:Vanguard","Dota2Spire:MagicBottle","Dota2Spire:AssaultCuirass","MawBank","Kunai","Dota2Spire:LotusOrb"],"acts_visited":["Exordium"],"potions_floor_usage":[13],"damage_taken":[{"damage":3,"enemies":"Jaw Worm","floor":1,"turns":3},{"damage":12,"enemies":"Lagavulin","floor":7,"turns":6},{"damage":18,"enemies":"3 Sentries","floor":10,"turns":7},{"damage":22,"enemies":"Lagavulin","floor":11,"turns":6},{"damage":0,"enemies":"3 Sentries","floor":13,"turns":5},{"damage":0,"enemies":"Lagavulin","floor":14,"turns":1}],"seed_played":"-2963519567682966666","potions_obtained":[{"floor":7,"key":"SkillPotion"},{"floor":10,"key":"Block Potion"},{"floor":13,"key":"LiquidMemories"}],"is_trial":true,"path_per_floor":["M","?","?","?","T","R","E","$","T","E","E","R","E","E"],"character_chosen":"DEFECT","items_purchased":["Dota2Spire:AssaultCuirass","Loop"],"campfire_rested":2,"item_purchase_floors":[8,8],"current_hp_per_floor":[75,59,59,47,47,70,70,70,70,62,43,68,81,81,81],"gold":227,"neow_bonus":"","is_daily":false,"chose_seed":false,"campfire_upgraded":0,"win_rate":0.0,"timestamp":1609684424,"path_taken":["M","?","?","?","?","R","E","$","T","E","E","R","E","?"],"items_purchased_type":["Relic","Card"],"build_version":"2020-12-22","purchased_purges":0,"victory":false,"max_hp_per_floor":[78,78,78,78,78,78,81,81,81,81,84,84,87,87,87],"card_choices":[{"not_picked":["Rebound","REME_DataAnalysis","Gash"],"picked":"Singing Bowl","floor":1},{"not_picked":["Beam Cell","Redo","Reprogram"],"picked":"Singing Bowl","floor":7},{"not_picked":["Biased Cognition","Steam"],"picked":"Gash","floor":10},{"not_picked":["Gash","Leap","Compile Driver"],"picked":"Singing Bowl","floor":11},{"not_picked":["Coolheaded","Static Discharge","Beam Cell"],"picked":"Singing Bowl","floor":13}],"player_experience":8775,"relics_obtained":[{"floor":5,"key":"Dota2Spire:Vanguard"},{"floor":7,"key":"Dota2Spire:MagicBottle"},{"floor":9,"key":"MawBank"},{"floor":11,"key":"Kunai"},{"floor":13,"key":"Dota2Spire:LotusOrb"}],"event_choices":[{"damage_healed":0,"gold_gain":0,"player_choice":"Entered Light","damage_taken":16,"max_hp_gain":0,"max_hp_loss":0,"event_name":"Shining Light","floor":2,"gold_loss":0,"cards_upgraded":["Dualcast","Defend_B"]},{"damage_healed":0,"gold_gain":175,"player_choice":"AGREE","damage_taken":0,"max_hp_gain":0,"max_hp_loss":0,"event_name":"Liars Game","floor":3,"gold_loss":0,"cards_obtained":["Doubt"]},{"damage_healed":0,"gold_gain":0,"player_choice":"Success","damage_taken":12,"relics_obtained":["HornCleat"],"max_hp_gain":0,"max_hp_loss":0,"event_name":"Scrap Ooze","floor":4,"gold_loss":0}],"is_beta":false,"boss_relics":[],"items_purged_floors":[],"is_endless":true,"potions_floor_spawned":[7,10,13],"killed_by":"Lagavulin","ascension_level":1}}