{"host":"mydft8i2zzydgggw","time":1609700437,"event":{"mods":["AchievementEnabler","BaseMod","Colored Map","Colored Powertips","Minty Spire (QoL Compilation)","StSLib","The Poker Player"],"gold_per_floor":[113,113,131,149,166,166,200,200,225,225,244,244,244],"floor_reached":12,"playtime":262,"items_purged":[],"score":92,"play_id":"e7fc0c90-49ad-420a-a052-0123a6dcfb8f","local_time":"20210104040037","is_ascension_mode":true,"campfire_choices":[{"data":"Heatsinks","floor":6,"key":"SMITH"},{"data":"Zap","floor":8,"key":"SMITH"}],"circlet_count":0,"master_deck":["Strike_B","Strike_B","Strike_B","Defend_B","Defend_B","Defend_B","Defend_B","Zap+1","Dualcast","Heatsinks+1","Conserve Battery","Amplify"],"relics":["Cracked Core","Strawberry","Bag of Preparation","Ancient Tea Set","Happy Flower"],"acts_visited":["Exordium"],"potions_floor_usage":[7,7],"damage_taken":[{"damage":3,"enemies":"2 Louse","floor":1,"turns":2},{"damage":1,"enemies":"Cultist","floor":3,"turns":3},{"damage":2,"enemies":"Jaw Worm","floor":4,"turns":3},{"damage":11,"enemies":"Red Slaver","floor":5,"turns":4},{"damage":29,"enemies":"Lagavulin","floor":7,"turns":8},{"damage":4,"enemies":"Blue Slaver","floor":11,"turns":3},{"damage":42,"enemies":"Gremlin Nob","floor":12,"turns":3}],"seed_played":"-5418174658478591206","potions_obtained":[{"floor":1,"key":"SmokeBomb"},{"floor":3,"key":"Weak Potion"},{"floor":5,"key":"Explosive Potion"}],"is_trial":false,"path_per_floor":["M","?","M","M","M","R","E","R","T","?","M","E"],"character_chosen":"DEFECT","items_purchased":[],"campfire_rested":0,"item_purchase_floors":[],"current_hp_per_floor":[79,79,78,76,65,65,36,36,36,36,32,0,0],"gold":244,"neow_bonus":"RANDOM_COMMON_RELIC","is_daily":false,"chose_seed":false,"campfire_upgraded":2,"win_rate":0.0,"timestamp":1609700437,"path_taken":["M","?","?","M","M","R","E","R","T","?","?","E"],"items_purchased_type":[],"build_version":"2020-12-22","purchased_purges":0,"victory":false,"max_hp_per_floor":[82,82,82,82,82,82,82,82,82,82,82,82,82],"card_choices":[{"not_picked":["Rip and Tear","Hologram","Sunder"],"picked":"SKIP","floor":1},{"not_picked":["Melter","Go for the Eyes","Streamline"],"picked":"SKIP","floor":3},{"not_picked":["Gash","Rebound"],"picked":"Heatsinks","floor":4},{"not_picked":["Streamline","Hologram"],"picked":"Conserve Battery","floor":5},{"not_picked":["Streamline","Gash","Doom and Gloom"],"picked":"SKIP","floor":7},{"not_picked":["Consume","Scrape"],"picked":"Amplify","floor":11}],"player_experience":82629,"relics_obtained":[{"floor":7,"key":"Bag of Preparation"},{"floor":9,"key":"Ancient Tea Set"}],"event_choices":[{"cards_removed":["Strike_B"],"damage_healed":0,"gold_gain":0,"player_choice":"Offered Basic","damage_taken":0,"max_hp_gain":0,"max_hp_loss":0,"event_name":"Bonfire Elementals","floor":2,"gold_loss":0},{"damage_healed":0,"gold_gain":0,"player_choice":"Gave Potion","damage_taken":0,"relics_obtained":["Happy Flower"],"max_hp_gain":0,"max_hp_loss":0,"event_name":"WeMeetAgain","floor":10,"gold_loss":0}],"is_beta":false,"boss_relics":[],"items_purged_floors":[],"is_endless":false,"potions_floor_spawned":[1,3,5],"killed_by":"Gremlin Nob","ascension_level":3}}