{"host":"utqe55yv0jihe4d6","time":1609632408,"event":{"mods":["2.2 Compatiblity","AchievementEnabler","BaseMod","Block Reminder","Colored Map","Colored Powertips","Minty Spire (QoL Compilation)","Quick Restart","Rare Cards Sparkle","Relic Stats","SuperFastMode"],"gold_per_floor":[117,0,10,25,43,43,61,73,73,73,106,106,120,133,133,228,228,246,277,297,57,68,103,103,133,160,160,160,193,212,241,241,344,344,354,8,21,21,39,74,90,110,133,159,177,177,187,207,207,207,207,207,7,36,36,36],"floor_reached":55,"playtime":2853,"items_purged":["Strike_R","Fission","Eviscerate"],"score":840,"play_id":"545f2d0b-3808-4f6e-8d48-f9d00082cf60","local_time":"20210102190648","daily_mods":["Diverse"],"is_ascension_mode":false,"campfire_choices":[{"data":"ForeignInfluence","floor":6,"key":"SMITH"},{"data":"Bash","floor":10,"key":"SMITH"},{"data":"Hologram","floor":12,"key":"SMITH"},{"data":"Skewer","floor":15,"key":"SMITH"},{"floor":24,"key":"REST"},{"data":"Feed","floor":28,"key":"SMITH"},{"data":"Metallicize","floor":32,"key":"SMITH"},{"floor":49,"key":"RECALL"},{"data":"A Thousand Cuts","floor":52,"key":"SMITH"}],"circlet_count":0,"master_deck":["Bash+1","ThirdEye","ForeignInfluence+1","Dagger Spray","Poisoned Stab","Hologram+1","Skewer+1","Feed+1","Rip and Tear+1","Devotion+1","Cold Snap+1","Conserve Battery","SandsOfTime+1","Backflip","Deadly Poison+1","A Thousand Cuts+1","Genetic Algorithm","Battle Trance","Perseverance","All Out Attack","Glacier","Beam Cell+1","Core Surge","PiercingWail+1","Echo Form","Acrobatics","Heatsinks","Protect+1"],"relics":["Burning Blood","Smiling Mask","Mercury Hourglass","Matryoshka","Astrolabe","Red Mask","Bag of Preparation","Question Card","Vajra","Anchor","Omamori","MealTicket","Nunchaku","Pandora\u0027s Box","Shuriken","Happy Flower","Ancient Tea Set","Gremlin Horn","Boot"],"acts_visited":["Exordium","TheCity","TheBeyond","TheEnding"],"potions_floor_usage":[11,14,19,19,23,35,37,41,42,45,55,55],"damage_taken":[{"damage":3,"enemies":"Jaw Worm","floor":1,"turns":4},{"damage":9,"enemies":"Cultist","floor":3,"turns":4},{"damage":0,"enemies":"2 Louse","floor":4,"turns":2},{"damage":9,"enemies":"Blue Slaver","floor":5,"turns":4},{"damage":8,"enemies":"Red Slaver","floor":7,"turns":5},{"damage":3,"enemies":"Looter","floor":8,"turns":3},{"damage":23,"enemies":"Lagavulin","floor":11,"turns":5},{"damage":0,"enemies":"3 Louse","floor":13,"turns":3},{"damage":7,"enemies":"Large Slime","floor":14,"turns":3},{"damage":16,"enemies":"Slime Boss","floor":16,"turns":7},{"damage":10,"enemies":"Spheric Guardian","floor":18,"turns":4},{"damage":26,"enemies":"Masked Bandits","floor":19,"turns":4},{"damage":10,"enemies":"3 Byrds","floor":20,"turns":4},{"damage":31,"enemies":"Sentry and Sphere","floor":22,"turns":10},{"damage":36,"enemies":"Book of Stabbing","floor":23,"turns":6},{"damage":7,"enemies":"Gremlin Leader","floor":25,"turns":8},{"damage":19,"enemies":"Slavers","floor":29,"turns":5},{"damage":5,"enemies":"Centurion and Healer","floor":30,"turns":5},{"damage":32,"enemies":"Book of Stabbing","floor":31,"turns":8},{"damage":53,"enemies":"Collector","floor":33,"turns":8},{"damage":2,"enemies":"3 Shapes","floor":35,"turns":5},{"damage":42,"enemies":"3 Darklings","floor":37,"turns":5},{"damage":34,"enemies":"Writhing Mass","floor":39,"turns":6},{"damage":32,"enemies":"Nemesis","floor":40,"turns":7},{"damage":4,"enemies":"Jaw Worm Horde","floor":41,"turns":3},{"damage":26,"enemies":"Maw","floor":42,"turns":8},{"damage":29,"enemies":"Giant Head","floor":44,"turns":7},{"damage":7,"enemies":"3 Darklings","floor":45,"turns":3},{"damage":0,"enemies":"4 Shapes","floor":47,"turns":3},{"damage":20,"enemies":"Sphere and 2 Shapes","floor":48,"turns":6},{"damage":35,"enemies":"Awakened One","floor":50,"turns":9},{"damage":38,"enemies":"Shield and Spear","floor":54,"turns":6},{"damage":97,"enemies":"The Heart","floor":55,"turns":5}],"seed_played":"-764170030909522734","potions_obtained":[{"floor":3,"key":"Regen Potion"},{"floor":4,"key":"SteroidPotion"},{"floor":7,"key":"Strength Potion"},{"floor":14,"key":"BlessingOfTheForge"},{"floor":18,"key":"PowerPotion"},{"floor":25,"key":"LiquidMemories"},{"floor":31,"key":"Fruit Juice"},{"floor":35,"key":"Block Potion"},{"floor":40,"key":"Regen Potion"},{"floor":41,"key":"SteroidPotion"},{"floor":44,"key":"FairyPotion"},{"floor":45,"key":"SkillPotion"},{"floor":54,"key":"DistilledChaos"}],"is_trial":true,"path_per_floor":["M","?","M","M","M","R","M","M","T","R","E","R","M","M","R","B",null,"M","?","M","$","M","E","R","E","T","?","R","E","M","E","R","B",null,"M","$","M","$","M","E","M","M","T","E","M","?","M","M","R","B",null,"R","$","E","B"],"character_chosen":"IRONCLAD","items_purchased":["Bag of Preparation","Metallicize","Shuriken","Glacier","Acrobatics","Heatsinks","Fire Potion"],"campfire_rested":1,"item_purchase_floors":[21,21,36,36,53,53,53],"current_hp_per_floor":[80,80,77,80,77,77,75,78,78,78,61,61,67,66,66,56,80,79,63,62,62,40,28,56,55,55,106,106,97,102,76,76,29,114,123,123,87,102,74,48,50,42,42,19,18,18,24,14,14,34,127,127,127,95,0,0],"gold":36,"neow_bonus":"","is_daily":false,"chose_seed":false,"campfire_upgraded":7,"win_rate":0.0,"timestamp":1609632408,"path_taken":["M","?","M","?","M","R","M","M","T","R","E","R","M","?","R","BOSS","M","?","M","$","M","E","R","E","T","?","R","E","M","E","R","BOSS","M","?","M","$","M","E","M","M","T","E","M","?","M","M","R","BOSS","R","$","E","BOSS"],"items_purchased_type":["Relic","Card","Relic","Card","Card","Card","Potion"],"build_version":"2020-12-22","purchased_purges":3,"victory":false,"max_hp_per_floor":[80,80,80,80,80,80,80,80,80,80,80,80,80,80,80,80,80,83,87,90,90,93,96,96,96,96,106,106,110,114,114,114,114,114,123,123,123,123,123,123,123,123,123,123,123,123,123,127,127,127,127,127,127,127,127,127],"relic_stats":{"Happy Flower":[16],"Gremlin Horn":[8,11],"counters":[33,175],"Astrolabe":["Rip and Tear","Devotion","Cold Snap"],"Bag of Preparation":[40],"Smiling Mask":150,"Question Card":16,"Boot":[0],"Burning Blood":182,"Mercury Hourglass":[587],"Nunchaku":[14],"Shuriken":[18],"MealTicket":15,"Pandora\u0027s Box":["Genetic Algorithm","Battle Trance","Perseverance","All Out Attack","Fission"],"obtain_stats":[{"Happy Flower":40,"Gremlin Horn":44,"Astrolabe":17,"Vajra":25,"Bag of Preparation":21,"Omamori":26,"Smiling Mask":2,"Question Card":23,"Ancient Tea Set":43,"Boot":54,"Burning Blood":0,"Mercury Hourglass":9,"Anchor":26,"Nunchaku":31,"Matryoshka":11,"Shuriken":36,"MealTicket":29,"Pandora\u0027s Box":34,"Red Mask":19},{"Happy Flower":24,"Gremlin Horn":27,"Astrolabe":10,"Vajra":16,"Bag of Preparation":13,"Omamori":16,"Smiling Mask":1,"Question Card":15,"Ancient Tea Set":26,"Boot":32,"Burning Blood":0,"Mercury Hourglass":6,"Anchor":16,"Nunchaku":19,"Matryoshka":7,"Shuriken":21,"MealTicket":17,"Pandora\u0027s Box":20,"Red Mask":12},{"Happy Flower":125,"Gremlin Horn":143,"Astrolabe":40,"Vajra":76,"Bag of Preparation":52,"Omamori":76,"Smiling Mask":4,"Question Card":68,"Ancient Tea Set":136,"Boot":170,"Burning Blood":0,"Mercury Hourglass":22,"Anchor":76,"Nunchaku":94,"Matryoshka":27,"Shuriken":107,"MealTicket":81,"Pandora\u0027s Box":102,"Red Mask":48}]},"card_choices":[{"not_picked":["True Grit","Protect"],"picked":"ThirdEye","floor":1},{"not_picked":["Pummel","Cloak And Dagger"],"picked":"ForeignInfluence","floor":3},{"not_picked":["Flex","Armaments","Backflip"],"picked":"SKIP","floor":4},{"not_picked":["Twin Strike","Force Field"],"picked":"Dagger Spray","floor":5},{"not_picked":["Dagger Throw","Headbutt"],"picked":"Poisoned Stab","floor":7},{"not_picked":["Finisher","All Out Attack","Warcry"],"picked":"SKIP","floor":8},{"not_picked":["Brilliance","Intimidate"],"picked":"Hologram","floor":11},{"not_picked":["Body Slam","Turbo"],"picked":"Skewer","floor":13},{"not_picked":["Clash","Blade Dance","FlurryOfBlows"],"picked":"SKIP","floor":14},{"not_picked":["Venomology","Adrenaline"],"picked":"Feed","floor":16},{"not_picked":["Blade Dance","Sword Boomerang"],"picked":"Conserve Battery","floor":18},{"not_picked":["Cloak And Dagger+1","BowlingBash","Twin Strike"],"picked":"SKIP","floor":20},{"not_picked":["Headbutt","Gash"],"picked":"LessonLearned","floor":22},{"not_picked":["Reinforced Body","Choke"],"picked":"SandsOfTime+1","floor":23},{"not_picked":["Stack","Halt","Unload"],"picked":"Backflip","floor":25},{"not_picked":["Heavy Blade","Halt","ClearTheMind","Accuracy+1"],"picked":"SKIP","floor":29},{"not_picked":["Crescendo","Blade Dance","Sweeping Beam"],"picked":"Eviscerate","floor":30},{"not_picked":["Rupture","Perseverance+1","WindmillStrike"],"picked":"Deadly Poison+1","floor":31},{"not_picked":["Double Tap","Meteor Strike","Limit Break"],"picked":"A Thousand Cuts","floor":33},{"not_picked":["Consecrate","Dagger Spray","Seeing Red","Iron Wave"],"picked":"SKIP","floor":35},{"not_picked":["SashWhip","Perfected Strike","Quick Slash+1"],"picked":"Beam Cell+1","floor":37},{"not_picked":["Cleave","Anger","Darkness+1","Riddle With Holes"],"picked":"SKIP","floor":39},{"not_picked":["Skim+1","Compile Driver+1","Wireheading"],"picked":"Core Surge","floor":40},{"not_picked":["Cloak And Dagger+1","BowlingBash+1","Outmaneuver","Reinforced Body+1"],"picked":"SKIP","floor":41},{"not_picked":["Gash+1","Collect","Heel Hook","Leap"],"picked":"SKIP","floor":42},{"not_picked":["Reflex","PathToVictory+1","Dodge and Roll","Underhanded Strike+1"],"picked":"SKIP","floor":44},{"not_picked":["Prepared+1","Swivel","Armaments"],"picked":"PiercingWail+1","floor":45},{"not_picked":["Lockon","Clash","Dash+1","Havoc+1"],"picked":"SKIP","floor":47},{"not_picked":["Prostrate","Rebound","Clothesline"],"picked":"Echo Form","floor":48},{"not_picked":["SashWhip","Consecrate+1","InnerPeace"],"picked":"Protect+1","floor":54}],"player_experience":2918347,"relics_obtained":[{"floor":9,"key":"Mercury Hourglass"},{"floor":11,"key":"Matryoshka"},{"floor":19,"key":"Red Mask"},{"floor":23,"key":"Question Card"},{"floor":25,"key":"Vajra"},{"floor":26,"key":"Anchor"},{"floor":26,"key":"Omamori"},{"floor":29,"key":"MealTicket"},{"floor":31,"key":"Nunchaku"},{"floor":40,"key":"Happy Flower"},{"floor":43,"key":"Ancient Tea Set"},{"floor":44,"key":"Gremlin Horn"},{"floor":54,"key":"Boot"}],"event_choices":[{"damage_healed":0,"gold_gain":0,"player_choice":"Paid Gold","damage_taken":0,"relics_obtained":["Smiling Mask"],"max_hp_gain":0,"max_hp_loss":0,"event_name":"WeMeetAgain","floor":2,"gold_loss":117},{"damage_healed":0,"gold_gain":0,"player_choice":"Fought Bandits","damage_taken":0,"max_hp_gain":0,"max_hp_loss":0,"event_name":"Masked Bandits","floor":19,"gold_loss":0},{"cards_removed":["LessonLearned"],"damage_healed":41,"gold_gain":0,"player_choice":"Offered Rare","damage_taken":0,"max_hp_gain":10,"max_hp_loss":0,"event_name":"Bonfire Elementals","floor":27,"gold_loss":0},{"cards_removed":["Metallicize"],"damage_healed":0,"gold_gain":0,"player_choice":"Removed Power","damage_taken":0,"max_hp_gain":0,"max_hp_loss":0,"event_name":"Falling","floor":46,"gold_loss":0}],"is_beta":false,"boss_relics":[{"not_picked":["Ectoplasm","Snecko Eye"],"picked":"Astrolabe"},{"not_picked":["Empty Cage","SlaversCollar"],"picked":"Pandora\u0027s Box"}],"items_purged_floors":[21,36,53],"is_endless":false,"potions_floor_spawned":[3,4,7,14,18,25,31,35,40,41,44,45,54],"killed_by":"The Heart","ascension_level":0}}