{"host":"esx1hwjnbftf3eqj","time":1609648022,"event":{"mods":["BaseMod","Colored Map","Minty Spire (QoL Compilation)","StSLib","The Jungle"],"gold_per_floor":[116,116,129,208,24,59,59,79,104,104,32,62,14,40,40,137,137,156,156,172,184,31,61,61,61,61],"floor_reached":25,"playtime":2162,"items_purged":[],"score":344,"play_id":"1f2ac93d-fd98-4dd5-b903-38af4d114e9e","local_time":"20210102202702","is_ascension_mode":true,"campfire_choices":[{"data":"Magnetism","floor":7.0,"key":"SMITH"},{"data":"Armaments","floor":10.0,"key":"SMITH"},{"floor":15.0,"key":"REST"},{"data":"Flame Barrier","floor":24,"key":"SMITH"}],"circlet_count":0,"master_deck":["Strike_R","Strike_R","Strike_R","Strike_R","Defend_R","Defend_R+1","Defend_R","Defend_R","Bash+1","Magnetism+1","Disarm","Cleave","Rampage","Armaments+1","Thunderclap","Flame Barrier+1","Shrug It Off","Feel No Pain+1","Impervious","Rage","Evolve+1","Immolate","Clothesline"],"relics":["Black Blood","StrikeDummy","MealTicket","Bottled Tornado","Happy Flower","Frozen Egg 2","Orichalcum","Oddly Smooth Stone"],"acts_visited":["Exordium","TheCity"],"potions_floor_usage":[23,23,25],"damage_taken":[{"damage":6.0,"enemies":"Jaw Worm","floor":1.0,"turns":6.0},{"damage":0.0,"enemies":"Cultist","floor":3.0,"turns":3.0},{"damage":38.0,"enemies":"Gremlin Nob","floor":6.0,"turns":5.0},{"damage":5.0,"enemies":"Small Slimes","floor":8.0,"turns":3.0},{"damage":23.0,"enemies":"Lagavulin","floor":12.0,"turns":7.0},{"damage":20.0,"enemies":"Gremlin Nob","floor":14.0,"turns":5.0},{"damage":4.0,"enemies":"Hexaghost","floor":16.0,"turns":14.0},{"damage":16.0,"enemies":"Shell Parasite","floor":18.0,"turns":9.0},{"damage":7.0,"enemies":"Chosen","floor":20.0,"turns":7.0},{"damage":17.0,"enemies":"Snake Plant","floor":21.0,"turns":7.0},{"damage":68,"enemies":"Gremlin Leader","floor":23,"turns":8},{"damage":33,"enemies":"Book of Stabbing","floor":25,"turns":8}],"seed_played":"-7211528028820895445","potions_obtained":[{"floor":3.0,"key":"ElixirPotion"},{"floor":12.0,"key":"Ancient Potion"},{"floor":18.0,"key":"Explosive Potion"},{"floor":21.0,"key":"LiquidBronze"},{"floor":23,"key":"SkillPotion"}],"is_trial":false,"path_per_floor":["M","?","M","T","$","E","R","M","T","R","$","E","$","E","R","B",null,"M","?","M","M","$","E","R","E"],"character_chosen":"IRONCLAD","items_purchased":["MealTicket","Rampage","Flame Barrier","Shrug It Off","Immolate"],"campfire_rested":1,"item_purchase_floors":[5,5,11,13,22],"current_hp_per_floor":[51,35,41,41,41,9,9,10,10,10,25,8,23,9,33,35,69,65,65,70,65,80,24,24,0,0],"gold":61,"neow_bonus":"RANDOM_COLORLESS_2","is_daily":false,"chose_seed":false,"campfire_upgraded":3,"win_rate":0.0,"timestamp":1609648022,"path_taken":["M","?","M","?","?","E","R","?","T","R","$","E","$","E","R","BOSS","M","?","?","M","?","E","R","E"],"items_purchased_type":["Relic","Card","Card","Card","Card"],"build_version":"2020-12-22","purchased_purges":0,"victory":false,"max_hp_per_floor":[80,80,80,80,80,80,80,80,80,80,80,80,80,80,80,80,80,80,80,80,80,80,80,80,80,80],"card_choices":[{"not_picked":["Thinking Ahead","Sadistic Nature"],"picked":"Magnetism","floor":0.0},{"not_picked":["Clothesline","Armaments"],"picked":"Disarm","floor":1.0},{"not_picked":["Headbutt","Thunderclap"],"picked":"Cleave","floor":3.0},{"not_picked":["Heavy Blade","Bludgeon"],"picked":"Armaments","floor":6.0},{"not_picked":["Heavy Blade","Fire Breathing"],"picked":"Thunderclap","floor":8.0},{"not_picked":["Reckless Charge","Dropkick","Twin Strike"],"picked":"SKIP","floor":12.0},{"not_picked":["Bloodletting","Perfected Strike"],"picked":"Feel No Pain+1","floor":14.0},{"not_picked":["Double Tap","Bludgeon"],"picked":"Impervious","floor":16.0},{"not_picked":["Wild Strike","Clash+1"],"picked":"Rage","floor":18.0},{"not_picked":["Hemokinesis","Reckless Charge","Sever Soul"],"picked":"SKIP","floor":20.0},{"not_picked":["Shockwave","Rampage"],"picked":"Evolve+1","floor":21.0},{"not_picked":["Warcry","Bloodletting"],"picked":"Clothesline","floor":23}],"player_experience":619593,"relics_obtained":[{"floor":4.0,"key":"StrikeDummy"},{"floor":6.0,"key":"Bottled Tornado"},{"floor":9.0,"key":"Happy Flower"},{"floor":12.0,"key":"Frozen Egg 2"},{"floor":14.0,"key":"Orichalcum"},{"floor":23,"key":"Oddly Smooth Stone"}],"event_choices":[{"damage_healed":0.0,"max_hp_gain":0.0,"max_hp_loss":0.0,"gold_gain":0.0,"event_name":"Shining Light","player_choice":"Entered Light","floor":2.0,"gold_loss":0.0,"damage_taken":16.0,"cards_upgraded":["Defend_R","Bash"]},{"cards_removed":["Strike_R"],"damage_healed":0.0,"max_hp_gain":0.0,"max_hp_loss":0.0,"gold_gain":0.0,"event_name":"Bonfire Elementals","player_choice":"Offered Basic","floor":19.0,"gold_loss":0.0,"damage_taken":0.0}],"is_beta":false,"boss_relics":[{"not_picked":["Fusion Hammer","Mark of Pain"],"picked":"Black Blood"}],"items_purged_floors":[],"is_endless":false,"potions_floor_spawned":[3,12,18,21,23],"killed_by":"Book of Stabbing","ascension_level":9}}