{"host":"sc0o2qwpf9j16a4i","time":1609680476,"event":{"mods":["AchievementEnabler","BaseMod","BetterRewards","Block Reminder","Colored Map","Colored Powertips","Custom Start","Highlight Path","Minty Spire (QoL Compilation)","Relic Stats"],"gold_per_floor":[109,123,103,119,136,171,186,286,286,319,333,333,333,6,6,81,81,98,108,108,127,141,141,151,151,174,209,209,221,232,157,157,234,234,249,249,268,285,19,19,19,51,51,51,66,86,105,132,132,132,132,132,132,7,40,40,40],"floor_reached":56,"playtime":2370,"items_purged":["Strike_R","Strike_R","Regret"],"score":2546,"play_id":"58c1a7a7-6c43-4755-bd56-a99c7b2e445c","local_time":"20210103152756","is_ascension_mode":true,"campfire_choices":[{"data":"Limit Break","floor":12.0,"key":"SMITH"},{"data":"True Grit","floor":15.0,"key":"SMITH"},{"floor":23.0,"key":"REST"},{"floor":25.0,"key":"REST"},{"floor":28.0,"key":"REST"},{"data":"Demon Form","floor":32.0,"key":"SMITH"},{"data":"Offering","floor":41,"key":"SMITH"},{"floor":44,"key":"REST"},{"floor":49,"key":"RECALL"},{"data":"True Grit","floor":53,"key":"SMITH"}],"circlet_count":0,"master_deck":["AscendersBane","Strike_R","Strike_R","Defend_R","Defend_R","Defend_R","Defend_R","Bash","Limit Break+1","Whirlwind","Shrug It Off","Headbutt","Blood for Blood","Rampage","Pommel Strike","Spot Weakness","True Grit+1","Feed","True Grit+1","Demon Form+1","Shrug It Off","Sentinel","True Grit+1","Offering+1","True Grit+1","Impervious","Disarm","Heavy Blade","Reaper","Shockwave+1","Reaper","Flame Barrier","Evolve+1","Feel No Pain","Pommel Strike","Feel No Pain","Sentinel+1"],"relics":["Burning Blood","Red Skull","Meat on the Bone","TungstenRod","StoneCalendar","StrikeDummy","Chemical X","Vajra","Velvet Choker","Ice Cream","Cursed Key","DollysMirror","Anchor","Bird Faced Urn","Orichalcum","CaptainsWheel"],"acts_visited":["Exordium","TheCity","TheBeyond","TheEnding"],"potions_floor_usage":[40,42,50,55],"damage_taken":[{"damage":0.0,"enemies":"Small Slimes","floor":1.0,"turns":2.0},{"damage":4.0,"enemies":"Cultist","floor":2.0,"turns":5.0},{"damage":7.0,"enemies":"2 Louse","floor":4.0,"turns":2.0},{"damage":15.0,"enemies":"Gremlin Gang","floor":5.0,"turns":4.0},{"damage":34.0,"enemies":"3 Sentries","floor":6.0,"turns":8.0},{"damage":10.0,"enemies":"Looter","floor":7.0,"turns":2.0},{"damage":28.0,"enemies":"Lagavulin","floor":10.0,"turns":7.0},{"damage":0.0,"enemies":"3 Louse","floor":11.0,"turns":1.0},{"damage":25.0,"enemies":"Hexaghost","floor":16.0,"turns":6.0},{"damage":14.0,"enemies":"3 Byrds","floor":18.0,"turns":3.0},{"damage":14.0,"enemies":"Shell Parasite","floor":19.0,"turns":4.0},{"damage":48.0,"enemies":"Cultist and Chosen","floor":21.0,"turns":7.0},{"damage":18.0,"enemies":"Snecko","floor":22.0,"turns":6.0},{"damage":34.0,"enemies":"Shelled Parasite and Fungi","floor":24.0,"turns":4.0},{"damage":31.0,"enemies":"Slavers","floor":27.0,"turns":5.0},{"damage":5.0,"enemies":"3 Cultists","floor":29.0,"turns":3.0},{"damage":14.0,"enemies":"Snecko","floor":30.0,"turns":4.0},{"damage":24.0,"enemies":"Champ","floor":33.0,"turns":9.0},{"damage":18.0,"enemies":"3 Shapes","floor":35.0,"turns":7.0},{"damage":37.0,"enemies":"Orb Walker","floor":37.0,"turns":5.0},{"damage":43.0,"enemies":"Writhing Mass","floor":38.0,"turns":10.0},{"damage":0,"enemies":"Nemesis","floor":40,"turns":1},{"damage":67,"enemies":"Reptomancer","floor":42,"turns":7},{"damage":51,"enemies":"Spire Growth","floor":45,"turns":10},{"damage":5,"enemies":"3 Darklings","floor":46,"turns":7},{"damage":52,"enemies":"Transient","floor":47,"turns":6},{"damage":87,"enemies":"Giant Head","floor":48,"turns":9},{"damage":80,"enemies":"Awakened One","floor":50,"turns":8},{"damage":40,"enemies":"Donu and Deca","floor":51,"turns":8},{"damage":129,"enemies":"Shield and Spear","floor":55,"turns":8},{"damage":138,"enemies":"The Heart","floor":56,"turns":9}],"seed_played":"8290662127525233405","potions_obtained":[{"floor":1.0,"key":"Weak Potion"},{"floor":3.0,"key":"Block Potion"},{"floor":4.0,"key":"LiquidBronze"},{"floor":6.0,"key":"Fire Potion"},{"floor":11.0,"key":"Energy Potion"},{"floor":19.0,"key":"FearPotion"},{"floor":24.0,"key":"Fire Potion"},{"floor":37.0,"key":"SmokeBomb"},{"floor":42,"key":"BloodPotion"},{"floor":47,"key":"DistilledChaos"}],"is_trial":false,"path_per_floor":["M","M","?","M","M","E","M","?","T","E","M","R","?","$","R","B",null,"M","M","?","M","M","R","M","R","T","E","R","M","M","$","R","B",null,"M","$","M","M","$","E","R","E","T","R","M","M","M","E","R","B","B",null,"R","$","E","B"],"character_chosen":"IRONCLAD","items_purchased":["Red Skull","Limit Break","Meat on the Bone","Whirlwind","Shrug It Off","Chemical X","Vajra","DollysMirror"],"campfire_rested":4,"item_purchase_floors":[0,0,0,0,0,14,14,39],"current_hp_per_floor":[51,53,53,52,55,39,47,47,47,37,55,55,55,55,55,48,68,60,52,52,25,25,48,35,59,59,49,74,75,70,70,70,55,81,72,72,62,60,60,66,66,33,33,62,83,102,69,70,70,99,103,107,107,107,86,0,0],"gold":40,"neow_bonus":"","is_daily":false,"chose_seed":false,"campfire_upgraded":5,"win_rate":0.0,"timestamp":1609680476,"path_taken":["M","M","?","M","?","E","?","?","T","E","?","R","?","?","R","BOSS","M","?","?","M","M","R","M","R","T","E","R","M","M","$","R","BOSS","M","?","M","M","$","E","R","E","T","R","M","M","?","E","R","BOSS","BOSS","R","$","E","BOSS"],"items_purchased_type":["Relic","Card","Relic","Card","Card","Relic","Relic","Relic"],"build_version":"2020-12-22","purchased_purges":3,"victory":false,"max_hp_per_floor":[75,75,75,75,75,75,75,75,75,75,75,75,75,75,75,75,75,75,75,75,78,78,78,81,81,81,84,84,84,87,87,87,90,90,93,93,96,99,99,99,99,99,99,99,102,102,102,105,105,105,108,108,108,108,111,111,111],"relic_stats":{"counters":[52,298],"Bird Faced Urn":[44],"StoneCalendar":[446],"Chemical X":[16],"Orichalcum":[24],"Cursed Key":1,"obtain_stats":[{"Ice Cream":27,"Lantern":25,"Vajra":14,"Mango":27,"StoneCalendar":9,"Cursed Key":34,"Burning Blood":0,"Dream Catcher":7,"Shovel":34,"DollysMirror":39,"Necronomicon":21,"Kunai":34,"Chemical X":14,"Red Skull":0,"Happy Flower":9,"Velvet Choker":17,"Orichalcum":48,"WarpedTongs":37,"Calling Bell":34,"Anchor":34,"CaptainsWheel":55,"Shuriken":31,"Bronze Scales":41,"Bird Faced Urn":43,"Snecko Eye":17,"Art of War":13,"Bag of Marbles":26,"StrikeDummy":10,"TungstenRod":6,"Meat on the Bone":0},{"Ice Cream":36,"Lantern":12,"Vajra":29,"Mango":13,"StoneCalendar":27,"Cursed Key":39,"Burning Blood":0,"Dream Catcher":5,"Shovel":16,"DollysMirror":42,"Necronomicon":11,"Kunai":16,"Chemical X":29,"Red Skull":21,"Happy Flower":6,"Velvet Choker":30,"Orichalcum":48,"WarpedTongs":17,"Calling Bell":16,"Anchor":16,"CaptainsWheel":51,"Shuriken":15,"Bronze Scales":20,"Bird Faced Urn":44,"Snecko Eye":9,"Art of War":8,"Bag of Marbles":12,"StrikeDummy":28,"TungstenRod":26,"Meat on the Bone":21},{"Ice Cream":187,"Lantern":75,"Vajra":152,"Mango":79,"StoneCalendar":144,"Cursed Key":203,"Burning Blood":0,"Dream Catcher":30,"Shovel":97,"DollysMirror":225,"Necronomicon":69,"Kunai":97,"Chemical X":152,"Red Skull":121,"Happy Flower":35,"Velvet Choker":158,"Orichalcum":265,"WarpedTongs":102,"Calling Bell":97,"Anchor":97,"CaptainsWheel":289,"Shuriken":87,"Bronze Scales":115,"Bird Faced Urn":233,"Snecko Eye":60,"Art of War":49,"Bag of Marbles":75,"StrikeDummy":151,"TungstenRod":142,"Meat on the Bone":121}],"Burning Blood":294,"TungstenRod":146,"Meat on the Bone":156},"card_choices":[{"not_picked":["Second Wind","Shrug It Off"],"picked":"Headbutt","floor":1.0},{"not_picked":["Cleave","Seeing Red"],"picked":"Blood for Blood","floor":2.0},{"not_picked":["Dark Embrace","Wild Strike"],"picked":"Rampage","floor":4.0},{"not_picked":["Shrug It Off","Corruption"],"picked":"Pommel Strike","floor":5.0},{"not_picked":["Flex","True Grit"],"picked":"Spot Weakness","floor":6.0},{"not_picked":["Rampage","Second Wind"],"picked":"True Grit","floor":7.0},{"not_picked":["Intimidate","Cleave"],"picked":"Feed","floor":10.0},{"not_picked":["Flex","Pommel Strike"],"picked":"True Grit","floor":11.0},{"not_picked":["Fiend Fire","Berserk"],"picked":"Demon Form","floor":16.0},{"not_picked":["Pommel Strike+1","Warcry"],"picked":"Shrug It Off","floor":18.0},{"not_picked":["Twin Strike","Wild Strike"],"picked":"Sentinel","floor":19.0},{"not_picked":["Sword Boomerang","Perfected Strike","Spot Weakness"],"picked":"SKIP","floor":21.0},{"not_picked":["Bloodletting","Body Slam"],"picked":"Offering","floor":22.0},{"not_picked":["Sword Boomerang","Body Slam+1"],"picked":"True Grit+1","floor":24.0},{"not_picked":["Rage","Warcry+1"],"picked":"Impervious","floor":27.0},{"not_picked":["Havoc","Armaments"],"picked":"Disarm","floor":29.0},{"not_picked":["Wild Strike","Iron Wave"],"picked":"Heavy Blade","floor":30.0},{"not_picked":["Impervious","Feed"],"picked":"Reaper","floor":33.0},{"not_picked":["Carnage+1","Headbutt+1","Flex"],"picked":"SKIP","floor":35.0},{"not_picked":["Wild Strike","Rampage","Headbutt+1"],"picked":"SKIP","floor":37.0},{"not_picked":["Iron Wave","Infernal Blade"],"picked":"Shockwave+1","floor":38.0},{"not_picked":["Blood for Blood","Intimidate"],"picked":"Flame Barrier","floor":42},{"not_picked":["Pommel Strike","Headbutt"],"picked":"Evolve+1","floor":45},{"not_picked":["Headbutt","Hemokinesis"],"picked":"Feel No Pain","floor":46},{"not_picked":["Havoc","Headbutt+1"],"picked":"Pommel Strike","floor":47},{"not_picked":["Warcry","Wild Strike"],"picked":"Feel No Pain","floor":48},{"not_picked":["Havoc","Shrug It Off"],"picked":"Sentinel+1","floor":55}],"player_experience":531400,"relics_obtained":[{"floor":6.0,"key":"TungstenRod"},{"floor":9.0,"key":"StoneCalendar"},{"floor":10.0,"key":"StrikeDummy"},{"floor":27.0,"key":"Ice Cream"},{"floor":42,"key":"Anchor"},{"floor":43,"key":"Bird Faced Urn"},{"floor":48,"key":"Orichalcum"},{"floor":55,"key":"CaptainsWheel"}],"event_choices":[{"damage_healed":0.0,"max_hp_gain":0.0,"max_hp_loss":0.0,"gold_gain":0.0,"event_name":"The Woman in Blue","player_choice":"Bought 1 Potion","floor":3.0,"gold_loss":0.0,"damage_taken":0.0},{"damage_healed":0.0,"max_hp_gain":0.0,"max_hp_loss":0.0,"gold_gain":100.0,"event_name":"Wheel of Change","player_choice":"Gold","floor":8.0,"gold_loss":0.0,"damage_taken":0.0},{"cards_removed":["Strike_R"],"damage_healed":0.0,"max_hp_gain":0.0,"max_hp_loss":0.0,"gold_gain":0.0,"event_name":"Bonfire Elementals","player_choice":"Offered Basic","floor":13.0,"gold_loss":0.0,"damage_taken":0.0},{"damage_healed":0.0,"max_hp_gain":0.0,"max_hp_loss":0.0,"gold_gain":0.0,"event_name":"Duplicator","player_choice":"Copied","floor":20.0,"gold_loss":0.0,"damage_taken":0.0,"cards_obtained":["True Grit"]}],"is_beta":false,"boss_relics":[{"not_picked":["Astrolabe","Black Star"],"picked":"Velvet Choker"},{"not_picked":["Runic Dome","Fusion Hammer"],"picked":"Cursed Key"}],"items_purged_floors":[31,39,54],"is_endless":false,"potions_floor_spawned":[1,4,6,11,19,21,24,27,37,40,42,47],"killed_by":"The Heart","ascension_level":20}}