{"host":"gk9qdtkqd8dwfeg2","time":1609648415,"event":{"mods":["Aspiration","BaseMod","Colored Powertips","KomeijiMod","Minty Spire (QoL Compilation)","Quick Restart","Replay The Spire","Shop Mod","StSLib","TestMod","The Gatherer","The Servant 0.9.4","Waifu the Spire","WarShipGirlsR/战舰少女R mod","Yuri Mod"],"gold_per_floor":[114,114,214,229,244,274,289,289,289,289,304,4,34,49,49,149,149,164,164,214,229,244,274,274,304,329,329,99,79,94,109,109,218,218,218],"floor_reached":34,"playtime":1217,"items_purged":[],"score":552,"play_id":"0bc05ae3-96b1-4fc2-86ed-8e59c69dcdf5","local_time":"20210103123335","daily_mods":["Allstar","Hoarder","Terminal"],"is_ascension_mode":false,"campfire_choices":[{"data":"testmod-AutoReboundSystem","floor":10.0,"key":"SMITH"},{"floor":15.0,"key":"DIG"},{"data":"Burning Pact","floor":32,"key":"SMITH"}],"circlet_count":0,"master_deck":["Strike_R","Strike_R","Strike_R","Strike_R","Defend_R","Defend_R","Defend_R","Defend_R","Bash","testmod-AutoReboundSystem","testmod-AutoReboundSystem+1","testmod-AutoReboundSystem","testmod-Recap","testmod-Recap","testmod-Recap","Specialist","Specialist","Specialist","testmod-PulseDistributor","testmod-PulseDistributor","testmod-PulseDistributor","testmod-HandmadeProducts","testmod-HandmadeProducts","testmod-HandmadeProducts","Pummel","Pummel","Pummel","Body Slam","Body Slam","Body Slam","Burning Pact","Burning Pact+1","Burning Pact","Offering","Offering","Offering","Normality","Normality","Normality","CurseOfTheBell","CurseOfTheBell","CurseOfTheBell","Limit Break","Limit Break","Limit Break"],"relics":["Burning Blood","testmod-TestBox","testmod-Fortitude","testmod-BalancedPeriapt","Replay:Baseball","MerchantsRug","Bag of Marbles","Centennial Puzzle","Busted Crown","ReplayTheSpireMod:Ring of Exchange","Ring of Panic","aspiration:RitualStick","Girya","Akabeko","Calling Bell","CeramicFish","Garlic","CaptainsWheel","Blood Vial","Replay:Wax Seal","Replay:Drink Me"],"acts_visited":["Exordium","TheCity"],"potions_floor_usage":[30,33,33],"damage_taken":[{"damage":7.0,"enemies":"Small Slimes","floor":1.0,"turns":6.0},{"damage":10.0,"enemies":"2 Louse","floor":4.0,"turns":3.0},{"damage":30.0,"enemies":"Cultist","floor":5.0,"turns":6.0},{"damage":27.0,"enemies":"3 Sentries","floor":6.0,"turns":6.0},{"damage":30.0,"enemies":"Gremlin Gang","floor":7.0,"turns":4.0},{"damage":17.0,"enemies":"2 Fungi Beasts","floor":11.0,"turns":4.0},{"damage":22.0,"enemies":"Replay:BlueRogue","floor":13.0,"turns":4.0},{"damage":0.0,"enemies":"Exordium Wildlife","floor":14.0,"turns":4.0},{"damage":25.0,"enemies":"Hexaghost","floor":16.0,"turns":5.0},{"damage":25.0,"enemies":"3 Byrds","floor":18.0,"turns":6.0},{"damage":28,"enemies":"Spheric Guardian","floor":21,"turns":5},{"damage":8,"enemies":"Shelled Parasite and Fungi","floor":22,"turns":2},{"damage":37,"enemies":"Gremlin Leader","floor":23,"turns":3},{"damage":9,"enemies":"Replay:Snechameleon","floor":25,"turns":4},{"damage":3,"enemies":"3 Cultists","floor":30,"turns":5},{"damage":0,"enemies":"Snecko","floor":31,"turns":4},{"damage":41,"enemies":"Champ","floor":33,"turns":8}],"seed_played":"4251252283042701915","potions_obtained":[{"floor":1.0,"key":"Venom Potion"},{"floor":4.0,"key":"testmod-SpacePotion"},{"floor":13.0,"key":"Block Potion"},{"floor":16.0,"key":"BlessingOfTheForge"},{"floor":18.0,"key":"Energy Potion"},{"floor":22,"key":"CalmPotion"},{"floor":30,"key":"Energy Potion"}],"is_trial":false,"path_per_floor":["M","?","?","M","M","E","M","?","T","R","M","$","E","M","R","B",null,"M","?","?","M","M","E","?","E","T","?","$","?","M","M","R","B",null],"character_chosen":"IRONCLAD","items_purchased":["MerchantsRug","Bag of Marbles","Blood Vial","Replay:Wax Seal"],"campfire_rested":0,"item_purchase_floors":[12,12,28,28],"current_hp_per_floor":[78,77,76,74,72,65,40,32,31,30,31,30,29,34,33,18,73,57,56,55,49,47,23,7,9,8,7,6,5,11,18,17,7,0,0],"gold":218,"neow_bonus":"","is_daily":true,"chose_seed":false,"campfire_upgraded":2,"win_rate":0.0,"timestamp":1609648415,"path_taken":["M","?","?","M","?","E","?","?","T","R","M","?","E","M","R","BOSS","M","?","?","?","M","E","?","E","T","?","$","?","M","M","R","BOSS"],"items_purchased_type":["Relic","Relic","Relic","Relic"],"build_version":"2020-12-22","purchased_purges":0,"victory":false,"max_hp_per_floor":[78,77,76,75,74,74,74,74,74,74,74,74,74,74,74,74,74,74,74,74,74,74,74,74,74,74,74,74,74,74,74,74,74,74,74],"card_choices":[{"not_picked":["True Grit","Pommel Strike"],"picked":"Pummel","floor":1.0},{"not_picked":["Warcry","Twin Strike"],"picked":"Body Slam","floor":4.0},{"not_picked":["Cleave","Rupture","Pummel"],"picked":"SKIP","floor":5.0},{"not_picked":["Demon Form","True Grit","Spot Weakness"],"picked":"SKIP","floor":6.0},{"not_picked":["Anger","Headbutt"],"picked":"Burning Pact","floor":7.0},{"not_picked":["Sever Soul","ReplayTheSpireMod:Limb From Limb","Heavy Blade"],"picked":"SKIP","floor":11.0},{"not_picked":["Twin Strike","Sentinel","Uppercut"],"picked":"SKIP","floor":13.0},{"not_picked":["Anger","Clothesline","Rampage"],"picked":"SKIP","floor":14.0},{"not_picked":["Berserk","Corruption"],"picked":"Offering","floor":16.0},{"not_picked":["Flex"],"picked":"SKIP","floor":18.0},{"not_picked":["Thunderclap"],"picked":"SKIP","floor":21},{"not_picked":["Warcry+1"],"picked":"SKIP","floor":22},{"not_picked":["Flame Barrier+1"],"picked":"SKIP","floor":23},{"not_picked":["Run Through"],"picked":"SKIP","floor":25},{"not_picked":["Wild Strike"],"picked":"SKIP","floor":30},{"not_picked":["Iron Wave+1"],"picked":"SKIP","floor":31},{"not_picked":[],"picked":"Limit Break","floor":33}],"player_experience":601762,"relics_obtained":[{"floor":6.0,"key":"testmod-BalancedPeriapt"},{"floor":9.0,"key":"Replay:Baseball"},{"floor":13.0,"key":"Shovel"},{"floor":15.0,"key":"Centennial Puzzle"},{"floor":19,"key":"ReplayTheSpireMod:Ring of Exchange"},{"floor":19,"key":"Ring of Panic"},{"floor":25,"key":"Girya"},{"floor":26,"key":"Akabeko"},{"floor":27,"key":"CeramicFish"},{"floor":27,"key":"Garlic"},{"floor":27,"key":"CaptainsWheel"}],"event_choices":[{"damage_healed":0.0,"max_hp_gain":0.0,"max_hp_loss":0.0,"gold_gain":100.0,"event_name":"Golden Shrine","player_choice":"Pray","floor":3.0,"gold_loss":0.0,"damage_taken":0.0},{"cards_removed":["Strike_R"],"damage_healed":0.0,"max_hp_gain":0.0,"max_hp_loss":0.0,"gold_gain":0.0,"event_name":"Golden Wing","player_choice":"Card Removal","floor":8.0,"gold_loss":0.0,"damage_taken":7.0},{"damage_healed":0,"gold_gain":100,"player_choice":"Bet on Murderer","damage_taken":0,"max_hp_gain":0,"max_hp_loss":0,"event_name":"The Joust","floor":20,"gold_loss":50},{"damage_healed":0,"gold_gain":0,"player_choice":"Swap Relic","damage_taken":0,"relics_obtained":["Calling Bell"],"max_hp_gain":0,"max_hp_loss":0,"event_name":"给自己的盒子","floor":27,"relics_lost":["Shovel"],"gold_loss":0}],"is_beta":false,"boss_relics":[{"not_picked":["SacredBark","testmod-BatchProcessingSystem"],"picked":"Busted Crown"},{"not_picked":["Mark of Pain","Painkiller Herb"],"picked":"Replay:Drink Me"}],"items_purged_floors":[],"is_endless":false,"potions_floor_spawned":[1,4,13,16,18,22,25,30,31],"ascension_level":0}}