{"host":"1avlfzt2ijsqk7zk","time":1609683093,"event":{"mods":["AchievementEnabler","AlwaysNeverKeys","BaseMod","Better Altar","Better Note","Better Sensory Stone","Better Skull","Better Third Choice","Better-Laid Plans","BetterRewards","Block Reminder","Colored Powertips","Emptier Cage","Energized Spire","Filter the Spire","Gold Saver","Grow up Mod","Highlight Path","Minty Spire (QoL Compilation)","Permanent Neow","Quick Restart","Rare Cards Sparkle","Relic Sorter","Relic Stats","Remove Card Discount Mod","StSLib","SuperFastMode","Synergy Search","Transform Curses","Unceasing Turn Reminder"],"gold_per_floor":[114,126,139,158,171,199,199,225,225,225,242,252,248,264,264,337,337,352,352,84,84,97,131,131,160,185,198,198,215,250,265,265,340,340,359,372,270,289,132,132,159,159,159,187,199,226,243,255,255,255,255],"floor_reached":52,"playtime":1966,"items_purged":["Strike_R","Strike_R","Strike_R","Strike_R","Strike_R","Defend_R","Defend_R","Defend_R","Defend_R","Barricade","Metallicize+1","Ghostly Armor"],"score":3386,"play_id":"fd5c639a-4c98-431e-91b1-58c71ae5af75","local_time":"20210103151133","is_ascension_mode":true,"campfire_choices":[{"data":"Shrug It Off","floor":7,"key":"SMITH"},{"data":"Metallicize","floor":10,"key":"SMITH"},{"data":"Bash","floor":15,"key":"PURGE"},{"data":"Dropkick","floor":28,"key":"SMITH"},{"data":"Dropkick","floor":32,"key":"SMITH"},{"data":"Shrug It Off+1","floor":40,"key":"PURGE"},{"floor":49,"key":"REST"}],"circlet_count":0,"master_deck":["AscendersBane","Dropkick+1","Dropkick+1","Thunderclap","Finesse+1"],"relics":["Black Blood","DollysMirror","Peace Pipe","Prayer Wheel","Boot","PreservedInsect","MutagenicStrength","Bag of Preparation","Question Card","FossilizedHelix","Toy Ornithopter","Akabeko","Fusion Hammer","Medical Kit","War Paint","Sundial","Shuriken","Unceasing Top"],"acts_visited":["Exordium","TheCity","TheBeyond"],"potions_floor_usage":[20,35],"damage_taken":[{"damage":4.0,"enemies":"2 Louse","floor":1.0,"turns":2.0},{"damage":0.0,"enemies":"Small Slimes","floor":2.0,"turns":2.0},{"damage":0.0,"enemies":"Cultist","floor":3.0,"turns":2.0},{"damage":10.0,"enemies":"Lots of Slimes","floor":4.0,"turns":5.0},{"damage":8.0,"enemies":"Looter","floor":5.0,"turns":2.0},{"damage":23,"enemies":"3 Sentries","floor":6,"turns":9},{"damage":0,"enemies":"Gremlin Nob","floor":8,"turns":2},{"damage":2,"enemies":"Blue Slaver","floor":11,"turns":2},{"damage":0,"enemies":"Exordium Thugs","floor":12,"turns":3},{"damage":0,"enemies":"3 Louse","floor":14,"turns":2},{"damage":0,"enemies":"Hexaghost","floor":16,"turns":1},{"damage":0,"enemies":"Shell Parasite","floor":18,"turns":1},{"damage":0,"enemies":"2 Thieves","floor":22,"turns":1},{"damage":0,"enemies":"Book of Stabbing","floor":23,"turns":1},{"damage":0,"enemies":"Gremlin Leader","floor":25,"turns":1},{"damage":0,"enemies":"Snake Plant","floor":27,"turns":1},{"damage":0,"enemies":"Cultist and Chosen","floor":29,"turns":1},{"damage":0,"enemies":"Book of Stabbing","floor":30,"turns":1},{"damage":0,"enemies":"Snecko","floor":31,"turns":1},{"damage":0,"enemies":"Champ","floor":33,"turns":1},{"damage":0,"enemies":"Orb Walker","floor":35,"turns":1},{"damage":0,"enemies":"3 Darklings","floor":36,"turns":1},{"damage":0,"enemies":"Transient","floor":38,"turns":1},{"damage":0,"enemies":"Giant Head","floor":41,"turns":1},{"damage":0,"enemies":"Nemesis","floor":44,"turns":1},{"damage":10,"enemies":"Sphere and 2 Shapes","floor":45,"turns":2},{"damage":0,"enemies":"Reptomancer","floor":46,"turns":1},{"damage":23,"enemies":"4 Shapes","floor":47,"turns":1},{"damage":0,"enemies":"Transient","floor":48,"turns":1},{"damage":0,"enemies":"Awakened One","floor":50,"turns":2},{"damage":36,"enemies":"Time Eater","floor":51,"turns":3}],"seed_played":"-2478099338275297712","potions_obtained":[{"floor":1.0,"key":"Fire Potion"},{"floor":3.0,"key":"Explosive Potion"},{"floor":11,"key":"BloodPotion"},{"floor":22,"key":"SpeedPotion"},{"floor":24,"key":"DuplicationPotion"},{"floor":35,"key":"Fruit Juice"},{"floor":38,"key":"DuplicationPotion"}],"is_trial":false,"path_per_floor":["M","M","M","M","M","E","R","E","T","R","M","M","$","M","R","B",null,"M","?","$","?","M","E","?","E","T","M","R","M","E","M","R","B",null,"M","M","$","M","$","R","E","?","T","E","M","E","M","M","R","B","B",null],"character_chosen":"IRONCLAD","items_purchased":["Dropkick","DollysMirror","Metallicize","Bag of Preparation","Fruit Juice","Finesse","Medical Kit"],"campfire_rested":1,"item_purchase_floors":[0,0,0,20,20,37,39],"current_hp_per_floor":[90,105,115,121,129,122,132,148,158,168,182,198,208,224,234,245,255,265,275,290,300,310,320,330,340,350,360,370,380,390,400,410,420,430,445,455,465,475,485,495,505,515,525,535,545,555,554,575,585,595,581],"gold":255,"neow_bonus":"","is_daily":false,"chose_seed":false,"campfire_upgraded":4,"win_rate":0.0,"timestamp":1609683093,"path_taken":["M","M","M","M","M","E","R","E","T","R","M","M","$","M","R","BOSS","M","?","$","?","M","E","?","E","T","M","R","?","E","M","R","BOSS","M","M","$","M","?","R","E","?","T","E","M","E","M","M","R","BOSS","BOSS"],"items_purchased_type":["Card","Relic","Card","Relic","Potion","Card","Relic"],"build_version":"2020-12-22","purchased_purges":12,"victory":true,"max_hp_per_floor":[95,105,115,125,135,145,155,165,175,185,195,205,215,225,235,245,255,265,275,290,300,310,320,330,340,350,360,370,380,390,400,410,420,430,445,455,465,475,485,495,505,515,525,535,545,555,565,575,585,595,605],"relic_stats":{"counters":[47,145],"Black Blood":99,"PreservedInsect":375,"Bag of Preparation":[1],"War Paint":["Finesse"],"Boot":[21],"Question Card":24,"Medical Kit":[0],"Peace Pipe":2,"Sundial":[86],"Shuriken":[72],"Prayer Wheel":14,"obtain_stats":[{"Regal Pillow":7,"energizedSpire:CrystalSphere":17,"Black Blood":17,"Yang":9,"Bag of Preparation":20,"Bottled Tornado":12,"Boot":8,"Burning Blood":0,"DollysMirror":0,"Sundial":43,"Prayer Wheel":6,"Fusion Hammer":34,"Oddly Smooth Stone":0,"Eternal Feather":10,"PreservedInsect":9,"War Paint":41,"Question Card":23,"Medical Kit":39,"Akabeko":30,"Peace Pipe":0,"Runic Dome":0,"Anchor":14,"Shuriken":0,"MutagenicStrength":19,"PureWater":0,"FossilizedHelix":25,"Toy Ornithopter":26,"Unceasing Top":46},{"Regal Pillow":5,"energizedSpire:CrystalSphere":10,"Black Blood":27,"Yang":6,"Bag of Preparation":28,"Bottled Tornado":8,"Boot":23,"Burning Blood":0,"DollysMirror":16,"Sundial":40,"Prayer Wheel":22,"Fusion Hammer":36,"Oddly Smooth Stone":0,"Eternal Feather":7,"PreservedInsect":23,"War Paint":40,"Question Card":30,"Medical Kit":39,"Akabeko":34,"Peace Pipe":16,"Runic Dome":0,"Anchor":9,"Shuriken":0,"MutagenicStrength":28,"PureWater":0,"FossilizedHelix":31,"Toy Ornithopter":31,"Unceasing Top":43},{"Regal Pillow":21,"energizedSpire:CrystalSphere":46,"Black Blood":121,"Yang":25,"Bag of Preparation":122,"Bottled Tornado":33,"Boot":113,"Burning Blood":0,"DollysMirror":89,"Sundial":134,"Prayer Wheel":111,"Fusion Hammer":130,"Oddly Smooth Stone":0,"Eternal Feather":30,"PreservedInsect":113,"War Paint":134,"Question Card":124,"Medical Kit":133,"Akabeko":128,"Peace Pipe":89,"Runic Dome":0,"Anchor":38,"Shuriken":0,"MutagenicStrength":122,"PureWater":0,"FossilizedHelix":125,"Toy Ornithopter":125,"Unceasing Top":138}],"Toy Ornithopter":0,"Unceasing Top":[0]},"card_choices":[{"not_picked":["Armaments","Anger","Sword Boomerang"],"picked":"SKIP","floor":1.0},{"not_picked":["Clash","Iron Wave"],"picked":"Ghostly Armor","floor":2.0},{"not_picked":["True Grit","Spot Weakness","Combust"],"picked":"SKIP","floor":3.0},{"not_picked":["Uppercut","True Grit","Havoc"],"picked":"SKIP","floor":4.0},{"not_picked":["Body Slam","Flex"],"picked":"Shrug It Off","floor":5.0},{"not_picked":["Double Tap","Carnage","Anger"],"picked":"SKIP","floor":6},{"not_picked":["Carnage","Twin Strike","Iron Wave"],"picked":"SKIP","floor":8},{"not_picked":["Warcry","Twin Strike","Seeing Red"],"picked":"SKIP","floor":11},{"not_picked":["Sword Boomerang","Dual Wield","Flex"],"picked":"SKIP","floor":11},{"not_picked":["Infernal Blade","Perfected Strike"],"picked":"Thunderclap","floor":12},{"not_picked":["Power Through","Clash","Brutality"],"picked":"SKIP","floor":12},{"not_picked":["Dropkick","Thunderclap","Body Slam"],"picked":"SKIP","floor":14},{"not_picked":["Infernal Blade","Iron Wave","Pommel Strike"],"picked":"SKIP","floor":14},{"not_picked":["Warcry","Perfected Strike","Body Slam"],"picked":"SKIP","floor":18},{"not_picked":["Armaments+1","Sever Soul","Headbutt"],"picked":"SKIP","floor":18},{"not_picked":["Warcry","Twin Strike","Armaments"],"picked":"SKIP","floor":22},{"not_picked":["Second Wind","Flex","Cleave"],"picked":"SKIP","floor":22},{"not_picked":["Armaments","Perfected Strike","Corruption"],"picked":"SKIP","floor":23},{"not_picked":["Dropkick","Anger+1","Armaments","Spot Weakness"],"picked":"SKIP","floor":25},{"not_picked":["Warcry","Shrug It Off+1","Wild Strike","Headbutt"],"picked":"SKIP","floor":27},{"not_picked":["Headbutt","Perfected Strike","Body Slam","Thunderclap"],"picked":"SKIP","floor":27},{"not_picked":["Demon Form","Pommel Strike","Pummel+1","Iron Wave"],"picked":"SKIP","floor":29},{"not_picked":["Thunderclap","Headbutt+1","Hemokinesis","Feel No Pain"],"picked":"SKIP","floor":29},{"not_picked":["True Grit","Reckless Charge","Pummel","Armaments+1"],"picked":"SKIP","floor":30},{"not_picked":["Twin Strike","Warcry","Wild Strike","Combust"],"picked":"SKIP","floor":31},{"not_picked":["Metallicize","Havoc","Berserk","Heavy Blade"],"picked":"SKIP","floor":31},{"not_picked":["Shrug It Off+1","Burning Pact","Iron Wave","Fire Breathing+1"],"picked":"SKIP","floor":35},{"not_picked":["Flex+1","Combust","Warcry","Carnage"],"picked":"SKIP","floor":35},{"not_picked":["Anger","Flex","Intimidate","Sword Boomerang+1"],"picked":"SKIP","floor":36},{"not_picked":["Havoc","Pommel Strike","Thunderclap","Corruption"],"picked":"SKIP","floor":36},{"not_picked":["Clothesline","Rupture","Searing Blow+1","Whirlwind"],"picked":"SKIP","floor":38},{"not_picked":["Havoc","Body Slam","Combust+1","Headbutt"],"picked":"SKIP","floor":38},{"not_picked":["Fiend Fire","Metallicize","Shrug It Off","Havoc"],"picked":"SKIP","floor":41},{"not_picked":["Whirlwind","Brutality","Heavy Blade","Entrench"],"picked":"SKIP","floor":44},{"not_picked":["Shrug It Off+1","Ghostly Armor","Headbutt","Bloodletting"],"picked":"SKIP","floor":45},{"not_picked":["True Grit","Clothesline","Clash","Seeing Red"],"picked":"SKIP","floor":45},{"not_picked":["Perfected Strike","Impervious","Ghostly Armor","Sword Boomerang"],"picked":"SKIP","floor":46},{"not_picked":["Cleave","Clothesline+1","Carnage+1","Pommel Strike"],"picked":"SKIP","floor":47},{"not_picked":["Wild Strike","Flex","Shockwave+1","Heavy Blade"],"picked":"SKIP","floor":47},{"not_picked":["Carnage+1","Warcry+1","Seeing Red","Heavy Blade+1"],"picked":"SKIP","floor":48},{"not_picked":["Clothesline","Hemokinesis","Flame Barrier","Berserk"],"picked":"SKIP","floor":48}],"player_experience":397349,"relics_obtained":[{"floor":6,"key":"Prayer Wheel"},{"floor":8,"key":"Boot"},{"floor":9,"key":"PreservedInsect"},{"floor":23,"key":"Question Card"},{"floor":25,"key":"FossilizedHelix"},{"floor":26,"key":"Toy Ornithopter"},{"floor":30,"key":"Akabeko"},{"floor":41,"key":"War Paint"},{"floor":43,"key":"Sundial"},{"floor":44,"key":"Shuriken"},{"floor":46,"key":"Unceasing Top"}],"event_choices":[{"damage_healed":0,"gold_gain":0,"player_choice":"Inject Mutagens","damage_taken":0,"relics_obtained":["MutagenicStrength"],"max_hp_gain":0,"max_hp_loss":0,"event_name":"Drug Dealer","floor":19,"gold_loss":0},{"damage_healed":0,"gold_gain":0,"player_choice":"Got Potions","damage_taken":0,"max_hp_gain":0,"max_hp_loss":0,"event_name":"Lab","floor":24,"gold_loss":0},{"damage_healed":0,"gold_gain":0,"player_choice":"Ignored","damage_taken":0,"max_hp_gain":0,"max_hp_loss":0,"event_name":"Tomb of Lord Red Mask","floor":42,"gold_loss":0}],"is_beta":false,"boss_relics":[{"not_picked":["Philosopher\u0027s Stone","energizedSpire:MagnifyingGlass"],"picked":"Black Blood"},{"not_picked":["Pandora\u0027s Box","Cursed Key"],"picked":"Fusion Hammer"}],"items_purged_floors":[0,0,0,0,0,0,0,0,0,0,13,13],"is_endless":false,"potions_floor_spawned":[1,3,5,11,22,23,27,35,38,46,48],"ascension_level":20}}