{"host":"2820e8i2y38gm4bp","time":1609699751,"event":{"mods":["2.2 Compatiblity","Act Like it!","BaseMod","Better Note","BetterRewards","Downfall","Elementarium","GungeonMod","Hubris","Marisa????????","Minty Spire (QoL Compilation)","Rare Cards Sparkle","Replay The Spire","Shop Mod","StSLib","The Cursed","The Jungle"],"gold_per_floor":[118,128,146,163,8,39,39,49,49,49,77,94,94,94],"floor_reached":13,"playtime":518,"items_purged":[],"score":102,"play_id":"46d44ae1-5de3-4f2d-8c5a-d6743930d703","local_time":"20210103134911","is_ascension_mode":true,"campfire_choices":[{"data":"Body Slam","floor":7,"key":"SMITH"},{"floor":10,"key":"REST"}],"circlet_count":0,"master_deck":["Strike_R","Strike_R","Strike_R","Strike_R","Strike_R","Defend_R","Defend_R","Defend_R","Defend_R","Bash","Heavy Blade","Rupture","Bludgeon","Warcry","Body Slam","Body Slam+1","Seeing Red","Impervious"],"relics":["Burning Blood","King of Hearts","hubris:ChampionShield","Frozen Egg 2","Regal Pillow"],"acts_visited":["Exordium"],"potions_floor_usage":[8],"damage_taken":[{"damage":1,"enemies":"Cultist","floor":1,"turns":3},{"damage":1,"enemies":"2 Louse","floor":2,"turns":3},{"damage":2,"enemies":"Small Slimes","floor":3,"turns":3},{"damage":9,"enemies":"3 Louse","floor":4,"turns":4},{"damage":41,"enemies":"Lagavulin","floor":6,"turns":7},{"damage":23,"enemies":"Exordium Thugs","floor":8,"turns":5},{"damage":39,"enemies":"3 Sentries","floor":11,"turns":8},{"damage":7,"enemies":"Exordium Wildlife","floor":12,"turns":3},{"damage":13,"enemies":"Gremlin Nob","floor":13,"turns":4}],"seed_played":"-7803699066787803814","potions_obtained":[{"floor":1,"key":"Swift Potion"},{"floor":2,"key":"Dexterity Potion"},{"floor":4,"key":"ElixirPotion"},{"floor":6,"key":"HeartOfIron"}],"is_trial":false,"path_per_floor":["M","M","M","M","$","E","R","M","T","R","E","M","E"],"character_chosen":"IRONCLAD","items_purchased":["King of Hearts"],"campfire_rested":1,"item_purchase_floors":[5],"current_hp_per_floor":[80,80,80,77,77,42,42,25,25,49,16,15,2,2],"gold":94,"neow_bonus":"THREE_CARDS","is_daily":false,"chose_seed":false,"campfire_upgraded":1,"win_rate":0.0,"timestamp":1609699751,"path_taken":["M","M","M","M","?","E","R","M","T","R","E","M","E"],"items_purchased_type":["Relic"],"build_version":"2020-12-22","purchased_purges":0,"victory":false,"max_hp_per_floor":[80,80,80,80,80,80,80,80,80,80,80,80,80,80],"card_choices":[{"not_picked":["Rupture","Blood for Blood"],"picked":"Heavy Blade","floor":0},{"not_picked":["Pommel Strike","Havoc"],"picked":"Rupture","floor":1},{"not_picked":["Havoc","ReplayTheSpireMod:Strike From Hell"],"picked":"Bludgeon","floor":2},{"not_picked":["Iron Wave","Sword Boomerang"],"picked":"Warcry","floor":3},{"not_picked":["Pummel","Twin Strike"],"picked":"Body Slam","floor":4},{"not_picked":["Clothesline","True Grit"],"picked":"Body Slam","floor":6},{"not_picked":["Havoc","Intimidate"],"picked":"Seeing Red","floor":8},{"not_picked":["Clothesline","Defy Death","Havoc"],"picked":"SKIP","floor":11},{"not_picked":["Pommel Strike","Flex"],"picked":"Impervious","floor":12}],"player_experience":526004,"relics_obtained":[{"floor":6,"key":"hubris:ChampionShield"},{"floor":9,"key":"Frozen Egg 2"},{"floor":11,"key":"Regal Pillow"}],"event_choices":[],"is_beta":false,"boss_relics":[],"items_purged_floors":[],"is_endless":false,"potions_floor_spawned":[1,2,4,6],"killed_by":"Gremlin Nob","ascension_level":1}}