{"host":"waq1ashgqt0tulkv","time":1609669639,"event":{"mods":["Aspiration","BaseMod","BetterRewards","Colored Powertips","Conspire","Downfall","Duelist Mod","Hermit","Hubris","Infinite Spire","Minty Spire (QoL Compilation)","Quick Restart","Rare Cards Sparkle","Replay The Spire","StSLib","SuperFastMode","The Animator","The Bug Knight","The Construct","The Cursed","The Disciple","The Hierophant","The Necromancer","The Runesmith","The Servant 0.9.4","egg"],"gold_per_floor":[115,127,127,52,52,52,79,79,106,152,170,170,184,37,37,141,141,161,178,27,27,44,44,44,44,67,85,98,123,123,135,135,236,236,250,263,55,72,0,25,64,64,64,64,106,106,106,106,106,221,221,235,235,248,248,271,271,311,311,311,345,345,374,394,421,421,532,532,542,467,489,509,528,551,551,596,596,596,619,414,447,468,468,567,567,588,888,901,919,937,937,950,950,974,1016,1016,1037,1065,683,683,699,699],"floor_reached":101,"playtime":3093,"items_purged":["Regret"],"score":2078,"play_id":"507e030f-d012-45ec-b2b3-6d38f9c13eeb","local_time":"20210103032719","is_ascension_mode":false,"campfire_choices":[{"data":"Phantasmal Killer","floor":6.0,"key":"SMITH"},{"data":"Dagger Spray","floor":12.0,"key":"SMITH"},{"data":"Sucker Punch","floor":15.0,"key":"SMITH"},{"floor":23.0,"key":"REST"},{"data":"Die Die Die","floor":25.0,"key":"SMITH"},{"floor":32.0,"key":"REST"},{"floor":46,"key":"REST"},{"floor":49,"key":"REST"},{"data":"infinitespire:Gouge","floor":57,"key":"SMITH"},{"data":"Burst","floor":62,"key":"SMITH"},{"data":"Hidden Blade","floor":66,"key":"PURGE"},{"floor":75,"key":"REST"},{"data":"infinitespire:Gouge+1","floor":83,"key":"SMITH"},{"data":"Blade Dance+1","floor":91,"key":"SMITH"},{"data":"infinitespire:Gouge+2","floor":93,"key":"SMITH"},{"data":"infinitespire:Gouge+3","floor":96,"key":"SMITH"},{"floor":100,"key":"DIG"}],"circlet_count":0,"master_deck":["Strike_G","Strike_G","Strike_G","Strike_G","Defend_G","Defend_G","Defend_G","Defend_G","Defend_G+1","Survivor+1","Neutralize+1","Quick Slash","Sucker Punch+1","Slice","Phantasmal Killer+1","Dagger Spray+1","Backflip","Escape Plan","Die Die Die+1","Slice","Dodge and Roll+1","infinitespire:FinalStrike","infinitespire:Gouge+4","Deadly Poison","Burst+1","Quick Slash+1","Parasite","Blade Dance+2","Slice+1","Slice+1","Phantasmal Killer","Tactician","Blade Dance","Backstab","conspire:PoisonWeapons","Poisoned Stab+1","Venomology","infinitespire:Menacing","Dagger Spray+1","Parasite","Backstab+1","Flechettes+1"],"relics":["Ring of the Snake","aspiration:Nostalgia","hierophant:PropheticMaskRelic","Vajra","hubris:AncientText","conspire:GiftBox","War Paint","infinitespire:Beetle Shell","Oddly Smooth Stone","TwistedFunnel","MealTicket","aspiration:ChemicalBlood","infinitespire:ShieldingShard","Membership Card","aspiration:MobileForge","Mirror","Bag of Preparation","Red Mask","Replay:Bandana","hubris:BundleOfHerbs","aspiration:FetidBarrel","WristBlade","hubris:GlazedTorus","Strawberry","hubris:SlimyHat","Lantern","aspiration:HatOfInfinitePower","aspiration:RunesmithSkillbook","conspire:InfiniteJournal","Orichalcum","conspire:Flyswatter","Ancient Tea Set","infinitespire:EmpoweringShard","Sundial","Centennial Puzzle","aspiration:DSix","aspiration:FrozenJewel","HornCleat","Lee\u0027s Waffle","Replay:Multitool","Bag of Marbles"],"acts_visited":["Exordium","TheCity","TheBeyond","Exordium","TheCity","TheBeyond"],"potions_floor_usage":[50,50,50,50,50,61,67,76,79,81,84,92,92,95,98,98,98,98,101,101,101,101],"damage_taken":[{"damage":0.0,"enemies":"Jaw Worm","floor":1.0,"turns":3.0},{"damage":0.0,"enemies":"2 Louse","floor":2.0,"turns":2.0},{"damage":13.0,"enemies":"3 Sentries","floor":7.0,"turns":8.0},{"damage":0.0,"enemies":"Small Slimes","floor":11.0,"turns":1.0},{"damage":0.0,"enemies":"Red Slaver","floor":13.0,"turns":2.0},{"damage":8.0,"enemies":"The Guardian","floor":16.0,"turns":9.0},{"damage":6.0,"enemies":"Shell Parasite","floor":18.0,"turns":5.0},{"damage":14.0,"enemies":"2 Thieves","floor":19.0,"turns":2.0},{"damage":0.0,"enemies":"3 Cultists","floor":22.0,"turns":4.0},{"damage":0.0,"enemies":"Snake Plant","floor":27.0,"turns":4.0},{"damage":16.0,"enemies":"Sentry and Sphere","floor":28.0,"turns":4.0},{"damage":36.0,"enemies":"Nightmare","floor":29.0,"turns":11.0},{"damage":0.0,"enemies":"Shelled Parasite and Fungi","floor":31.0,"turns":2.0},{"damage":2.0,"enemies":"conspire:MysteriousRune","floor":33.0,"turns":9.0},{"damage":10.0,"enemies":"3 Shapes","floor":35.0,"turns":3.0},{"damage":0.0,"enemies":"Orb Walker","floor":36.0,"turns":2.0},{"damage":0.0,"enemies":"Writhing Mass","floor":38.0,"turns":5.0},{"damage":37.0,"enemies":"R_Hoarder","floor":40.0,"turns":8.0},{"damage":17.0,"enemies":"Transient","floor":41.0,"turns":5.0},{"damage":0.0,"enemies":"3 Darklings","floor":45.0,"turns":3.0},{"damage":52,"enemies":"Donu and Deca","floor":50,"turns":10},{"damage":0,"enemies":"Cultist","floor":52,"turns":2},{"damage":0,"enemies":"2 Louse","floor":54,"turns":2},{"damage":0,"enemies":"Small Slimes","floor":56,"turns":1},{"damage":0,"enemies":"Gremlin Nob","floor":58,"turns":2},{"damage":4,"enemies":"Lagavulin","floor":61,"turns":3},{"damage":0,"enemies":"Exordium Thugs","floor":63,"turns":1},{"damage":0,"enemies":"Blue Slaver","floor":64,"turns":1},{"damage":0,"enemies":"Gremlin Gang","floor":65,"turns":1},{"damage":9,"enemies":"Hexaghost","floor":67,"turns":3},{"damage":0,"enemies":"Spheric Guardian","floor":69,"turns":2},{"damage":0,"enemies":"Shell Parasite","floor":71,"turns":2},{"damage":0,"enemies":"Snake Plant","floor":72,"turns":2},{"damage":0,"enemies":"Centurion and Healer","floor":73,"turns":2},{"damage":14,"enemies":"Shelled Parasite and Fungi","floor":74,"turns":2},{"damage":18,"enemies":"Book of Stabbing","floor":76,"turns":3},{"damage":0,"enemies":"3 Cultists","floor":79,"turns":3},{"damage":0,"enemies":"Slavers","floor":81,"turns":4},{"damage":3,"enemies":"Snecko","floor":82,"turns":3},{"damage":5,"enemies":"conspire:MysteriousRune","floor":84,"turns":3},{"damage":16,"enemies":"3 Shapes","floor":86,"turns":3},{"damage":0,"enemies":"Orb Walker","floor":88,"turns":1},{"damage":0,"enemies":"4 Shapes","floor":89,"turns":3},{"damage":0,"enemies":"Writhing Mass","floor":90,"turns":3},{"damage":0,"enemies":"Transient","floor":92,"turns":5},{"damage":0,"enemies":"Reptomancer","floor":95,"turns":3},{"damage":0,"enemies":"3 Darklings","floor":97,"turns":2},{"damage":44,"enemies":"Nightmare","floor":98,"turns":5},{"damage":94,"enemies":"conspire:OrnateMirror","floor":101,"turns":3}],"seed_played":"8799720709172937585","potions_obtained":[{"floor":2.0,"key":"Energy Potion"},{"floor":11.0,"key":"Venom Potion"},{"floor":18.0,"key":"SpeedPotion"},{"floor":22.0,"key":"FearPotion"},{"floor":27.0,"key":"SkillPotion"},{"floor":35.0,"key":"BlessingOfTheForge"},{"floor":38.0,"key":"Doom Potion"},{"floor":40.0,"key":"Poison Potion"},{"floor":45.0,"key":"SkillPotion"},{"floor":50,"key":"DistilledChaos"},{"floor":52,"key":"Strength Potion"},{"floor":53,"key":"conspire:TimeTravelPotion"},{"floor":54,"key":"LifebloodPotion"},{"floor":63,"key":"Languid Potion"},{"floor":64,"key":"CunningPotion"},{"floor":79,"key":"hexamod:EctoCoolerPotion"},{"floor":82,"key":"Adrenaline Potion"},{"floor":86,"key":"Adrenaline Potion"},{"floor":95,"key":"Venom Potion"}],"is_trial":false,"path_per_floor":["M","M","?","$","?","R","E","$","T","T","M","R","M","$","R","B",null,"M","M","$","?","M","R","?","R","T","M","M","NM","AVR","M","R","B",null,"M","M","$","M","?","E","M","?","T","T","M","R","?","?","R","B",null,"M","?","M","AVR","M","R","E","?","T","E","R","M","M","M","R","B",null,"M","?","M","M","M","M","R","E","T","?","M","$","E","M","R","B",null,"M","?","M","M","M","R","M","R","T","E","R","M","NM","$","R","B"],"character_chosen":"THE_SILENT","items_purchased":["aspiration:Nostalgia","Vajra","Quick Slash","TwistedFunnel","MealTicket","Mirror","Bag of Preparation","Ancient Tea Set","infinitespire:EmpoweringShard","HornCleat","Lee\u0027s Waffle","Replay:Multitool","champ:CounterPotion"],"campfire_rested":5,"item_purchase_floors":[0,0,0,14,20,37,37,80,80,99,99,99,99],"current_hp_per_floor":[70,70,70,70,67,67,54,54,54,54,54,54,54,54,54,46,70,64,50,50,38,38,59,59,59,59,59,43,7,7,7,28,26,70,60,60,70,70,70,33,16,16,16,16,31,52,52,52,66,14,66,66,66,66,66,66,66,73,73,73,69,69,69,69,69,69,60,73,73,73,73,73,73,59,73,55,55,55,55,70,70,67,67,62,73,57,57,57,57,57,57,57,57,57,65,65,65,67,80,80,0,0],"gold":699,"neow_bonus":"","is_daily":false,"chose_seed":false,"campfire_upgraded":10,"win_rate":0.0,"timestamp":1609669639,"path_taken":["M","M","?","$","?","R","E","?","T","?","M","R","M","$","R","BOSS","M","M","$","?","?","R","?","R","T","M","M","NM","AVR","M","R","BOSS","M","?","$","M","?","E","M","?","T","?","?","R","?","?","R","BOSS","M","?","M","AVR","?","R","E","?","T","E","R","M","M","M","R","BOSS","M","?","M","M","M","M","R","E","T","?","M","$","E","M","R","BOSS","M","?","M","M","M","R","?","R","T","E","R","M","NM","$","R","BOSS"],"items_purchased_type":["Relic","Relic","Card","Relic","Relic","Relic","Relic","Relic","Relic","Relic","Relic","Relic","Potion"],"build_version":"2020-12-13","purchased_purges":1,"victory":false,"max_hp_per_floor":[70,70,70,70,70,70,70,70,70,70,70,70,70,70,70,70,70,70,70,70,70,70,70,70,70,70,70,70,70,70,70,70,70,70,70,70,70,70,70,70,70,70,70,70,70,70,70,66,66,66,66,66,66,66,66,66,66,73,73,73,73,73,73,73,73,73,73,73,73,73,73,73,73,73,73,73,73,73,73,73,73,73,73,73,73,73,73,73,73,73,73,73,73,73,73,73,73,73,80,80,80,80],"card_choices":[{"not_picked":["Prepared","Terror"],"picked":"Sucker Punch","floor":1.0},{"not_picked":["Backflip","Prepared"],"picked":"Slice","floor":2.0},{"not_picked":["ReplayTheSpireMod:Necrosis","Atom Bomb"],"picked":"Phantasmal Killer","floor":5.0},{"not_picked":["Distraction","Eviscerate"],"picked":"Dagger Spray","floor":7.0},{"not_picked":["Eviscerate","Glass Knife"],"picked":"Backflip","floor":11.0},{"not_picked":["Blade Dance","Fluid Movement"],"picked":"Escape Plan","floor":13.0},{"not_picked":["Wraith Form v2","After Image"],"picked":"Die Die Die","floor":16.0},{"not_picked":["All Out Attack","hubris:SlightOfHand+1"],"picked":"Slice","floor":18.0},{"not_picked":["Acrobatics","Prepared","Backflip"],"picked":"SKIP","floor":19.0},{"not_picked":["Acrobatics","Dagger Spray","Quick Slash"],"picked":"SKIP","floor":22.0},{"not_picked":["Blade Dance","Sucker Punch","ReplayTheSpireMod:Exploit Weakness"],"picked":"SKIP","floor":27.0},{"not_picked":["Bane+1","Fluid Movement"],"picked":"Dodge and Roll+1","floor":28.0},{"not_picked":["infinitespire:FutureSight","infinitespire:Collect"],"picked":"infinitespire:FinalStrike","floor":29.0},{"not_picked":["Catalyst","Acrobatics+1","hubris:Counter"],"picked":"SKIP","floor":29.0},{"not_picked":["hubris:TrickCloak","Acrobatics"],"picked":"Deadly Poison","floor":31.0},{"not_picked":["infinitespire:Neurotoxin","Adrenaline"],"picked":"Burst","floor":33.0},{"not_picked":["Acrobatics+1","Caltrops"],"picked":"Quick Slash+1","floor":35.0},{"not_picked":["Predator","Dagger Spray+1","Choke"],"picked":"SKIP","floor":36.0},{"not_picked":["Acrobatics+1","Noxious Fumes"],"picked":"Blade Dance+1","floor":38.0},{"not_picked":["Choke+1","conspire:DoublingDagger+1"],"picked":"Slice+1","floor":40.0},{"not_picked":["Dagger Spray","Expertise","Dagger Throw+1"],"picked":"SKIP","floor":41.0},{"not_picked":["Bane+1","ReplayTheSpireMod:Scrap Shanks+1"],"picked":"Slice+1","floor":45.0},{"not_picked":["Wraith Form v2","Malaise"],"picked":"Phantasmal Killer","floor":50},{"not_picked":["Infinite Blades","Backflip","hubris:SlightOfHand"],"picked":"SKIP","floor":52},{"not_picked":["Prepared","Masterful Stab"],"picked":"Tactician","floor":54},{"not_picked":["Flying Knee","Heel Hook"],"picked":"Blade Dance","floor":56},{"not_picked":["Noxious Fumes","Acrobatics","Outmaneuver"],"picked":"SKIP","floor":58},{"not_picked":["PiercingWail","Replay:Bag of Tricks","Dodge and Roll"],"picked":"SKIP","floor":61},{"not_picked":["Blade Dance","Deflect","Dagger Throw"],"picked":"SKIP","floor":63},{"not_picked":["Bullet Time","Distraction"],"picked":"Hidden Blade","floor":64},{"not_picked":["Tactician","Caltrops","Poisoned Stab"],"picked":"SKIP","floor":65},{"not_picked":["Bane","Runesmith:HeatedChisel+1","Acrobatics+1"],"picked":"Backstab","floor":69},{"not_picked":["ReplayTheSpireMod:Exploit Weakness","Bane","Runesmith:RuneHurl+1","Runesmith:HeatedChisel"],"picked":"SKIP","floor":71},{"not_picked":["Bouncing Flask","Infinite Blades","Dagger Spray"],"picked":"conspire:PoisonWeapons","floor":72},{"not_picked":["Runesmith:PerfectChisel+1","Runesmith:HeatedChisel","ReplayTheSpireMod:Exploit Weakness","Runesmith:DuctTape"],"picked":"SKIP","floor":73},{"not_picked":["Runesmith:EarthShield","Noxious Fumes","Runesmith:Overpower+1","Bullet Time"],"picked":"SKIP","floor":74},{"not_picked":["Flying Knee","Runesmith:ChargedHammer","Runesmith:CraftProtectio","Runesmith:HammerThrow"],"picked":"SKIP","floor":76},{"not_picked":["Runesmith:UnstableHammer","Dagger Throw","Skewer"],"picked":"Poisoned Stab+1","floor":79},{"not_picked":["Expertise","Infinite Blades","Runesmith:Overpower","Masterful Stab"],"picked":"SKIP","floor":81},{"not_picked":["PiercingWail+1","Bane","hubris:Counter","Runesmith:NegativeSpace"],"picked":"SKIP","floor":82},{"not_picked":["Runesmith:MetallurgicalResearch","Runesmith:CraftMedicinae","Runesmith:ArcReactor"],"picked":"Venomology","floor":84},{"not_picked":["Backstab","aspiration:UnbridledHammer","hubris:Counter+1","Sucker Punch"],"picked":"SKIP","floor":86},{"not_picked":["Runesmith:MakeshiftArmor","Runesmith:RuneHurl+1","Runesmith:ChiselStab","Runesmith:EnergizedChisel+1"],"picked":"SKIP","floor":88},{"not_picked":["infinitespire:SevenWalls","infinitespire:Oblivion"],"picked":"infinitespire:Menacing","floor":89},{"not_picked":["Runesmith:BackupBattery","Quick Slash+1","Runesmith:CraftMagma"],"picked":"Dagger Spray+1","floor":89},{"not_picked":["Acrobatics+1","Dagger Throw","Leg Sweep+1","Runesmith:BackupBattery"],"picked":"SKIP","floor":90},{"not_picked":["Runesmith:StaticCage+1","Blade Dance","Runesmith:HammerTime"],"picked":"Backstab+1","floor":92},{"not_picked":["Runesmith:Attraction","Runesmith:HeatedChisel","Runesmith:ReplicatingBarrier","Acrobatics+1"],"picked":"SKIP","floor":95},{"not_picked":["Dagger Throw","Backstab+1","Bane"],"picked":"Flechettes+1","floor":97},{"not_picked":["Backflip","Runesmith:Empowerment","Runesmith:Terraform+1","PiercingWail"],"picked":"SKIP","floor":98}],"player_experience":25401,"relics_obtained":[{"floor":7.0,"key":"War Paint"},{"floor":9.0,"key":"infinitespire:Beetle Shell"},{"floor":10.0,"key":"Oddly Smooth Stone"},{"floor":26.0,"key":"aspiration:ChemicalBlood"},{"floor":29.0,"key":"infinitespire:ShieldingShard"},{"floor":40.0,"key":"Replay:Bandana"},{"floor":43.0,"key":"hubris:BundleOfHerbs"},{"floor":44.0,"key":"aspiration:FetidBarrel"},{"floor":58,"key":"Strawberry"},{"floor":60,"key":"Lantern"},{"floor":61,"key":"aspiration:HatOfInfinitePower"},{"floor":76,"key":"conspire:InfiniteJournal"},{"floor":77,"key":"Orichalcum"},{"floor":81,"key":"Sundial"},{"floor":94,"key":"Centennial Puzzle"},{"floor":95,"key":"aspiration:DSix"},{"floor":98,"key":"aspiration:FrozenJewel"},{"floor":100,"key":"Bag of Marbles"}],"event_choices":[{"damage_healed":0.0,"max_hp_gain":0.0,"max_hp_loss":0.0,"gold_gain":0.0,"event_name":"Big Fish","player_choice":"Box","floor":3.0,"gold_loss":0.0,"damage_taken":0.0,"relics_obtained":["hubris:AncientText"],"cards_obtained":["Regret"]},{"damage_healed":0.0,"max_hp_gain":0.0,"max_hp_loss":0.0,"gold_gain":0.0,"event_name":"Scrap Ooze","player_choice":"Success","floor":5.0,"gold_loss":0.0,"damage_taken":3.0,"relics_obtained":["conspire:GiftBox"]},{"damage_healed":0.0,"max_hp_gain":0.0,"max_hp_loss":0.0,"gold_gain":0.0,"event_name":"Knowing Skull","player_choice":"POTION ","floor":21.0,"potions_obtained":["Toxic Potion"],"gold_loss":0.0,"damage_taken":12.0,"cards_obtained":[]},{"damage_healed":0.0,"max_hp_gain":0.0,"max_hp_loss":0.0,"gold_gain":0.0,"event_name":"Upgrade Shrine","player_choice":"Upgraded","floor":24.0,"gold_loss":0.0,"damage_taken":0.0,"cards_upgraded":["Neutralize"]},{"damage_healed":0.0,"max_hp_gain":0.0,"max_hp_loss":0.0,"gold_gain":0.0,"event_name":"Tomb of Lord Red Mask","player_choice":"Paid","floor":39.0,"gold_loss":72.0,"damage_taken":0.0,"relics_obtained":["Red Mask"]},{"damage_healed":0.0,"max_hp_gain":0.0,"max_hp_loss":0.0,"gold_gain":0.0,"event_name":"Mysterious Sphere","player_choice":"Ignored","floor":42.0,"gold_loss":0.0,"damage_taken":0.0},{"damage_healed":0,"gold_gain":0,"player_choice":"Leave","damage_taken":0,"max_hp_gain":0,"max_hp_loss":0,"event_name":"conspire:Investor","floor":47,"gold_loss":0},{"damage_healed":0,"gold_gain":0,"player_choice":"Max HP","damage_taken":0,"max_hp_gain":0,"max_hp_loss":4,"event_name":"Winding Halls","floor":48,"gold_loss":0},{"damage_healed":0,"gold_gain":0,"player_choice":"Got Potions","damage_taken":0,"max_hp_gain":0,"max_hp_loss":0,"event_name":"Lab","floor":53,"gold_loss":0},{"damage_healed":0,"gold_gain":0,"player_choice":"Gave Potion","damage_taken":0,"relics_obtained":["hubris:SlimyHat"],"max_hp_gain":0,"max_hp_loss":0,"event_name":"WeMeetAgain","floor":59,"gold_loss":0},{"cards_removed":["Strike_G"],"damage_healed":0,"gold_gain":0,"player_choice":"Gave Gold","damage_taken":0,"max_hp_gain":0,"max_hp_loss":0,"event_name":"Beggar","floor":70,"gold_loss":75},{"damage_healed":0,"gold_gain":300,"player_choice":"Gold","damage_taken":0,"max_hp_gain":0,"max_hp_loss":0,"event_name":"Wheel of Change","floor":87,"gold_loss":0}],"is_beta":false,"boss_relics":[{"not_picked":["hubris:BlackHole","hubris:RunicObelisk","hubris:CrackedHourglass"]},{"not_picked":["Runic Dome","Coffee Dripper"],"picked":"aspiration:MobileForge"},{"not_picked":["hubris:VirtuousBlindfold","Ring of Chaos"],"picked":"WristBlade"},{"not_picked":["Painkiller Herb","aspiration:FutureDiary"],"picked":"aspiration:RunesmithSkillbook"},{"not_picked":["Cursed Key","Philosopher\u0027s Stone","Coffee Dripper"]}],"items_purged_floors":[4],"is_endless":true,"potions_floor_spawned":[2,11,18,22,27,35,38,45,50,52,54,63,64,69,71,79,82,86,89,95],"killed_by":"conspire:OrnateMirror","ascension_level":0}}