{"host":"2461dio7vetlq1z3","time":1609686188,"event":{"mods":["2.2 Compatiblity","AchievementEnabler","Aspiration","BaseMod","Better Third Choice","Friendly Minions","Minty Spire (QoL Compilation)","Relic Stats","Spicy Shops","StSLib","Waifu the Spire"],"gold_per_floor":[112,126,141,160,160,186,186,33,57,57,57,88,88,126,126,215,215,236,11,36,36,60,99,99,130,175,208,35,35,51,51,51,147,147,166,166,189,189,149,149,0,0,0,0,0],"floor_reached":44,"playtime":1951,"items_purged":["Injury","Strike_B","Strike_B"],"score":960,"play_id":"6169656f-d58d-47ae-b00e-1c2346cf2df6","local_time":"20210103160308","is_ascension_mode":true,"campfire_choices":[{"data":"Ball Lightning","floor":7,"key":"SMITH"},{"floor":10,"key":"REST"},{"data":"Static Discharge","floor":13,"key":"SMITH"},{"data":"Defragment","floor":15,"key":"SMITH"},{"floor":24,"key":"REST"},{"data":"Feed","floor":29,"key":"SMITH"},{"data":"Feel No Pain","floor":32,"key":"SMITH"},{"data":"Feel No Pain","floor":40,"key":"SMITH"},{"data":"Dualcast","floor":42,"key":"SMITH"}],"circlet_count":0,"master_deck":["AscendersBane","Strike_B","Strike_B","Defend_B","Defend_B","Defend_B","Defend_B","Zap","Dualcast+1","Cold Snap","Glacier+1","Chill","Ball Lightning+1","Reboot+1","Static Discharge+1","Coolheaded+1","Defragment+1","Fission+1","Shrug It Off+1","Ball Lightning+1","True Grit+1","Clothesline+1","Multi-Cast+1","Feed+1","Defragment+1","Feel No Pain+1","Reboot+1","Chill+1","Entrench+1","Feel No Pain+1"],"relics":["Cracked Core","Toxic Egg 2","InkBottle","Omamori","Golden Idol","Nunchaku","Bronze Scales","aspiration:IroncladSkillbook","Boot","Dead Branch","Potion Belt","aspiration:HatOfInfinitePower","DollysMirror","aspiration:FetidBarrel","aspiration:Stellarator","Red Mask"],"acts_visited":["Exordium","TheCity","TheBeyond"],"potions_floor_usage":[6,12,23,25,33],"damage_taken":[{"damage":6,"enemies":"Cultist","floor":1,"turns":3},{"damage":0,"enemies":"Small Slimes","floor":2,"turns":4},{"damage":3,"enemies":"Jaw Worm","floor":3,"turns":4},{"damage":2,"enemies":"Exordium Wildlife","floor":4,"turns":4},{"damage":10,"enemies":"3 Sentries","floor":6,"turns":9},{"damage":15,"enemies":"Gremlin Nob","floor":12,"turns":4},{"damage":5,"enemies":"3 Sentries","floor":14,"turns":8},{"damage":29,"enemies":"The Guardian","floor":16,"turns":10},{"damage":16,"enemies":"2 Thieves","floor":18,"turns":4},{"damage":9,"enemies":"Shell Parasite","floor":20,"turns":4},{"damage":2,"enemies":"Snecko","floor":22,"turns":5},{"damage":11,"enemies":"Book of Stabbing","floor":23,"turns":4},{"damage":15,"enemies":"Slavers","floor":25,"turns":4},{"damage":11,"enemies":"Gremlin Leader","floor":27,"turns":5},{"damage":0,"enemies":"Cultist and Chosen","floor":30,"turns":7},{"damage":15,"enemies":"Automaton","floor":33,"turns":10},{"damage":0,"enemies":"3 Shapes","floor":35,"turns":4},{"damage":0,"enemies":"Orb Walker","floor":37,"turns":3},{"damage":6,"enemies":"3 Darklings","floor":44,"turns":1}],"seed_played":"7205336119325129786","potions_obtained":[{"floor":2,"key":"Swift Potion"},{"floor":3,"key":"Swift Potion"},{"floor":12,"key":"Energy Potion"},{"floor":22,"key":"BlessingOfTheForge"},{"floor":23,"key":"Strength Potion"},{"floor":25,"key":"DuplicationPotion"},{"floor":33,"key":"EssenceOfDarkness"},{"floor":35,"key":"FairyPotion"}],"is_trial":false,"path_per_floor":["M","M","M","M","?","E","R","$","T","R","?","E","R","E","R","B",null,"M","$","M","?","M","E","R","E","T","E","$","R","M","?","R","B",null,"M","?","M","?","$","R","?","R","T","M"],"character_chosen":"DEFECT","items_purchased":["Static Discharge","DollysMirror","Feel No Pain"],"campfire_rested":2,"item_purchase_floors":[8,28,39],"current_hp_per_floor":[58,58,55,53,53,43,43,43,43,64,64,49,49,44,44,15,57,45,45,40,40,42,35,56,45,45,38,38,38,46,46,46,39,69,73,73,75,75,75,75,75,75,75,69,69],"gold":0,"neow_bonus":"THREE_CARDS","is_daily":false,"chose_seed":false,"campfire_upgraded":7,"win_rate":0.0,"timestamp":1609686188,"path_taken":["M","M","M","?","?","E","R","$","T","R","?","E","R","E","R","BOSS","M","$","M","?","M","E","R","E","T","E","?","R","M","?","R","BOSS","M","?","M","?","$","R","?","R","T","?"],"items_purchased_type":["Card","Relic","Card"],"build_version":"2020-12-22","purchased_purges":3,"victory":false,"max_hp_per_floor":[71,71,71,71,71,71,71,71,71,71,71,71,71,71,71,71,71,71,71,71,71,71,71,71,71,71,71,71,71,75,75,75,79,79,79,75,75,75,75,75,75,75,75,75,75],"relic_stats":{"Nunchaku":[9],"counters":[19,97],"Golden Idol":98,"Bronze Scales":[179],"Dead Branch":[44],"Boot":[6],"obtain_stats":[{"Potion Belt":26,"Golden Idol":11,"aspiration:FetidBarrel":31,"aspiration:Stellarator":34,"Dead Branch":25,"Omamori":9,"Boot":23,"aspiration:IroncladSkillbook":17,"Nunchaku":12,"DollysMirror":28,"Bronze Scales":14,"Red Mask":41,"Toxic Egg 2":5,"Cracked Core":0,"aspiration:HatOfInfinitePower":27,"InkBottle":6},{"Potion Belt":13,"Golden Idol":5,"aspiration:FetidBarrel":15,"aspiration:Stellarator":16,"Dead Branch":13,"Omamori":5,"Boot":12,"aspiration:IroncladSkillbook":8,"Nunchaku":6,"DollysMirror":14,"Bronze Scales":7,"Red Mask":18,"Toxic Egg 2":4,"Cracked Core":0,"aspiration:HatOfInfinitePower":14,"InkBottle":5},{"Potion Belt":67,"Golden Idol":24,"aspiration:FetidBarrel":79,"aspiration:Stellarator":89,"Dead Branch":67,"Omamori":24,"Boot":63,"aspiration:IroncladSkillbook":46,"Nunchaku":28,"DollysMirror":72,"Bronze Scales":36,"Red Mask":96,"Toxic Egg 2":15,"Cracked Core":0,"aspiration:HatOfInfinitePower":72,"InkBottle":24}],"InkBottle":[26]},"card_choices":[{"not_picked":["Coolheaded","Chill"],"picked":"Cold Snap","floor":0},{"not_picked":["Coolheaded","Tempest"],"picked":"Glacier","floor":1},{"not_picked":["Reprogram","Turbo"],"picked":"Chill","floor":2},{"not_picked":["Stack","Reprogram","Conserve Battery"],"picked":"SKIP","floor":3},{"not_picked":["Streamline","Beam Cell"],"picked":"Ball Lightning","floor":4},{"not_picked":["Go for the Eyes","Loop"],"picked":"Reboot+1","floor":6},{"not_picked":["Stack+1","Rebound"],"picked":"Coolheaded+1","floor":12},{"not_picked":["Undo+1","Steam Power+1"],"picked":"Defragment","floor":14},{"not_picked":["Buffer","Biased Cognition"],"picked":"Fission+1","floor":16},{"not_picked":["Sentinel+1","Streamline","Self Repair"],"picked":"Shrug It Off+1","floor":18},{"not_picked":["Seeing Red+1","Flex+1","Beam Cell"],"picked":"Ball Lightning+1","floor":20},{"not_picked":["Auto Shields+1","Armaments+1","Cleave"],"picked":"True Grit+1","floor":22},{"not_picked":["Ball Lightning","Armaments+1","Rebound"],"picked":"Clothesline+1","floor":23},{"not_picked":["Sword Boomerang","Havoc+1","Doom and Gloom"],"picked":"Multi-Cast+1","floor":25},{"not_picked":["Body Slam","Second Wind+1","Gash"],"picked":"Feed","floor":27},{"not_picked":["Heatsinks","Coolheaded+1","Dropkick+1"],"picked":"Feel No Pain","floor":30},{"not_picked":["Fiend Fire","Multi-Cast+1","Core Surge"],"picked":"Reboot+1","floor":33},{"not_picked":["Headbutt","Thunderclap+1","Uppercut"],"picked":"Chill+1","floor":35},{"not_picked":["Beam Cell","Clothesline","Pommel Strike"],"picked":"Entrench+1","floor":37}],"player_experience":1035617,"relics_obtained":[{"floor":6,"key":"InkBottle"},{"floor":9,"key":"Omamori"},{"floor":12,"key":"Nunchaku"},{"floor":14,"key":"Bronze Scales"},{"floor":23,"key":"Boot"},{"floor":25,"key":"Dead Branch"},{"floor":26,"key":"Potion Belt"},{"floor":27,"key":"aspiration:HatOfInfinitePower"}],"event_choices":[{"damage_healed":0,"gold_gain":0,"player_choice":"Take Wound","damage_taken":0,"relics_obtained":["Golden Idol"],"max_hp_gain":0,"max_hp_loss":0,"event_name":"Golden Idol","floor":11,"gold_loss":0,"cards_obtained":["Injury"]},{"damage_healed":0,"gold_gain":0,"player_choice":"Upgraded","damage_taken":0,"max_hp_gain":0,"max_hp_loss":0,"event_name":"Upgrade Shrine","floor":21,"gold_loss":0,"cards_upgraded":["Glacier"]},{"damage_healed":0,"gold_gain":0,"player_choice":"Opened","damage_taken":0,"relics_obtained":["aspiration:FetidBarrel"],"max_hp_gain":0,"max_hp_loss":0,"event_name":"The Mausoleum","floor":31,"gold_loss":0,"cards_obtained":["Writhe"]},{"damage_healed":0,"gold_gain":0,"player_choice":"Max HP","damage_taken":0,"max_hp_gain":0,"max_hp_loss":4,"event_name":"Winding Halls","floor":36,"gold_loss":0},{"damage_healed":0,"gold_gain":0,"player_choice":"Paid","damage_taken":0,"relics_obtained":["Red Mask"],"max_hp_gain":0,"max_hp_loss":0,"event_name":"Tomb of Lord Red Mask","floor":41,"gold_loss":149}],"is_beta":false,"boss_relics":[{"not_picked":["aspiration:PoetsPen_weak","Tiny House"],"picked":"aspiration:IroncladSkillbook"},{"not_picked":["Nuclear Battery","Cursed Key"],"picked":"aspiration:Stellarator"}],"items_purged_floors":[8,19,19],"is_endless":false,"potions_floor_spawned":[2,3,12,22,23,25,33,35],"killed_by":"3 Darklings","ascension_level":20}}