{"host":"6dypmz777xraikqf","time":1609694100,"event":{"mods":["AchievementEnabler","BaseMod","BetterRewards","Colored Map","Colored Powertips","Downfall","Highlight Path","Hubris","Infinite Spire","Minty Spire (QoL Compilation)","Replay The Spire","StSLib"],"gold_per_floor":[118,118,118,118,134,159,179,179,206,220,235,235,235,59,59,161,161,172,172,191,191,191,209,222,222,251,251,251,251,90,125,0,0,0,104,104,120,145,2,2,0,0,32,32,57,57,57,87,104,124,124,124],"floor_reached":53,"playtime":4411,"items_purged":["Strike_B","Pain","Clumsy"],"score":1096,"play_id":"8ba88e08-1a71-4d7f-89fe-be303b684344","local_time":"20210103171500","is_ascension_mode":true,"campfire_choices":[{"floor":13,"key":"REST"},{"floor":15,"key":"REST"},{"floor":25,"key":"REST"},{"data":"Chill","floor":29,"key":"SMITH"},{"floor":34,"key":"REST"},{"data":"infinitespire:Oblivion","floor":42,"key":"SMITH"},{"data":"Discovery","floor":47,"key":"SMITH"},{"data":"Echo Form","floor":51,"key":"SMITH"}],"circlet_count":0,"master_deck":["Defend_B","Zap+1","Dualcast","FIFO Queue+1","Discovery+1","Chaos+1","Chill+1","Leap","Conserve Battery","hubris:Fate","hubris:Fate+1","Gash+1","Stack","FIFO Queue","Coolheaded","Skim","Ball Lightning+1","Crystallizer","Chill+1","Machine Learning","Auto Shields+1","infinitespire:Oblivion+1","BootSequence","Machine Learning","Turbo+1","Echo Form+1"],"relics":["Cracked Core","Gambling Chip","Raider\u0027s Mask","Garlic","hubris:Icosahedron","hubris:SphereOfDissonance","Pet Ghost","DollysMirror","Busted Crown","hubris:BundleOfHerbs","Replay:PocketPolymizer","Happy Flower","Runic Pyramid","hubris:BallOfYels","Red Mask","Meat on the Bone","Omamori","Vajra","infinitespire:PuzzleCube"],"acts_visited":["Exordium","TheCity","TheBeyond"],"potions_floor_usage":[0,16,35,35,48,52,52],"damage_taken":[{"damage":9,"enemies":"Cultist","floor":1,"turns":5},{"damage":0,"enemies":"2 Louse","floor":5,"turns":1},{"damage":22,"enemies":"Lagavulin","floor":6,"turns":7},{"damage":5,"enemies":"Jaw Worm","floor":7,"turns":4},{"damage":0,"enemies":"3 Louse","floor":10,"turns":3},{"damage":0,"enemies":"Red Slaver","floor":11,"turns":3},{"damage":4,"enemies":"Slime Boss","floor":16,"turns":7},{"damage":4,"enemies":"Shell Parasite","floor":18,"turns":2},{"damage":9,"enemies":"2 Thieves","floor":20,"turns":3},{"damage":14,"enemies":"Centurion and Healer","floor":23,"turns":6},{"damage":14,"enemies":"Snecko","floor":24,"turns":6},{"damage":44,"enemies":"Book of Stabbing","floor":26,"turns":7},{"damage":0,"enemies":"Replay:Snechameleon","floor":31,"turns":5},{"damage":30,"enemies":"Collector","floor":35,"turns":14},{"damage":0,"enemies":"3 Shapes","floor":37,"turns":3},{"damage":1,"enemies":"Giant Head","floor":43,"turns":8},{"damage":6,"enemies":"Nightmare","floor":48,"turns":7},{"damage":0,"enemies":"3 Darklings","floor":49,"turns":4},{"damage":6,"enemies":"Jaw Worm Horde","floor":50,"turns":4},{"damage":5,"enemies":"Awakened One","floor":52,"turns":7}],"seed_played":"-2666437788726136374","potions_obtained":[{"floor":5,"key":"FearPotion"},{"floor":11,"key":"DuplicationPotion"},{"floor":16,"key":"SpeedPotion"},{"floor":24,"key":"Adrenaline Potion"},{"floor":35,"key":"BlessingOfTheForge"},{"floor":37,"key":"Strength Potion"},{"floor":38,"key":"EssenceOfSteel"},{"floor":43,"key":"AttackPotion"},{"floor":50,"key":"SpeedPotion"}],"is_trial":false,"path_per_floor":["M","?","?","?","M","E","M","?","T","M","M","?","R","$","R","B",null,"M","?","M","PTL","PTL","M","M","R","E","?","T","R","$","E","$","?","R","B",null,"M","?","$","AVR","?","R","E","?","T","T","R","NM","M","M","R","B",null],"character_chosen":"DEFECT","items_purchased":["FIFO Queue+1","Raider\u0027s Mask","Garlic","Fruit Juice","Discovery","DollysMirror","Gash+1","Chill+1","hubris:BallOfYels"],"campfire_rested":4,"item_purchase_floors":[0,0,0,0,0,14,14,30,39],"current_hp_per_floor":[39,39,39,39,39,17,12,12,12,12,12,12,36,36,60,56,80,76,76,67,67,67,53,39,63,34,34,34,34,34,34,34,34,58,28,80,80,80,80,80,80,80,79,79,79,79,79,73,73,67,67,62],"gold":124,"neow_bonus":"","is_daily":false,"chose_seed":false,"campfire_upgraded":4,"win_rate":0.0,"timestamp":1609694100,"path_taken":["M","?","?","?","M","E","M","?","T","?","M","?","R","$","R","BOSS","M","?","M","PTL","PTL","M","M","R","E","?","T","R","$","E","?","?","R","BOSS","M","?","?","AVR","?","R","E","?","T","?","R","NM","M","?","R","BOSS"],"items_purchased_type":["Card","Relic","Relic","Potion","Card","Relic","Card","Card","Relic"],"build_version":"2020-12-22","purchased_purges":3,"victory":true,"max_hp_per_floor":[80,80,80,80,80,80,80,80,80,80,80,80,80,80,80,80,80,80,80,80,80,80,80,80,80,80,80,80,80,80,80,80,80,80,80,80,80,80,80,80,80,80,80,80,80,80,80,80,80,80,80,80],"card_choices":[{"not_picked":["Reinforced Body","Panic Button"],"picked":"Chaos","floor":1},{"not_picked":["Beam Cell","Hologram"],"picked":"Chill","floor":5},{"not_picked":["Genetic Algorithm","Barrage"],"picked":"Doom and Gloom","floor":6},{"not_picked":["Loop","Aggregate"],"picked":"Leap","floor":7},{"not_picked":["Double Energy","BasicCrystalCard"],"picked":"Conserve Battery","floor":10},{"not_picked":["Streamline","Steam","Crystallizer"],"picked":"SKIP","floor":11},{"not_picked":["infinitespire:DeathsTouch","infinitespire:Execution"],"picked":"hubris:Fate","floor":12},{"not_picked":[],"picked":"Stack","floor":18},{"not_picked":[],"picked":"FIFO Queue","floor":20},{"not_picked":[],"picked":"Coolheaded","floor":23},{"not_picked":[],"picked":"Skim","floor":24},{"not_picked":[],"picked":"Ball Lightning+1","floor":26},{"not_picked":["Conserve Battery"],"picked":"SKIP","floor":31},{"not_picked":[],"picked":"Machine Learning","floor":35},{"not_picked":["hubris:PowerSurge+1"],"picked":"SKIP","floor":37},{"not_picked":[],"picked":"Auto Shields+1","floor":38},{"not_picked":["Cold Snap+1"],"picked":"SKIP","floor":43},{"not_picked":["Coolheaded"],"picked":"SKIP","floor":48},{"not_picked":["Compile Driver+1"],"picked":"SKIP","floor":49},{"not_picked":[],"picked":"Turbo+1","floor":50}],"player_experience":93515,"relics_obtained":[{"floor":6,"key":"hubris:SphereOfDissonance"},{"floor":9,"key":"Pet Ghost"},{"floor":26,"key":"hubris:BundleOfHerbs"},{"floor":28,"key":"Replay:PocketPolymizer"},{"floor":31,"key":"Happy Flower"},{"floor":43,"key":"Meat on the Bone"},{"floor":45,"key":"Omamori"},{"floor":46,"key":"Vajra"},{"floor":48,"key":"infinitespire:PuzzleCube"}],"event_choices":[{"damage_healed":0,"gold_gain":0,"player_choice":"Grow","damage_taken":0,"max_hp_gain":0,"max_hp_loss":0,"event_name":"Living Wall","floor":3,"gold_loss":0,"cards_upgraded":["Zap"]},{"cards_removed":["Strike_B"],"damage_healed":0,"gold_gain":0,"player_choice":"Purged","damage_taken":0,"max_hp_gain":0,"max_hp_loss":0,"event_name":"Purifier","floor":8,"gold_loss":0},{"cards_removed":["Defend_B"],"damage_healed":0,"gold_gain":0,"player_choice":"Elegance","damage_taken":0,"max_hp_gain":0,"max_hp_loss":0,"event_name":"Back to Basics","floor":27,"gold_loss":0},{"damage_healed":0,"gold_gain":0,"player_choice":"Paid","damage_taken":0,"relics_obtained":["Red Mask"],"max_hp_gain":0,"max_hp_loss":0,"event_name":"Tomb of Lord Red Mask","floor":41,"gold_loss":2},{"cards_removed":["Doom and Gloom"],"damage_healed":0,"gold_gain":0,"player_choice":"Removed Attack","damage_taken":0,"max_hp_gain":0,"max_hp_loss":0,"event_name":"Falling","floor":44,"gold_loss":0}],"is_beta":false,"boss_relics":[{"not_picked":["Painkiller Herb","hubris:CrackedHourglass"],"picked":"Busted Crown"},{"not_picked":["hubris:ScarierMask","Philosopher\u0027s Stone"],"picked":"Runic Pyramid"}],"items_purged_floors":[0,30,32],"is_endless":false,"potions_floor_spawned":[5,11,16,24,31,35,37,43,50],"ascension_level":2}}