{"host":"Jedit","time":1609690910,"event":{"mods":["BaseMod","Minty Spire (QoL Compilation)","Relic Stats","StSLib"],"gold_per_floor":[110,121,8,24,40,40,58,74,74,74,107,107,126,151,151,151,151],"floor_reached":16,"playtime":632,"items_purged":[],"score":228,"play_id":"0faa2f89-9108-4947-8510-a08de2b8400e","local_time":"20210103162150","is_ascension_mode":true,"campfire_choices":[{"floor":12,"key":"REST"},{"floor":15,"key":"REST"}],"circlet_count":0,"master_deck":["AscendersBane","Strike_G","Strike_G","Strike_G","Strike_G","Strike_G","Defend_G","Defend_G","Defend_G","Defend_G","Defend_G","Survivor","Neutralize","Quick Slash","Dash","Deadly Poison","Acrobatics","Dagger Spray","Pain","Dagger Throw","Deadly Poison","Blur","Sucker Punch","Acrobatics"],"relics":["SacredBark","WarpedTongs","Frozen Egg 2","Matryoshka","Juzu Bracelet","Prayer Wheel"],"acts_visited":["Exordium"],"potions_floor_usage":[14],"damage_taken":[{"damage":0.0,"enemies":"Small Slimes","floor":1.0,"turns":6.0},{"damage":6.0,"enemies":"Cultist","floor":2.0,"turns":5.0},{"damage":2.0,"enemies":"2 Louse","floor":4.0,"turns":3.0},{"damage":0.0,"enemies":"Lots of Slimes","floor":5.0,"turns":2.0},{"damage":6.0,"enemies":"Exordium Thugs","floor":7.0,"turns":5.0},{"damage":5,"enemies":"Gremlin Gang","floor":8,"turns":6},{"damage":29,"enemies":"Lagavulin","floor":11,"turns":9},{"damage":1,"enemies":"3 Louse","floor":13,"turns":4},{"damage":6,"enemies":"3 Sentries","floor":14,"turns":6},{"damage":38,"enemies":"Slime Boss","floor":16,"turns":9}],"seed_played":"-9040080790726927273","potions_obtained":[{"floor":1.0,"key":"Explosive Potion"},{"floor":8,"key":"GamblersBrew"},{"floor":13,"key":"Explosive Potion"}],"is_trial":false,"path_per_floor":["M","M","$","M","M","?","M","M","T","?","E","R","M","E","R","B"],"character_chosen":"THE_SILENT","items_purchased":["Deadly Poison","SkillPotion"],"campfire_rested":2,"item_purchase_floors":[3,3],"current_hp_per_floor":[59,53,53,51,51,51,45,40,40,40,11,30,29,23,42,4,4],"gold":151,"neow_bonus":"BOSS_RELIC","is_daily":false,"chose_seed":false,"campfire_upgraded":0,"win_rate":0.0,"timestamp":1609690910,"path_taken":["M","M","$","M","M","?","M","?","T","?","E","R","M","E","R","BOSS"],"items_purchased_type":["Card","Potion"],"build_version":"2020-12-18","purchased_purges":0,"victory":false,"max_hp_per_floor":[66,66,66,66,66,66,66,66,66,66,66,66,66,66,66,66,66],"relic_stats":{"counters":[10,55],"Prayer Wheel":0,"Juzu Bracelet":0,"obtain_stats":[{"Matryoshka":10,"SacredBark":0,"Prayer Wheel":14,"Juzu Bracelet":11,"Frozen Egg 2":9,"Ring of the Snake":0,"WarpedTongs":6},{"Matryoshka":6,"SacredBark":0,"Prayer Wheel":9,"Juzu Bracelet":7,"Frozen Egg 2":6,"Ring of the Snake":0,"WarpedTongs":4},{"Matryoshka":27,"SacredBark":0,"Prayer Wheel":46,"Juzu Bracelet":36,"Frozen Egg 2":27,"Ring of the Snake":0,"WarpedTongs":16}],"WarpedTongs":[39]},"card_choices":[{"not_picked":["Caltrops","Outmaneuver"],"picked":"Quick Slash","floor":1.0},{"not_picked":["Choke","Escape Plan"],"picked":"Dash","floor":2.0},{"not_picked":["Cloak And Dagger","Dodge and Roll"],"picked":"Acrobatics","floor":4.0},{"not_picked":["Acrobatics","PiercingWail"],"picked":"Dagger Spray","floor":5.0},{"not_picked":["Storm of Steel","PiercingWail"],"picked":"Dagger Throw","floor":7.0},{"not_picked":["Eviscerate","Bane"],"picked":"Deadly Poison","floor":8},{"not_picked":["Skewer","Dagger Throw"],"picked":"Blur","floor":11},{"not_picked":["Infinite Blades+1","Dagger Throw"],"picked":"Sucker Punch","floor":13},{"not_picked":["Outmaneuver","Underhanded Strike"],"picked":"Acrobatics","floor":14}],"player_experience":3439279,"relics_obtained":[{"floor":9,"key":"Frozen Egg 2"},{"floor":11,"key":"Juzu Bracelet"},{"floor":14,"key":"Prayer Wheel"}],"event_choices":[{"damage_healed":0.0,"max_hp_gain":0.0,"max_hp_loss":0.0,"gold_gain":0.0,"event_name":"Accursed Blacksmith","player_choice":"Rummage","floor":6.0,"gold_loss":0.0,"damage_taken":0.0,"relics_obtained":["WarpedTongs"],"cards_obtained":["Pain"]},{"damage_healed":0,"gold_gain":0,"player_choice":"Gave Potion","damage_taken":0,"relics_obtained":["Matryoshka"],"max_hp_gain":0,"max_hp_loss":0,"event_name":"WeMeetAgain","floor":10,"gold_loss":0}],"is_beta":true,"boss_relics":[],"items_purged_floors":[],"is_endless":false,"potions_floor_spawned":[1,8,13],"killed_by":"Slime Boss","ascension_level":20}}