{"host":"rlm703n066cyp567","time":1609685607,"event":{"mods":["AchievementEnabler","BaseMod","Block Reminder","Colored Map","Colored Powertips","Curses Come First","DeckTracker","Highlight Path","Minty Spire (QoL Compilation)","StSLib","SuperFastMode"],"gold_per_floor":[119,119,46,46,64,64,94,94,94,124,139,150,150,150,150],"floor_reached":14,"playtime":450,"items_purged":[],"score":160,"play_id":"38a7386b-3b06-4d3c-91ca-4fa36ab6a110","local_time":"20210103155327","is_ascension_mode":true,"campfire_choices":[{"data":"Beam Cell","floor":6,"key":"SMITH"},{"floor":8,"key":"RECALL"}],"circlet_count":0,"master_deck":["Strike_B","Strike_B","Strike_B","Defend_B","Defend_B","Defend_B","Defend_B","Zap","Dualcast+1","Beam Cell+1","FTL+1","Gash","Gash","Rebound","Leap","Melter"],"relics":["Cracked Core","NeowsBlessing","Art of War","Shuriken"],"acts_visited":["Exordium"],"potions_floor_usage":[],"damage_taken":[{"damage":0,"enemies":"Jaw Worm","floor":1,"turns":1},{"damage":0,"enemies":"Small Slimes","floor":5,"turns":1},{"damage":0,"enemies":"Lagavulin","floor":7,"turns":1},{"damage":33,"enemies":"Gremlin Nob","floor":10,"turns":4},{"damage":1,"enemies":"Cultist","floor":11,"turns":3},{"damage":0,"enemies":"Exordium Thugs","floor":12,"turns":3},{"damage":15,"enemies":"Lagavulin","floor":14,"turns":4}],"seed_played":"1384815501942761880","potions_obtained":[{"floor":10,"key":"Swift Potion"},{"floor":12,"key":"FearPotion"}],"is_trial":false,"path_per_floor":["M","?","$","?","M","R","E","R","T","E","M","M","$","E"],"character_chosen":"DEFECT","items_purchased":["FTL"],"campfire_rested":0,"item_purchase_floors":[3],"current_hp_per_floor":[68,61,61,46,46,46,46,46,46,13,12,12,12,0,0],"gold":150,"neow_bonus":"THREE_ENEMY_KILL","is_daily":false,"chose_seed":false,"campfire_upgraded":1,"win_rate":0.0,"timestamp":1609685607,"path_taken":["M","?","$","?","M","R","E","R","T","E","M","M","$","E"],"items_purchased_type":["Card"],"build_version":"2020-12-22","purchased_purges":0,"victory":false,"max_hp_per_floor":[75,75,75,75,75,75,75,75,75,75,75,75,75,75,75],"card_choices":[{"not_picked":["Undo","Turbo"],"picked":"Beam Cell","floor":1},{"not_picked":["Steam","Defragment"],"picked":"Gash","floor":5},{"not_picked":["Reprogram","Aggregate"],"picked":"Gash","floor":7},{"not_picked":["Meteor Strike","Force Field"],"picked":"Rebound","floor":10},{"not_picked":["Steam","Redo"],"picked":"Leap","floor":11},{"not_picked":["Leap","Streamline"],"picked":"Melter","floor":12}],"player_experience":314425,"relics_obtained":[{"floor":7,"key":"Art of War"},{"floor":10,"key":"Shuriken"}],"event_choices":[{"cards_removed":["Strike_B"],"damage_healed":0,"gold_gain":0,"player_choice":"Card Removal","damage_taken":7,"max_hp_gain":0,"max_hp_loss":0,"event_name":"Golden Wing","floor":2,"gold_loss":0},{"damage_healed":0,"gold_gain":0,"player_choice":"Entered Light","damage_taken":15,"max_hp_gain":0,"max_hp_loss":0,"event_name":"Shining Light","floor":4,"gold_loss":0,"cards_upgraded":["FTL","Dualcast"]}],"is_beta":false,"boss_relics":[],"items_purged_floors":[],"is_endless":false,"potions_floor_spawned":[10,12],"killed_by":"Lagavulin","ascension_level":6}}