{"host":"m7puq4mk16tgc6yn","time":1609709119,"event":{"mods":["AchievementEnabler","BaseMod","Colored Map","Colored Powertips","Minty Spire (QoL Compilation)","Relic Stats"],"gold_per_floor":[117,129,129,139,154,179,179,209,209,209,228,6,25,44,44,143,143,161,161,161,171,71,98,98,124,124,124,150,150,185,197,197,297,297,309,531,579,589,589,623,643,663,687,687,707,707,349,368,368,368,368,368,16,46,46],"floor_reached":56,"playtime":6425,"items_purged":["Strike_G","Strike_G","Normality"],"score":1322,"play_id":"c02bb379-022f-46e3-9fc5-64e8bbe5f6fb","local_time":"20210103132519","is_ascension_mode":false,"campfire_choices":[{"data":"Poisoned Stab","floor":7.0,"key":"SMITH"},{"data":"Neutralize","floor":10.0,"key":"SMITH"},{"data":"Poisoned Stab","floor":15.0,"key":"SMITH"},{"data":"Adrenaline","floor":24.0,"key":"SMITH"},{"data":"Well Laid Plans","floor":27.0,"key":"SMITH"},{"data":"Footwork","floor":29.0,"key":"SMITH"},{"data":"Envenom","floor":32.0,"key":"SMITH"},{"data":"Wraith Form v2","floor":44,"key":"SMITH"},{"data":"Deadly Poison","floor":46,"key":"SMITH"},{"floor":49,"key":"RECALL"},{"data":"Noxious Fumes","floor":52,"key":"SMITH"}],"circlet_count":0,"master_deck":["Defend_G","Defend_G","Defend_G","Defend_G","Defend_G","Survivor","Neutralize+1","Backstab+1","Poisoned Stab+1","Dagger Throw","Blade Dance","Deadly Poison+1","PiercingWail","Deadly Poison","Poisoned Stab+1","Well Laid Plans+1","Adrenaline+1","Dodge and Roll","Leg Sweep+1","Deflect+1","Footwork+1","Envenom+1","Wraith Form v2+1","Well Laid Plans+1","Dash","Go for the Eyes","Acrobatics+1","Noxious Fumes+1","Escape Plan","Sucker Punch+1"],"relics":["Ring of the Snake","Pen Nib","Thread and Needle","Meat on the Bone","Whetstone","Cursed Key","Mummified Hand","Lantern","Nunchaku","Red Mask","Busted Crown","Du-Vu Doll","Boot","ClockworkSouvenir","Bag of Preparation","Bag of Marbles","InkBottle"],"acts_visited":["Exordium","TheCity","TheBeyond","TheEnding"],"potions_floor_usage":[42,50,55,55,55],"damage_taken":[{"damage":1.0,"enemies":"Jaw Worm","floor":1.0,"turns":3.0},{"damage":0.0,"enemies":"Cultist","floor":2.0,"turns":3.0},{"damage":0.0,"enemies":"2 Louse","floor":4.0,"turns":2.0},{"damage":2.0,"enemies":"Looter","floor":5.0,"turns":2.0},{"damage":14.0,"enemies":"3 Sentries","floor":6.0,"turns":8.0},{"damage":6.0,"enemies":"Gremlin Nob","floor":8.0,"turns":4.0},{"damage":0.0,"enemies":"3 Louse","floor":11.0,"turns":5.0},{"damage":0.0,"enemies":"Exordium Wildlife","floor":13.0,"turns":3.0},{"damage":0.0,"enemies":"Looter","floor":14.0,"turns":3.0},{"damage":0.0,"enemies":"Slime Boss","floor":16.0,"turns":8.0},{"damage":0.0,"enemies":"3 Byrds","floor":18.0,"turns":4.0},{"damage":0.0,"enemies":"2 Thieves","floor":21.0,"turns":4.0},{"damage":0.0,"enemies":"Slavers","floor":23.0,"turns":9.0},{"damage":0.0,"enemies":"Book of Stabbing","floor":25.0,"turns":5.0},{"damage":23.0,"enemies":"Gremlin Leader","floor":28.0,"turns":14.0},{"damage":0.0,"enemies":"Masked Bandits","floor":30.0,"turns":4.0},{"damage":0.0,"enemies":"Centurion and Healer","floor":31.0,"turns":7.0},{"damage":5.0,"enemies":"Automaton","floor":33.0,"turns":12.0},{"damage":0,"enemies":"Orb Walker","floor":35,"turns":4},{"damage":8,"enemies":"2 Orb Walkers","floor":37,"turns":8},{"damage":0,"enemies":"3 Shapes","floor":38,"turns":6},{"damage":0,"enemies":"Nemesis","floor":40,"turns":7},{"damage":7,"enemies":"Sphere and 2 Shapes","floor":41,"turns":8},{"damage":3,"enemies":"Jaw Worm Horde","floor":42,"turns":6},{"damage":23,"enemies":"4 Shapes","floor":45,"turns":9},{"damage":0,"enemies":"Spire Growth","floor":48,"turns":5},{"damage":42,"enemies":"Awakened One","floor":50,"turns":17},{"damage":14,"enemies":"Shield and Spear","floor":54,"turns":8},{"damage":33,"enemies":"The Heart","floor":55,"turns":9}],"seed_played":"8937526465338466362","potions_obtained":[{"floor":1.0,"key":"GamblersBrew"},{"floor":5.0,"key":"SmokeBomb"},{"floor":6.0,"key":"Poison Potion"},{"floor":13.0,"key":"Swift Potion"},{"floor":21.0,"key":"BlessingOfTheForge"},{"floor":25.0,"key":"Strength Potion"},{"floor":30.0,"key":"BlessingOfTheForge"},{"floor":37,"key":"DuplicationPotion"},{"floor":41,"key":"ColorlessPotion"},{"floor":54,"key":"Swift Potion"}],"is_trial":false,"path_per_floor":["M","M","?","M","M","E","R","E","T","R","M","$","M","M","R","B",null,"M","?","?","M","$","E","R","E","T","R","E","R","?","M","R","B",null,"M","?","?","M","?","E","M","M","T","R","M","R","$","M","R","B",null,"R","$","E","B",null],"character_chosen":"THE_SILENT","items_purchased":["Whetstone","Noxious Fumes","ClockworkSouvenir","Bag of Preparation","Bag of Marbles","PowerPotion"],"campfire_rested":0,"item_purchase_floors":[12,47,47,53,53,53],"current_hp_per_floor":[69,69,69,69,67,53,53,47,47,47,47,47,47,47,47,47,70,70,57,57,57,57,57,57,57,57,57,46,46,46,46,46,41,75,75,75,67,67,67,67,60,57,57,57,46,46,46,46,46,16,75,75,75,61,40],"gold":46,"neow_bonus":"TRANSFORM_CARD","is_daily":false,"chose_seed":false,"campfire_upgraded":10,"win_rate":0.0,"timestamp":1609709119,"path_taken":["M","M","?","M","M","E","R","E","T","R","M","$","?","M","R","BOSS","M","?","?","M","$","E","R","E","T","R","E","R","?","?","R","BOSS","M","?","?","M","?","E","M","?","T","R","M","R","?","M","R","BOSS","R","$","E","BOSS"],"items_purchased_type":["Relic","Card","Relic","Relic","Relic","Potion"],"build_version":"2020-12-22","purchased_purges":3,"victory":true,"max_hp_per_floor":[70,70,70,70,70,70,70,70,70,70,70,70,70,70,70,70,70,70,75,75,75,75,75,75,75,75,75,75,75,75,75,75,75,75,75,75,75,75,75,75,75,75,75,75,75,75,75,75,75,75,75,75,75,75,75],"relic_stats":{"counters":[29,187],"Pen Nib":[39],"Bag of Preparation":[4],"Whetstone":["Strike_G","Backstab"],"Cursed Key":1,"Boot":[57],"Nunchaku":[25],"Busted Crown":18,"Mummified Hand":[67],"obtain_stats":[{"Lantern":25,"Thread and Needle":8,"Pen Nib":6,"Bag of Preparation":53,"Whetstone":12,"Cursed Key":17,"Boot":40,"ClockworkSouvenir":47,"Du-Vu Doll":37,"Nunchaku":28,"Busted Crown":34,"Mummified Hand":23,"Red Mask":30,"Bag of Marbles":53,"InkBottle":54,"Ring of the Snake":0,"Meat on the Bone":9},{"Lantern":14,"Thread and Needle":6,"Pen Nib":5,"Bag of Preparation":27,"Whetstone":7,"Cursed Key":10,"Boot":22,"ClockworkSouvenir":25,"Du-Vu Doll":20,"Nunchaku":15,"Busted Crown":18,"Mummified Hand":13,"Red Mask":16,"Bag of Marbles":27,"InkBottle":28,"Ring of the Snake":0,"Meat on the Bone":6},{"Lantern":63,"Thread and Needle":22,"Pen Nib":18,"Bag of Preparation":170,"Whetstone":27,"Cursed Key":41,"Boot":125,"ClockworkSouvenir":148,"Du-Vu Doll":112,"Nunchaku":77,"Busted Crown":100,"Mummified Hand":58,"Red Mask":81,"Bag of Marbles":170,"InkBottle":178,"Ring of the Snake":0,"Meat on the Bone":22}],"InkBottle":[6],"Ring of the Snake":[58],"Meat on the Bone":48},"card_choices":[{"not_picked":["Catalyst","Masterful Stab"],"picked":"Poisoned Stab","floor":1.0},{"not_picked":["Endless Agony","Backflip"],"picked":"Dagger Throw","floor":2.0},{"not_picked":["Outmaneuver","Riddle With Holes"],"picked":"Blade Dance","floor":4.0},{"not_picked":["Outmaneuver","Prepared"],"picked":"Deadly Poison","floor":5.0},{"not_picked":["Masterful Stab","Eviscerate","Grand Finale"],"picked":"SKIP","floor":6.0},{"not_picked":["Dodge and Roll","Choke"],"picked":"PiercingWail","floor":8.0},{"not_picked":["Setup","Outmaneuver"],"picked":"Deadly Poison","floor":11.0},{"not_picked":["Flying Knee","Concentrate"],"picked":"Poisoned Stab","floor":13.0},{"not_picked":["Prepared","Dagger Throw"],"picked":"Well Laid Plans","floor":14.0},{"not_picked":["Night Terror","Tools of the Trade"],"picked":"Adrenaline","floor":16.0},{"not_picked":["Bane","Poisoned Stab"],"picked":"Dodge and Roll","floor":18.0},{"not_picked":["PiercingWail","Heel Hook","Deflect"],"picked":"SKIP","floor":21.0},{"not_picked":["Endless Agony","Deadly Poison"],"picked":"Leg Sweep+1","floor":23.0},{"not_picked":["PiercingWail+1","Dagger Throw"],"picked":"Deflect+1","floor":25.0},{"not_picked":["Skewer","Sucker Punch"],"picked":"Footwork","floor":28.0},{"not_picked":["Crippling Poison","Underhanded Strike"],"picked":"Envenom","floor":31.0},{"not_picked":["Venomology","Tools of the Trade"],"picked":"Wraith Form v2","floor":33.0},{"not_picked":[],"picked":"Well Laid Plans+1","floor":35},{"not_picked":[],"picked":"Dash","floor":37},{"not_picked":["Slice+1"],"picked":"SKIP","floor":38},{"not_picked":["Flechettes"],"picked":"SKIP","floor":40},{"not_picked":["Deflect"],"picked":"SKIP","floor":41},{"not_picked":[],"picked":"Acrobatics+1","floor":42},{"not_picked":["Eviscerate+1"],"picked":"SKIP","floor":45},{"not_picked":[],"picked":"Escape Plan","floor":48},{"not_picked":[],"picked":"Sucker Punch+1","floor":54}],"player_experience":76053,"relics_obtained":[{"floor":6.0,"key":"Pen Nib"},{"floor":8.0,"key":"Thread and Needle"},{"floor":9.0,"key":"Meat on the Bone"},{"floor":23.0,"key":"Mummified Hand"},{"floor":25.0,"key":"Lantern"},{"floor":28.0,"key":"Nunchaku"},{"floor":30.0,"key":"Red Mask"},{"floor":37,"key":"Du-Vu Doll"},{"floor":40,"key":"Boot"},{"floor":54,"key":"InkBottle"}],"event_choices":[{"cards_removed":["Strike_G"],"damage_healed":0.0,"max_hp_gain":0.0,"max_hp_loss":0.0,"gold_gain":0.0,"event_name":"Bonfire Elementals","player_choice":"Offered Basic","floor":3.0,"gold_loss":0.0,"damage_taken":0.0},{"damage_healed":0.0,"max_hp_gain":5.0,"max_hp_loss":0.0,"gold_gain":0.0,"event_name":"Forgotten Altar","player_choice":"Shed Blood","floor":19.0,"gold_loss":0.0,"damage_taken":18.0},{"damage_healed":0.0,"max_hp_gain":0.0,"max_hp_loss":0.0,"gold_gain":0.0,"event_name":"Ghosts","player_choice":"Ignored","floor":20.0,"gold_loss":0.0,"damage_taken":0.0},{"damage_healed":0.0,"max_hp_gain":0.0,"max_hp_loss":0.0,"gold_gain":0.0,"event_name":"Masked Bandits","player_choice":"Fought Bandits","floor":30.0,"gold_loss":0.0,"damage_taken":0.0},{"damage_healed":0,"gold_gain":222,"player_choice":"Wore Mask","damage_taken":0,"max_hp_gain":0,"max_hp_loss":0,"event_name":"Tomb of Lord Red Mask","floor":36,"gold_loss":0},{"damage_healed":0,"gold_gain":0,"player_choice":"Fight","damage_taken":0,"max_hp_gain":0,"max_hp_loss":0,"event_name":"Mysterious Sphere","floor":37,"gold_loss":0},{"cards_removed":["Strike_G"],"damage_healed":0,"gold_gain":0,"player_choice":"Took Card","damage_taken":0,"max_hp_gain":0,"max_hp_loss":0,"event_name":"NoteForYourself","floor":39,"gold_loss":0,"cards_obtained":["Go for the Eyes"]}],"is_beta":false,"boss_relics":[{"not_picked":["Philosopher\u0027s Stone","SacredBark"],"picked":"Cursed Key"},{"not_picked":["Coffee Dripper","WristBlade"],"picked":"Busted Crown"}],"items_purged_floors":[12,22,47],"is_endless":false,"potions_floor_spawned":[1,5,6,13,21,25,30,37,40,41,54],"ascension_level":0}}