{"host":"q5gyi9x7ayauaq2y","time":1609711674,"event":{"mods":["AchievementEnabler","BaseMod","BetterRewards","Colored Map","Colored Powertips","Downfall","GifTheSpireLib","Hero for Fun","Minty Spire (QoL Compilation)","Permanent Neow","Replay The Spire","StSLib","The Bug Knight","The Construct","The Cursed","The Hierophant"],"gold_per_floor":[99,116,116,126,145,145,198,226,226,226,246,280,308,308,326,432,432,282,303,303,313,313,348,348,348,348,348],"floor_reached":25,"playtime":2210,"items_purged":[],"score":248,"play_id":"876b4bed-c32c-4765-8e21-06f8958e624c","local_time":"20210103220754","is_ascension_mode":false,"campfire_choices":[{"data":"hexamod:Float","floor":1.0,"key":"SMITH"},{"data":"hexamod:PhantomCloak","floor":6.0,"key":"SMITH"},{"floor":18.0,"key":"REST"}],"circlet_count":0,"master_deck":["hexamod:Strike","hexamod:Strike","hexamod:Strike","hexamod:Defend","hexamod:Defend","hexamod:Defend","hexamod:Sear","hexamod:Float+1","hexamod:PhantomCloak+1","hexamod:SecondSeal","hexamod:AdvancingGuard","hexamod:CatchUp+1","hexamod:FirstSeal","hexamod:GhostOfSpirePast","hexamod:TimeOfNeed","hexamod:BacktrackSmack","hexamod:AdvancingGuard","hexamod:FastForward","hexamod:SixthSeal"],"relics":["hexamod:SpiritBrand","Vajra","Snecko Eye","downfall:HeartBlessingGreen","downfall:HeartBlessingBlue","Juzu Bracelet","HollowMod:LifeEnderRelic","Replay:Kaleidoscope"],"acts_visited":["Exordium","TheCity"],"potions_floor_usage":[25],"damage_taken":[{"damage":0.0,"enemies":"Small Slimes","floor":2.0,"turns":3.0},{"damage":0.0,"enemies":"Cultist","floor":4.0,"turns":3.0},{"damage":1.0,"enemies":"2 Louse","floor":5.0,"turns":2.0},{"damage":7.0,"enemies":"Red Slaver","floor":8.0,"turns":3.0},{"damage":0.0,"enemies":"Exordium Thugs","floor":11.0,"turns":5.0},{"damage":10.0,"enemies":"HollowMod:MossKnight","floor":12.0,"turns":9.0},{"damage":16.0,"enemies":"Exordium Wildlife","floor":13.0,"turns":7.0},{"damage":16.0,"enemies":"2 Fungi Beasts","floor":15.0,"turns":4.0},{"damage":31.0,"enemies":"downfall:Ironclad","floor":16.0,"turns":10.0},{"damage":5.0,"enemies":"Spheric Guardian","floor":19.0,"turns":6.0},{"damage":13.0,"enemies":"Chosen","floor":21.0,"turns":8.0},{"damage":31,"enemies":"Slavers","floor":23,"turns":11},{"damage":36,"enemies":"Centurion and Healer","floor":25,"turns":13}],"seed_played":"-4717165574001737074","potions_obtained":[{"floor":4.0,"key":"Fire Potion"},{"floor":5.0,"key":"Explosive Potion"},{"floor":19.0,"key":"Swift Potion"},{"floor":23,"key":"Swift Potion"}],"is_trial":false,"path_per_floor":["R","M","?","M","M","R","T","M","?","?","M","E","M","?","M","B",null,"R_BF","M","?","M","?","E","T","M"],"character_chosen":"THE_SPIRIT","items_purchased":[],"campfire_rested":1,"item_purchase_floors":[],"current_hp_per_floor":[70,70,70,70,69,69,69,62,55,55,62,59,50,55,46,22,75,85,85,85,79,79,55,55,19,19,19],"gold":348,"neow_bonus":"REMOVE_CARD","is_daily":false,"chose_seed":false,"campfire_upgraded":2,"win_rate":0.0,"timestamp":1609711674,"path_taken":["R","M","?","?","?","R","T","M","?","?","M","E","M","?","M","BOSS","R_BF","M","?","M","?","E","T","M"],"items_purchased_type":[],"build_version":"2020-12-22","purchased_purges":0,"victory":false,"max_hp_per_floor":[70,70,70,70,70,70,70,70,70,70,70,70,70,75,75,75,75,85,85,85,85,85,85,85,85,85,85],"card_choices":[{"not_picked":["hexamod:GhostShield","hexamod:InspiringFlames"],"picked":"hexamod:PhantomCloak","floor":2.0},{"not_picked":["hexamod:RainOfEmbers","hexamod:GhostLash"],"picked":"hexamod:SecondSeal","floor":4.0},{"not_picked":["hexamod:ShieldOfDarkness","hexamod:ExtraCrispy"],"picked":"hexamod:AdvancingGuard","floor":5.0},{"not_picked":["hexamod:NightmareStrike","hexamod:SkipABeat"],"picked":"hexamod:CatchUp","floor":8.0},{"not_picked":["hexamod:Again","hexamod:PhantomFireball"],"picked":"hexamod:GhostOfSpirePast","floor":11.0},{"not_picked":["hexamod:PowerFromBeyond","hexamod:GhostOfSpirePresent"],"picked":"hexamod:TimeOfNeed","floor":12.0},{"not_picked":["hexamod:HauntingEcho","hexamod:SpectersWail"],"picked":"hexamod:BacktrackSmack","floor":13.0},{"not_picked":["hexamod:ShieldOfDarkness","hexamod:GhostLash"],"picked":"hexamod:AdvancingGuard","floor":15.0},{"not_picked":["hexamod:NightmareGuise+1","hexamod:AdvancingGuard+1","hexamod:SoulSteal"],"picked":"SKIP","floor":19.0},{"not_picked":["hexamod:EmpoweredFlame","hexamod:BurningTouch"],"picked":"hexamod:FastForward","floor":21},{"not_picked":["hexamod:HeatCrush+1","hexamod:HexaLevel"],"picked":"hexamod:SixthSeal","floor":23}],"player_experience":150731,"relics_obtained":[{"floor":12.0,"key":"Vajra"},{"floor":22,"key":"Juzu Bracelet"},{"floor":23,"key":"HollowMod:LifeEnderRelic"},{"floor":24,"key":"Replay:Kaleidoscope"}],"event_choices":[{"damage_healed":0.0,"max_hp_gain":0.0,"max_hp_loss":0.0,"gold_gain":0.0,"event_name":"NoteForYourself","player_choice":"Ignored","floor":3.0,"gold_loss":0.0,"damage_taken":0.0},{"damage_healed":0.0,"max_hp_gain":5.0,"max_hp_loss":0.0,"gold_gain":0.0,"event_name":"Big Fish","player_choice":"Donut","floor":14.0,"gold_loss":0.0,"damage_taken":0.0},{"damage_healed":0.0,"max_hp_gain":0.0,"max_hp_loss":0.0,"gold_gain":0.0,"event_name":"Upgrade Shrine","player_choice":"Upgraded","floor":20.0,"gold_loss":0.0,"damage_taken":0.0,"cards_upgraded":["hexamod:CatchUp"]},{"damage_healed":0,"gold_gain":0,"player_choice":"Relic","damage_taken":0,"max_hp_gain":0,"max_hp_loss":0,"event_name":"Wheel of Change","floor":22,"gold_loss":0}],"is_beta":false,"boss_relics":[{"not_picked":["SacredBark","ChewingGum"],"picked":"Snecko Eye"}],"items_purged_floors":[],"is_endless":false,"potions_floor_spawned":[4,5,19,23],"killed_by":"Centurion and Healer","ascension_level":0}}