{"host":"ta9mufxydm4vkknf","time":1609707730,"event":{"mods":["AchievementEnabler","BaseMod","Minty Spire (QoL Compilation)","Quick Restart"],"gold_per_floor":[113,113,128,141,91,91,120,120,147,72,72,72,72,72],"floor_reached":13,"playtime":276,"items_purged":["Strike_B"],"score":97,"play_id":"3218b8ed-f2ed-4d2a-99f6-f8c74e4982ee","local_time":"20210103220210","is_ascension_mode":true,"campfire_choices":[{"data":"Recycle","floor":6,"key":"SMITH"},{"data":"Echo Form","floor":8,"key":"SMITH"},{"floor":11,"key":"REST"}],"circlet_count":0,"master_deck":["Strike_B","Strike_B","Defend_B","Defend_B","Defend_B","Zap","Dualcast","Sweeping Beam","Recycle+1","Auto Shields","Echo Form+1"],"relics":["Cracked Core","NeowsBlessing","Nunchaku"],"acts_visited":["Exordium"],"potions_floor_usage":[13],"damage_taken":[{"damage":0,"enemies":"Cultist","floor":1,"turns":1},{"damage":0,"enemies":"Jaw Worm","floor":3,"turns":1},{"damage":0,"enemies":"2 Louse","floor":4,"turns":1},{"damage":55,"enemies":"3 Sentries","floor":7,"turns":10},{"damage":44,"enemies":"Gremlin Nob","floor":13,"turns":4}],"seed_played":"1136655217928323410","potions_obtained":[{"floor":4,"key":"GamblersBrew"}],"is_trial":false,"path_per_floor":["M","?","M","M","?","R","E","R","T","$","R","?","E"],"character_chosen":"DEFECT","items_purchased":[],"campfire_rested":1,"item_purchase_floors":[],"current_hp_per_floor":[75,68,68,68,68,68,13,13,13,13,35,35,0,0],"gold":72,"neow_bonus":"THREE_ENEMY_KILL","is_daily":false,"chose_seed":false,"campfire_upgraded":2,"win_rate":0.0,"timestamp":1609707730,"path_taken":["M","?","M","?","?","R","E","R","T","?","R","?","E"],"items_purchased_type":[],"build_version":"2020-12-22","purchased_purges":1,"victory":false,"max_hp_per_floor":[75,75,75,75,75,75,75,75,75,75,75,75,75,75],"card_choices":[{"not_picked":["Rebound","Reprogram"],"picked":"Sweeping Beam","floor":1},{"not_picked":["Cold Snap","Static Discharge"],"picked":"Recycle","floor":3},{"not_picked":["Barrage","Coolheaded"],"picked":"Auto Shields","floor":4},{"not_picked":["BootSequence","Loop"],"picked":"Echo Form","floor":7}],"player_experience":179532,"relics_obtained":[{"floor":7,"key":"Nunchaku"}],"event_choices":[{"damage_healed":0,"gold_gain":0,"player_choice":"Damaged","damage_taken":7,"max_hp_gain":0,"max_hp_loss":0,"event_name":"Wheel of Change","floor":2,"gold_loss":0},{"cards_removed":["Defend_B"],"damage_healed":0,"gold_gain":0,"player_choice":"Card Removal","damage_taken":0,"max_hp_gain":0,"max_hp_loss":0,"event_name":"The Cleric","floor":5,"gold_loss":50},{"cards_removed":["Strike_B"],"damage_healed":0,"gold_gain":0,"player_choice":"Purged","damage_taken":0,"max_hp_gain":0,"max_hp_loss":0,"event_name":"Purifier","floor":12,"gold_loss":0}],"is_beta":false,"boss_relics":[],"items_purged_floors":[10],"is_endless":false,"potions_floor_spawned":[4],"killed_by":"Gremlin Nob","ascension_level":4}}