{"host":"ursziy4t9x9wod35","time":1609649314,"event":{"mods":["Act Like it!","AlwaysNeverKeys","Aspiration","BaseMod","Beaked The Cultist","Colored Map","Colored Powertips","Conspire","DeckTracker","Friendly Minions","Glutton Mod","Googly Eyes","Halation","Hallownest","Hermit","Hubris","Infinite Spire","Marisa????????","Mimic Mod","Minty Spire (QoL Compilation)","Rare Cards Sparkle","Relic Sorter","Replay The Spire","Shop Mod","StSLib","The Animator","The Bug Knight","The Construct","The Cursed","The Hierophant","The Servant 0.9.4"],"gold_per_floor":[110,124,124,141,91,91,91,136,136,165,165,165,199,28,28,31,31],"floor_reached":16,"playtime":1053,"items_purged":[],"score":212,"play_id":"cd32c71c-9eca-43a7-b625-ca6b33a67e15","local_time":"20210102234834","is_ascension_mode":true,"campfire_choices":[{"data":"animator:Aisha","floor":6,"key":"SMITH"},{"data":"animator:SayakaMiki","floor":11,"key":"SMITH"},{"data":"animator:Kira","floor":15,"key":"SMITH"}],"circlet_count":0,"master_deck":["AscendersBane","animator:Strike_MadokaMagica","animator:Defend_MadokaMagica","animator:Strike","animator:Strike","animator:Defend","animator:Defend","animator:IrohaTamaki","animator:YuiTsuruno","animator:Aisha+1","animator:Benimaru","animator:SayakaMiki+1","animator:IrohaTamaki","animator:Aisha","animator:KyokoSakura","animator:Kira+1"],"relics":["animator:LivingPicture","animator:TheMissingPiece","animator:PurgingStone","aspiration:Nostalgia","infinitespire:DarkRift","GremlinMask","halation:LettersToHer","halation:IllGainedPizza","Bottled Flame","hubris:Zylophone","infinitespire:PuzzleCube"],"acts_visited":["Exordium"],"potions_floor_usage":[10,10],"damage_taken":[{"damage":0,"enemies":"2 Louse","floor":1,"turns":4},{"damage":5,"enemies":"Cultist","floor":2,"turns":4},{"damage":1,"enemies":"conspire:RoseBush","floor":4,"turns":3},{"damage":5,"enemies":"HollowMod:MossKnight","floor":8,"turns":6},{"damage":0,"enemies":"Gremlin Nob","floor":10,"turns":4},{"damage":16,"enemies":"Lagavulin","floor":13,"turns":9},{"damage":31,"enemies":"Slime Boss","floor":16,"turns":6}],"seed_played":"-6341040119247029524","potions_obtained":[{"floor":1,"key":"infinitespire:BlackPotion"},{"floor":8,"key":"FearPotion"}],"is_trial":false,"path_per_floor":["M","M","?","M","?","R","?","E","T","E","R","?","E","$","R","B"],"character_chosen":"THE_ANIMATOR","items_purchased":["animator:Kira"],"campfire_rested":0,"item_purchase_floors":[14],"current_hp_per_floor":[59,54,54,53,53,53,41,39,39,39,39,39,24,24,24,0,0],"gold":31,"neow_bonus":"NOSTALGIA","is_daily":false,"chose_seed":false,"campfire_upgraded":3,"win_rate":0.0,"timestamp":1609649314,"path_taken":["M","M","?","?","?","R","?","E","T","E","R","?","E","$","R","BOSS"],"items_purchased_type":["Card"],"build_version":"2020-12-22","purchased_purges":0,"victory":false,"max_hp_per_floor":[66,66,66,66,66,66,66,66,66,66,66,66,67,67,67,67,67],"card_choices":[{"not_picked":["animator:Elsword","animator:Shinoa"],"picked":"animator:Aisha","floor":1},{"not_picked":["animator:Rena","animator:Sebas"],"picked":"animator:Benimaru","floor":2},{"not_picked":["animator:DolaSchwi","animator:Ciel","animator:HiiragiShinya"],"picked":"SKIP","floor":4},{"not_picked":["animator:YuiTsuruno","animator:MamiTomoe"],"picked":"animator:SayakaMiki","floor":8},{"not_picked":["animator:Shinoa","animator:HighElfArcher"],"picked":"animator:IrohaTamaki","floor":10},{"not_picked":["animator:Emonzaemon","animator:Sloth"],"picked":"animator:KyokoSakura","floor":13}],"player_experience":356779,"relics_obtained":[{"floor":8,"key":"halation:IllGainedPizza"},{"floor":9,"key":"halation:LettersToHer"},{"floor":9,"key":"Bottled Flame"},{"floor":10,"key":"hubris:Zylophone"},{"floor":13,"key":"infinitespire:PuzzleCube"}],"event_choices":[{"damage_healed":0,"gold_gain":0,"player_choice":"Trade","damage_taken":0,"relics_obtained":["GremlinMask"],"max_hp_gain":0,"max_hp_loss":0,"event_name":"FaceTrader","floor":3,"gold_loss":0},{"cards_removed":["animator:Strike"],"damage_healed":0,"gold_gain":0,"player_choice":"Card Removal","damage_taken":0,"max_hp_gain":0,"max_hp_loss":0,"event_name":"The Cleric","floor":5,"gold_loss":50},{"damage_healed":0,"gold_gain":0,"player_choice":"Success","damage_taken":12,"relics_obtained":["halation:LettersToHer"],"max_hp_gain":0,"max_hp_loss":0,"event_name":"Scrap Ooze","floor":7,"gold_loss":0},{"damage_healed":0,"gold_gain":0,"cards_transformed":["animator:Defend"],"player_choice":"Transformed","damage_taken":0,"max_hp_gain":0,"max_hp_loss":0,"event_name":"Transmorgrifier","floor":12,"gold_loss":0,"cards_obtained":["animator:Aisha"]}],"is_beta":false,"boss_relics":[],"items_purged_floors":[],"is_endless":false,"potions_floor_spawned":[1,8],"killed_by":"Slime Boss","ascension_level":10}}