{"host":"rt0td7aa3g170xdl","time":1609662507,"event":{"mods":["2.2 Compatiblity","AchievementEnabler","BaseMod","Colored Map","DeckTracker","Keyboard Shortcuts","Minty Spire (QoL Compilation)","Permanent Neow","Quick Restart","SuperFastMode","everything is the same but u backflip on backflip"],"gold_per_floor":[119,119,131,56,72,72,88,88,115,115,125,136,136,136,136,136,136],"floor_reached":16,"playtime":356,"items_purged":["Strike_R"],"score":92,"play_id":"fcf478d1-76fa-405d-aebf-1ea30195fa65","local_time":"20210103172827","is_ascension_mode":false,"campfire_choices":[{"floor":6.0,"key":"REST"},{"data":"Seeing Red","floor":8.0,"key":"SMITH"},{"floor":13,"key":"REST"},{"data":"Entrench","floor":15,"key":"SMITH"}],"circlet_count":0,"master_deck":["Strike_R","Strike_R","Defend_R","Defend_R","Defend_R","Defend_R","Bash","Entrench+1","Twin Strike","Seeing Red+1","Headbutt"],"relics":["Burning Blood","Omamori","MealTicket"],"acts_visited":["Exordium"],"potions_floor_usage":[16],"damage_taken":[{"damage":0.0,"enemies":"Small Slimes","floor":1.0,"turns":3.0},{"damage":35.0,"enemies":"Jaw Worm","floor":3.0,"turns":7.0},{"damage":1.0,"enemies":"Cultist","floor":5.0,"turns":4.0},{"damage":10.0,"enemies":"Large Slime","floor":7.0,"turns":7.0},{"damage":19,"enemies":"Lots of Slimes","floor":11,"turns":7},{"damage":2,"enemies":"Looter","floor":12,"turns":4},{"damage":42,"enemies":"Hexaghost","floor":16,"turns":9}],"seed_played":"-1946271184896597373","potions_obtained":[{"floor":3.0,"key":"SpeedPotion"},{"floor":5.0,"key":"LiquidBronze"},{"floor":14,"key":"Energy Potion"},{"floor":14,"key":"Block Potion"}],"is_trial":false,"path_per_floor":["M","?","M","$","M","R","M","R","T","?","M","M","R","?","R","B"],"character_chosen":"IRONCLAD","items_purchased":[],"campfire_rested":2,"item_purchase_floors":[],"current_hp_per_floor":[62,37,8,8,13,37,33,33,33,25,12,16,40,40,40,0,0],"gold":136,"neow_bonus":"REMOVE_TWO","is_daily":false,"chose_seed":false,"campfire_upgraded":2,"win_rate":0.0,"timestamp":1609662507,"path_taken":["M","?","M","$","M","R","M","R","T","?","?","M","R","?","R","BOSS"],"items_purchased_type":[],"build_version":"2020-12-22","purchased_purges":1,"victory":false,"max_hp_per_floor":[80,80,80,80,80,80,80,80,80,80,80,80,80,80,80,80,80],"card_choices":[{"not_picked":["Thunderclap","Cleave"],"picked":"Entrench","floor":1.0},{"not_picked":["Havoc","Burning Pact"],"picked":"Twin Strike","floor":3.0},{"not_picked":["Immolate","Rupture"],"picked":"Seeing Red","floor":5.0},{"not_picked":["Rupture","Sword Boomerang"],"picked":"Headbutt","floor":7.0},{"not_picked":["Whirlwind","Perfected Strike","Thunderclap"],"picked":"SKIP","floor":11},{"not_picked":["Thunderclap","Pummel","Clash"],"picked":"SKIP","floor":12}],"player_experience":320493,"relics_obtained":[{"floor":9.0,"key":"MealTicket"}],"event_choices":[{"damage_healed":0.0,"max_hp_gain":0.0,"max_hp_loss":0.0,"gold_gain":0.0,"event_name":"Scrap Ooze","player_choice":"Success","floor":2.0,"gold_loss":0.0,"damage_taken":25.0,"relics_obtained":["Omamori"]},{"damage_healed":0.0,"max_hp_gain":0.0,"max_hp_loss":0.0,"gold_gain":0.0,"event_name":"Wheel of Change","player_choice":"Damaged","floor":10.0,"gold_loss":0.0,"damage_taken":8.0},{"damage_healed":0,"gold_gain":0,"player_choice":"Got Potions","damage_taken":0,"max_hp_gain":0,"max_hp_loss":0,"event_name":"Lab","floor":14,"gold_loss":0}],"is_beta":false,"boss_relics":[],"items_purged_floors":[4],"is_endless":false,"potions_floor_spawned":[3,5],"killed_by":"Hexaghost","ascension_level":0}}