{"host":"i0avyit1s6jb1siw","time":1609660807,"event":{"mods":["BaseMod","DeckTracker","Dota2Spire","Highlight Path","Minty Spire (QoL Compilation)","Quick Restart","StSLib","SuperFastMode"],"gold_per_floor":[114,31,41,54,65,65,97,97,97,111,111,124,124,143,143,217,217,229,229,239,289,299,299,334,350,426,18,18,36,69,69,69,146,146,160,171,171,196,212,239,239,264,264,294,294,27,27,27,27,27,27,27,27,27,54,54,54],"floor_reached":56,"playtime":1621,"items_purged":["Strike_G","Strike_G"],"score":2050,"play_id":"5df0842b-1053-4df7-b251-af5805052db6","local_time":"20210103090007","is_ascension_mode":true,"campfire_choices":[{"data":"Cloak And Dagger","floor":6.0,"key":"SMITH"},{"floor":11.0,"key":"REST"},{"data":"Venomology","floor":13.0,"key":"SMITH"},{"data":"Neutralize","floor":15.0,"key":"SMITH"},{"floor":23.0,"key":"REST"},{"floor":32.0,"key":"REST"},{"floor":41,"key":"RECALL"},{"floor":45,"key":"REST"},{"floor":47,"key":"REST"},{"data":"Blade Dance","floor":49,"key":"SMITH"},{"data":"Wraith Form v2","floor":53,"key":"SMITH"}],"circlet_count":0,"master_deck":["AscendersBane","Strike_G","Defend_G","Defend_G","Defend_G","Defend_G","Defend_G","Survivor","Neutralize+1","Finisher","Backflip","Cloak And Dagger+1","Escape Plan","Cloak And Dagger+1","Venomology+1","Blade Dance+1","Flying Knee","Accuracy+1","Accuracy+1","Escape Plan","PiercingWail","After Image+1","Deflect","Wraith Form v2+1","Calculated Gamble+1","Terror+1"],"relics":["Ring of the Snake","Blue Candle","Dota2Spire:Satanic","SlaversCollar","Ornamental Fan","Gambling Chip","Paper Crane","Du-Vu Doll","Runic Pyramid","Tough Bandages","Sundial","PreservedInsect","Dota2Spire:MantaStyle","Dota2Spire:OctarineCore","Toy Ornithopter","Dota2Spire:MaskOfMadness"],"acts_visited":["Exordium","TheCity","TheBeyond","TheEnding"],"potions_floor_usage":[40,40,44,50,55,56,56],"damage_taken":[{"damage":8.0,"enemies":"Jaw Worm","floor":1.0,"turns":8.0},{"damage":4.0,"enemies":"Cultist","floor":3.0,"turns":4.0},{"damage":0.0,"enemies":"2 Louse","floor":4.0,"turns":3.0},{"damage":10.0,"enemies":"Exordium Wildlife","floor":5.0,"turns":8.0},{"damage":30.0,"enemies":"3 Sentries","floor":7.0,"turns":13.0},{"damage":6.0,"enemies":"Lots of Slimes","floor":10.0,"turns":3.0},{"damage":0.0,"enemies":"Blue Slaver","floor":12.0,"turns":2.0},{"damage":4.0,"enemies":"Exordium Thugs","floor":14.0,"turns":3.0},{"damage":11.0,"enemies":"The Guardian","floor":16.0,"turns":16.0},{"damage":5.0,"enemies":"Chosen","floor":18.0,"turns":6.0},{"damage":8.0,"enemies":"3 Byrds","floor":20.0,"turns":4.0},{"damage":26.0,"enemies":"Shelled Parasite and Fungi","floor":22.0,"turns":3.0},{"damage":0.0,"enemies":"Gremlin Leader","floor":24.0,"turns":5.0},{"damage":4.0,"enemies":"Snecko","floor":25.0,"turns":4.0},{"damage":10.0,"enemies":"Snake Plant","floor":29.0,"turns":4.0},{"damage":9.0,"enemies":"Book of Stabbing","floor":30.0,"turns":5.0},{"damage":38.0,"enemies":"Collector","floor":33.0,"turns":11.0},{"damage":15,"enemies":"3 Shapes","floor":35,"turns":6},{"damage":0,"enemies":"Orb Walker","floor":36,"turns":3},{"damage":0,"enemies":"Mind Bloom Boss Battle","floor":38,"turns":5},{"damage":1,"enemies":"Maw","floor":39,"turns":7},{"damage":0,"enemies":"Reptomancer","floor":40,"turns":6},{"damage":0,"enemies":"Giant Head","floor":42,"turns":5},{"damage":22,"enemies":"Reptomancer","floor":44,"turns":8},{"damage":6,"enemies":"Awakened One","floor":50,"turns":10},{"damage":9,"enemies":"Time Eater","floor":51,"turns":10},{"damage":1,"enemies":"Shield and Spear","floor":55,"turns":6},{"damage":68,"enemies":"The Heart","floor":56,"turns":3}],"seed_played":"5805860592085840269","potions_obtained":[{"floor":5.0,"key":"GamblersBrew"},{"floor":10.0,"key":"Dexterity Potion"},{"floor":12.0,"key":"LiquidMemories"},{"floor":14.0,"key":"GhostInAJar"},{"floor":20.0,"key":"EntropicBrew"},{"floor":33.0,"key":"LiquidBronze"},{"floor":40,"key":"GhostInAJar"}],"is_trial":false,"path_per_floor":["M","?","M","M","M","R","E","?","T","M","R","M","R","M","R","B",null,"M","?","M","?","M","R","E","M","T","$","T","M","E","?","R","B",null,"M","M","?","?","M","E","R","E","T","E","R","$","R","?","R","B","B",null,"R","$","E","B"],"character_chosen":"THE_SILENT","items_purchased":["Gambling Chip","Toy Ornithopter"],"campfire_rested":5,"item_purchase_floors":[27,46],"current_hp_per_floor":[51,51,47,47,37,37,7,7,7,1,20,30,30,26,26,15,53,48,48,40,40,14,33,33,29,29,29,29,19,10,10,29,19,54,39,39,39,39,38,38,38,38,38,16,35,35,54,54,54,53,44,61,61,61,65,0,0],"gold":54,"neow_bonus":"TRANSFORM_CARD","is_daily":false,"chose_seed":false,"campfire_upgraded":5,"win_rate":0.0,"timestamp":1609660807,"path_taken":["M","?","M","?","M","R","E","?","T","M","R","M","R","M","R","BOSS","M","?","?","?","M","R","E","M","T","$","?","M","E","?","R","BOSS","M","?","?","?","M","E","R","E","T","E","R","$","R","?","R","BOSS","BOSS","R","$","E","BOSS"],"items_purchased_type":["Relic","Relic"],"build_version":"2020-12-22","purchased_purges":2,"victory":false,"max_hp_per_floor":[66,66,66,66,66,66,66,66,66,66,66,66,66,66,66,66,66,66,66,66,66,66,66,66,66,66,66,66,66,66,66,66,66,66,66,66,66,66,66,66,66,66,66,66,66,66,66,66,66,66,66,66,66,66,66,66,66],"card_choices":[{"not_picked":["Slice","Quick Slash"],"picked":"Backflip","floor":1.0},{"not_picked":["Dagger Spray","PiercingWail"],"picked":"Cloak And Dagger","floor":3.0},{"not_picked":["Well Laid Plans","Setup","Outmaneuver"],"picked":"SKIP","floor":4.0},{"not_picked":["Backflip","Slice"],"picked":"Escape Plan","floor":5.0},{"not_picked":["Flying Knee","PiercingWail"],"picked":"Cloak And Dagger","floor":7.0},{"not_picked":["Acrobatics","Dagger Spray"],"picked":"Venomology","floor":10.0},{"not_picked":["Slice","Dagger Spray"],"picked":"Blade Dance","floor":12.0},{"not_picked":["Tactician","Cloak And Dagger"],"picked":"Flying Knee","floor":14.0},{"not_picked":["Cloak And Dagger","Blade Dance"],"picked":"Accuracy+1","floor":18.0},{"not_picked":["Flying Knee","All Out Attack"],"picked":"Escape Plan","floor":20.0},{"not_picked":["Dagger Throw","Bane+1","Sucker Punch"],"picked":"SKIP","floor":22.0},{"not_picked":["Flying Knee","Dodge and Roll"],"picked":"PiercingWail","floor":24.0},{"not_picked":["Slice","PiercingWail"],"picked":"After Image","floor":25.0},{"not_picked":["Sucker Punch","Bane"],"picked":"Deflect","floor":29.0},{"not_picked":["Flying Knee","Sucker Punch","Cloak And Dagger"],"picked":"SKIP","floor":30.0},{"not_picked":["Storm of Steel","Corpse Explosion"],"picked":"Wraith Form v2","floor":33.0},{"not_picked":["Underhanded Strike","Well Laid Plans","Crippling Poison"],"picked":"SKIP","floor":35},{"not_picked":["Expertise+1","Poisoned Stab","Deflect"],"picked":"SKIP","floor":36},{"not_picked":["PiercingWail","Blade Dance"],"picked":"Calculated Gamble+1","floor":38},{"not_picked":["Dodge and Roll+1","Distraction","Flying Knee"],"picked":"SKIP","floor":39},{"not_picked":["Glass Knife","Poisoned Stab"],"picked":"Terror+1","floor":40},{"not_picked":["Flying Knee","Backstab+1","Cloak And Dagger+1"],"picked":"SKIP","floor":42},{"not_picked":["Glass Knife","Prepared","Leg Sweep"],"picked":"SKIP","floor":44},{"not_picked":["Deflect","PiercingWail","Dagger Throw"],"picked":"SKIP","floor":55}],"player_experience":2173927,"relics_obtained":[{"floor":7.0,"key":"Dota2Spire:Satanic"},{"floor":24.0,"key":"Ornamental Fan"},{"floor":28.0,"key":"Paper Crane"},{"floor":30.0,"key":"Du-Vu Doll"},{"floor":38,"key":"Tough Bandages"},{"floor":40,"key":"Sundial"},{"floor":42,"key":"PreservedInsect"},{"floor":43,"key":"Dota2Spire:MantaStyle"},{"floor":44,"key":"Dota2Spire:OctarineCore"},{"floor":55,"key":"Dota2Spire:MaskOfMadness"}],"event_choices":[{"damage_healed":0.0,"max_hp_gain":0.0,"max_hp_loss":0.0,"gold_gain":0.0,"event_name":"WeMeetAgain","player_choice":"Paid Gold","floor":2.0,"gold_loss":83.0,"damage_taken":0.0,"relics_obtained":["Blue Candle"]},{"damage_healed":0.0,"max_hp_gain":0.0,"max_hp_loss":0.0,"gold_gain":0.0,"event_name":"Living Wall","player_choice":"Grow","floor":8.0,"gold_loss":0.0,"damage_taken":0.0,"cards_upgraded":["Cloak And Dagger"]},{"damage_healed":0.0,"max_hp_gain":0.0,"max_hp_loss":0.0,"gold_gain":0.0,"event_name":"Duplicator","player_choice":"Copied","floor":19.0,"gold_loss":0.0,"damage_taken":0.0,"cards_obtained":["Accuracy"]},{"damage_healed":0.0,"max_hp_gain":0.0,"max_hp_loss":0.0,"gold_gain":50.0,"event_name":"Golden Shrine","player_choice":"Pray","floor":21.0,"gold_loss":0.0,"damage_taken":0.0},{"damage_healed":0.0,"max_hp_gain":0.0,"max_hp_loss":0.0,"gold_gain":0.0,"event_name":"Accursed Blacksmith","player_choice":"Forge","floor":31.0,"gold_loss":0.0,"damage_taken":0.0,"cards_upgraded":["After Image"]},{"damage_healed":0,"gold_gain":0,"player_choice":"Ignored","damage_taken":0,"max_hp_gain":0,"max_hp_loss":0,"event_name":"Tomb of Lord Red Mask","floor":37,"gold_loss":0},{"damage_healed":0,"gold_gain":0,"player_choice":"Fight","damage_taken":0,"max_hp_gain":0,"max_hp_loss":0,"event_name":"MindBloom","floor":38,"gold_loss":0},{"cards_removed":["Strike_G"],"damage_healed":0,"gold_gain":0,"player_choice":"Purged","damage_taken":0,"max_hp_gain":0,"max_hp_loss":0,"event_name":"Purifier","floor":48,"gold_loss":0}],"is_beta":false,"boss_relics":[{"not_picked":["Runic Dome","Sozu"],"picked":"SlaversCollar"},{"not_picked":["Dota2Spire:Bloodstone","Dota2Spire:RefresherOrb"],"picked":"Runic Pyramid"}],"items_purged_floors":[27,46],"is_endless":false,"potions_floor_spawned":[5,10,12,14,20,24,29,33,38,39,40],"killed_by":"The Heart","ascension_level":20}}