{"host":"5gusigds1c3jyr99","time":1609646370,"event":{"mods":["AchievementEnabler","Arknights The Spire","Astrologer","BaseMod","ChefMod","GungeonMod","Hermit","Marisa£¨Ùöéë¡¡Øª×âÞÞ£©","Minty Spire (QoL Compilation)","Permanent Neow","Replay The Spire","StSLib","The Bug Knight","The Cursed","The Death Knight","The Disciple","The Dragon Tamer","The Hierophant","The Jungle","The Poker Player","The Senshi","TheBandit"],"gold_per_floor":[111,111,121,65,77,77,88,88,88,122,122,135,152,171,171,273,273,285,114,204,224,244,244,278,278,278,278,278,278,292,292,312,328,328,428,428,448,498,498,516,516,516,536,536,616,616,651,436,449,449,449],"floor_reached":50,"playtime":3826,"items_purged":["hermit:Defend_Hermit","hermit:Defend_Hermit","hermit:TrackingShot"],"score":494,"play_id":"80fd6d91-e9e7-4fa7-8b5b-c0e1226f9e1f","local_time":"20210103125930","is_ascension_mode":false,"campfire_choices":[{"data":"hermit:Covet","floor":6,"key":"SMITH"},{"data":"hermit:Showdown","floor":8,"key":"SMITH"},{"data":"hermit:WideOpen","floor":15,"key":"SMITH"},{"data":"hermit:HighCaliber","floor":23,"key":"SMITH"},{"data":"hermit:Dive","floor":25,"key":"SMITH"},{"data":"hermit:CursedWeapon","floor":31,"key":"SMITH"},{"data":"Panacea","floor":42,"key":"SMITH"}],"circlet_count":0,"master_deck":["hermit:Strike_Hermit","hermit:Strike_Hermit","hermit:Strike_Hermit","hermit:Defend_Hermit+1","hermit:Defend_Hermit+1","hermit:Snapshot","hermit:Covet+1","hermit:Showdown+1","hermit:Feint","Shame","hermit:Dive+1","hermit:GhostlyPresence","hermit:ShadowCloak","hermit:GoldenBullet+1","hermit:WideOpen+1","hermit:RoundhouseKick+1","hermit:SprayPray+1","hermit:CursedWeapon+1","hermit:HighCaliber+1","hermit:Gambit","hermit:CalledShot+1","Panacea+1","DemoMod:Spice","hermit:WideOpen+1","ReplayTheSpireMod:Doomed","hermit:FatalDesire+1","hermit:Dive+1","Finesse","hermit:Vantage+1"],"relics":["hermit:Momento","ReplayTheSpireMod:CursedCoin","Divine Protection","Replay:Bottled Steam","Runic Pyramid","DemoMod:MonsterBlood","DemoMod:SevenLeafClover","Cursed Key","Thread and Needle","ReplayTheSpireMod:Ring of Sloth","Ring of Hypnosis","Replay:Arrowhead","DemoMod:BlueGuonStone","Oddly Smooth Stone","DemoMod:GlassGuonStoneRelic"],"acts_visited":["Exordium","TheCity","TheBeyond"],"potions_floor_usage":[10,12,16,35,35,47,49,49],"damage_taken":[{"damage":0,"enemies":"Jaw Worm","floor":1,"turns":4},{"damage":1,"enemies":"Cultist","floor":3,"turns":4},{"damage":5,"enemies":"Small Slimes","floor":5,"turns":3},{"damage":1,"enemies":"Red Slaver","floor":7,"turns":4},{"damage":3,"enemies":"Lagavulin","floor":10,"turns":10},{"damage":2,"enemies":"Exordium Thugs","floor":12,"turns":5},{"damage":0,"enemies":"3 Louse","floor":13,"turns":3},{"damage":0,"enemies":"Large Slime","floor":14,"turns":5},{"damage":8,"enemies":"The Guardian","floor":16,"turns":16},{"damage":7,"enemies":"3 Byrds","floor":18,"turns":8},{"damage":0,"enemies":"Chosen","floor":21,"turns":4},{"damage":1,"enemies":"Snecko","floor":22,"turns":5},{"damage":15,"enemies":"Replay:Snechameleon","floor":24,"turns":5},{"damage":9,"enemies":"Snake Plant","floor":30,"turns":4},{"damage":18,"enemies":"Centurion and Healer","floor":32,"turns":4},{"damage":0,"enemies":"Snecko","floor":33,"turns":3},{"damage":53,"enemies":"Champ","floor":35,"turns":17},{"damage":0,"enemies":"Orb Walker","floor":37,"turns":3},{"damage":0,"enemies":"Mind Bloom Boss Battle","floor":38,"turns":3},{"damage":16,"enemies":"3 Shapes","floor":40,"turns":3},{"damage":1,"enemies":"3 Darklings","floor":43,"turns":5},{"damage":21,"enemies":"Nemesis","floor":47,"turns":5},{"damage":12,"enemies":"Spire Growth","floor":49,"turns":4},{"damage":12,"enemies":"4 Shapes","floor":50,"turns":3}],"seed_played":"2728260813844231040","potions_obtained":[{"floor":5,"key":"DemoMod:LeadSkinPotion"},{"floor":7,"key":"Dexterity Potion"},{"floor":10,"key":"Fire Potion"},{"floor":14,"key":"Reflective Coating"},{"floor":18,"key":"hermit:Tonic"},{"floor":21,"key":"LiquidBronze"},{"floor":35,"key":"SneckoOil"},{"floor":40,"key":"hermit:BlackBile"}],"is_trial":false,"path_per_floor":["M","?","M","$","M","R","M","R","T","E","?","M","M","M","R","B",null,"M","$","?","M","M","R","E","R","PTL","PTL","T","?","M","R","M","M","R","B",null,"M","?","?","M","?","R","M","?","T","?","E","$","M","M"],"character_chosen":"HERMIT","items_purchased":["ReplayTheSpireMod:CursedCoin","hermit:Dive","hermit:GhostlyPresence","hermit:CursedWeapon","Finesse"],"campfire_rested":0,"item_purchase_floors":[4,4,4,19,48],"current_hp_per_floor":[75,75,74,74,69,69,68,68,68,65,50,48,48,48,48,40,75,68,68,50,50,49,49,41,41,41,41,41,82,73,73,55,55,79,26,82,82,82,82,66,61,61,60,60,60,36,15,15,3,0,0],"gold":449,"neow_bonus":"REMOVE_CARD","is_daily":false,"chose_seed":false,"campfire_upgraded":7,"win_rate":0.0,"timestamp":1609646370,"path_taken":["M","?","M","$","?","R","M","R","T","E","?","M","M","M","R","BOSS","M","$","?","?","M","R","E","R","PTL","PTL","T","?","M","R","?","M","R","BOSS","M","?","?","?","?","R","M","?","T","?","E","$","M","M"],"items_purchased_type":["Relic","Card","Card","Card","Card"],"build_version":"2020-12-22","purchased_purges":3,"victory":false,"max_hp_per_floor":[75,75,75,75,75,75,75,75,75,75,75,75,75,75,75,75,75,75,75,75,75,75,75,82,82,82,82,82,82,82,82,82,82,82,82,82,82,82,82,82,82,82,80,80,80,80,78,78,78,76,76],"card_choices":[{"not_picked":["hermit:Feint","hermit:Manifest"],"picked":"hermit:Showdown","floor":1},{"not_picked":["hermit:Coalescence","hermit:TakeAim"],"picked":"hermit:Feint","floor":3},{"not_picked":["hermit:EyeOfTheStorm","hermit:GhostlyPresence"],"picked":"hermit:TrackingShot","floor":5},{"not_picked":["hermit:DeadOrAlive","hermit:Glare"],"picked":"hermit:ShadowCloak","floor":7},{"not_picked":["hermit:FullyLoaded","hermit:TrackingShot"],"picked":"hermit:GoldenBullet","floor":10},{"not_picked":["hermit:BodyArmor","hermit:Desperado","hermit:Scavenge"],"picked":"SKIP","floor":12},{"not_picked":["hermit:LoneWolf","hermit:Coalescence","hermit:Desperado"],"picked":"SKIP","floor":13},{"not_picked":["hermit:Manifest","hermit:TrackingShot"],"picked":"hermit:WideOpen","floor":14},{"not_picked":["hermit:BlackWind","hermit:Reprieve"],"picked":"hermit:RoundhouseKick","floor":16},{"not_picked":["hermit:LowProfile","hermit:Showdown"],"picked":"hermit:SprayPray+1","floor":18},{"not_picked":["hermit:HoleUp","hermit:TrackingShot+1"],"picked":"hermit:HighCaliber","floor":21},{"not_picked":["hermit:Scavenge","hermit:Coalescence","hermit:Shortfuse"],"picked":"SKIP","floor":22},{"not_picked":["hermit:Virtue","hermit:FatalDesire","hermit:DeadMansHand"],"picked":"SKIP","floor":24},{"not_picked":["hermit:GhostlyPresence","hermit:Cheat","hermit:Quickdraw"],"picked":"SKIP","floor":30},{"not_picked":["hermit:BodyArmor","hermit:TrackingShot","hermit:Cheat"],"picked":"SKIP","floor":32},{"not_picked":["hermit:Virtue","hermit:Cheat","hermit:TakeCover"],"picked":"SKIP","floor":33},{"not_picked":["hermit:FinalCanter","hermit:FromBeyond"],"picked":"hermit:Gambit","floor":35},{"not_picked":["hermit:HighCaliber+1","hermit:Gestalt","hermit:ShadowCloak+1"],"picked":"SKIP","floor":37},{"not_picked":["hermit:SprayPray","hermit:HighCaliber"],"picked":"hermit:CalledShot+1","floor":40},{"not_picked":["Replay:Parry","Swift Strike"],"picked":"Panacea","floor":41},{"not_picked":["Good Instincts","Trip"],"picked":"DemoMod:Spice","floor":41},{"not_picked":["hermit:CalledShot+1","hermit:Misfire"],"picked":"hermit:WideOpen","floor":43},{"not_picked":["hermit:Adapt","hermit:Gambit"],"picked":"hermit:FatalDesire","floor":45},{"not_picked":["DemoMod:Spice","hermit:CursedWeapon"],"picked":"hermit:Dive+1","floor":47},{"not_picked":["hermit:Coalescence+1","hermit:Desperado+1"],"picked":"hermit:Vantage+1","floor":49}],"player_experience":578957,"relics_obtained":[{"floor":9,"key":"Divine Protection"},{"floor":10,"key":"Replay:Bottled Steam"},{"floor":24,"key":"DemoMod:MonsterBlood"},{"floor":28,"key":"DemoMod:SevenLeafClover"},{"floor":38,"key":"Thread and Needle"},{"floor":44,"key":"ReplayTheSpireMod:Ring of Sloth"},{"floor":44,"key":"Ring of Hypnosis"},{"floor":45,"key":"Replay:Arrowhead"},{"floor":45,"key":"DemoMod:BlueGuonStone"},{"floor":47,"key":"Oddly Smooth Stone"}],"event_choices":[{"damage_healed":0,"gold_gain":0,"player_choice":"Bought 0 Potions","damage_taken":0,"max_hp_gain":0,"max_hp_loss":0,"event_name":"The Woman in Blue","floor":2,"gold_loss":0},{"damage_healed":0,"gold_gain":0,"player_choice":"Entered Light","damage_taken":15,"max_hp_gain":0,"max_hp_loss":0,"event_name":"Shining Light","floor":11,"gold_loss":0,"cards_upgraded":["hermit:Defend_Hermit","hermit:Defend_Hermit"]},{"damage_healed":0,"gold_gain":90,"player_choice":"CARD GOLD ","damage_taken":18,"max_hp_gain":0,"max_hp_loss":0,"event_name":"Knowing Skull","floor":20,"potions_obtained":[],"gold_loss":0,"cards_obtained":["Blind"]},{"cards_removed":["Blind"],"damage_healed":41,"gold_gain":0,"player_choice":"Offered Uncommon","damage_taken":0,"max_hp_gain":0,"max_hp_loss":0,"event_name":"Bonfire Elementals","floor":29,"gold_loss":0},{"damage_healed":0,"gold_gain":0,"player_choice":"Fight","damage_taken":0,"max_hp_gain":0,"max_hp_loss":0,"event_name":"MindBloom","floor":38,"gold_loss":0},{"damage_healed":0,"gold_gain":0,"player_choice":"Ignored","damage_taken":0,"max_hp_gain":0,"max_hp_loss":0,"event_name":"NoteForYourself","floor":39,"gold_loss":0},{"damage_healed":0,"gold_gain":0,"player_choice":"Memory 2","damage_taken":5,"max_hp_gain":0,"max_hp_loss":0,"event_name":"SensoryStone","floor":41,"gold_loss":0}],"is_beta":false,"boss_relics":[{"not_picked":["Replay:Bronze Core","Velvet Choker"],"picked":"Runic Pyramid"},{"not_picked":["Replay:Fungal Core","hermit:DentedPlate"],"picked":"Cursed Key"}],"items_purged_floors":[4,19,48],"is_endless":false,"potions_floor_spawned":[5,7,10,14,18,21,32,35,40],"killed_by":"4 Shapes","ascension_level":0}}