{"host":"b7j598ve05halrwk","time":1609642071,"event":{"mods":["2.2 Compatiblity","BaseMod","Block Reminder","DeckTracker","Minty Spire (QoL Compilation)","Relic Stats","Slay the Relics Exporter","StSLib","ojb\u0027s Info Mod"],"gold_per_floor":[109,32,50,69,81,116,41,41,66,101,131,143,155,167,179,265,277,302,328,74,74,124,124,124],"floor_reached":23,"playtime":1482,"items_purged":["Strike_B"],"score":398,"play_id":"31799cff-122c-4be4-a120-4756b4d35755","local_time":"20210102214751","is_ascension_mode":true,"campfire_choices":[{"floor":8,"key":"REST"},{"data":"Defragment","floor":12,"key":"SMITH"},{"data":"Machine Learning","floor":15,"key":"SMITH"}],"circlet_count":0,"master_deck":["AscendersBane","Strike_B","Strike_B","Strike_B","Defend_B","Defend_B","Defend_B","Defend_B","Zap","Dualcast","Machine Learning+1","FTL","Cold Snap","Sweeping Beam","Fusion+1","Doom and Gloom","FTL","Reinforced Body","Genetic Algorithm","Defragment+1","Machine Learning","Aggregate","Skim","BootSequence","Apotheosis"],"relics":["Cracked Core","Orichalcum","Bag of Preparation","MawBank","Cursed Key","Nilry\u0027s Codex"],"acts_visited":["Exordium","TheCity"],"potions_floor_usage":[11,16,23],"damage_taken":[{"damage":1,"enemies":"Cultist","floor":1,"turns":4},{"damage":5,"enemies":"Small Slimes","floor":3,"turns":3},{"damage":0,"enemies":"2 Louse","floor":4,"turns":2},{"damage":15,"enemies":"Exordium Thugs","floor":5,"turns":5},{"damage":36,"enemies":"3 Sentries","floor":6,"turns":7},{"damage":6,"enemies":"Lagavulin","floor":10,"turns":8},{"damage":1,"enemies":"Blue Slaver","floor":11,"turns":4},{"damage":16,"enemies":"Slime Boss","floor":16,"turns":8},{"damage":16,"enemies":"Shell Parasite","floor":18,"turns":6},{"damage":5,"enemies":"3 Byrds","floor":19,"turns":7},{"damage":7,"enemies":"Slavers","floor":23,"turns":2}],"seed_played":"-5303572389582106404","potions_obtained":[{"floor":1,"key":"Weak Potion"},{"floor":6,"key":"SteroidPotion"},{"floor":11,"key":"Explosive Potion"},{"floor":16,"key":"Strength Potion"},{"floor":19,"key":"Weak Potion"}],"is_trial":false,"path_per_floor":["M","$","M","M","M","E","$","R","T","E","M","R","?","$","R","B",null,"M","M","$","?","?","E"],"character_chosen":"DEFECT","items_purchased":["Cold Snap","Sweeping Beam","BootSequence","Apotheosis"],"campfire_rested":1,"item_purchase_floors":[2,2,20,20],"current_hp_per_floor":[63,63,58,58,43,7,7,26,26,20,19,19,19,19,19,3,49,33,28,28,7,7,0,0],"gold":124,"neow_bonus":"THREE_RARE_CARDS","is_daily":false,"chose_seed":false,"campfire_upgraded":2,"win_rate":0.0,"timestamp":1609642071,"path_taken":["M","$","M","M","M","E","$","R","T","E","M","R","?","$","R","BOSS","M","M","$","?","?","E"],"items_purchased_type":["Card","Card","Card","Card"],"build_version":"2020-12-22","purchased_purges":1,"victory":false,"max_hp_per_floor":[64,64,64,64,64,64,64,64,64,64,64,64,64,64,64,64,64,64,64,64,64,64,64,64],"relic_stats":{"counters":[11,56],"Bag of Preparation":[12],"Orichalcum":[60],"MawBank":120,"Cursed Key":0,"obtain_stats":[{"Nilry\u0027s Codex":21,"Bag of Preparation":9,"Orichalcum":6,"Cracked Core":0,"MawBank":10,"Cursed Key":17},{"Nilry\u0027s Codex":10,"Bag of Preparation":5,"Orichalcum":5,"Cracked Core":0,"MawBank":6,"Cursed Key":8},{"Nilry\u0027s Codex":54,"Bag of Preparation":21,"Orichalcum":21,"Cracked Core":0,"MawBank":29,"Cursed Key":41}]},"card_choices":[{"not_picked":["Seek","Amplify"],"picked":"Machine Learning","floor":0},{"not_picked":["Barrage","Hologram"],"picked":"FTL","floor":1},{"not_picked":["Barrage","Sweeping Beam"],"picked":"Fusion","floor":3},{"not_picked":["Redo","Leap"],"picked":"Doom and Gloom","floor":4},{"not_picked":["Hologram","Auto Shields"],"picked":"FTL","floor":5},{"not_picked":["Leap","FTL"],"picked":"Reinforced Body","floor":6},{"not_picked":["Barrage","Beam Cell"],"picked":"Genetic Algorithm","floor":10},{"not_picked":["Sunder","Gash"],"picked":"Defragment","floor":11},{"not_picked":["Creative AI","Reboot"],"picked":"Machine Learning","floor":16},{"not_picked":["Rebound","Gash"],"picked":"Aggregate","floor":18},{"not_picked":["Rip and Tear","Defragment"],"picked":"Skim","floor":19}],"player_experience":779690,"relics_obtained":[{"floor":6,"key":"Orichalcum"},{"floor":9,"key":"Bag of Preparation"},{"floor":10,"key":"MawBank"},{"floor":21,"key":"Nilry\u0027s Codex"}],"event_choices":[{"damage_healed":0,"gold_gain":0,"player_choice":"Upgraded","damage_taken":0,"max_hp_gain":0,"max_hp_loss":0,"event_name":"Upgrade Shrine","floor":13,"gold_loss":0,"cards_upgraded":["Fusion"]},{"damage_healed":0,"gold_gain":0,"player_choice":"Obtained Book","damage_taken":21,"max_hp_gain":0,"max_hp_loss":0,"event_name":"Cursed Tome","floor":21,"gold_loss":0},{"damage_healed":0,"gold_gain":50,"player_choice":"Stole From Cult","damage_taken":0,"max_hp_gain":0,"max_hp_loss":0,"event_name":"Nest","floor":22,"gold_loss":0}],"is_beta":false,"boss_relics":[{"not_picked":["SacredBark","Runic Pyramid"],"picked":"Cursed Key"}],"items_purged_floors":[7],"is_endless":false,"potions_floor_spawned":[1,6,11,16,18,19],"killed_by":"Slavers","ascension_level":20}}