{"host":"9tch52zpouts7b2p","time":1609652818,"event":{"mods":["BaseMod","Colored Map","Minty Spire (QoL Compilation)","StSLib","UnlockEverythingMod"],"gold_per_floor":[119,132,132,148,171,171,185,185,208,208,236,236,216,232,232,360,360,375,375,375,7,7,41,41,54,54,75,75,49,49,74,74,194,194,212,212,28,42,42,42,42,110,182,207,207,19,34,57,57,57],"floor_reached":51,"playtime":3049,"items_purged":["Recycle","Biased Cognition"],"score":724,"play_id":"3013a955-ba8a-42ab-b9c2-04b0b543f3ea","local_time":"20210103134658","is_ascension_mode":true,"campfire_choices":[{"data":"Self Repair","floor":6.0,"key":"SMITH"},{"data":"Defragment","floor":8.0,"key":"SMITH"},{"data":"Dualcast","floor":10.0,"key":"SMITH"},{"data":"Turbo","floor":15.0,"key":"SMITH"},{"data":"Machine Learning","floor":24.0,"key":"SMITH"},{"floor":28.0,"key":"REST"},{"data":"Sunder","floor":30.0,"key":"SMITH"},{"data":"Stack","floor":32.0,"key":"SMITH"},{"floor":40.0,"key":"REST"},{"data":"Echo Form","floor":49,"key":"SMITH"}],"circlet_count":0,"master_deck":["Zap+1","Dualcast+1","Coolheaded+1","Self Repair+1","Turbo+1","Defragment+1","Turbo","Barrage","Electrodynamics","Creative AI+1","Biased Cognition+1","Static Discharge+1","Sunder+1","Machine Learning+1","Capacitor","Melter+1","Cold Snap","Stack+1","Echo Form+1","Scrape","All For One","Machine Learning","Cold Snap+1","Jack Of All Trades","Conserve Battery","Aggregate","Consume+1","Coolheaded+1","Heatsinks","Zap","Leap","Hologram","Conserve Battery+1"],"relics":["Cracked Core","War Paint","Omamori","Boot","Golden Idol","Astrolabe","Enchiridion","PreservedInsect","Lee\u0027s Waffle","White Beast Statue","Pen Nib","Unceasing Top","Pandora\u0027s Box","Bird Faced Urn","Molten Egg 2","Regal Pillow"],"acts_visited":["Exordium","TheCity","TheBeyond"],"potions_floor_usage":[47,47,48,48,50],"damage_taken":[{"damage":3.0,"enemies":"Small Slimes","floor":1.0,"turns":3.0},{"damage":2.0,"enemies":"Jaw Worm","floor":2.0,"turns":3.0},{"damage":0.0,"enemies":"Cultist","floor":4.0,"turns":4.0},{"damage":6.0,"enemies":"2 Fungi Beasts","floor":7.0,"turns":3.0},{"damage":6.0,"enemies":"Lagavulin","floor":11.0,"turns":5.0},{"damage":14.0,"enemies":"Blue Slaver","floor":14.0,"turns":3.0},{"damage":17.0,"enemies":"Slime Boss","floor":16.0,"turns":10.0},{"damage":44.0,"enemies":"2 Thieves","floor":18.0,"turns":3.0},{"damage":11.0,"enemies":"Book of Stabbing","floor":23.0,"turns":3.0},{"damage":3.0,"enemies":"3 Byrds","floor":25.0,"turns":1.0},{"damage":44.0,"enemies":"Centurion and Healer","floor":27.0,"turns":4.0},{"damage":3.0,"enemies":"Snake Plant","floor":31.0,"turns":3.0},{"damage":30.0,"enemies":"Automaton","floor":33.0,"turns":8.0},{"damage":16.0,"enemies":"Orb Walker","floor":35.0,"turns":3.0},{"damage":24.0,"enemies":"3 Darklings","floor":38.0,"turns":3.0},{"damage":56.0,"enemies":"2 Orb Walkers","floor":42.0,"turns":4.0},{"damage":17.0,"enemies":"4 Shapes","floor":44.0,"turns":3.0},{"damage":8,"enemies":"Transient","floor":47,"turns":5},{"damage":27,"enemies":"Writhing Mass","floor":48,"turns":5},{"damage":69,"enemies":"Donu and Deca","floor":50,"turns":6}],"seed_played":"-9093828133272633508","potions_obtained":[{"floor":4.0,"key":"SteroidPotion"},{"floor":7.0,"key":"Fire Potion"},{"floor":11.0,"key":"Block Potion"},{"floor":13.0,"key":"DuplicationPotion"},{"floor":23.0,"key":"Weak Potion"},{"floor":25.0,"key":"AttackPotion"},{"floor":27.0,"key":"Fire Potion"},{"floor":31.0,"key":"PowerPotion"},{"floor":33.0,"key":"BlessingOfTheForge"},{"floor":35.0,"key":"PotionOfCapacity"},{"floor":38.0,"key":"PowerPotion"},{"floor":42.0,"key":"EssenceOfSteel"},{"floor":44.0,"key":"CultistPotion"},{"floor":47,"key":"Energy Potion"},{"floor":48,"key":"AttackPotion"}],"is_trial":false,"path_per_floor":["M","M","?","M","T","R","M","R","T","R","E","?","?","M","R","B",null,"M","?","?","$","T","E","R","M","T","M","R","$","R","M","R","B",null,"M","?","$","M","$","R","?","?","T","M","?","$","M","M","R","B",null],"character_chosen":"DEFECT","items_purchased":["PreservedInsect","Lee\u0027s Waffle","Steam","Conserve Battery","Aggregate","Regal Pillow","Leap"],"campfire_rested":2,"item_purchase_floors":[21,21,29,37,37,46,46],"current_hp_per_floor":[65,63,49,56,56,56,60,60,60,60,64,64,64,60,60,53,68,34,34,18,75,75,74,74,75,75,41,63,63,63,70,70,40,75,59,59,59,45,45,67,67,21,21,30,30,30,50,61,61,34],"gold":57,"neow_bonus":"THREE_RARE_CARDS","is_daily":false,"chose_seed":false,"campfire_upgraded":8,"win_rate":0.0,"timestamp":1609652818,"path_taken":["M","M","?","M","?","R","?","R","T","R","E","?","?","?","R","BOSS","M","?","?","$","?","E","R","M","T","M","R","$","R","M","R","BOSS","M","?","$","M","$","R","?","?","T","?","?","?","M","M","R","BOSS"],"items_purchased_type":["Relic","Relic","Card","Card","Card","Relic","Card"],"build_version":"2020-12-22","purchased_purges":2,"victory":true,"max_hp_per_floor":[68,68,68,68,68,68,68,68,68,68,68,68,68,68,68,68,68,68,68,68,75,75,75,75,75,75,75,75,75,75,75,75,75,75,75,75,75,75,75,75,75,75,75,75,75,75,75,75,75,75],"card_choices":[{"not_picked":["Echo Form","Thunder Strike"],"picked":"Biased Cognition","floor":0.0},{"not_picked":["Streamline","Steam"],"picked":"Coolheaded","floor":1.0},{"not_picked":["Tempest","Go for the Eyes"],"picked":"Self Repair","floor":2.0},{"not_picked":["Hologram","Skim"],"picked":"Turbo","floor":4.0},{"not_picked":["Loop","Rebound"],"picked":"Defragment","floor":7.0},{"not_picked":["Chill","Stack"],"picked":"Turbo","floor":11.0},{"not_picked":["Chill","Coolheaded"],"picked":"Barrage","floor":14.0},{"not_picked":["Thunder Strike","Biased Cognition"],"picked":"Electrodynamics","floor":16.0},{"not_picked":["Streamline+1","Coolheaded"],"picked":"Sunder","floor":18.0},{"not_picked":["Darkness+1","Echo Form"],"picked":"Capacitor","floor":23.0},{"not_picked":["Rip and Tear+1","Conserve Battery"],"picked":"Melter+1","floor":25.0},{"not_picked":["Static Discharge","Hologram"],"picked":"Cold Snap","floor":27.0},{"not_picked":["Go for the Eyes","Coolheaded"],"picked":"Stack","floor":31.0},{"not_picked":["Machine Learning","Hyperbeam"],"picked":"Echo Form","floor":33.0},{"not_picked":["Turbo+1","Static Discharge"],"picked":"Cold Snap+1","floor":35.0},{"not_picked":["Blind","Secret Technique"],"picked":"Jack Of All Trades","floor":36.0},{"not_picked":["Leap","Sweeping Beam+1"],"picked":"Consume+1","floor":38.0},{"not_picked":["Loop","Turbo+1"],"picked":"Coolheaded+1","floor":42.0},{"not_picked":["Compile Driver+1","Turbo"],"picked":"Heatsinks","floor":44.0},{"not_picked":["Streamline+1","Reprogram+1"],"picked":"Hologram","floor":47},{"not_picked":["Creative AI","Coolheaded"],"picked":"Conserve Battery+1","floor":48}],"player_experience":116026,"relics_obtained":[{"floor":5.0,"key":"War Paint"},{"floor":9.0,"key":"Omamori"},{"floor":11.0,"key":"Boot"},{"floor":20.0,"key":"Enchiridion"},{"floor":22.0,"key":"White Beast Statue"},{"floor":23.0,"key":"Pen Nib"},{"floor":26.0,"key":"Unceasing Top"},{"floor":42.0,"key":"Bird Faced Urn"},{"floor":43.0,"key":"Molten Egg 2"}],"event_choices":[{"damage_healed":0.0,"max_hp_gain":0.0,"max_hp_loss":0.0,"gold_gain":0.0,"event_name":"Shining Light","player_choice":"Entered Light","floor":3.0,"gold_loss":0.0,"damage_taken":14.0,"cards_upgraded":["Defend_B","Strike_B"]},{"damage_healed":0.0,"max_hp_gain":0.0,"max_hp_loss":0.0,"gold_gain":0.0,"event_name":"Golden Idol","player_choice":"Take Wound","floor":12.0,"gold_loss":0.0,"damage_taken":0.0,"relics_obtained":["Golden Idol"],"cards_obtained":["Injury"]},{"damage_healed":0.0,"max_hp_gain":0.0,"max_hp_loss":0.0,"gold_gain":0.0,"event_name":"The Woman in Blue","player_choice":"Bought 1 Potion","floor":13.0,"gold_loss":0.0,"damage_taken":0.0},{"damage_healed":0.0,"max_hp_gain":0.0,"max_hp_loss":0.0,"gold_gain":0.0,"cards_transformed":["Defend_B","Defend_B"],"event_name":"Drug Dealer","player_choice":"Became Test Subject","floor":19.0,"gold_loss":0.0,"damage_taken":0.0,"cards_obtained":["Machine Learning","Recycle"]},{"damage_healed":0.0,"max_hp_gain":0.0,"max_hp_loss":0.0,"gold_gain":0.0,"event_name":"Cursed Tome","player_choice":"Obtained Book","floor":20.0,"gold_loss":0.0,"damage_taken":16.0},{"damage_healed":0.0,"max_hp_gain":0.0,"max_hp_loss":0.0,"gold_gain":0.0,"event_name":"SensoryStone","player_choice":"Memory 1","floor":36.0,"gold_loss":0.0,"damage_taken":0.0},{"cards_removed":["Steam"],"damage_healed":0.0,"max_hp_gain":0.0,"max_hp_loss":0.0,"gold_gain":0.0,"event_name":"Falling","player_choice":"Removed Skill","floor":41.0,"gold_loss":0.0,"damage_taken":0.0},{"damage_healed":0.0,"max_hp_gain":0.0,"max_hp_loss":0.0,"gold_gain":0.0,"event_name":"Mysterious Sphere","player_choice":"Fight","floor":42.0,"gold_loss":0.0,"damage_taken":0.0},{"damage_healed":0.0,"max_hp_gain":0.0,"max_hp_loss":0.0,"gold_gain":0.0,"event_name":"Match and Keep!","player_choice":"1 cards matched","floor":45.0,"gold_loss":0.0,"damage_taken":0.0,"cards_obtained":["Zap"]}],"is_beta":false,"boss_relics":[{"not_picked":["Tiny House","Fusion Hammer"],"picked":"Astrolabe"},{"not_picked":["Empty Cage","Snecko Eye"],"picked":"Pandora\u0027s Box"}],"items_purged_floors":[21,37],"is_endless":false,"potions_floor_spawned":[4,7,11,23,25,27,31,33,35,38,42,44,47,48],"ascension_level":2}}