{"host":"52jmisti11ysmja4","time":1609634035,"event":{"mods":["Aspiration","BaseMod","Better Third Choice","Hermit","Koishi","Minty Spire (QoL Compilation)","Remove Card Discount Mod","Shade Mod","StSLib","The Cursed","The Servant 0.9.4","The Vixen"],"gold_per_floor":[116,127,127,140,140,165,185,205,205,205,230,230,242,274,274,375,375,386,405,440,253,253,268,301,301,324,343,378,378,394,394,394,491,491,507,507,311,311,327,353,353,404,428,445,461,495,495,717,717,717,717,717,284,315,315,315],"floor_reached":55,"playtime":3150,"items_purged":["Defend_P","Defend_P","Defend_P","Defend_P","Strike_P","Strike_P","Strike_P","Strike_P"],"score":1072,"play_id":"93eb2099-a6f2-4b7f-977e-821a9bea651d","local_time":"20210102163355","is_ascension_mode":true,"campfire_choices":[{"floor":10,"key":"REST"},{"data":"Eruption","floor":15,"key":"SMITH"},{"floor":25,"key":"REST"},{"floor":32,"key":"RECALL"},{"floor":41,"key":"REST"},{"floor":49,"key":"REST"},{"floor":52,"key":"REST"}],"circlet_count":0,"master_deck":["Eruption+1","Vigilance+1","CutThroughFate","BowlingBash","Consecrate+1","ClearTheMind","CrushJoints","BattleHymn","Perseverance","Crescendo+1","Judgement+1","Adaptation","FearNoEvil+1","FollowUp+1","CutThroughFate+1","JustLucky","JustLucky+1","WindmillStrike","Devotion+1","Brilliance","FearNoEvil+1","CutThroughFate+1","MentalFortress+1","Prostrate+1","LessonLearned","Worship+1","Crescendo+1","Weave","Halt+1","Indignation+1","Devotion+1","Trip+1","MasterReality"],"relics":["PureWater","aspiration:Nostalgia","Ring of the Snake","Letter Opener","Regal Pillow","Bag of Marbles","Dream Catcher","HornCleat","aspiration:SeaSaltIceCream","NeowsBlessing","Fusion Hammer","Red Mask","Membership Card","Peace Pipe","Boot","Ancient Tea Set","aspiration:RitualDagger","Whetstone","Toxic Egg 2","Matryoshka","aspiration:AnachronicSnailShell","aspiration:ChemicalBlood","War Paint","aspiration:HatOfInfinitePower","DollysMirror","Nunchaku","Unceasing Top","Oddly Smooth Stone"],"acts_visited":["Exordium","TheCity","TheBeyond","TheEnding"],"potions_floor_usage":[6,14,14,45,46,50,50,54,54,54,55,55],"damage_taken":[{"damage":2,"enemies":"Small Slimes","floor":1,"turns":3},{"damage":0,"enemies":"Cultist","floor":2,"turns":2},{"damage":0,"enemies":"2 Louse","floor":4,"turns":2},{"damage":15,"enemies":"Gremlin Nob","floor":6,"turns":3},{"damage":12,"enemies":"Gremlin Gang","floor":7,"turns":4},{"damage":0,"enemies":"3 Louse","floor":8,"turns":2},{"damage":23,"enemies":"3 Sentries","floor":11,"turns":5},{"damage":0,"enemies":"Blue Slaver","floor":13,"turns":2},{"damage":0,"enemies":"Gremlin Nob","floor":14,"turns":3},{"damage":0,"enemies":"The Guardian","floor":16,"turns":1},{"damage":0,"enemies":"Chosen","floor":18,"turns":1},{"damage":0,"enemies":"Shell Parasite","floor":19,"turns":1},{"damage":0,"enemies":"Masked Bandits","floor":20,"turns":2},{"damage":4,"enemies":"Snecko","floor":23,"turns":3},{"damage":11,"enemies":"Slavers","floor":24,"turns":2},{"damage":0,"enemies":"Centurion and Healer","floor":27,"turns":2},{"damage":2,"enemies":"Book of Stabbing","floor":28,"turns":3},{"damage":0,"enemies":"Cultist and Chosen","floor":30,"turns":3},{"damage":10,"enemies":"Automaton","floor":33,"turns":3},{"damage":12,"enemies":"3 Shapes","floor":35,"turns":2},{"damage":9,"enemies":"3 Darklings","floor":39,"turns":3},{"damage":28,"enemies":"Giant Head","floor":40,"turns":5},{"damage":17,"enemies":"2 Orb Walkers","floor":42,"turns":3},{"damage":6,"enemies":"Spire Growth","floor":44,"turns":2},{"damage":18,"enemies":"Transient","floor":45,"turns":5},{"damage":37,"enemies":"Nemesis","floor":46,"turns":3},{"damage":69,"enemies":"Donu and Deca","floor":50,"turns":6},{"damage":54,"enemies":"Shield and Spear","floor":54,"turns":4},{"damage":78,"enemies":"The Heart","floor":55,"turns":3}],"seed_played":"-3134185418706923950","potions_obtained":[{"floor":4,"key":"Weak Potion"},{"floor":6,"key":"Ancient Potion"},{"floor":11,"key":"SpeedPotion"},{"floor":13,"key":"SpeedPotion"},{"floor":14,"key":"StancePotion"},{"floor":20,"key":"Strength Potion"},{"floor":30,"key":"BottledMiracle"},{"floor":45,"key":"EntropicBrew"},{"floor":46,"key":"SkillPotion"},{"floor":54,"key":"Strength Potion"},{"floor":55,"key":"SkillPotion"},{"floor":55,"key":"Dexterity Potion"}],"is_trial":false,"path_per_floor":["M","M","?","M","?","E","M","M","T","R","E","?","M","E","R","B",null,"M","M","?","$","?","M","E","R","T","M","E","?","M","?","R","B",null,"M","?","$","?","M","E","R","?","T","M","M","E","?","?","R","B",null,"R","$","E","B"],"character_chosen":"WATCHER","items_purchased":["Membership Card","FollowUp","Whetstone","Toxic Egg 2","Weave","Halt+1","Indignation+1","DollysMirror","Nunchaku","Unceasing Top","Trip+1"],"campfire_rested":5,"item_purchase_floors":[21,21,37,37,53,53,53,53,53,53,53],"current_hp_per_floor":[70,70,70,70,70,55,43,43,43,72,49,1,1,1,1,1,72,72,72,72,72,72,68,57,72,72,72,70,70,70,70,70,60,72,60,60,60,67,58,30,66,49,49,43,25,72,68,68,68,45,68,68,68,36,0,0],"gold":315,"neow_bonus":"NOSTALGIA","is_daily":false,"chose_seed":false,"campfire_upgraded":1,"win_rate":0.0,"timestamp":1609634035,"path_taken":["M","M","?","?","?","E","M","?","T","R","E","?","M","E","R","BOSS","M","M","?","$","?","M","E","R","T","M","E","?","M","?","R","BOSS","M","?","$","?","M","E","R","?","T","M","?","E","?","?","R","BOSS","R","$","E","BOSS"],"items_purchased_type":["Relic","Card","Relic","Relic","Card","Card","Card","Relic","Relic","Relic","Card"],"build_version":"2020-12-22","purchased_purges":8,"victory":false,"max_hp_per_floor":[72,72,72,72,72,72,72,72,72,72,72,72,72,72,72,72,72,72,72,72,72,72,72,72,72,72,72,72,72,72,72,72,72,72,72,72,72,72,72,72,72,72,72,72,72,72,68,68,68,68,68,68,68,68,68,68],"card_choices":[{"not_picked":["CrushJoints","ReachHeaven"],"picked":"CutThroughFate","floor":1},{"not_picked":["CrushJoints","WheelKick"],"picked":"BowlingBash","floor":2},{"not_picked":["JustLucky","CrushJoints"],"picked":"Consecrate","floor":4},{"not_picked":["MentalFortress","Crescendo"],"picked":"ClearTheMind","floor":6},{"not_picked":["FlyingSleeves","Swivel"],"picked":"CrushJoints","floor":7},{"not_picked":["SandsOfTime","Prostrate"],"picked":"BattleHymn","floor":8},{"not_picked":["Meditate","ConjureBlade"],"picked":"Perseverance","floor":11},{"not_picked":["FearNoEvil","LikeWater"],"picked":"Crescendo","floor":13},{"not_picked":["EmptyMind","PathToVictory","Wireheading"],"picked":"SKIP","floor":14},{"not_picked":["Scrawl","SpiritShield"],"picked":"Judgement","floor":16},{"not_picked":["FlyingSleeves","Consecrate"],"picked":"Adaptation","floor":18},{"not_picked":["WaveOfTheHand+1","Crescendo"],"picked":"FearNoEvil+1","floor":19},{"not_picked":["Brilliance","SashWhip"],"picked":"CutThroughFate","floor":23},{"not_picked":["Protect","CrushJoints+1"],"picked":"JustLucky","floor":24},{"not_picked":["ClearTheMind+1","FlyingSleeves+1"],"picked":"JustLucky+1","floor":25},{"not_picked":["Worship","Adaptation"],"picked":"WindmillStrike","floor":27},{"not_picked":["BowlingBash","WaveOfTheHand","Indignation"],"picked":"SKIP","floor":28},{"not_picked":["ThirdEye+1","EmptyFist+1"],"picked":"PathToVictory+1","floor":30},{"not_picked":["Wish","DeusExMachina"],"picked":"Brilliance","floor":33},{"not_picked":["ThirdEye","CrushJoints+1"],"picked":"FearNoEvil+1","floor":35},{"not_picked":["CutThroughFate","SignatureMove+1","EmptyBody+1"],"picked":"SKIP","floor":39},{"not_picked":["EmptyFist","Consecrate+1"],"picked":"CutThroughFate+1","floor":40},{"not_picked":["BowlingBash","InnerPeace+1"],"picked":"MentalFortress+1","floor":41},{"not_picked":["EmptyFist","PathToVictory+1"],"picked":"Prostrate+1","floor":42},{"not_picked":["ThirdEye+1","Evaluate+1"],"picked":"LessonLearned","floor":44},{"not_picked":["Ragnarok","Study","FlyingSleeves"],"picked":"SKIP","floor":45},{"not_picked":["Vengeance+1","MentalFortress+1"],"picked":"Worship+1","floor":46},{"not_picked":["Swivel+1","ClearTheMind+1"],"picked":"Crescendo+1","floor":52},{"not_picked":["Fasting2","FollowUp"],"picked":"MasterReality","floor":54}],"player_experience":644840,"relics_obtained":[{"floor":6,"key":"Letter Opener"},{"floor":9,"key":"Regal Pillow"},{"floor":11,"key":"Bag of Marbles"},{"floor":14,"key":"aspiration:SeaSaltIceCream"},{"floor":20,"key":"Red Mask"},{"floor":24,"key":"Boot"},{"floor":28,"key":"Ancient Tea Set"},{"floor":40,"key":"Matryoshka"},{"floor":42,"key":"aspiration:AnachronicSnailShell"},{"floor":43,"key":"aspiration:ChemicalBlood"},{"floor":43,"key":"War Paint"},{"floor":46,"key":"aspiration:HatOfInfinitePower"},{"floor":54,"key":"Oddly Smooth Stone"}],"event_choices":[{"damage_healed":0,"gold_gain":0,"player_choice":"Forge","damage_taken":0,"max_hp_gain":0,"max_hp_loss":0,"event_name":"Accursed Blacksmith","floor":3,"gold_loss":0,"cards_upgraded":["Vigilance"]},{"damage_healed":0,"gold_gain":0,"player_choice":"Bought 0 Potions","damage_taken":0,"max_hp_gain":0,"max_hp_loss":0,"event_name":"The Woman in Blue","floor":5,"gold_loss":0},{"damage_healed":0,"gold_gain":1,"player_choice":"Relic Relic ","damage_taken":48,"max_hp_gain":0,"max_hp_loss":0,"event_name":"betterThird:BetterScrap","floor":12,"gold_loss":0,"cards_obtained":["Dual Wield"]},{"damage_healed":0,"gold_gain":0,"player_choice":"Fought Bandits","damage_taken":0,"max_hp_gain":0,"max_hp_loss":0,"event_name":"Masked Bandits","floor":20,"gold_loss":0},{"damage_healed":0,"gold_gain":0,"player_choice":"Opened","damage_taken":0,"relics_obtained":["Peace Pipe"],"max_hp_gain":0,"max_hp_loss":0,"event_name":"The Mausoleum","floor":22,"gold_loss":0},{"damage_healed":0,"gold_gain":0,"player_choice":"Read","damage_taken":0,"max_hp_gain":0,"max_hp_loss":0,"event_name":"The Library","floor":29,"gold_loss":0,"cards_obtained":["Devotion"]},{"damage_healed":0,"gold_gain":0,"player_choice":"Ignored","damage_taken":0,"max_hp_gain":0,"max_hp_loss":0,"event_name":"Vampires","floor":31,"gold_loss":0},{"cards_removed":["PathToVictory"],"damage_healed":0,"gold_gain":0,"player_choice":"Removed Skill","damage_taken":0,"max_hp_gain":0,"max_hp_loss":0,"event_name":"Falling","floor":36,"gold_loss":0},{"damage_healed":0,"gold_gain":0,"player_choice":"Fight","damage_taken":0,"max_hp_gain":0,"max_hp_loss":0,"event_name":"Mysterious Sphere","floor":42,"gold_loss":0},{"damage_healed":0,"gold_gain":0,"player_choice":"Max HP","damage_taken":0,"max_hp_gain":0,"max_hp_loss":4,"event_name":"Winding Halls","floor":47,"gold_loss":0},{"damage_healed":0,"gold_gain":222,"player_choice":"Wore Mask","damage_taken":0,"max_hp_gain":0,"max_hp_loss":0,"event_name":"Tomb of Lord Red Mask","floor":48,"gold_loss":0}],"is_beta":false,"boss_relics":[{"not_picked":["aspiration:PoetsPen_weak","SacredBark"],"picked":"Fusion Hammer"},{"not_picked":["Calling Bell","Cursed Key"],"picked":"aspiration:RitualDagger"}],"items_purged_floors":[21,21,21,21,21,21,21,21],"is_endless":false,"potions_floor_spawned":[4,6,11,13,14,20,23,24,28,30,39,40,42,44,54],"killed_by":"The Heart","ascension_level":4}}