{"host":"1tmagqyeywr2w44t","time":1609668708,"event":{"mods":["2.2 Compatiblity","BaseMod","Colored Powertips","Downfall","Marisa£¨Ùöéë¡¡Øª×âÞÞ£©","Minty Spire (QoL Compilation)","Rare Cards Sparkle","Replay The Spire","StSLib","SuperFastMode","The Cursed"],"gold_per_floor":[117,97,107,118,133,133,158,158,181,193,223,270,296,320,332,344,344],"floor_reached":16,"playtime":547,"items_purged":[],"score":167,"play_id":"d81b79b8-9fa7-414b-99ae-1795bd524add","local_time":"20210103191148","is_ascension_mode":true,"campfire_choices":[{"data":"Burning Pact","floor":6,"key":"SMITH"},{"data":"Bash","floor":8,"key":"SMITH"},{"data":"Searing Blow","floor":15,"key":"SMITH"}],"circlet_count":0,"master_deck":["Strike_R","Strike_R","Strike_R","Strike_R","Strike_R","Defend_R","Defend_R","Defend_R","Defend_R","Bash+1","Impervious","Burning Pact+1","Headbutt","Bloodletting","Defy Death","Sever Soul","Shrug It Off","Searing Blow+1"],"relics":["Burning Blood","ReplayTheSpireMod:Spearhead","MawBank","Juzu Bracelet"],"acts_visited":["Exordium"],"potions_floor_usage":[5,7,12,16],"damage_taken":[{"damage":2,"enemies":"2 Louse","floor":1,"turns":5},{"damage":11,"enemies":"Cultist","floor":3,"turns":4},{"damage":0,"enemies":"Small Slimes","floor":4,"turns":4},{"damage":17,"enemies":"Exordium Thugs","floor":5,"turns":5},{"damage":3,"enemies":"Gremlin Nob","floor":7,"turns":2},{"damage":4,"enemies":"Looter","floor":11,"turns":3},{"damage":51,"enemies":"3 Sentries","floor":12,"turns":13},{"damage":20,"enemies":"Lots of Slimes","floor":13,"turns":5},{"damage":9,"enemies":"3 Louse","floor":14,"turns":3},{"damage":70,"enemies":"Fading Forest","floor":16,"turns":9}],"seed_played":"-3630970569522691779","potions_obtained":[{"floor":2,"key":"AttackPotion"},{"floor":3,"key":"FairyPotion"},{"floor":4,"key":"SteroidPotion"},{"floor":11,"key":"Guardian:BlockOnCardUsePotion"},{"floor":14,"key":"Dexterity Potion"}],"is_trial":false,"path_per_floor":["M","?","M","M","M","R","E","R","T","?","M","E","M","M","R","B"],"character_chosen":"IRONCLAD","items_purchased":[],"campfire_rested":0,"item_purchase_floors":[],"current_hp_per_floor":[80,80,75,80,69,69,72,72,72,77,79,34,20,17,17,0,0],"gold":344,"neow_bonus":"ONE_RANDOM_RARE_CARD","is_daily":false,"chose_seed":false,"campfire_upgraded":3,"win_rate":0.0,"timestamp":1609668708,"path_taken":["M","?","M","?","M","R","E","R","T","?","M","E","M","M","R","BOSS"],"items_purchased_type":[],"build_version":"2020-12-22","purchased_purges":0,"victory":false,"max_hp_per_floor":[80,80,80,80,80,80,80,80,80,85,85,85,85,85,85,85,85],"card_choices":[{"not_picked":["Headbutt","Clothesline"],"picked":"Burning Pact","floor":1},{"not_picked":["True Grit","Warcry"],"picked":"Headbutt","floor":3},{"not_picked":["Wild Strike","Havoc"],"picked":"Bloodletting","floor":4},{"not_picked":["Pommel Strike","True Grit","Warcry"],"picked":"SKIP","floor":5},{"not_picked":["Uppercut","Heavy Blade","Armaments"],"picked":"SKIP","floor":7},{"not_picked":["Sword Boomerang","Reaper"],"picked":"Defy Death","floor":11},{"not_picked":["Defy Death","Sword Boomerang"],"picked":"Sever Soul","floor":12},{"not_picked":["Clothesline","Burning Pact"],"picked":"Shrug It Off","floor":13},{"not_picked":["Sword Boomerang","Cleave"],"picked":"Searing Blow","floor":14}],"player_experience":273657,"relics_obtained":[{"floor":7,"key":"ReplayTheSpireMod:Spearhead"},{"floor":9,"key":"MawBank"},{"floor":12,"key":"Juzu Bracelet"}],"event_choices":[{"damage_healed":0,"gold_gain":0,"player_choice":"Bought 1 Potion","damage_taken":0,"max_hp_gain":0,"max_hp_loss":0,"event_name":"The Woman in Blue","floor":2,"gold_loss":0},{"damage_healed":0,"gold_gain":0,"player_choice":"Donut","damage_taken":0,"max_hp_gain":5,"max_hp_loss":0,"event_name":"Big Fish","floor":10,"gold_loss":0}],"is_beta":false,"boss_relics":[],"items_purged_floors":[],"is_endless":false,"potions_floor_spawned":[3,4,11,14],"killed_by":"Fading Forest","ascension_level":4}}