{"host":"9l4mw5jqza9qz9hr","time":1609665220,"event":{"mods":["AchievementEnabler","Always Whale","BaseMod","Colored Map","Minty Spire (QoL Compilation)","StSLib","SuperFastMode"],"gold_per_floor":[119,119,44,44,119,160,160,198,225,264,36,36,71,92,92,222,222,245,344,357,357,357,357,397,409,446,458,494,537,549,601,613,625,625],"floor_reached":33,"playtime":795,"items_purged":["Strike_R","Strike_R"],"score":500,"play_id":"b1838a97-5148-4f4e-bab2-7fba7223317c","local_time":"20210103181340","is_ascension_mode":true,"campfire_choices":[{"data":"Searing Blow","floor":7.0,"key":"SMITH"},{"data":"Searing Blow+1","floor":12.0,"key":"SMITH"},{"data":"Heavy Blade","floor":15.0,"key":"SMITH"},{"data":"Heavy Blade","floor":23.0,"key":"SMITH"},{"data":"Flex","floor":25.0,"key":"SMITH"},{"data":"Armaments","floor":32.0,"key":"SMITH"}],"circlet_count":0,"master_deck":["Strike_R","Strike_R","Strike_R","Defend_R","Defend_R","Defend_R","Defend_R","Bash+1","Ghostly Armor","Searing Blow+2","Battle Trance","Flex","Inflame","Flex+1","Twin Strike+1","Heavy Blade+1","Reaper+1","Heavy Blade+1","Dual Wield+1","Cleave","Armaments+1","Warcry+1"],"relics":["Burning Blood","Golden Idol","Darkstone Periapt","Blue Candle","Red Skull","Centennial Puzzle","Art of War","Tiny Chest","Black Star","Bronze Scales","MawBank","Whetstone","Oddly Smooth Stone","Anchor","Strawberry","Nloth\u0027s Gift","Omamori","Lantern"],"acts_visited":["Exordium","TheCity"],"potions_floor_usage":[33],"damage_taken":[{"damage":0.0,"enemies":"Small Slimes","floor":1.0,"turns":1.0},{"damage":0.0,"enemies":"Gremlin Nob","floor":6.0,"turns":1.0},{"damage":0.0,"enemies":"3 Sentries","floor":8.0,"turns":2.0},{"damage":32.0,"enemies":"Gremlin Nob","floor":10.0,"turns":5.0},{"damage":20.0,"enemies":"3 Sentries","floor":13.0,"turns":6.0},{"damage":1.0,"enemies":"Cultist","floor":14.0,"turns":3.0},{"damage":33.0,"enemies":"Slime Boss","floor":16.0,"turns":5.0},{"damage":52.0,"enemies":"2 Thieves","floor":18.0,"turns":5.0},{"damage":0.0,"enemies":"Spheric Guardian","floor":20.0,"turns":2.0},{"damage":15.0,"enemies":"Slavers","floor":24.0,"turns":3.0},{"damage":21.0,"enemies":"Centurion and Healer","floor":28.0,"turns":6.0},{"damage":0.0,"enemies":"Gremlin Leader","floor":29.0,"turns":5.0},{"damage":56.0,"enemies":"Book of Stabbing","floor":31.0,"turns":5.0},{"damage":48,"enemies":"Champ","floor":33,"turns":8}],"seed_played":"-8741960406593328094","potions_obtained":[{"floor":1.0,"key":"Ancient Potion"},{"floor":8.0,"key":"SpeedPotion"},{"floor":13.0,"key":"SpeedPotion"},{"floor":18.0,"key":"SteroidPotion"},{"floor":20.0,"key":"DistilledChaos"},{"floor":29.0,"key":"FearPotion"}],"is_trial":false,"path_per_floor":["M","?","$","?","T","E","R","E","T","E","$","R","E","M","R","B",null,"M","?","M","?","?","R","E","R","T","T","M","E","?","E","R","B"],"character_chosen":"IRONCLAD","items_purchased":["Inflame","Flex"],"campfire_rested":0,"item_purchase_floors":[11,11],"current_hp_per_floor":[80,80,80,74,74,74,74,74,74,48,48,48,34,39,39,12,59,25,25,31,31,31,31,38,38,38,38,33,58,58,26,26,0,0],"gold":625,"neow_bonus":"THREE_ENEMY_KILL","is_daily":false,"chose_seed":false,"campfire_upgraded":6,"win_rate":0.0,"timestamp":1609665220,"path_taken":["M","?","?","?","?","E","R","E","T","E","$","R","E","M","R","BOSS","M","?","M","?","?","R","E","R","T","?","M","E","?","E","R","BOSS"],"items_purchased_type":["Card","Card"],"build_version":"2020-12-22","purchased_purges":2,"victory":false,"max_hp_per_floor":[80,80,80,74,74,74,74,74,74,74,74,74,74,74,74,74,74,74,74,74,74,74,74,74,74,74,74,74,81,81,81,81,81,81],"card_choices":[{"not_picked":["Evolve","Seeing Red"],"picked":"Ghostly Armor","floor":1.0},{"not_picked":["Seeing Red","Evolve"],"picked":"Searing Blow","floor":6.0},{"not_picked":["Thunderclap","Sword Boomerang"],"picked":"Battle Trance","floor":8.0},{"not_picked":["Headbutt","Thunderclap"],"picked":"Flex","floor":10.0},{"not_picked":["Juggernaut","Thunderclap"],"picked":"Twin Strike","floor":13.0},{"not_picked":["Sentinel","Ghostly Armor"],"picked":"Heavy Blade","floor":14.0},{"not_picked":["Brutality","Corruption"],"picked":"Reaper","floor":16.0},{"not_picked":["Anger+1","Clash"],"picked":"Heavy Blade","floor":18.0},{"not_picked":["Wild Strike","Infernal Blade"],"picked":"Dual Wield+1","floor":20.0},{"not_picked":["Reaper","Battle Trance"],"picked":"Cleave","floor":24.0},{"not_picked":["Sword Boomerang+1","Reckless Charge","Perfected Strike"],"picked":"SKIP","floor":28.0},{"not_picked":["Shrug It Off","Body Slam+1"],"picked":"Armaments","floor":29.0},{"not_picked":["Thunderclap","Juggernaut"],"picked":"Warcry+1","floor":31.0}],"player_experience":149152,"relics_obtained":[{"floor":5.0,"key":"Darkstone Periapt"},{"floor":6.0,"key":"Blue Candle"},{"floor":8.0,"key":"Red Skull"},{"floor":9.0,"key":"Centennial Puzzle"},{"floor":10.0,"key":"Art of War"},{"floor":13.0,"key":"Tiny Chest"},{"floor":24.0,"key":"Bronze Scales"},{"floor":24.0,"key":"MawBank"},{"floor":26.0,"key":"Whetstone"},{"floor":27.0,"key":"Oddly Smooth Stone"},{"floor":29.0,"key":"Anchor"},{"floor":29.0,"key":"Strawberry"},{"floor":31.0,"key":"Omamori"},{"floor":31.0,"key":"Lantern"}],"event_choices":[{"damage_healed":0.0,"max_hp_gain":0.0,"max_hp_loss":0.0,"gold_gain":0.0,"event_name":"Upgrade Shrine","player_choice":"Upgraded","floor":2.0,"gold_loss":0.0,"damage_taken":0.0,"cards_upgraded":["Bash"]},{"damage_healed":0.0,"max_hp_gain":0.0,"max_hp_loss":6.0,"gold_gain":0.0,"event_name":"Golden Idol","player_choice":"Lose Max HP","floor":4.0,"gold_loss":0.0,"damage_taken":0.0,"relics_obtained":["Golden Idol"]},{"damage_healed":0.0,"max_hp_gain":0.0,"max_hp_loss":0.0,"gold_gain":99.0,"event_name":"Nest","player_choice":"Stole From Cult","floor":19.0,"gold_loss":0.0,"damage_taken":0.0},{"damage_healed":0.0,"max_hp_gain":0.0,"max_hp_loss":0.0,"gold_gain":0.0,"event_name":"Ghosts","player_choice":"Ignored","floor":21.0,"gold_loss":0.0,"damage_taken":0.0},{"damage_healed":0.0,"max_hp_gain":0.0,"max_hp_loss":0.0,"gold_gain":0.0,"event_name":"Vampires","player_choice":"Ignored","floor":22.0,"gold_loss":0.0,"damage_taken":0.0},{"damage_healed":0.0,"max_hp_gain":0.0,"max_hp_loss":0.0,"gold_gain":0.0,"event_name":"N\u0027loth","player_choice":"Traded Relic","floor":30.0,"relics_lost":["NeowsBlessing"],"gold_loss":0.0,"damage_taken":0.0,"relics_obtained":["Nloth\u0027s Gift"]}],"is_beta":false,"boss_relics":[{"not_picked":["Runic Pyramid","Pandora\u0027s Box"],"picked":"Black Star"}],"items_purged_floors":[3,11],"is_endless":false,"potions_floor_spawned":[1,8,13,18,20,29],"killed_by":"Champ","ascension_level":5}}