{"host":"armnliea5o2aqs4b","time":1609679851,"event":{"mods":["BaseMod","Hubris","Infinite Spire","Minty Spire (QoL Compilation)","Quick Restart","StSLib"],"gold_per_floor":[116,186,286,300,71,71,103,103,103,121,138,156,168,183,183,183,183],"floor_reached":16,"playtime":441,"items_purged":[],"score":188,"play_id":"5a069a72-3a63-418d-9bed-8c710745f1be","local_time":"20210104001731","is_ascension_mode":true,"campfire_choices":[{"data":"hubris:DoWhile","floor":6,"key":"SMITH"},{"data":"Machine Learning","floor":8,"key":"SMITH"},{"data":"hubris:Ukulele","floor":15,"key":"SMITH"}],"circlet_count":0,"master_deck":["Strike_B","Strike_B","Strike_B","Strike_B","Defend_B","Defend_B","Defend_B","Defend_B","Zap","Dualcast","Sunder","hubris:Ukulele+1","hubris:DoWhile+1","Machine Learning+1","Conserve Battery","Chill","White Noise","Auto Shields"],"relics":["Cracked Core","NeowsBlessing","Runic Capacitor","Regal Pillow","Frozen Egg 2"],"acts_visited":["Exordium"],"potions_floor_usage":[14,16,16],"damage_taken":[{"damage":0,"enemies":"Jaw Worm","floor":1,"turns":1},{"damage":0,"enemies":"Small Slimes","floor":4,"turns":1},{"damage":0,"enemies":"3 Sentries","floor":7,"turns":1},{"damage":6,"enemies":"Cultist","floor":10,"turns":4},{"damage":10,"enemies":"Looter","floor":11,"turns":2},{"damage":2,"enemies":"Blue Slaver","floor":12,"turns":3},{"damage":2,"enemies":"2 Fungi Beasts","floor":13,"turns":2},{"damage":3,"enemies":"Looter","floor":14,"turns":4}],"seed_played":"-5822791731881684304","potions_obtained":[{"floor":4,"key":"SpeedPotion"},{"floor":11,"key":"FearPotion"},{"floor":14,"key":"Strength Potion"}],"is_trial":false,"path_per_floor":["M","?","?","M","$","R","E","R","T","M","M","M","M","M","R","B"],"character_chosen":"DEFECT","items_purchased":["Runic Capacitor","hubris:DoWhile"],"campfire_rested":0,"item_purchase_floors":[5,5],"current_hp_per_floor":[75,75,75,75,75,75,75,75,75,69,59,57,55,52,52,0,0],"gold":183,"neow_bonus":"THREE_ENEMY_KILL","is_daily":false,"chose_seed":false,"campfire_upgraded":3,"win_rate":0.0,"timestamp":1609679851,"path_taken":["M","?","?","M","$","R","E","R","T","M","M","M","M","?","R","BOSS"],"items_purchased_type":["Relic","Card"],"build_version":"2020-12-22","purchased_purges":0,"victory":false,"max_hp_per_floor":[75,75,75,75,75,75,75,75,75,75,75,75,75,75,75,75,75],"card_choices":[{"not_picked":["Stack","Ball Lightning"],"picked":"Sunder","floor":1},{"not_picked":["Sunder","Darkness"],"picked":"hubris:Ukulele","floor":4},{"not_picked":["Rebound","Darkness"],"picked":"Machine Learning","floor":7},{"not_picked":["Turbo","Sweeping Beam","Gash"],"picked":"SKIP","floor":10},{"not_picked":["Genetic Algorithm","Compile Driver"],"picked":"Conserve Battery","floor":11},{"not_picked":["Redo","Leap"],"picked":"Chill","floor":12},{"not_picked":["Conserve Battery","Redo"],"picked":"White Noise","floor":13},{"not_picked":["Go for the Eyes","Force Field"],"picked":"Auto Shields","floor":14}],"player_experience":158173,"relics_obtained":[{"floor":7,"key":"Regal Pillow"},{"floor":9,"key":"Frozen Egg 2"}],"event_choices":[{"damage_healed":0,"gold_gain":70,"player_choice":"Gained Gold","damage_taken":0,"max_hp_gain":0,"max_hp_loss":0,"event_name":"Golden Wing","floor":2,"gold_loss":0},{"damage_healed":0,"gold_gain":100,"player_choice":"Pray","damage_taken":0,"max_hp_gain":0,"max_hp_loss":0,"event_name":"Golden Shrine","floor":3,"gold_loss":0}],"is_beta":false,"boss_relics":[],"items_purged_floors":[],"is_endless":false,"potions_floor_spawned":[4,11,14],"killed_by":"The Guardian","ascension_level":1}}