{"host":"w0kqlntohdoatj1w","time":1609660013,"event":{"mods":["AchievementEnabler","BaseMod","Minty Spire (QoL Compilation)"],"gold_per_floor":[116,116,134,152,172,185,185,204,204,204,218,218,233,250,250,349,349,366,366,281,33,48,48,48,48],"floor_reached":24,"playtime":2493,"items_purged":["Strike_B"],"score":217,"play_id":"ffb372e5-90e1-44e1-bdbc-de96a331e52f","local_time":"20210103014653","is_ascension_mode":false,"campfire_choices":[{"data":"Streamline","floor":7,"key":"SMITH"},{"data":"Dualcast","floor":10,"key":"SMITH"},{"floor":15,"key":"REST"},{"data":"Rainbow","floor":23,"key":"SMITH"}],"circlet_count":0,"master_deck":["Strike_B","Strike_B","Defend_B","Defend_B","Defend_B","Defend_B","Zap","Dualcast+1","Streamline+1","Cold Snap","Reinforced Body","Coolheaded","Compile Driver","Static Discharge","Go for the Eyes+1","Rainbow+1","Barrage+1","Conserve Battery","Machine Learning","FTL+1","Heatsinks","Bandage Up","Capacitor"],"relics":["Cracked Core","FaceOfCleric","Molten Egg 2","Philosopher\u0027s Stone","Bag of Preparation"],"acts_visited":["Exordium","TheCity"],"potions_floor_usage":[16,16,16,24],"damage_taken":[{"damage":11,"enemies":"Jaw Worm","floor":1,"turns":3},{"damage":1,"enemies":"Cultist","floor":3,"turns":3},{"damage":4,"enemies":"2 Louse","floor":4,"turns":2},{"damage":7,"enemies":"Red Slaver","floor":5,"turns":3},{"damage":4,"enemies":"3 Louse","floor":6,"turns":4},{"damage":10,"enemies":"Blue Slaver","floor":8,"turns":3},{"damage":21,"enemies":"Gremlin Gang","floor":11,"turns":4},{"damage":13,"enemies":"Lots of Slimes","floor":13,"turns":4},{"damage":5,"enemies":"2 Fungi Beasts","floor":14,"turns":3},{"damage":15,"enemies":"Slime Boss","floor":16,"turns":6},{"damage":2,"enemies":"Spheric Guardian","floor":18,"turns":6},{"damage":21,"enemies":"3 Byrds","floor":22,"turns":4},{"damage":70,"enemies":"Gremlin Leader","floor":24,"turns":5}],"seed_played":"5231447233945934276","potions_obtained":[{"floor":3,"key":"PowerPotion"},{"floor":4,"key":"ColorlessPotion"},{"floor":6,"key":"Energy Potion"},{"floor":13,"key":"EssenceOfSteel"},{"floor":18,"key":"ColorlessPotion"}],"is_trial":false,"path_per_floor":["M","?","M","M","M","M","R","M","T","R","M","?","M","M","R","B",null,"M","?","?","$","M","R","E"],"character_chosen":"DEFECT","items_purchased":["Heatsinks","Bandage Up"],"campfire_rested":1,"item_purchase_floors":[21,21],"current_hp_per_floor":[71,71,71,68,62,59,59,50,50,50,30,30,18,14,41,27,91,90,72,72,72,56,56,0,0],"gold":48,"neow_bonus":"TEN_PERCENT_HP_BONUS","is_daily":false,"chose_seed":false,"campfire_upgraded":3,"win_rate":0.0,"timestamp":1609660013,"path_taken":["M","?","?","M","M","M","R","M","T","R","M","?","M","M","R","BOSS","M","?","?","$","M","R","E"],"items_purchased_type":["Card","Card"],"build_version":"2020-12-22","purchased_purges":1,"victory":false,"max_hp_per_floor":[82,82,83,84,85,86,86,87,87,87,88,88,89,90,90,91,91,92,97,97,97,98,98,98,98],"card_choices":[{"not_picked":["Hologram","Rip and Tear"],"picked":"Streamline","floor":1},{"not_picked":["Barrage","Sweeping Beam"],"picked":"Cold Snap","floor":3},{"not_picked":["Gash","Sweeping Beam"],"picked":"Reinforced Body","floor":4},{"not_picked":["Steam Power","FTL"],"picked":"Coolheaded","floor":5},{"not_picked":["Leap","Streamline"],"picked":"Compile Driver","floor":6},{"not_picked":["Seek","Beam Cell"],"picked":"Static Discharge","floor":8},{"not_picked":["Sweeping Beam+1","Coolheaded"],"picked":"Go for the Eyes+1","floor":11},{"not_picked":["Gash+1","Reinforced Body"],"picked":"Barrage+1","floor":13},{"not_picked":["Amplify","Compile Driver+1"],"picked":"Conserve Battery","floor":14},{"not_picked":["Thunder Strike+1","Amplify"],"picked":"Machine Learning","floor":16},{"not_picked":["Skim+1","Sweeping Beam+1"],"picked":"FTL+1","floor":18},{"not_picked":["Coolheaded","Redo"],"picked":"Capacitor","floor":22}],"player_experience":51342,"relics_obtained":[{"floor":9,"key":"Molten Egg 2"}],"event_choices":[{"damage_healed":0,"gold_gain":0,"player_choice":"Trade","damage_taken":0,"relics_obtained":["FaceOfCleric"],"max_hp_gain":0,"max_hp_loss":0,"event_name":"FaceTrader","floor":2,"gold_loss":0},{"damage_healed":0,"gold_gain":0,"cards_transformed":["Strike_B"],"player_choice":"Transformed","damage_taken":0,"max_hp_gain":0,"max_hp_loss":0,"event_name":"Transmorgrifier","floor":12,"gold_loss":0,"cards_obtained":["Rainbow"]},{"damage_healed":0,"gold_gain":0,"player_choice":"Shed Blood","damage_taken":23,"max_hp_gain":5,"max_hp_loss":0,"event_name":"Forgotten Altar","floor":19,"gold_loss":0},{"damage_healed":0,"gold_gain":0,"player_choice":"Obtained Relic","damage_taken":0,"relics_obtained":["Bag of Preparation"],"max_hp_gain":0,"max_hp_loss":0,"event_name":"Addict","floor":20,"gold_loss":85}],"is_beta":false,"boss_relics":[{"not_picked":["SlaversCollar","Busted Crown"],"picked":"Philosopher\u0027s Stone"}],"items_purged_floors":[21],"is_endless":false,"potions_floor_spawned":[3,4,6,13,18],"killed_by":"Gremlin Leader","ascension_level":0}}