{"host":"obbn5gje3893ci3z","time":1609680495,"event":{"mods":["BaseMod","Colored Powertips","Minty Spire (QoL Compilation)","The Servant 0.9.4"],"gold_per_floor":[115,40,40,54,129,129,149,160,186,186,221,121,121,141,141,141,141],"floor_reached":16,"playtime":734,"items_purged":["Strike_S","Strike_S"],"score":120,"play_id":"09d2b82a-2004-4077-8474-0e33c1437c25","local_time":"20210103212815","is_ascension_mode":true,"campfire_choices":[{"data":"Luminosity","floor":6.0,"key":"SMITH"},{"data":"MoonPhase","floor":10.0,"key":"SMITH"},{"data":"TheWorld","floor":13.0,"key":"SMITH"},{"data":"GearUp","floor":15.0,"key":"SMITH"}],"circlet_count":0,"master_deck":["Strike_S","Strike_S","Defend_S","Defend_S","Defend_S","Defend_S","KidneyShot","Exchange","Luminosity+1","MoonPhase+1","TheWorld+1","GearUp+1"],"relics":["Uniform","NeowsBlessing","Happy Flower","MealTicket","Darkstone Periapt"],"acts_visited":["Exordium"],"potions_floor_usage":[16],"damage_taken":[{"damage":0.0,"enemies":"Small Slimes","floor":1.0,"turns":1.0},{"damage":0.0,"enemies":"Cultist","floor":4.0,"turns":1.0},{"damage":0.0,"enemies":"Jaw Worm","floor":7.0,"turns":1.0},{"damage":1.0,"enemies":"Blue Slaver","floor":8.0,"turns":4.0},{"damage":32.0,"enemies":"3 Sentries","floor":11.0,"turns":10.0},{"damage":1.0,"enemies":"Exordium Wildlife","floor":14.0,"turns":5.0},{"damage":26,"enemies":"Slime Boss","floor":16,"turns":17}],"seed_played":"-929443626096129521","potions_obtained":[{"floor":1.0,"key":"BlessingOfTheForge"},{"floor":7.0,"key":"LiquidBronze"},{"floor":11.0,"key":"SteroidPotion"}],"is_trial":false,"path_per_floor":["M","$","?","M","?","R","M","M","T","R","E","$","R","M","R","B"],"character_chosen":"THE_SERVANT","items_purchased":[],"campfire_rested":0,"item_purchase_floors":[],"current_hp_per_floor":[65,65,65,65,54,54,54,53,53,53,21,36,36,35,35,9,9],"gold":141,"neow_bonus":"THREE_ENEMY_KILL","is_daily":false,"chose_seed":false,"campfire_upgraded":4,"win_rate":0.0,"timestamp":1609680495,"path_taken":["M","$","?","?","?","R","M","M","T","R","E","$","R","M","R","BOSS"],"items_purchased_type":[],"build_version":"2020-12-22","purchased_purges":2,"victory":false,"max_hp_per_floor":[65,65,65,65,65,65,65,65,65,65,65,65,65,65,65,65,65],"card_choices":[{"not_picked":["RealityMarble","TimeWarp","Defy"],"picked":"SKIP","floor":1.0},{"not_picked":["TimeWarp","DualDimension"],"picked":"Luminosity","floor":4.0},{"not_picked":["Defy","Potential","Revamp"],"picked":"SKIP","floor":7.0},{"not_picked":["Ricochet","Moonlight"],"picked":"MoonPhase","floor":8.0},{"not_picked":["Gouge","SoulSculpture"],"picked":"TheWorld","floor":11.0},{"not_picked":["SilverBlades","Defy"],"picked":"GearUp","floor":14.0}],"player_experience":50474,"relics_obtained":[{"floor":9.0,"key":"MealTicket"},{"floor":11.0,"key":"Darkstone Periapt"}],"event_choices":[{"damage_healed":0.0,"max_hp_gain":0.0,"max_hp_loss":0.0,"gold_gain":0.0,"event_name":"WeMeetAgain","player_choice":"Gave Potion","floor":3.0,"gold_loss":0.0,"damage_taken":0.0,"relics_obtained":["Happy Flower"]},{"damage_healed":0.0,"max_hp_gain":0.0,"max_hp_loss":0.0,"gold_gain":75.0,"event_name":"World of Goop","player_choice":"Gather Gold","floor":5.0,"gold_loss":0.0,"damage_taken":11.0}],"is_beta":false,"boss_relics":[],"items_purged_floors":[2,12],"is_endless":false,"potions_floor_spawned":[1,7,11],"killed_by":"Slime Boss","ascension_level":4}}