{"host":"i50gzlxyjrf5ohl8","time":1609705141,"event":{"mods":["Bartender","BaseMod","Better Note","Better Skull","DeckTracker","Downfall","GifTheSpireLib","Jedi Mod","Minty Spire (QoL Compilation)","Quarter Circle Forward PUNCH!","Quick Restart","StSLib","Stuff the Spire","The Forsaken","The Runesmith","Trackpad","vexMod"],"gold_per_floor":[117,19,30,44,59,89,89,64,89,89,107,107,138,149,149,254,254,271,291,191,191,171,171,185,36,36,36,66,93,123,50,62,172,184,214,63,82,85,94,94,117,117,170,206,206,206,206,206,206,206],"floor_reached":51,"playtime":1379,"items_purged":["Strike_R","Strike_R","Strike_R"],"score":1177,"play_id":"017d26a2-5151-4e3f-b55e-877a4aed6b30","local_time":"20210103141901","is_ascension_mode":true,"campfire_choices":[{"floor":7,"key":"REST"},{"floor":12,"key":"REST"},{"floor":15,"key":"REST"},{"floor":23,"key":"REST"},{"data":"Whirlwind","floor":27,"key":"SMITH"},{"floor":32,"key":"REST"},{"floor":40,"key":"REST"},{"floor":42,"key":"REST"},{"floor":46,"key":"REST"},{"floor":49,"key":"REST"}],"circlet_count":0,"master_deck":["Strike_R","Strike_R","Defend_R+1","Defend_R","Defend_R","Bash","Shrug It Off","Heavy Blade","Uppercut+1","Carnage","Cleave","Demon Form","Double Tap","Power Through+1","Whirlwind+1","Twin Strike+1","True Grit","Sword Boomerang+1","Writhe","Reaper","Limit Break"],"relics":["Burning Blood","NeowsBlessing","Pen Nib","trackpad:CultistFigurine","theForsaken:Gavel","vexMod:DeviousBotling","Brimstone","trackpad:ByrdBGone","MawBank","CeramicFish","Black Star","theForsaken:Lifeblossom","trackpad:WritersBlock","StuffTheSpire:HeavyRock","War Paint","White Beast Statue"],"acts_visited":["TheCity","TheBeyond"],"potions_floor_usage":[6,16,33,33,41,41,50,50],"damage_taken":[{"damage":0,"enemies":"Cultist","floor":1,"turns":1},{"damage":0,"enemies":"Small Slimes","floor":3,"turns":1},{"damage":0,"enemies":"Jaw Worm","floor":4,"turns":1},{"damage":10,"enemies":"3 Louse","floor":5,"turns":6},{"damage":49,"enemies":"Gremlin Nob","floor":6,"turns":5},{"damage":13,"enemies":"Red Slaver","floor":11,"turns":3},{"damage":22,"enemies":"Lagavulin","floor":13,"turns":5},{"damage":7,"enemies":"Large Slime","floor":14,"turns":5},{"damage":36,"enemies":"The Guardian","floor":16,"turns":10},{"damage":0,"enemies":"Chosen","floor":18,"turns":2},{"damage":51,"enemies":"3 Byrds","floor":19,"turns":8},{"damage":13,"enemies":"Sentry and Sphere","floor":24,"turns":4},{"damage":6,"enemies":"Gremlin Leader","floor":28,"turns":4},{"damage":16,"enemies":"Centurion and Healer","floor":29,"turns":3},{"damage":2,"enemies":"Cultist and Chosen","floor":30,"turns":3},{"damage":69,"enemies":"Collector","floor":33,"turns":6},{"damage":9,"enemies":"3 Shapes","floor":35,"turns":2},{"damage":12,"enemies":"Orb Walker","floor":37,"turns":3},{"damage":30,"enemies":"3 Darklings","floor":38,"turns":5},{"damage":54,"enemies":"Reptomancer","floor":41,"turns":5},{"damage":39,"enemies":"Giant Head","floor":44,"turns":6},{"damage":81,"enemies":"Time Eater","floor":50,"turns":7}],"seed_played":"3364398315680929674","potions_obtained":[{"floor":1,"key":"Ancient Potion"},{"floor":3,"key":"DistilledChaos"},{"floor":14,"key":"LiquidBronze"},{"floor":16,"key":"SpeedPotion"},{"floor":19,"key":"Block Potion"},{"floor":30,"key":"Strength Potion"},{"floor":33,"key":"GamblersBrew"},{"floor":35,"key":"Explosive Potion"},{"floor":44,"key":"Dexterity Potion"}],"is_trial":false,"path_per_floor":["M","$","M","M","M","E","R","?","T","?","M","R","E","M","R","B",null,"M","M","$","?","?","R","M","$","T","R","E","M","M","?","R","B",null,"M","$","M","M","?","R","E","R","T","E","?","R","?","?","R","B",null],"character_chosen":"IRONCLAD","items_purchased":["Shrug It Off","Brimstone","True Grit"],"campfire_rested":9,"item_purchase_floors":[2,25,36],"current_hp_per_floor":[78,78,80,80,76,33,57,57,57,57,50,74,58,57,80,50,73,79,34,34,60,60,80,73,73,73,73,73,63,67,67,80,17,64,61,61,55,31,51,75,27,51,51,24,24,48,48,56,80,8],"gold":206,"neow_bonus":"THREE_ENEMY_KILL","is_daily":false,"chose_seed":false,"campfire_upgraded":1,"win_rate":0.0,"timestamp":1609705141,"path_taken":["M","$","M","M","M","E","R","?","T","?","?","R","E","M","R","BOSS","M","M","$","?","?","R","?","$","T","R","E","M","M","?","R","BOSS","M","$","M","M","?","R","E","R","T","E","?","R","?","?","R","BOSS"],"items_purchased_type":["Card","Relic","Card"],"build_version":"2020-12-22","purchased_purges":3,"victory":true,"max_hp_per_floor":[80,80,80,80,80,80,80,80,80,80,80,80,80,80,80,80,80,80,80,80,80,80,80,80,80,80,80,80,80,80,80,80,80,80,80,80,80,80,80,80,80,80,80,80,80,80,80,80,80,80],"card_choices":[{"not_picked":["StuffTheSpire:Resist","StuffTheSpire:Slingshot","Fire Breathing"],"picked":"SKIP","floor":1},{"not_picked":["Wild Strike","Sentinel"],"picked":"Heavy Blade","floor":3},{"not_picked":["Clothesline","Dual Wield"],"picked":"Uppercut","floor":4},{"not_picked":["Havoc","jedi:hate","Rage"],"picked":"SKIP","floor":5},{"not_picked":["jedi:MakeshiftSword","Dual Wield"],"picked":"Carnage","floor":6},{"not_picked":["Power Through","Barricade"],"picked":"Cleave","floor":11},{"not_picked":["Iron Wave","StuffTheSpire:RockThrow","Havoc"],"picked":"SKIP","floor":13},{"not_picked":["Warcry","Reckless Charge"],"picked":"Demon Form","floor":14},{"not_picked":["Berserk","Brutality"],"picked":"Double Tap","floor":16},{"not_picked":["StuffTheSpire:RockThrow","Perfected Strike"],"picked":"Power Through","floor":18},{"not_picked":["jedi:hate","Wild Strike","Rampage+1"],"picked":"SKIP","floor":19},{"not_picked":["Clothesline","Wild Strike"],"picked":"Whirlwind","floor":24},{"not_picked":["Blood for Blood","Rampage"],"picked":"Twin Strike+1","floor":28},{"not_picked":["Perfected Strike","Pommel Strike","Wild Strike+1"],"picked":"SKIP","floor":29},{"not_picked":["Headbutt+1","Corruption","Sentinel"],"picked":"SKIP","floor":30},{"not_picked":["Dark Embrace+1","Fire Breathing","StuffTheSpire:RockThrow"],"picked":"SKIP","floor":35},{"not_picked":["Clash+1","jedi:collectorstrike+1"],"picked":"Sword Boomerang+1","floor":37},{"not_picked":["Bloodletting","Entrench","Wild Strike"],"picked":"SKIP","floor":38},{"not_picked":["Headbutt","Heavy Blade+1"],"picked":"Reaper","floor":41},{"not_picked":["Pommel Strike+1","Infernal Blade"],"picked":"Limit Break","floor":44}],"player_experience":743176,"relics_obtained":[{"floor":6,"key":"Pen Nib"},{"floor":9,"key":"trackpad:CultistFigurine"},{"floor":13,"key":"theForsaken:Gavel"},{"floor":26,"key":"trackpad:ByrdBGone"},{"floor":28,"key":"MawBank"},{"floor":41,"key":"theForsaken:Lifeblossom"},{"floor":41,"key":"trackpad:WritersBlock"},{"floor":43,"key":"StuffTheSpire:HeavyRock"},{"floor":44,"key":"War Paint"},{"floor":44,"key":"White Beast Statue"}],"event_choices":[{"damage_healed":0,"gold_gain":0,"player_choice":"Left Gold","damage_taken":0,"max_hp_gain":0,"max_hp_loss":0,"event_name":"World of Goop","floor":8,"gold_loss":25},{"damage_healed":0,"gold_gain":0,"player_choice":"Forge","damage_taken":0,"max_hp_gain":0,"max_hp_loss":0,"event_name":"Accursed Blacksmith","floor":10,"gold_loss":0,"cards_upgraded":["Uppercut"]},{"damage_healed":26,"gold_gain":0,"player_choice":"Heal","damage_taken":0,"max_hp_gain":0,"max_hp_loss":0,"event_name":"The Library","floor":21,"gold_loss":0},{"damage_healed":0,"gold_gain":0,"player_choice":"Bought 1 Potion","damage_taken":0,"max_hp_gain":0,"max_hp_loss":0,"event_name":"The Woman in Blue","floor":22,"gold_loss":0},{"damage_healed":0,"gold_gain":0,"player_choice":"Obtained Relic","damage_taken":0,"relics_obtained":["CeramicFish"],"max_hp_gain":0,"max_hp_loss":0,"event_name":"Addict","floor":31,"gold_loss":85},{"damage_healed":20,"gold_gain":0,"player_choice":"Writhe","damage_taken":0,"max_hp_gain":0,"max_hp_loss":0,"event_name":"Winding Halls","floor":39,"gold_loss":0,"cards_obtained":["Writhe"]},{"damage_healed":0,"gold_gain":0,"player_choice":"Memory 1","damage_taken":0,"max_hp_gain":0,"max_hp_loss":0,"event_name":"SensoryStone","floor":45,"gold_loss":0},{"cards_removed":["Defend_R"],"damage_healed":0,"gold_gain":0,"player_choice":"Removed Skill","damage_taken":0,"max_hp_gain":0,"max_hp_loss":0,"event_name":"Falling","floor":47,"gold_loss":0}],"is_beta":false,"boss_relics":[{"not_picked":["StuffTheSpire:Kangaroo","vexMod:MegatonBomb"],"picked":"vexMod:DeviousBotling"},{"not_picked":["qcfpunch:Killian_Engine_Alpha","Pandora\u0027s Box"],"picked":"Black Star"}],"items_purged_floors":[2,20,36],"is_endless":false,"potions_floor_spawned":[1,3,14,16,19,28,30,33,35,37,44],"ascension_level":9}}