{"host":"ya062ahhhuj9au1o","time":1609694458,"event":{"mods":["BaseMod","Better Third Choice","Downfall","Filter the Spire","Hermit","Minty Spire (QoL Compilation)","Random Character Button","Robot Space Explorer","Somnambulant","StSLib","The Bug Knight","The Cursed","The Marked","The Servant 0.9.4"],"gold_per_floor":[14,89,39,50,63,63,74,94,94,94,125,138,138,156,156,233,233,253,253,178,178,178],"floor_reached":21,"playtime":1493,"items_purged":[],"score":299,"play_id":"f0adaa1c-f144-463e-aa4c-2505e7158c46","local_time":"20210103122058","is_ascension_mode":true,"campfire_choices":[{"data":"HollowMod:PogoStrike","floor":6,"key":"SMITH"},{"floor":13,"key":"REST"},{"data":"HollowMod:CycloneSlash","floor":15,"key":"SMITH"}],"circlet_count":0,"master_deck":["AscendersBane","HollowMod:NailStrikeStart","HollowMod:NailStrikeStart","HollowMod:QuickDashStart","HollowMod:QuickDashStart","HollowMod:FocusHealStart","HollowMod:PogoStrike+1","HollowMod:DreamGate","HollowMod:HuntersJournal","HollowMod:CycloneSlash+1","HollowMod:DashSlash+1","HollowMod:HowlingWraiths+1","HollowMod:SoulStrike+1"],"relics":["HollowMod:KingsSoulRelic","Nunchaku","Molten Egg 2","Dream Catcher","Nilry\u0027s Codex"],"acts_visited":["Exordium","TheCity"],"potions_floor_usage":[8,12],"damage_taken":[{"damage":11,"enemies":"Small Slimes","floor":1,"turns":3},{"damage":2,"enemies":"Jaw Worm","floor":4,"turns":3},{"damage":0,"enemies":"2 Louse","floor":5,"turns":3},{"damage":14,"enemies":"Red Slaver","floor":7,"turns":5},{"damage":2,"enemies":"3 Louse","floor":8,"turns":4},{"damage":40,"enemies":"Lagavulin","floor":11,"turns":6},{"damage":11,"enemies":"Looter","floor":12,"turns":2},{"damage":2,"enemies":"Blue Slaver","floor":14,"turns":2},{"damage":49,"enemies":"HollowMod:FalseKnight","floor":16,"turns":7},{"damage":22,"enemies":"2 Thieves","floor":18,"turns":3},{"damage":14,"enemies":"Shell Parasite","floor":21,"turns":2}],"seed_played":"562697834294127056","potions_obtained":[{"floor":4,"key":"SpeedPotion"},{"floor":7,"key":"Regen Potion"},{"floor":11,"key":"Fruit Juice"},{"floor":14,"key":"BlessingOfTheForge"}],"is_trial":false,"path_per_floor":["M","?","?","M","M","R","M","M","T","T","E","M","R","M","R","B",null,"M","?","?","M"],"character_chosen":"THE_BUGKNIGHT","items_purchased":[],"campfire_rested":1,"item_purchase_floors":[],"current_hp_per_floor":[63,52,52,50,56,56,48,68,68,68,34,28,52,50,50,1,60,44,28,28,14,14],"gold":178,"neow_bonus":"REMOVE_TWO","is_daily":false,"chose_seed":false,"campfire_upgraded":2,"win_rate":0.0,"timestamp":1609694458,"path_taken":["M","?","?","M","M","R","M","M","T","?","E","M","R","M","R","BOSS","M","?","?","M"],"items_purchased_type":[],"build_version":"2020-12-22","purchased_purges":0,"victory":false,"max_hp_per_floor":[75,75,75,75,75,75,75,75,75,75,75,80,80,80,80,80,80,80,80,80,80,80],"card_choices":[{"not_picked":["HollowMod:CornifersMapStart","HollowMod:BlackTendrils"],"picked":"HollowMod:DreamGate","floor":1},{"not_picked":["HollowMod:SharpenedShadows","HollowMod:HowlingWraiths","HollowMod:ShadowDash"],"picked":"SKIP","floor":4},{"not_picked":["HollowMod:ShadowDash","HollowMod:WraithStrike"],"picked":"HollowMod:HuntersJournal","floor":5},{"not_picked":["HollowMod:HeavyBlow","HollowMod:InfectionAssault","HollowMod:VengefulVoid"],"picked":"SKIP","floor":7},{"not_picked":["HollowMod:WhiteLadysBlessing","HollowMod:TaintedHusks"],"picked":"HollowMod:CycloneSlash","floor":8},{"not_picked":["HollowMod:ChannelNail","HollowMod:TaintedHusks"],"picked":"HollowMod:DashSlash+1","floor":11},{"not_picked":["HollowMod:HowlingWraiths+1","HollowMod:HornetsHelp+1","HollowMod:ShadowDash"],"picked":"SKIP","floor":12},{"not_picked":["HollowMod:HornetsHelp+1","HollowMod:ShadowDash"],"picked":"HollowMod:HowlingWraiths+1","floor":12},{"not_picked":["HollowMod:VengefulSpirit+1","HollowMod:DescendingDark+1"],"picked":"HollowMod:SoulStrike+1","floor":13},{"not_picked":["HollowMod:CornifersMapStart","HollowMod:FastStrike+1","HollowMod:SiblingsSouls"],"picked":"SKIP","floor":14},{"not_picked":["HollowMod:LuriensSpire","HollowMod:DoubleDash","HollowMod:LifebloodCocoon"],"picked":"SKIP","floor":18}],"player_experience":1760594,"relics_obtained":[{"floor":9,"key":"Nunchaku"},{"floor":10,"key":"Molten Egg 2"},{"floor":11,"key":"Dream Catcher"},{"floor":19,"key":"Nilry\u0027s Codex"}],"event_choices":[{"damage_healed":0,"gold_gain":75,"player_choice":"Gold","damage_taken":11,"max_hp_gain":0,"max_hp_loss":0,"event_name":"betterThird:BetterGoop","floor":2,"gold_loss":0},{"cards_removed":["HollowMod:QuickDashStart"],"damage_healed":0,"gold_gain":0,"player_choice":"Card Removal","damage_taken":0,"max_hp_gain":0,"max_hp_loss":0,"event_name":"The Cleric","floor":3,"gold_loss":50},{"damage_healed":0,"gold_gain":0,"player_choice":"Obtained Book","damage_taken":16,"max_hp_gain":0,"max_hp_loss":0,"event_name":"Cursed Tome","floor":19,"gold_loss":0},{"cards_removed":["HollowMod:NailStrikeStart"],"damage_healed":0,"gold_gain":0,"player_choice":"Gave Gold","damage_taken":0,"max_hp_gain":0,"max_hp_loss":0,"event_name":"Beggar","floor":20,"gold_loss":75}],"is_beta":false,"boss_relics":[{"not_picked":["Astrolabe","Tiny House"],"picked":"HollowMod:KingsSoulRelic"}],"items_purged_floors":[],"is_endless":false,"potions_floor_spawned":[4,7,11,14,16],"killed_by":"Shell Parasite","ascension_level":13}}