{"host":"w9yruvs4bqht6bhw","time":1609711603,"event":{"mods":["BaseMod","Colored Powertips","Minty Spire (QoL Compilation)"],"gold_per_floor":[109,119,130,130,130,130,80,105,105,116,191,34,34,34,34,130,130,149,149,109,122,133,133,162,177,177,177,177,4,19,19,19,122,122,136,153,153,153,171,201,201,3,26,38,65,77,105,44,44,44,44],"floor_reached":50,"playtime":4481,"items_purged":["Consecrate","Strike_P"],"score":591,"play_id":"506b3791-c273-479c-bcb1-59a782ba6421","local_time":"20210103170643","is_ascension_mode":true,"campfire_choices":[{"data":"Prostrate","floor":6.0,"key":"SMITH"},{"data":"DeusExMachina","floor":15.0,"key":"SMITH"},{"data":"LikeWater","floor":23.0,"key":"SMITH"},{"floor":27.0,"key":"REST"},{"data":"ThirdEye","floor":32.0,"key":"SMITH"},{"floor":41.0,"key":"REST"},{"data":"DevaForm","floor":44.0,"key":"SMITH"},{"data":"Pray","floor":49.0,"key":"SMITH"}],"circlet_count":0,"master_deck":["Strike_P","Strike_P+1","Strike_P","Defend_P","Defend_P","Defend_P","Defend_P","Eruption","Vigilance","DeusExMachina+1","JustLucky","Prostrate+1","LikeWater+1","Consecrate","FlyingSleeves","WindmillStrike+1","Wireheading+1","Establishment+1","Prostrate+1","CutThroughFate","ThirdEye+1","WindmillStrike","SandsOfTime+1","SandsOfTime","WaveOfTheHand+1","EmptyMind+1","DevaForm+1","Pray+1","Deep Breath","Crescendo+1","Fasting2+1","LikeWater","Doubt","Worship+1"],"relics":["PureWater","Bird Faced Urn","MealTicket","Prayer Wheel","Dead Branch","Pocketwatch","MutagenicStrength","InkBottle","VioletLotus","Regal Pillow","MawBank"],"acts_visited":["Exordium","TheCity","TheBeyond"],"potions_floor_usage":[50,50],"damage_taken":[{"damage":1.0,"enemies":"2 Louse","floor":1.0,"turns":3.0},{"damage":1.0,"enemies":"Jaw Worm","floor":2.0,"turns":5.0},{"damage":3.0,"enemies":"Small Slimes","floor":3.0,"turns":4.0},{"damage":12.0,"enemies":"3 Sentries","floor":8.0,"turns":11.0},{"damage":1.0,"enemies":"2 Fungi Beasts","floor":10.0,"turns":4.0},{"damage":0.0,"enemies":"Slime Boss","floor":16.0,"turns":3.0},{"damage":14.0,"enemies":"Spheric Guardian","floor":18.0,"turns":5.0},{"damage":5.0,"enemies":"Chosen","floor":21.0,"turns":4.0},{"damage":24.0,"enemies":"Centurion and Healer","floor":22.0,"turns":6.0},{"damage":11.0,"enemies":"Book of Stabbing","floor":24.0,"turns":5.0},{"damage":2.0,"enemies":"Snake Plant","floor":25.0,"turns":4.0},{"damage":0.0,"enemies":"Chosen and Byrds","floor":30.0,"turns":5.0},{"damage":2.0,"enemies":"Champ","floor":33.0,"turns":6.0},{"damage":24.0,"enemies":"3 Shapes","floor":35.0,"turns":5.0},{"damage":10.0,"enemies":"3 Darklings","floor":36.0,"turns":4.0},{"damage":44.0,"enemies":"Jaw Worm Horde","floor":39.0,"turns":4.0},{"damage":6.0,"enemies":"Giant Head","floor":40.0,"turns":5.0},{"damage":52.0,"enemies":"Writhing Mass","floor":45.0,"turns":6.0},{"damage":8.0,"enemies":"3 Darklings","floor":47.0,"turns":4.0},{"damage":78,"enemies":"Awakened One","floor":50,"turns":5}],"seed_played":"-3297657150813944902","potions_obtained":[{"floor":2.0,"key":"Regen Potion"},{"floor":8.0,"key":"StancePotion"},{"floor":10.0,"key":"AttackPotion"},{"floor":22.0,"key":"DistilledChaos"},{"floor":25.0,"key":"Energy Potion"},{"floor":30.0,"key":"Weak Potion"},{"floor":36.0,"key":"DuplicationPotion"},{"floor":39.0,"key":"StancePotion"},{"floor":45.0,"key":"SpeedPotion"},{"floor":47.0,"key":"SteroidPotion"}],"is_trial":false,"path_per_floor":["M","M","M","?","?","R","$","E","T","M","?","$","?","?","R","B",null,"M","?","?","M","M","R","E","M","T","R","?","$","M","T","R","B",null,"M","M","?","?","M","E","R","$","T","R","M","?","M","$","R","B"],"character_chosen":"WATCHER","items_purchased":["Block Potion","WindmillStrike","Wireheading","EntropicBrew","SkillPotion","SpeedPotion","StancePotion"],"campfire_rested":2,"item_purchase_floors":[7,12,12,29,42,42,48],"current_hp_per_floor":[71,70,67,64,72,72,72,61,61,62,51,66,52,52,52,56,72,58,58,58,57,39,39,34,36,36,57,57,72,72,72,72,70,72,50,46,46,46,8,14,49,64,64,64,24,68,66,68,68,0,0],"gold":44,"neow_bonus":"ONE_RANDOM_RARE_CARD","is_daily":false,"chose_seed":false,"campfire_upgraded":6,"win_rate":0.0,"timestamp":1609711603,"path_taken":["M","M","M","?","?","R","?","E","T","M","?","$","?","?","R","BOSS","M","?","?","M","?","R","E","M","T","R","?","$","M","?","R","BOSS","M","M","?","?","M","E","R","$","T","R","M","?","M","$","R","BOSS"],"items_purchased_type":["Potion","Card","Card","Potion","Potion","Potion","Potion"],"build_version":"2020-12-22","purchased_purges":2,"victory":false,"max_hp_per_floor":[72,72,72,72,72,72,72,72,72,72,72,72,72,72,72,72,72,72,72,72,72,72,72,72,72,72,72,72,72,72,72,72,72,72,72,72,68,68,68,68,68,68,68,68,68,68,68,68,68,68,68],"card_choices":[{"not_picked":["Evaluate","CrushJoints"],"picked":"JustLucky","floor":1.0},{"not_picked":["ThirdEye","Protect"],"picked":"Prostrate","floor":2.0},{"not_picked":["MasterReality","Crescendo"],"picked":"LikeWater","floor":3.0},{"not_picked":["CutThroughFate","JustLucky"],"picked":"Consecrate","floor":8.0},{"not_picked":["EmptyBody","MentalFortress"],"picked":"FlyingSleeves","floor":10.0},{"not_picked":["BowlingBash","SandsOfTime"],"picked":"Consecrate","floor":10.0},{"not_picked":["SpiritShield","Scrawl"],"picked":"Establishment","floor":16.0},{"not_picked":["PathToVictory","Fasting2"],"picked":"Prostrate+1","floor":18.0},{"not_picked":["SashWhip+1","JustLucky"],"picked":"CutThroughFate","floor":18.0},{"not_picked":["Consecrate","Vault"],"picked":"ThirdEye","floor":21.0},{"not_picked":["Perseverance","PathToVictory+1"],"picked":"WindmillStrike","floor":21.0},{"not_picked":["JustLucky","Consecrate"],"picked":"SandsOfTime+1","floor":22.0},{"not_picked":["FlyingSleeves","Perseverance"],"picked":"SandsOfTime","floor":22.0},{"not_picked":["Wallop+1","Judgement"],"picked":"WaveOfTheHand+1","floor":24.0},{"not_picked":["JustLucky","Halt+1"],"picked":"EmptyMind+1","floor":25.0},{"not_picked":["EmptyFist","TalkToTheHand","Consecrate"],"picked":"SKIP","floor":25.0},{"not_picked":["PathToVictory","JustLucky","FlyingSleeves"],"picked":"SKIP","floor":30.0},{"not_picked":["FollowUp","JustLucky","Halt"],"picked":"SKIP","floor":30.0},{"not_picked":["MasterReality","Omniscience"],"picked":"DevaForm","floor":33.0},{"not_picked":["CutThroughFate","CrushJoints+1","Protect"],"picked":"SKIP","floor":35.0},{"not_picked":["PathToVictory+1","Tantrum+1","FlurryOfBlows"],"picked":"SKIP","floor":35.0},{"not_picked":["CrushJoints+1","Indignation+1"],"picked":"Pray","floor":36.0},{"not_picked":["WheelKick+1","FlyingSleeves","TalkToTheHand"],"picked":"SKIP","floor":36.0},{"not_picked":["Swift Strike","Secret Weapon"],"picked":"Deep Breath","floor":38.0},{"not_picked":["FlurryOfBlows","EmptyFist"],"picked":"Crescendo+1","floor":39.0},{"not_picked":["EmptyBody","CrushJoints","Wallop"],"picked":"SKIP","floor":39.0},{"not_picked":["Indignation+1","ThirdEye"],"picked":"Fasting2+1","floor":40.0},{"not_picked":["JustLucky","FearNoEvil"],"picked":"LikeWater","floor":45.0},{"not_picked":["Tantrum+1","Crescendo+1","Swivel"],"picked":"SKIP","floor":45.0},{"not_picked":["SpiritShield","EmptyFist"],"picked":"Worship+1","floor":47.0},{"not_picked":["BowlingBash+1","CutThroughFate+1","Crescendo+1"],"picked":"SKIP","floor":47.0}],"player_experience":297145,"relics_obtained":[{"floor":8.0,"key":"MealTicket"},{"floor":9.0,"key":"Prayer Wheel"},{"floor":24.0,"key":"Dead Branch"},{"floor":26.0,"key":"Pocketwatch"},{"floor":31.0,"key":"InkBottle"},{"floor":40.0,"key":"Regal Pillow"},{"floor":43.0,"key":"MawBank"}],"event_choices":[{"damage_healed":0.0,"max_hp_gain":0.0,"max_hp_loss":0.0,"gold_gain":0.0,"event_name":"Scrap Ooze","player_choice":"Success","floor":4.0,"gold_loss":0.0,"damage_taken":3.0,"relics_obtained":["Bird Faced Urn"]},{"damage_healed":24.0,"max_hp_gain":0.0,"max_hp_loss":0.0,"gold_gain":0.0,"event_name":"Big Fish","player_choice":"Banana","floor":5.0,"gold_loss":0.0,"damage_taken":0.0},{"damage_healed":0.0,"max_hp_gain":0.0,"max_hp_loss":0.0,"gold_gain":75.0,"event_name":"World of Goop","player_choice":"Gather Gold","floor":11.0,"gold_loss":0.0,"damage_taken":11.0},{"damage_healed":0.0,"max_hp_gain":0.0,"max_hp_loss":0.0,"gold_gain":0.0,"event_name":"Shining Light","player_choice":"Entered Light","floor":13.0,"gold_loss":0.0,"damage_taken":14.0,"cards_upgraded":["Wireheading","Strike_P"]},{"damage_healed":0.0,"max_hp_gain":0.0,"max_hp_loss":0.0,"gold_gain":0.0,"event_name":"Living Wall","player_choice":"Grow","floor":14.0,"gold_loss":0.0,"damage_taken":0.0,"cards_upgraded":["WindmillStrike"]},{"damage_healed":0.0,"max_hp_gain":0.0,"max_hp_loss":0.0,"gold_gain":0.0,"event_name":"Ghosts","player_choice":"Ignored","floor":19.0,"gold_loss":0.0,"damage_taken":0.0},{"damage_healed":0.0,"max_hp_gain":0.0,"max_hp_loss":0.0,"gold_gain":0.0,"event_name":"Designer","player_choice":"Upgrade","floor":20.0,"gold_loss":40.0,"damage_taken":0.0,"cards_upgraded":["Establishment"]},{"damage_healed":0.0,"max_hp_gain":0.0,"max_hp_loss":0.0,"gold_gain":0.0,"event_name":"Drug Dealer","player_choice":"Inject Mutagens","floor":28.0,"gold_loss":0.0,"damage_taken":0.0,"relics_obtained":["MutagenicStrength"]},{"damage_healed":0.0,"max_hp_gain":0.0,"max_hp_loss":4.0,"gold_gain":0.0,"event_name":"Winding Halls","player_choice":"Max HP","floor":37.0,"gold_loss":0.0,"damage_taken":0.0},{"damage_healed":0.0,"max_hp_gain":0.0,"max_hp_loss":0.0,"gold_gain":0.0,"event_name":"SensoryStone","player_choice":"Memory 1","floor":38.0,"gold_loss":0.0,"damage_taken":0.0},{"damage_healed":44.0,"max_hp_gain":0.0,"max_hp_loss":0.0,"gold_gain":0.0,"event_name":"MindBloom","player_choice":"Heal","floor":46.0,"gold_loss":0.0,"damage_taken":0.0,"cards_obtained":["Doubt"]}],"is_beta":false,"boss_relics":[{"not_picked":["Runic Dome","Philosopher\u0027s Stone","Calling Bell"]},{"not_picked":["SacredBark","SlaversCollar"],"picked":"VioletLotus"}],"items_purged_floors":[29,42],"is_endless":false,"potions_floor_spawned":[2,8,10,22,25,30,36,39,45,47],"killed_by":"Awakened One","ascension_level":1}}