{"host":"6ld56ls1xbe0aj21","time":1609667514,"event":{"mods":["AchievementEnabler","BaseMod","Colored Powertips","Minty Spire (QoL Compilation)","Quick Restart","Rare Cards Sparkle","StSLib","SuperFastMode","everything is the same but u backflip on backflip","slay the spire mod where everything is the same but ironclad has a cowboy hat"],"gold_per_floor":[109,32,46,221,221,237,237,20,20,48,48,65,97,108,108,108,108],"floor_reached":16,"playtime":482,"items_purged":[],"score":154,"play_id":"800124f2-a077-4bb4-b680-64d5b2560f6a","local_time":"20210103205154","is_ascension_mode":true,"campfire_choices":[{"data":"Reaper","floor":7,"key":"SMITH"},{"data":"Offering","floor":15,"key":"SMITH"}],"circlet_count":0,"master_deck":["Strike_R","Strike_R","Strike_R","Strike_R","Strike_R","Defend_R","Defend_R","Defend_R","Defend_R","Bash","Warcry","Reaper+1","Burning Pact","Offering+1","Combust","Berserk","Headbutt","Thunderclap","Hemokinesis"],"relics":["Burning Blood","NeowsBlessing","Bag of Preparation","Strawberry","Bottled Lightning","Mummified Hand"],"acts_visited":["Exordium"],"potions_floor_usage":[10,16,16],"damage_taken":[{"damage":0,"enemies":"Cultist","floor":1,"turns":1},{"damage":0,"enemies":"2 Louse","floor":3,"turns":1},{"damage":0,"enemies":"Jaw Worm","floor":6,"turns":1},{"damage":16,"enemies":"Gremlin Nob","floor":10,"turns":3},{"damage":26,"enemies":"Gremlin Gang","floor":12,"turns":3},{"damage":41,"enemies":"3 Sentries","floor":13,"turns":6},{"damage":11,"enemies":"Exordium Wildlife","floor":14,"turns":4},{"damage":93,"enemies":"Hexaghost","floor":16,"turns":9}],"seed_played":"-4931934454317726258","potions_obtained":[{"floor":6,"key":"AttackPotion"},{"floor":10,"key":"BloodPotion"},{"floor":14,"key":"Regen Potion"}],"is_trial":false,"path_per_floor":["M","$","M","?","?","M","R","$","T","E","T","M","E","M","R","B"],"character_chosen":"IRONCLAD","items_purchased":["Reaper","Offering","Combust"],"campfire_rested":0,"item_purchase_floors":[2,8,8],"current_hp_per_floor":[78,78,80,80,80,80,80,80,80,77,77,69,49,51,51,0,0],"gold":108,"neow_bonus":"THREE_ENEMY_KILL","is_daily":false,"chose_seed":false,"campfire_upgraded":2,"win_rate":0.0,"timestamp":1609667514,"path_taken":["M","$","?","?","?","?","R","$","T","E","?","M","E","M","R","BOSS"],"items_purchased_type":["Card","Card","Card"],"build_version":"2020-12-22","purchased_purges":0,"victory":false,"max_hp_per_floor":[80,80,80,80,80,80,80,80,80,87,87,87,87,87,87,87,87],"card_choices":[{"not_picked":["Pommel Strike","True Grit"],"picked":"Warcry","floor":1},{"not_picked":["Twin Strike","Perfected Strike","Clash"],"picked":"SKIP","floor":3},{"not_picked":["Fire Breathing","True Grit"],"picked":"Burning Pact","floor":6},{"not_picked":["Havoc","Dark Embrace"],"picked":"Berserk","floor":10},{"not_picked":["Body Slam","Clash"],"picked":"Headbutt","floor":12},{"not_picked":["Clash","Cleave"],"picked":"Thunderclap","floor":13},{"not_picked":["Second Wind","Armaments"],"picked":"Hemokinesis","floor":14}],"player_experience":268411,"relics_obtained":[{"floor":9,"key":"Bag of Preparation"},{"floor":10,"key":"Strawberry"},{"floor":11,"key":"Bottled Lightning"},{"floor":13,"key":"Mummified Hand"}],"event_choices":[{"damage_healed":0,"gold_gain":175,"player_choice":"AGREE","damage_taken":0,"max_hp_gain":0,"max_hp_loss":0,"event_name":"Liars Game","floor":4,"gold_loss":0,"cards_obtained":["Doubt"]},{"cards_removed":["Doubt"],"damage_healed":0,"gold_gain":0,"player_choice":"Purged","damage_taken":0,"max_hp_gain":0,"max_hp_loss":0,"event_name":"Purifier","floor":5,"gold_loss":0}],"is_beta":false,"boss_relics":[],"items_purged_floors":[],"is_endless":false,"potions_floor_spawned":[6,10,14],"killed_by":"Hexaghost","ascension_level":8}}