{"host":"wghdsg8ym2wc7ov9","time":1609635799,"event":{"mods":["AchievementEnabler","Astrologer","BaseMod","Beaked The Cultist","Better Altar","Better Note","Colored Map","Hermit","Highlight Path","Jorbs\u0027s Wanderer Trilogy","KinomotoSakuraMod(????)","Minty Spire (QoL Compilation)","Random Character Button","Relic Stats","SIMod","Shop Mod","StSLib","The Blackbeard","The Bladedancer","The Construct","The Cursed","The Death Knight","The Gatherer","The Hierophant","The Marked","The Mystic","The Necromancer","The Runesmith","The Senshi","The Servant 0.9.4"],"gold_per_floor":[117,117,134,145,164,164,175,185,211,286,298,298,331,1,1,124,124,157,174,184,201,201,201],"floor_reached":22,"playtime":2975,"items_purged":[],"score":192,"play_id":"6ed9a88f-1ea6-4480-bd6f-d8da27e74ef3","local_time":"20210102170319","is_ascension_mode":false,"campfire_choices":[{"data":"construct:CripplingShot","floor":6.0,"key":"SMITH"},{"floor":12.0,"key":"REST"},{"floor":15.0,"key":"REST"}],"circlet_count":0,"master_deck":["construct:Strike_Gold","construct:Strike_Gold","construct:Strike_Gold","construct:Strike_Gold","construct:Strike_Gold","construct:Defend_Gold","construct:Defend_Gold","construct:Defend_Gold","construct:Defend_Gold","construct:Defend_Gold","construct:AttackMode","construct:DefenseMode","construct:ClusterMines","construct:Autoturret","construct:ClusterMines","construct:CripplingShot+1","construct:HeavyBolt","construct:Forcefield","construct:ReactiveShield","construct:Accumulate","Magnetism","construct:MetalShell","Bandage Up","construct:MemoryTap","construct:MetalShell+1","construct:Accumulate+1","construct:Disrupt","construct:ShieldGenerator"],"relics":["construct:Cogwheel","White Beast Statue","Potion Belt","Happy Flower","Runic Dome"],"acts_visited":["Exordium","TheCity"],"potions_floor_usage":[18,21,22,22],"damage_taken":[{"damage":3.0,"enemies":"Small Slimes","floor":1.0,"turns":5.0},{"damage":2.0,"enemies":"Cultist","floor":3.0,"turns":4.0},{"damage":1.0,"enemies":"Jaw Worm","floor":4.0,"turns":4.0},{"damage":4.0,"enemies":"Blue Slaver","floor":5.0,"turns":3.0},{"damage":7.0,"enemies":"Exordium Thugs","floor":7.0,"turns":4.0},{"damage":5.0,"enemies":"Looter","floor":8.0,"turns":2.0},{"damage":4.0,"enemies":"Red Slaver","floor":11.0,"turns":5.0},{"damage":25.0,"enemies":"Lagavulin","floor":13.0,"turns":7.0},{"damage":16.0,"enemies":"Slime Boss","floor":16.0,"turns":6.0},{"damage":8,"enemies":"Shell Parasite","floor":18,"turns":5},{"damage":8,"enemies":"Spheric Guardian","floor":19,"turns":4},{"damage":35,"enemies":"Centurion and Healer","floor":20,"turns":7},{"damage":60,"enemies":"Shelled Parasite and Fungi","floor":21,"turns":8},{"damage":22,"enemies":"Sentry and Sphere","floor":22,"turns":5}],"seed_played":"-5021966204100350159","potions_obtained":[{"floor":1.0,"key":"SkillPotion"},{"floor":3.0,"key":"SneckoOil"},{"floor":4.0,"key":"SkillPotion"},{"floor":5.0,"key":"Swift Potion"},{"floor":7.0,"key":"BlessingOfTheForge"},{"floor":8.0,"key":"Weak Potion"},{"floor":11.0,"key":"Explosive Potion"},{"floor":13.0,"key":"Weak Potion"},{"floor":16.0,"key":"Explosive Potion"},{"floor":18,"key":"ColorlessPotion"},{"floor":19,"key":"SpeedPotion"},{"floor":20,"key":"PowerPotion"},{"floor":21,"key":"Regen Potion"}],"is_trial":false,"path_per_floor":["M","?","M","M","M","R","M","M","T","?","M","R","E","$","R","B",null,"M","M","M","M","M"],"character_chosen":"THE_CONSTRUCT_MOD","items_purchased":["Magnetism","construct:MetalShell","Bandage Up"],"campfire_rested":2,"item_purchase_floors":[14,14,14],"current_hp_per_floor":[90,90,88,87,83,83,76,71,71,60,56,83,58,58,85,73,93,92,84,57,1,0,0],"gold":201,"neow_bonus":"TEN_PERCENT_HP_BONUS","is_daily":false,"chose_seed":false,"campfire_upgraded":1,"win_rate":0.0,"timestamp":1609635799,"path_taken":["M","?","M","M","M","R","M","?","T","?","M","R","E","$","R","BOSS","M","M","M","M","M"],"items_purchased_type":["Card","Card","Card"],"build_version":"2020-12-22","purchased_purges":0,"victory":false,"max_hp_per_floor":[93,93,93,93,93,93,93,93,93,93,93,93,93,93,93,93,93,93,93,93,93,93,93],"relic_stats":{"Happy Flower":[11],"counters":[14,69],"obtain_stats":[{"Potion Belt":9,"Runic Dome":17,"Happy Flower":13,"construct:Cogwheel":0,"White Beast Statue":2},{"Potion Belt":6,"Runic Dome":9,"Happy Flower":8,"construct:Cogwheel":0,"White Beast Statue":1},{"Potion Belt":22,"Runic Dome":40,"Happy Flower":34,"construct:Cogwheel":0,"White Beast Statue":5}]},"card_choices":[{"not_picked":["construct:BatteryAcid","construct:Overcharge"],"picked":"construct:ClusterMines","floor":1.0},{"not_picked":["construct:Chainstrike","construct:LaserCore"],"picked":"construct:Autoturret","floor":3.0},{"not_picked":["construct:ElectricArmor","construct:Overcharge"],"picked":"construct:ClusterMines","floor":4.0},{"not_picked":["construct:Autoturret","construct:SaveState"],"picked":"construct:CripplingShot","floor":5.0},{"not_picked":["construct:Autoturret","construct:FierceBash"],"picked":"construct:HeavyBolt","floor":7.0},{"not_picked":["construct:SweepLaser","construct:Autoturret"],"picked":"construct:Forcefield","floor":8.0},{"not_picked":["construct:Stasis","construct:Backfire"],"picked":"construct:ReactiveShield","floor":11.0},{"not_picked":["construct:ScopeCore","construct:Backfire"],"picked":"construct:Accumulate","floor":13.0},{"not_picked":["construct:BatteryCore","construct:ShieldBurst"],"picked":"construct:MemoryTap","floor":16.0},{"not_picked":["construct:LaserCore+1","construct:Tumble"],"picked":"construct:MetalShell+1","floor":18},{"not_picked":["construct:Versatility","construct:Analyze"],"picked":"construct:Accumulate+1","floor":19},{"not_picked":["construct:ScrapCannon","construct:Forcefield"],"picked":"construct:Disrupt","floor":20},{"not_picked":["construct:Analyze","construct:OmegaCannon"],"picked":"construct:ShieldGenerator","floor":21}],"player_experience":582340,"relics_obtained":[{"floor":9.0,"key":"Potion Belt"},{"floor":13.0,"key":"Happy Flower"}],"event_choices":[{"damage_healed":0.0,"max_hp_gain":0.0,"max_hp_loss":0.0,"gold_gain":0.0,"event_name":"WeMeetAgain","player_choice":"Gave Potion","floor":2.0,"gold_loss":0.0,"damage_taken":0.0,"relics_obtained":["White Beast Statue"]},{"damage_healed":0.0,"max_hp_gain":0.0,"max_hp_loss":0.0,"gold_gain":75.0,"event_name":"World of Goop","player_choice":"Gather Gold","floor":10.0,"gold_loss":0.0,"damage_taken":11.0}],"is_beta":false,"boss_relics":[{"not_picked":["Velvet Choker","Empty Cage"],"picked":"Runic Dome"}],"items_purged_floors":[],"is_endless":false,"potions_floor_spawned":[1,3,4,5,7,8,11,13,16,18,19,20,21],"killed_by":"Sentry and Sphere","ascension_level":0}}