{"host":"0fmi5fguj5lvt8pf","time":1609641120,"event":{"mods":["BaseMod","Colored Map","Curses Come First","Downfall","Minty Spire (QoL Compilation)","Permanent Neow","StSLib","Waifu the Spire"],"gold_per_floor":[99,112,129,304,362,362,362,378,390,407,407,291,291,291,305,401,401,401,419,419,438,450,483,508,580,355,480,480,494,527,527,547,652,652,652,668,668,678,701,720,720,755,26,44,55,55,55],"floor_reached":46,"playtime":2564,"items_purged":["Doubt","sneckomod:Unknown"],"score":507,"play_id":"8fd8cbda-af5c-430a-bafc-4c149ea949d4","local_time":"20210102183200","is_ascension_mode":false,"campfire_choices":[{"data":"sneckomod:Unknown","floor":1,"key":"SMITH"},{"data":"sneckomod:QuickBite","floor":6,"key":"SMITH"},{"data":"sneckomod:UnknownRarePower","floor":11,"key":"SMITH"},{"floor":13,"key":"RECALL"},{"data":"sneckomod:UnknownColorless","floor":18,"key":"SMITH"},{"floor":26,"key":"REST"},{"floor":28,"key":"REST"},{"data":"sneckomod:UnknownRareAttack","floor":35,"key":"SMITH"}],"circlet_count":0,"master_deck":["sneckomod:Strike","sneckomod:Strike","sneckomod:Defend","sneckomod:Defend","sneckomod:TailWhip","sneckomod:SnekBite","sneckomod:Unknown+1","sneckomod:QuickBite+1","sneckomod:ImprovisedAttack","sneckomod:DiceCrush","sneckomod:UnknownRarePower+1","sneckomod:QuickBite+1","sneckomod:TrashToTreasure","sneckomod:UnknownColorless+1","sneckomod:PureSnecko+1","sneckomod:UnknownClassBLUE+1","sneckomod:SnakeSap","sneckomod:TrashToTreasure","J.A.X.+1","sneckomod:ImprovisedAttack+1","sneckomod:UnknownRareAttack+1","sneckomod:UnknownClassTHE_CHAMP_GRAY+1","sneckomod:SlitherStrike+1","sneckomod:UnknownBlock+1","sneckomod:UnknownUncommonSkill+1","sneckomod:UnknownRareAttack"],"relics":["sneckomod:SneckoSoul","Incense Burner","Tiny Chest","Smiling Mask","sneckomod:SneckoTalon","sneckomod:ConfusingCodex","The Courier","downfall:HeartBlessingRed","downfall:HeartBlessingGreen","downfall:HeartBlessingBlue","MutagenicStrength","Pen Nib","Black Star","Akabeko","Torii","Anchor","Potion Belt","Nunchaku","Gremlin Horn","sneckomod:LoadedDie","Oddly Smooth Stone","War Paint"],"acts_visited":["Exordium","TheCity","TheBeyond"],"potions_floor_usage":[9,15,22,23,23,30,33,33,40,45,46,46],"damage_taken":[{"damage":3,"enemies":"Jaw Worm","floor":2,"turns":2},{"damage":0,"enemies":"Small Slimes","floor":3,"turns":2},{"damage":16,"enemies":"3 Sentries","floor":5,"turns":7},{"damage":0,"enemies":"Cultist","floor":8,"turns":2},{"damage":6,"enemies":"2 Fungi Beasts","floor":9,"turns":2},{"damage":13,"enemies":"Large Slime","floor":10,"turns":7},{"damage":0,"enemies":"downfall:FleeingMerchant","floor":12,"turns":4},{"damage":0,"enemies":"2 Fungi Beasts","floor":15,"turns":3},{"damage":36,"enemies":"downfall:Watcher","floor":16,"turns":5},{"damage":0,"enemies":"Spheric Guardian","floor":19,"turns":2},{"damage":43,"enemies":"Snake Plant","floor":21,"turns":4},{"damage":1,"enemies":"Cultist and Chosen","floor":22,"turns":4},{"damage":12,"enemies":"Book of Stabbing","floor":23,"turns":4},{"damage":33,"enemies":"downfall:Augmenter","floor":27,"turns":4},{"damage":8,"enemies":"Shelled Parasite and Fungi","floor":29,"turns":3},{"damage":15,"enemies":"Gremlin Leader","floor":30,"turns":5},{"damage":7,"enemies":"Centurion and Healer","floor":32,"turns":4},{"damage":16,"enemies":"downfall:Defect","floor":33,"turns":4},{"damage":0,"enemies":"3 Shapes","floor":36,"turns":3},{"damage":7,"enemies":"3 Darklings","floor":38,"turns":3},{"damage":32,"enemies":"Writhing Mass","floor":40,"turns":4},{"damage":23,"enemies":"Reptomancer","floor":42,"turns":5},{"damage":5,"enemies":"downfall:FleeingMerchant","floor":43,"turns":4},{"damage":3,"enemies":"Maw","floor":44,"turns":5},{"damage":12,"enemies":"3 Darklings","floor":45,"turns":3},{"damage":19,"enemies":"Nemesis","floor":46,"turns":3}],"seed_played":"8483733528658777542","potions_obtained":[{"floor":5,"key":"SkillPotion"},{"floor":9,"key":"Weak Potion"},{"floor":16,"key":"SkillPotion"},{"floor":19,"key":"Explosive Potion"},{"floor":22,"key":"ColorlessPotion"},{"floor":29,"key":"Energy Potion"},{"floor":30,"key":"SteroidPotion"},{"floor":33,"key":"Weak Potion"},{"floor":38,"key":"Block Potion"},{"floor":42,"key":"EssenceOfSteel"},{"floor":45,"key":"ColorlessPotion"}],"is_trial":false,"path_per_floor":["R","M","M","?","?","R","T","M","M","M","R","$","R","?","M","B",null,"R","M","?","M","M","E","T","T","R","?","R","M","E","?","M","B",null,"R","M","?","M","T","M","T","E","$","M","M","E"],"character_chosen":"THE_SNECKO","items_purchased":["sneckomod:DiceRollPotion","Nunchaku","Gremlin Horn","sneckomod:LoadedDie","Oddly Smooth Stone","War Paint"],"campfire_rested":2,"item_purchase_floors":[12,43,43,43,43,43],"current_hp_per_floor":[81,78,78,78,62,62,62,62,57,44,44,44,44,44,44,9,83,83,83,83,48,47,36,36,36,74,41,69,62,47,78,71,56,96,96,97,97,90,90,59,59,37,32,30,18,0,0],"gold":55,"neow_bonus":"ONE_RARE_RELIC","is_daily":false,"chose_seed":false,"campfire_upgraded":5,"win_rate":0.0,"timestamp":1609641120,"path_taken":["R","M","M","?","?","R","T","M","M","M","R","$","R","?","M","BOSS","R","M","?","M","?","E","T","?","R","?","R","M","E","?","M","BOSS","R","M","?","M","?","M","T","E","$","M","M","E"],"items_purchased_type":["Potion","Relic","Relic","Relic","Relic","Relic"],"build_version":"2020-12-22","purchased_purges":2,"victory":false,"max_hp_per_floor":[81,81,81,81,81,81,81,81,82,82,82,82,82,82,82,83,83,83,83,83,83,83,84,84,84,94,94,94,95,95,95,95,96,96,96,97,97,97,97,98,98,99,99,100,100,100,100],"card_choices":[{"not_picked":["sneckomod:UnknownWeak","sneckomod:UnknownStrike"],"picked":"sneckomod:QuickBite","floor":2},{"not_picked":["sneckomod:UnknownClassGUARDIAN","sneckomod:Unknown1Cost"],"picked":"sneckomod:ImprovisedAttack","floor":3},{"not_picked":["sneckomod:DefensiveFlair","sneckomod:Nope"],"picked":"sneckomod:DiceCrush","floor":8},{"not_picked":["sneckomod:IronFang","sneckomod:SnekBeam"],"picked":"sneckomod:UnknownRarePower","floor":9},{"not_picked":["sneckomod:UnknownBlock","sneckomod:UnknownCommonSkill","sneckomod:QuickMove"],"picked":"SKIP","floor":10},{"not_picked":["sneckomod:Unknown2Cost","sneckomod:QuickMove"],"picked":"sneckomod:QuickBite","floor":12},{"not_picked":["sneckomod:UnknownExhaust","sneckomod:Unknown1Cost"],"picked":"sneckomod:TrashToTreasure","floor":15},{"not_picked":["sneckomod:UnknownRarePower","sneckomod:UnlimitedRolls"],"picked":"sneckomod:UnknownColorless","floor":16},{"not_picked":["sneckomod:UnknownWeak","sneckomod:DiceCrush+1"],"picked":"sneckomod:PureSnecko","floor":19},{"not_picked":["sneckomod:UnknownBlock","sneckomod:IronFang","sneckomod:UnknownVulnerable"],"picked":"SKIP","floor":21},{"not_picked":["sneckomod:UnknownX","sneckomod:WideSting","sneckomod:UnknownWeak"],"picked":"SKIP","floor":22},{"not_picked":["sneckomod:CheapStock","sneckomod:IronFang"],"picked":"sneckomod:UnknownClassBLUE+1","floor":23},{"not_picked":[],"picked":"J.A.X.","floor":27},{"not_picked":["sneckomod:RainOfDice","sneckomod:SoulRoll"],"picked":"sneckomod:ImprovisedAttack+1","floor":27},{"not_picked":["sneckomod:SnakeSap+1","sneckomod:Nope+1"],"picked":"sneckomod:UnknownClassGUARDIAN","floor":29},{"not_picked":["sneckomod:SoulRoll","sneckomod:DiceBlock","sneckomod:Unknown1Cost"],"picked":"SKIP","floor":30},{"not_picked":["sneckomod:SoulRoll","sneckomod:DiceBlock","sneckomod:SoulDraw"],"picked":"SKIP","floor":32},{"not_picked":["sneckomod:Cheat","sneckomod:SerpentMind"],"picked":"sneckomod:UnknownRareAttack","floor":33},{"not_picked":["sneckomod:PureSnecko","sneckomod:IronFang"],"picked":"sneckomod:UnknownClassTHE_CHAMP_GRAY+1","floor":36},{"not_picked":["sneckomod:DefensiveFlair+1","sneckomod:DiceCrush"],"picked":"sneckomod:SlitherStrike+1","floor":38},{"not_picked":["sneckomod:UnknownX+1","sneckomod:UnknownStrike+1"],"picked":"sneckomod:UnknownBlock+1","floor":40},{"not_picked":["sneckomod:UnknownUncommonPower","sneckomod:IronFang+1"],"picked":"sneckomod:UnknownUncommonSkill+1","floor":42},{"not_picked":["sneckomod:Nope","sneckomod:UnknownVulnerable+1","sneckomod:DefensiveFlair"],"picked":"SKIP","floor":43},{"not_picked":["sneckomod:UnknownStrike","sneckomod:QuickMove"],"picked":"sneckomod:UnknownRareAttack","floor":44},{"not_picked":["sneckomod:UnknownStrike","sneckomod:SoulRoll","sneckomod:Nope"],"picked":"SKIP","floor":45}],"player_experience":1271964,"relics_obtained":[{"floor":7,"key":"Smiling Mask"},{"floor":23,"key":"sneckomod:ConfusingCodex"},{"floor":25,"key":"The Courier"},{"floor":27,"key":"MutagenicStrength"},{"floor":30,"key":"Pen Nib"},{"floor":39,"key":"Akabeko"},{"floor":41,"key":"Torii"},{"floor":42,"key":"Anchor"},{"floor":42,"key":"Potion Belt"}],"event_choices":[{"damage_healed":0,"gold_gain":0,"player_choice":"Forge","damage_taken":0,"max_hp_gain":0,"max_hp_loss":0,"event_name":"Accursed Blacksmith","floor":20,"gold_loss":0,"cards_upgraded":["sneckomod:QuickBite"]},{"damage_healed":31,"gold_gain":0,"player_choice":"Heal","damage_taken":0,"max_hp_gain":0,"max_hp_loss":0,"event_name":"The Library","floor":31,"gold_loss":0},{"cards_removed":["sneckomod:UnknownClassGUARDIAN"],"damage_healed":0,"gold_gain":0,"player_choice":"Removed Skill","damage_taken":0,"max_hp_gain":0,"max_hp_loss":0,"event_name":"Falling","floor":37,"gold_loss":0}],"is_beta":false,"boss_relics":[{"not_picked":["Busted Crown","Velvet Choker"],"picked":"sneckomod:SneckoTalon"},{"not_picked":["Pandora\u0027s Box","Philosopher\u0027s Stone"],"picked":"Black Star"}],"items_purged_floors":[12,43],"is_endless":false,"potions_floor_spawned":[5,9,16,19,22,29,30,33,38,42,45],"killed_by":"Nemesis","ascension_level":0}}