{"host":"sdl5b0uiznq00owb","time":1609652929,"event":{"mods":["BaseMod","Minty Spire (QoL Compilation)","Permanent Neow","Relic Stats"],"gold_per_floor":[119,134,153,153,165,165,194,209,209,236,34,34,50,66,66,165,165,185,55,55,154,154,154,188,188,188,204,217,167,201,215,215,312,312,327,337,337,353,139,171,171,196,196,196,209,209,225,244,244,244],"floor_reached":51,"playtime":5289,"items_purged":["Strike_B","Strike_B","Injury","Dualcast"],"score":1028,"play_id":"65703332-62e6-47d3-a3b0-2896a43cf9b2","local_time":"20210102234849","is_ascension_mode":true,"campfire_choices":[{"data":"Barrage","floor":6.0,"key":"SMITH"},{"floor":12.0,"key":"REST"},{"data":"Zap","floor":15.0,"key":"SMITH"},{"data":"Defragment","floor":23.0,"key":"SMITH"},{"floor":25.0,"key":"REST"},{"data":"Defragment","floor":32.0,"key":"SMITH"},{"floor":41.0,"key":"REST"},{"floor":44.0,"key":"REST"},{"floor":49,"key":"REST"}],"circlet_count":0,"master_deck":["Defend_B+1","Defend_B+1","Zap+1","Barrage+1","Cold Snap","Auto Shields","Glacier","Ball Lightning","Seek","Sweeping Beam","Defragment+1","FTL","Defragment+1","Coolheaded","Biased Cognition","Amplify+1","Capacitor+1","White Noise+1","Compile Driver+1","Electrodynamics","Hologram","Coolheaded+1","Redo+1","Reinforced Body+1"],"relics":["Cracked Core","War Paint","Nunchaku","Smiling Mask","DataDisk","Cursed Key","Gremlin Horn","HornCleat","Question Card","Astrolabe","Dead Branch","Lantern"],"acts_visited":["Exordium","TheCity","TheBeyond"],"potions_floor_usage":[],"damage_taken":[{"damage":3.0,"enemies":"Small Slimes","floor":1.0,"turns":3.0},{"damage":1.0,"enemies":"Cultist","floor":2.0,"turns":3.0},{"damage":2.0,"enemies":"Jaw Worm","floor":3.0,"turns":3.0},{"damage":5.0,"enemies":"Exordium Wildlife","floor":5.0,"turns":3.0},{"damage":25.0,"enemies":"3 Sentries","floor":7.0,"turns":9.0},{"damage":2.0,"enemies":"2 Fungi Beasts","floor":8.0,"turns":3.0},{"damage":17.0,"enemies":"Gremlin Nob","floor":10.0,"turns":5.0},{"damage":0.0,"enemies":"Gremlin Gang","floor":13.0,"turns":6.0},{"damage":0.0,"enemies":"Large Slime","floor":14.0,"turns":7.0},{"damage":18.0,"enemies":"Hexaghost","floor":16.0,"turns":15.0},{"damage":0.0,"enemies":"Shell Parasite","floor":18.0,"turns":7.0},{"damage":18.0,"enemies":"Slavers","floor":24.0,"turns":7.0},{"damage":0.0,"enemies":"Spheric Guardian","floor":27.0,"turns":4.0},{"damage":1.0,"enemies":"Snecko","floor":28.0,"turns":5.0},{"damage":8.0,"enemies":"Gremlin Leader","floor":30.0,"turns":6.0},{"damage":0.0,"enemies":"Sentry and Sphere","floor":31.0,"turns":4.0},{"damage":1.0,"enemies":"Collector","floor":33.0,"turns":12.0},{"damage":4.0,"enemies":"3 Shapes","floor":35.0,"turns":4.0},{"damage":11.0,"enemies":"3 Darklings","floor":36.0,"turns":4.0},{"damage":29.0,"enemies":"Jaw Worm Horde","floor":38.0,"turns":4.0},{"damage":11.0,"enemies":"Nemesis","floor":40.0,"turns":7.0},{"damage":5.0,"enemies":"Giant Head","floor":42.0,"turns":7.0},{"damage":32,"enemies":"4 Shapes","floor":45,"turns":3},{"damage":0,"enemies":"Transient","floor":47,"turns":5},{"damage":2,"enemies":"Maw","floor":48,"turns":5},{"damage":16,"enemies":"Donu and Deca","floor":50,"turns":6}],"seed_played":"440116682353350162","potions_obtained":[{"floor":5.0,"key":"Energy Potion"},{"floor":7.0,"key":"LiquidBronze"},{"floor":13.0,"key":"SteroidPotion"},{"floor":16.0,"key":"Ancient Potion"},{"floor":40.0,"key":"FairyPotion"}],"is_trial":false,"path_per_floor":["M","M","M","?","M","R","E","M","T","E","$","R","M","M","R","B",null,"M","$","?","?","?","R","E","R","T","M","M","$","E","M","R","B",null,"M","M","?","M","$","E","R","E","T","R","M","$","M","M","R","B",null],"character_chosen":"DEFECT","items_purchased":["DataDisk","Defragment","Electrodynamics"],"campfire_rested":5,"item_purchase_floors":[11,19,39],"current_hp_per_floor":[65,64,62,62,57,57,32,30,30,13,13,35,35,35,35,17,61,61,61,47,47,47,47,29,53,53,53,52,52,44,44,44,43,71,67,56,56,27,27,16,40,35,35,59,27,27,27,25,49,33],"gold":244,"neow_bonus":"TRANSFORM_CARD","is_daily":false,"chose_seed":false,"campfire_upgraded":4,"win_rate":0.0,"timestamp":1609652929,"path_taken":["M","M","M","?","M","R","E","?","T","E","$","R","M","M","R","BOSS","M","$","?","?","?","R","E","R","T","M","M","$","E","M","R","BOSS","M","M","?","M","$","E","R","E","T","R","M","$","?","M","R","BOSS"],"items_purchased_type":["Relic","Card","Card"],"build_version":"2020-12-22","purchased_purges":4,"victory":true,"max_hp_per_floor":[75,75,75,75,75,75,75,75,75,75,75,75,75,75,75,75,75,75,75,80,80,80,80,80,80,80,80,80,80,80,80,80,80,80,80,80,80,80,80,80,80,80,80,80,80,80,80,80,80,80],"relic_stats":{"Nunchaku":[19],"Gremlin Horn":[17,17],"counters":[26,146],"Astrolabe":["Amplify","Capacitor","White Noise"],"Dead Branch":[14],"War Paint":["Defend_B","Defend_B"],"Smiling Mask":250,"Cursed Key":1,"Question Card":10,"obtain_stats":[{"Nunchaku":9,"DataDisk":11,"Lantern":42,"HornCleat":26,"Gremlin Horn":24,"Astrolabe":34,"Dead Branch":40,"War Paint":7,"Cracked Core":0,"Smiling Mask":10,"Cursed Key":17,"Question Card":30},{"Nunchaku":6,"DataDisk":7,"Lantern":22,"HornCleat":12,"Gremlin Horn":12,"Astrolabe":17,"Dead Branch":21,"War Paint":5,"Cracked Core":0,"Smiling Mask":7,"Cursed Key":10,"Question Card":15},{"Nunchaku":24,"DataDisk":29,"Lantern":127,"HornCleat":71,"Gremlin Horn":71,"Astrolabe":102,"Dead Branch":120,"War Paint":21,"Cracked Core":0,"Smiling Mask":29,"Cursed Key":57,"Question Card":86}]},"card_choices":[{"not_picked":["Hologram","Auto Shields"],"picked":"Barrage","floor":1.0},{"not_picked":["Barrage","Storm","Redo"],"picked":"SKIP","floor":2.0},{"not_picked":["Redo","Aggregate"],"picked":"Cold Snap","floor":3.0},{"not_picked":["Gash","Fission","Double Energy"],"picked":"SKIP","floor":5.0},{"not_picked":["Meteor Strike","Auto Shields","Undo"],"picked":"SKIP","floor":7.0},{"not_picked":["Beam Cell","Barrage","Stack"],"picked":"SKIP","floor":8.0},{"not_picked":["Redo","Steam"],"picked":"Glacier","floor":10.0},{"not_picked":["Undo","Redo","Conserve Battery"],"picked":"SKIP","floor":13.0},{"not_picked":["Self Repair","Sweeping Beam"],"picked":"Ball Lightning","floor":14.0},{"not_picked":["Buffer","All For One"],"picked":"Seek","floor":16.0},{"not_picked":["Gash+1","Self Repair+1"],"picked":"Sweeping Beam","floor":18.0},{"not_picked":["Sweeping Beam","Glacier"],"picked":"FTL","floor":24.0},{"not_picked":["Beam Cell","Hologram","Steam"],"picked":"SKIP","floor":27.0},{"not_picked":["FTL","BootSequence","Glacier"],"picked":"SKIP","floor":28.0},{"not_picked":["Ball Lightning","Darkness"],"picked":"Defragment","floor":30.0},{"not_picked":["Beam Cell+1","Stack","Leap+1"],"picked":"Coolheaded","floor":31.0},{"not_picked":["Fission","Reboot","Thunder Strike"],"picked":"Biased Cognition","floor":33.0},{"not_picked":["Steam","Melter+1","Go for the Eyes","Tempest+1"],"picked":"SKIP","floor":35.0},{"not_picked":["Go for the Eyes+1","Conserve Battery","Tempest","Ball Lightning+1"],"picked":"SKIP","floor":36.0},{"not_picked":["Rebound+1","Barrage","Cold Snap+1"],"picked":"Compile Driver+1","floor":38.0},{"not_picked":["Gash+1","Steam","BootSequence+1"],"picked":"Hologram","floor":40.0},{"not_picked":["Capacitor+1","Rebound+1","Gash"],"picked":"Coolheaded+1","floor":42.0},{"not_picked":["Turbo","Hologram+1","Hyperbeam","Streamline"],"picked":"SKIP","floor":45},{"not_picked":["Reinforced Body","Static Discharge+1","Rip and Tear"],"picked":"Redo+1","floor":47},{"not_picked":["Beam Cell","Genetic Algorithm+1","Go for the Eyes+1"],"picked":"Reinforced Body+1","floor":48}],"player_experience":734102,"relics_obtained":[{"floor":7.0,"key":"War Paint"},{"floor":9.0,"key":"Nunchaku"},{"floor":10.0,"key":"Smiling Mask"},{"floor":24.0,"key":"Gremlin Horn"},{"floor":26.0,"key":"HornCleat"},{"floor":30.0,"key":"Question Card"},{"floor":40.0,"key":"Dead Branch"},{"floor":42.0,"key":"Lantern"}],"event_choices":[{"damage_healed":0.0,"max_hp_gain":0.0,"max_hp_loss":0.0,"gold_gain":0.0,"cards_transformed":["Hello World"],"event_name":"Transmorgrifier","player_choice":"Transformed","floor":4.0,"gold_loss":0.0,"damage_taken":0.0,"cards_obtained":["Auto Shields"]},{"damage_healed":0.0,"max_hp_gain":5.0,"max_hp_loss":0.0,"gold_gain":0.0,"event_name":"Forgotten Altar","player_choice":"Shed Blood","floor":20.0,"gold_loss":0.0,"damage_taken":19.0},{"damage_healed":0.0,"max_hp_gain":0.0,"max_hp_loss":0.0,"gold_gain":99.0,"event_name":"Nest","player_choice":"Stole From Cult","floor":21.0,"gold_loss":0.0,"damage_taken":0.0},{"damage_healed":0.0,"max_hp_gain":0.0,"max_hp_loss":0.0,"gold_gain":0.0,"event_name":"Ghosts","player_choice":"Ignored","floor":22.0,"gold_loss":0.0,"damage_taken":0.0},{"damage_healed":0.0,"max_hp_gain":0.0,"max_hp_loss":0.0,"gold_gain":0.0,"event_name":"SecretPortal","player_choice":"Ignored","floor":37.0,"gold_loss":0.0,"damage_taken":0.0}],"is_beta":false,"boss_relics":[{"not_picked":["Ectoplasm","Empty Cage"],"picked":"Cursed Key"},{"not_picked":["Fusion Hammer","Pandora\u0027s Box"],"picked":"Astrolabe"}],"items_purged_floors":[11,19,29,39],"is_endless":false,"potions_floor_spawned":[5,7,13,14,16,24,28,30,36,38,40,48],"ascension_level":9}}