{"host":"uxx7prhn9zlu6i2v","time":1609632061,"event":{"mods":["2.2 Compatiblity","AchievementEnabler","Act Like it!","Bard","BaseMod","Better Altar","Better Match","Better Note","Better Sensory Stone","Better Skull","Better Third Choice","CapriCore","ChefMod","Colored Powertips","Conspire","Faster Ascension Climbing","Gensokyo","GifTheSpireLib","Hermit","Hubris","KomeijiMod","Lobotomy","LobotomyExtend","Marisa????????","Minty Spire (QoL Compilation)","Permanent Neow","Quick Restart","RNG Fix","Rare Cards Sparkle","Reimu??????","Relic Filter","Relic Sorter","Relic Stats","Replay The Spire","Reworked Bosses","Spicy Shops","StSLib","Stuff the Spire","The Administrix","The Blue Laboratory","The Bug Knight","The Immortal","Yakumo Yukari mod","??????REMEMod"],"gold_per_floor":[116,127,127,52,63,63,63,93,93,93,93,111,111,111,111,182,182,202,218,143,143,143,143,3,3,3,3,3],"floor_reached":27,"playtime":1369,"items_purged":["Strike_MRS"],"score":387,"play_id":"28998d31-e108-49a4-9d5c-37064e258a18","local_time":"20210102180101","is_ascension_mode":true,"campfire_choices":[{"data":"MasterSpark","floor":6.0,"key":"SMITH"},{"data":"NonDirectionalLaser","floor":15,"key":"SMITH"},{"data":"BinaryStars","floor":23,"key":"SMITH"}],"circlet_count":0,"master_deck":["AscendersBane","Strike_MRS","Strike_MRS","Strike_MRS","Defend_MRS","Defend_MRS","Defend_MRS","Defend_MRS","MasterSpark+1","UpSweep+1","NonDirectionalLaser+1","HereticApostle","Gensokyo:MorningStar","AsteroidBelt","Gensokyo:MarisaTwilightSpark+1","RedShoes","DeepEcoloBomb+1","MeatLantern","BinaryStars+1","ReplayUltimateDefense+1","Acceleration","Gensokyo:ScrapIron","Gensokyo:TarnishedGold","Gensokyo:Taser"],"relics":["MiniHakkero","REME_ComplimentaryCards","CogitoBucket","RabbitCall","LetterFromLob","Gensokyo:MarisaImprobabilityPotion","StuffTheSpire:EmeraldSignet","Gensokyo:PortableGap","ReplayTheSpireMod:DimensionalGlitch","ChangeAnything","REME_HandOfSuture","Frozen Eye"],"acts_visited":["Gensokyo:Gensokyo","Gensokyo:Gensokyoer"],"potions_floor_usage":[27,27],"damage_taken":[{"damage":3.0,"enemies":"Gensokyo:2_Kodama","floor":1.0,"turns":3.0},{"damage":2.0,"enemies":"Gensokyo:Python","floor":2.0,"turns":3.0},{"damage":2.0,"enemies":"Gensokyo:3_Fairies","floor":5.0,"turns":3.0},{"damage":34.0,"enemies":"Gensokyo:Aya","floor":8.0,"turns":6.0},{"damage":2,"enemies":"Gensokyo:Gryphon_and_Rabbit","floor":12,"turns":4},{"damage":4,"enemies":"Gensokyo:Reimu","floor":16,"turns":7},{"damage":0,"enemies":"Gensokyo:CosmicMonolith","floor":18,"turns":4},{"damage":26,"enemies":"Gensokyo:2_Gloops","floor":19,"turns":5},{"damage":49,"enemies":"Gensokyo:Koishi","floor":27,"turns":4}],"seed_played":"4803877563020399185","potions_obtained":[{"floor":2.0,"key":"Reflective Coating"},{"floor":16,"key":"blueLaboratory:BottleOfRum"},{"floor":18,"key":"blueLaboratory:FruitPunch"}],"is_trial":false,"path_per_floor":["M","M","?","$","M","R","?","E","T","?","R","M","?","?","R","B",null,"M","M","?","?","?","R","COS","$","T","E"],"character_chosen":"MARISA","items_purchased":[],"campfire_rested":0,"item_purchase_floors":[],"current_hp_per_floor":[60,58,58,58,56,56,56,22,22,22,22,20,20,20,20,16,16,27,20,20,20,24,24,24,24,24,0,0],"gold":3,"neow_bonus":"","is_daily":false,"chose_seed":false,"campfire_upgraded":3,"win_rate":0.0,"timestamp":1609632061,"path_taken":["M","M","?","?","M","R","?","E","T","?","R","M","?","?","R","BOSS","M","?","?","?","?","R","COS","?","T","E"],"items_purchased_type":[],"build_version":"2020-12-22","purchased_purges":1,"victory":false,"max_hp_per_floor":[70,70,70,70,70,70,70,70,70,70,70,70,70,63,63,63,63,63,63,63,63,63,60,60,60,60,62,62],"relic_stats":{"counters":[10,40],"obtain_stats":[{"RabbitCall":0,"Gensokyo:MarisaIngredientList":3,"StuffTheSpire:EmeraldSignet":8,"Gensokyo:PortableGap":14,"Frozen Eye":27,"CogitoBucket":0,"REME_HandOfSuture":26,"LetterFromLob":1,"MiniHakkero":0,"ChangeAnything":18,"ReplayTheSpireMod:DimensionalGlitch":17,"Gensokyo:MarisaImprobabilityPotion":11,"REME_ComplimentaryCards":0},{"RabbitCall":0,"Gensokyo:MarisaIngredientList":2,"StuffTheSpire:EmeraldSignet":4,"Gensokyo:PortableGap":5,"Frozen Eye":9,"CogitoBucket":0,"REME_HandOfSuture":9,"LetterFromLob":1,"MiniHakkero":0,"ChangeAnything":8,"ReplayTheSpireMod:DimensionalGlitch":6,"Gensokyo:MarisaImprobabilityPotion":4,"REME_ComplimentaryCards":0},{"RabbitCall":0,"Gensokyo:MarisaIngredientList":6,"StuffTheSpire:EmeraldSignet":15,"Gensokyo:PortableGap":19,"Frozen Eye":36,"CogitoBucket":0,"REME_HandOfSuture":36,"LetterFromLob":3,"MiniHakkero":0,"ChangeAnything":31,"ReplayTheSpireMod:DimensionalGlitch":26,"Gensokyo:MarisaImprobabilityPotion":15,"REME_ComplimentaryCards":0}]},"card_choices":[{"not_picked":["Scorched","OldLady","FairyFestival"],"picked":"Singing Bowl","floor":1.0},{"not_picked":["MysteriousBeam","IllusionStar"],"picked":"NonDirectionalLaser","floor":1.0},{"not_picked":["Mercenary","WallGazer","PunishingBird"],"picked":"Singing Bowl","floor":2.0},{"not_picked":["Scorched","WallGazer"],"picked":"Bloodbath","floor":2.0},{"not_picked":["GalacticHalo","6A"],"picked":"Orbital","floor":2.0},{"not_picked":["OSAHOGD","MHz","UniverseFragment"],"picked":"Singing Bowl","floor":5.0},{"not_picked":["RefractionSpark","UnstableBomb","DeepEcoloBomb"],"picked":"SKIP","floor":5.0},{"not_picked":["OSAHOGD","Funeral","NakedNest"],"picked":"Singing Bowl","floor":8.0},{"not_picked":["CasketOfStar","IllusionStar"],"picked":"AsteroidBelt","floor":8.0},{"not_picked":["Wellcheers","DespairKnight","Scorched"],"picked":"Singing Bowl","floor":12},{"not_picked":["PropBag","MysteriousBeam","WitchOfGreed"],"picked":"SKIP","floor":12},{"not_picked":["QueenBee","ShyLook"],"picked":"WhiteNight","floor":16},{"not_picked":["MHz","CrumblingArmor"],"picked":"RedShoes","floor":18},{"not_picked":["GalacticHalo","PowerUp"],"picked":"DeepEcoloBomb+1","floor":18},{"not_picked":["Laetitia","CherryBlossoms"],"picked":"MeatLantern","floor":19},{"not_picked":["SporeBomb","AsteroidBelt"],"picked":"BinaryStars","floor":19},{"not_picked":["HandOfGreed+1","ReplayTheSpireMod:Necrogeddon+1"],"picked":"ReplayUltimateDefense+1","floor":20}],"player_experience":1828467,"relics_obtained":[{"floor":1.0,"key":"LetterFromLob"},{"floor":8.0,"key":"StuffTheSpire:EmeraldSignet"},{"floor":26,"key":"REME_HandOfSuture"}],"event_choices":[{"damage_healed":0,"gold_gain":0,"player_choice":"2","damage_taken":0,"max_hp_gain":0,"max_hp_loss":0,"event_name":"betterMatch:BetterMatch","floor":20,"gold_loss":0,"cards_obtained":["betterMatch:ColorlessRareCard"]}],"is_beta":false,"boss_relics":[{"not_picked":["hubris:HollowSoul","REME_LowDesire"],"picked":"ReplayTheSpireMod:DimensionalGlitch"}],"items_purged_floors":[4],"is_endless":false,"potions_floor_spawned":[2,16,18],"killed_by":"Gensokyo:Koishi","ascension_level":14}}