{"host":"73u9ojxmo0iakdto","time":1609635234,"event":{"mods":["BaseMod","Better Third Choice","Downfall","Minty Spire (QoL Compilation)","Permanent Neow","Replay The Spire","StSLib"],"gold_per_floor":[99,117,145,420,446,469,550,550,244,267,267,55,95,104,130,244,244,244,284,316,255,281,326,349,379,506,321,330,330,330,330],"floor_reached":29,"playtime":4404,"items_purged":["Regret","hexamod:Defend","hexamod:Defend","hexamod:Sear"],"score":275,"play_id":"16380edd-52a8-40e7-9e80-edd7149e1e29","local_time":"20210102185354","is_ascension_mode":false,"campfire_choices":[{"data":"hexamod:Float","floor":1.0,"key":"SMITH"},{"data":"hexamod:BurningTouch","floor":8.0,"key":"SMITH"},{"data":"hexamod:EmpoweringStance","floor":11.0,"key":"SMITH"},{"data":"Mayhem","floor":18.0,"key":"SMITH"}],"circlet_count":0,"master_deck":["hexamod:Defend+1","hexamod:Float+1","Mayhem+1","hexamod:SecondSeal","hexamod:FirstSeal","hexamod:BurningTouch+1","hexamod:EmpoweringStance+1","hexamod:FourthSeal","hexamod:TimeOfNeed+1","hexamod:ExtraCrispy+1","Pummel+1","hexamod:FifthSeal","hexamod:ThirdSeal","hexamod:TimeOfNeed","hexamod:RecurringNightmare+1","hexamod:ThirdSeal","hexamod:SixthSeal","Bite","Bite","Bite+1","Bite","hexamod:SixthSeal","hexamod:WildfireWeapon","hexamod:VolcanoVisage","expansioncontent:GoopSpray","hexamod:FirstSeal","hexamod:SecondSeal","hexamod:Rewind"],"relics":["hexamod:SpiritBrand","Sundial","Membership Card","Bag of Preparation","CeramicFish","Coffee Dripper","hexamod:MatchstickCase","MutagenicStrength","Mercury Hourglass"],"acts_visited":["Exordium","TheCity"],"potions_floor_usage":[29],"damage_taken":[{"damage":0.0,"enemies":"2 Louse","floor":2.0,"turns":3.0},{"damage":0.0,"enemies":"Cultist","floor":3.0,"turns":5.0},{"damage":8.0,"enemies":"Jaw Worm","floor":5.0,"turns":4.0},{"damage":12.0,"enemies":"2 Fungi Beasts","floor":6.0,"turns":4.0},{"damage":2.0,"enemies":"downfall:FleeingMerchant","floor":9.0,"turns":4.0},{"damage":0.0,"enemies":"Exordium Wildlife","floor":10.0,"turns":4.0},{"damage":0.0,"enemies":"downfall:FleeingMerchant","floor":12.0,"turns":4.0},{"damage":2.0,"enemies":"Lagavulin","floor":13.0,"turns":5.0},{"damage":8.0,"enemies":"Exordium Thugs","floor":15.0,"turns":3.0},{"damage":26.0,"enemies":"downfall:Ironclad","floor":16.0,"turns":6.0},{"damage":15.0,"enemies":"3 Byrds","floor":19.0,"turns":6.0},{"damage":20.0,"enemies":"Chosen","floor":20.0,"turns":5.0},{"damage":0.0,"enemies":"downfall:FleeingMerchant","floor":21.0,"turns":4.0},{"damage":18.0,"enemies":"3 Cultists","floor":22.0,"turns":5.0},{"damage":25.0,"enemies":"Shelled Parasite and Fungi","floor":25.0,"turns":5.0},{"damage":38.0,"enemies":"downfall:Augmenter","floor":26.0,"turns":7.0},{"damage":11.0,"enemies":"downfall:FleeingMerchant","floor":27.0,"turns":4.0},{"damage":22,"enemies":"Snake Plant","floor":29,"turns":3}],"seed_played":"4730856577175892064","potions_obtained":[{"floor":5.0,"key":"FairyPotion"},{"floor":6.0,"key":"DistilledChaos"},{"floor":10.0,"key":"champ:CounterPotion"},{"floor":10.0,"key":"ColorlessPotion"},{"floor":12.0,"key":"AttackPotion"},{"floor":13.0,"key":"champ:CounterPotion"},{"floor":15.0,"key":"SmokeBomb"},{"floor":15.0,"key":"PowerPotion"},{"floor":16.0,"key":"LiquidBronze"},{"floor":19.0,"key":"Guardian:BlockOnCardUsePotion"},{"floor":20.0,"key":"Fire Potion"},{"floor":20.0,"key":"champ:CounterPotion"},{"floor":21.0,"key":"hexamod:InfernoChargePotion"},{"floor":22.0,"key":"DistilledChaos"},{"floor":25.0,"key":"SpeedPotion"},{"floor":27.0,"key":"Dexterity Potion"}],"is_trial":false,"path_per_floor":["R","M","M","?","M","M","T","R","$","M","R","$","E","?","M","B",null,"R","M","M","$","M","?","T","M","?","$","?","M"],"character_chosen":"THE_SPIRIT","items_purchased":["hexamod:FourthSeal","hexamod:TimeOfNeed","Membership Card","Mercury Hourglass"],"campfire_rested":0,"item_purchase_floors":[9,9,12,27],"current_hp_per_floor":[63,63,63,63,62,57,57,57,62,63,63,63,63,51,50,24,63,63,55,42,49,38,38,38,32,22,15,15,0,0,0],"gold":330,"neow_bonus":"RANDOM_COLORLESS_2","is_daily":false,"chose_seed":false,"campfire_upgraded":4,"win_rate":0.0,"timestamp":1609635234,"path_taken":["R","M","M","?","M","?","T","R","$","M","R","?","E","?","M","BOSS","R","M","M","$","M","?","T","M","?","$","?","M"],"items_purchased_type":["Card","Card","Relic","Relic"],"build_version":"2020-12-22","purchased_purges":4,"victory":false,"max_hp_per_floor":[63,63,63,63,63,63,63,63,63,63,63,63,63,63,63,63,63,63,63,63,63,63,44,44,44,44,44,44,44,44,44],"card_choices":[{"not_picked":["Metamorphosis","Panache"],"picked":"Mayhem","floor":0.0},{"not_picked":["hexamod:RainOfEmbers","hexamod:CatchUp"],"picked":"hexamod:SecondSeal","floor":2.0},{"not_picked":["hexamod:SpectersWail","hexamod:CatchUp"],"picked":"hexamod:FirstSeal","floor":3.0},{"not_picked":["hexamod:BacktrackSmack","hexamod:FlamesFromBeyond","hexamod:FastForward"],"picked":"SKIP","floor":5.0},{"not_picked":["hexamod:GhostLash","hexamod:ShieldOfDarkness"],"picked":"hexamod:BurningTouch","floor":6.0},{"not_picked":["hexamod:SwordOfDarkness","hexamod:NightmareGuise"],"picked":"hexamod:EmpoweringStance","floor":9.0},{"not_picked":["hexamod:BacktrackSmack","hexamod:StepThrough"],"picked":"hexamod:ExtraCrispy","floor":10.0},{"not_picked":["hexamod:GhostShield","hexamod:SpectralAdrenaline","hexamod:HeatMetal"],"picked":"SKIP","floor":12.0},{"not_picked":["hexamod:AdvancingGuard","hexamod:SwordOfDarkness","hexamod:BurningTouch"],"picked":"SKIP","floor":13.0},{"not_picked":["hexamod:NightmareGuise","hexamod:NightmareStrike","hexamod:AdvancingGuard"],"picked":"SKIP","floor":15.0},{"not_picked":["hexamod:UnleashSpirits","hexamod:TimeOfNeed"],"picked":"hexamod:FifthSeal","floor":16.0},{"not_picked":["hexamod:FirstSeal","hexamod:SecondSeal"],"picked":"hexamod:ThirdSeal","floor":19.0},{"not_picked":["hexamod:SwordOfDarkness","hexamod:BacktrackSmack"],"picked":"hexamod:TimeOfNeed","floor":19.0},{"not_picked":["hexamod:ThermalTransfer","hexamod:RainOfEmbers"],"picked":"hexamod:RecurringNightmare+1","floor":20.0},{"not_picked":["hexamod:ExtraCrispy","hexamod:AdvancingGuard","hexamod:GhostShield"],"picked":"SKIP","floor":20.0},{"not_picked":["hexamod:SecondSeal","hexamod:FirstSeal"],"picked":"hexamod:ThirdSeal","floor":21.0},{"not_picked":["hexamod:RainOfEmbers","hexamod:BacktrackSmack+1","hexamod:NightmareGuise"],"picked":"SKIP","floor":21.0},{"not_picked":["hexamod:Hexaguard","hexamod:AdvancingGuard","hexamod:ParanormalForm"],"picked":"SKIP","floor":21.0},{"not_picked":["hexamod:ThirdSeal","hexamod:FourthSeal"],"picked":"hexamod:SixthSeal","floor":22.0},{"not_picked":["hexamod:BacktrackSmack","hexamod:NightmareStrike","hexamod:SpectersWail"],"picked":"SKIP","floor":22.0},{"not_picked":["hexamod:DynamicBlow","hexamod:PhantomFireball","hexamod:ExtraCrispy"],"picked":"SKIP","floor":22.0},{"not_picked":["hexamod:ThirdSeal","hexamod:CatchUp","hexamod:NightmareStrike+1"],"picked":"SKIP","floor":22.0},{"not_picked":["hexamod:NightmareGuise","hexamod:SwordOfDarkness"],"picked":"hexamod:SixthSeal","floor":25.0},{"not_picked":["hexamod:GhostLash","hexamod:PhantomCloak","hexamod:BacktrackSmack"],"picked":"SKIP","floor":25.0},{"not_picked":["hexamod:Hexaguard+1","hexamod:Firestarter","hexamod:FastForward"],"picked":"SKIP","floor":25.0},{"not_picked":["hexamod:HeatShield","hexamod:AdvancingGuard"],"picked":"hexamod:VolcanoVisage","floor":26.0},{"not_picked":["hexamod:SecondSeal","hexamod:FourthSeal"],"picked":"hexamod:FirstSeal","floor":27.0},{"not_picked":["hexamod:SpectersWail","hexamod:HauntingEcho"],"picked":"hexamod:SecondSeal","floor":27.0},{"not_picked":["hexamod:DynamicBlow+1","hexamod:GhostLash","hexamod:NightmareStrike"],"picked":"SKIP","floor":27.0}],"player_experience":211855,"relics_obtained":[{"floor":7.0,"key":"Sundial"},{"floor":13.0,"key":"Bag of Preparation"},{"floor":24.0,"key":"hexamod:MatchstickCase"},{"floor":26.0,"key":"MutagenicStrength"}],"event_choices":[{"damage_healed":0.0,"max_hp_gain":0.0,"max_hp_loss":19.0,"gold_gain":0.0,"event_name":"Vampires","player_choice":"Became a vampire","floor":23.0,"gold_loss":0.0,"damage_taken":0.0,"cards_obtained":["Bite","Bite","Bite","Bite","Bite"]},{"damage_healed":0.0,"max_hp_gain":0.0,"max_hp_loss":0.0,"gold_gain":0.0,"event_name":"The Library","player_choice":"Read","floor":28.0,"gold_loss":0.0,"damage_taken":0.0,"cards_obtained":["hexamod:Rewind"]}],"is_beta":false,"boss_relics":[{"not_picked":["Cursed Key","Philosopher\u0027s Stone"],"picked":"Coffee Dripper"}],"items_purged_floors":[9,12,21,27],"is_endless":false,"potions_floor_spawned":[5,6,10,15,20],"killed_by":"Snake Plant","ascension_level":0}}