{"host":"873t0y8ybyo38pfq","time":1609694167,"event":{"mods":["BaseMod","Bestiary","Colored Map","Colored Powertips","Highlight Path","Minty Spire (QoL Compilation)","Quick Restart","RNG Fix","Rare Cards Sparkle","Relic Stats","StSLib"],"gold_per_floor":[109,109,121,46,46,46,79,99,125,143,158,1,16,16,16,109,109,122,122,139,151,165,165,215,227,298,331,331,331,331,10,10,87,87,107,107,117,128,146,172,66,66,66,66,66,66],"floor_reached":45,"playtime":1334,"items_purged":["Regret","Parasite"],"score":980,"play_id":"0ef4e5fd-51e7-47ce-bc35-f6807b3f0bdb","local_time":"20210103121607","is_ascension_mode":true,"campfire_choices":[{"data":"Zap","floor":6,"key":"SMITH"},{"data":"Doom and Gloom","floor":15,"key":"SMITH"},{"floor":23,"key":"REST"},{"floor":28,"key":"REST"},{"floor":30,"key":"RECALL"},{"floor":32,"key":"REST"},{"floor":44,"key":"REST"}],"circlet_count":0,"master_deck":["AscendersBane","Strike_B","Strike_B","Strike_B","Defend_B","Defend_B","Defend_B","Zap+1","Dualcast+1","Conserve Battery","Self Repair","Doom and Gloom+1","FTL","Leap+1","Chill","Core Surge","Creative AI","Storm+1","Reinforced Body","Glacier","Loop","Creative AI","White Noise","Capacitor","Loop+1","Leap+1","Pain"],"relics":["Cracked Core","NeowsBlessing","Pen Nib","Bloody Idol","Shuriken","Bag of Preparation","War Paint","MealTicket","Fusion Hammer","Smiling Mask","Bird Faced Urn","Cursed Key","Toxic Egg 2","Omamori"],"acts_visited":["Exordium","TheCity","TheBeyond"],"potions_floor_usage":[16,20,22,27,27,37,37,39,45,45],"damage_taken":[{"damage":0,"enemies":"Small Slimes","floor":1,"turns":1},{"damage":0,"enemies":"2 Louse","floor":3,"turns":1},{"damage":0,"enemies":"3 Sentries","floor":7,"turns":1},{"damage":6,"enemies":"Cultist","floor":8,"turns":3},{"damage":13,"enemies":"Exordium Thugs","floor":10,"turns":4},{"damage":16,"enemies":"Large Slime","floor":11,"turns":4},{"damage":3,"enemies":"Blue Slaver","floor":13,"turns":5},{"damage":35,"enemies":"Hexaghost","floor":16,"turns":9},{"damage":23,"enemies":"Chosen","floor":18,"turns":5},{"damage":6,"enemies":"3 Byrds","floor":20,"turns":4},{"damage":9,"enemies":"Snecko","floor":21,"turns":5},{"damage":8,"enemies":"3 Cultists","floor":22,"turns":3},{"damage":14,"enemies":"Centurion and Healer","floor":25,"turns":7},{"damage":33,"enemies":"Gremlin Leader","floor":27,"turns":5},{"damage":8,"enemies":"Automaton","floor":33,"turns":11},{"damage":31,"enemies":"3 Darklings","floor":35,"turns":7},{"damage":0,"enemies":"Orb Walker","floor":37,"turns":3},{"damage":31,"enemies":"Writhing Mass","floor":38,"turns":5},{"damage":12,"enemies":"Jaw Worm Horde","floor":39,"turns":3},{"damage":66,"enemies":"Reptomancer","floor":40,"turns":7},{"damage":96,"enemies":"Giant Head","floor":45,"turns":8}],"seed_played":"-8721959231601913580","potions_obtained":[{"floor":1,"key":"Fire Potion"},{"floor":8,"key":"SkillPotion"},{"floor":11,"key":"EssenceOfSteel"},{"floor":16,"key":"Dexterity Potion"},{"floor":20,"key":"SpeedPotion"},{"floor":25,"key":"Fire Potion"},{"floor":27,"key":"Dexterity Potion"},{"floor":33,"key":"Fire Potion"},{"floor":35,"key":"AttackPotion"},{"floor":38,"key":"SteroidPotion"},{"floor":40,"key":"SpeedPotion"}],"is_trial":false,"path_per_floor":["M","?","M","$","?","R","E","M","T","M","M","$","M","?","R","B",null,"M","?","M","M","M","R","?","M","T","E","R","?","R","$","R","B",null,"M","?","M","M","M","E","$","T","T","R","E"],"character_chosen":"DEFECT","items_purchased":["War Paint","Bird Faced Urn","Energy Potion"],"campfire_rested":4,"item_purchase_floors":[12,31,41],"current_hp_per_floor":[64,64,64,64,64,64,64,64,64,58,49,49,53,53,53,25,54,38,38,44,47,51,64,64,62,64,43,62,62,62,64,64,64,64,61,61,64,61,64,30,45,45,45,61,0,0],"gold":66,"neow_bonus":"THREE_ENEMY_KILL","is_daily":false,"chose_seed":false,"campfire_upgraded":2,"win_rate":0.0,"timestamp":1609694167,"path_taken":["M","?","M","$","?","R","E","?","T","M","M","$","M","?","R","BOSS","M","?","M","M","M","R","?","?","T","E","R","?","R","$","R","BOSS","M","?","M","M","M","E","$","?","T","R","E"],"items_purchased_type":["Relic","Relic","Potion"],"build_version":"2020-12-22","purchased_purges":2,"victory":false,"max_hp_per_floor":[71,71,71,71,64,64,64,64,64,64,64,64,64,64,64,64,64,64,64,64,64,64,64,64,64,64,64,64,64,64,64,64,64,64,64,64,64,64,64,64,61,61,61,61,61,61],"relic_stats":{"counters":[21,101],"Shuriken":[7],"Bloody Idol":42,"Bird Faced Urn":[93],"MealTicket":17,"Pen Nib":[10],"Bag of Preparation":[34],"War Paint":["Dualcast","Leap"],"Smiling Mask":50,"Cursed Key":1,"obtain_stats":[{"NeowsBlessing":0,"Golden Idol":5,"Pen Nib":2,"Bag of Preparation":9,"Omamori":43,"War Paint":12,"Smiling Mask":27,"Cursed Key":34,"Shuriken":7,"Bloody Idol":19,"Bird Faced Urn":31,"MealTicket":14,"Fusion Hammer":17,"Toxic Egg 2":40,"Cracked Core":0},{"NeowsBlessing":0,"Golden Idol":2,"Pen Nib":1,"Bag of Preparation":4,"Omamori":20,"War Paint":6,"Smiling Mask":14,"Cursed Key":15,"Shuriken":3,"Bloody Idol":9,"Bird Faced Urn":14,"MealTicket":7,"Fusion Hammer":8,"Toxic Egg 2":20,"Cracked Core":0},{"NeowsBlessing":0,"Golden Idol":2,"Pen Nib":1,"Bag of Preparation":6,"Omamori":93,"War Paint":14,"Smiling Mask":57,"Cursed Key":68,"Shuriken":3,"Bloody Idol":33,"Bird Faced Urn":57,"MealTicket":19,"Fusion Hammer":28,"Toxic Egg 2":93,"Cracked Core":0}]},"card_choices":[{"not_picked":["Hologram","Consume"],"picked":"Conserve Battery","floor":1},{"not_picked":["Gash","Redo"],"picked":"Self Repair","floor":3},{"not_picked":["Storm","Barrage"],"picked":"Doom and Gloom","floor":7},{"not_picked":["Rebound","Sunder","FTL"],"picked":"SKIP","floor":8},{"not_picked":["Rebound","Sunder"],"picked":"FTL","floor":8},{"not_picked":["Loop","Ball Lightning"],"picked":"Leap","floor":10},{"not_picked":["Sweeping Beam","Go for the Eyes"],"picked":"Chill","floor":11},{"not_picked":["Cold Snap","Go for the Eyes"],"picked":"Core Surge","floor":13},{"not_picked":["Amplify","Hyperbeam"],"picked":"Creative AI","floor":16},{"not_picked":["Go for the Eyes","Compile Driver+1"],"picked":"Storm+1","floor":18},{"not_picked":["Redo","Chill"],"picked":"Reinforced Body","floor":20},{"not_picked":["Redo","Go for the Eyes","Steam"],"picked":"SKIP","floor":21},{"not_picked":["Heatsinks","Sweeping Beam"],"picked":"Glacier","floor":22},{"not_picked":["Rebound","Cold Snap"],"picked":"Loop","floor":25},{"not_picked":["Beam Cell","Loop","Thunder Strike"],"picked":"SKIP","floor":27},{"not_picked":["Multi-Cast","Biased Cognition"],"picked":"Creative AI","floor":33},{"not_picked":["Sweeping Beam+1","Go for the Eyes","Stack"],"picked":"SKIP","floor":35},{"not_picked":["Ball Lightning+1","Rip and Tear+1"],"picked":"White Noise","floor":37},{"not_picked":["Redo","Steam"],"picked":"Capacitor","floor":38},{"not_picked":["Turbo","Coolheaded"],"picked":"Loop+1","floor":39},{"not_picked":["Ball Lightning+1","Static Discharge+1"],"picked":"Leap+1","floor":40}],"player_experience":1488712,"relics_obtained":[{"floor":7,"key":"Shuriken"},{"floor":9,"key":"Bag of Preparation"},{"floor":14,"key":"MealTicket"},{"floor":27,"key":"Smiling Mask"},{"floor":40,"key":"Toxic Egg 2"},{"floor":43,"key":"Omamori"}],"event_choices":[{"damage_healed":0,"gold_gain":0,"player_choice":"Box","damage_taken":0,"relics_obtained":["Pen Nib"],"max_hp_gain":0,"max_hp_loss":0,"event_name":"Big Fish","floor":2,"gold_loss":0,"cards_obtained":["Regret"]},{"damage_healed":0,"gold_gain":0,"player_choice":"Lose Max HP","damage_taken":0,"relics_obtained":["Golden Idol"],"max_hp_gain":0,"max_hp_loss":7,"event_name":"Golden Idol","floor":5,"gold_loss":0},{"damage_healed":0,"gold_gain":0,"player_choice":"Relic","damage_taken":0,"max_hp_gain":0,"max_hp_loss":0,"event_name":"Wheel of Change","floor":14,"gold_loss":0},{"damage_healed":0,"gold_gain":0,"player_choice":"Gave Idol","damage_taken":0,"relics_obtained":["Bloody Idol"],"max_hp_gain":0,"max_hp_loss":0,"event_name":"Forgotten Altar","floor":19,"relics_lost":["Golden Idol"],"gold_loss":0},{"damage_healed":0,"gold_gain":50,"player_choice":"Stole From Cult","damage_taken":0,"max_hp_gain":0,"max_hp_loss":0,"event_name":"Nest","floor":24,"gold_loss":0},{"cards_removed":["Strike_B"],"damage_healed":0,"gold_gain":0,"player_choice":"Elegance","damage_taken":0,"max_hp_gain":0,"max_hp_loss":0,"event_name":"Back to Basics","floor":29,"gold_loss":0},{"cards_removed":["Defend_B"],"damage_healed":0,"gold_gain":0,"player_choice":"Removed Skill","damage_taken":0,"max_hp_gain":0,"max_hp_loss":0,"event_name":"Falling","floor":36,"gold_loss":0}],"is_beta":false,"boss_relics":[{"not_picked":["SacredBark","Pandora\u0027s Box"],"picked":"Fusion Hammer"},{"not_picked":["Philosopher\u0027s Stone","Calling Bell"],"picked":"Cursed Key"}],"items_purged_floors":[4,41],"is_endless":false,"potions_floor_spawned":[1,8,11,16,18,20,25,27,33,35,38,40],"killed_by":"Giant Head","ascension_level":20}}