{"host":"nqsrckqog5ia9mbo","time":1609678094,"event":{"mods":["AchievementEnabler","BaseMod","Colored Map","Highlight Path","Minty Spire (QoL Compilation)"],"gold_per_floor":[365,385,102,102,102,141,141,177,232,232,256,206,206,219,219,349,349,349,47,47,47,47,47,47,47,47,47,47,47,47,47,47,47,47,47,47,47,47,47,47,47,47,47],"floor_reached":42,"playtime":3257,"items_purged":["Strike_R"],"score":649,"play_id":"b9c4fc07-788c-4b9b-8003-bc5fcb7ca0d9","local_time":"20210103134814","is_ascension_mode":true,"campfire_choices":[{"floor":7.0,"key":"REST"},{"data":"True Grit","floor":10.0,"key":"SMITH"},{"floor":15.0,"key":"REST"},{"data":"Body Slam","floor":23.0,"key":"SMITH"},{"data":"Battle Trance","floor":28,"key":"SMITH"},{"data":"Spot Weakness","floor":32,"key":"SMITH"},{"data":"Finesse","floor":40,"key":"SMITH"}],"circlet_count":0,"master_deck":["Strike_R","Strike_R","Defend_R","Defend_R","Defend_R","Defend_R","Bash","True Grit+1","Evolve","Body Slam+1","Ghostly Armor","Spot Weakness+1","Impervious","Entrench+1","Entrench+1","Seeing Red+1","Shrug It Off","Battle Trance+1","Dual Wield+1","Offering","Heavy Blade+1","Body Slam+1","Finesse+1","Parasite","Ghostly Armor"],"relics":["Burning Blood","Bag of Marbles","Golden Idol","Pen Nib","Oddly Smooth Stone","Orichalcum","Self Forming Clay","Ectoplasm","Bronze Scales","Happy Flower","Blue Candle","Regal Pillow","Juzu Bracelet","Mark of Pain"],"acts_visited":["Exordium","TheCity","TheBeyond"],"potions_floor_usage":[24,33,36],"damage_taken":[{"damage":8.0,"enemies":"Jaw Worm","floor":1.0,"turns":4.0},{"damage":2.0,"enemies":"Small Slimes","floor":2.0,"turns":5.0},{"damage":40.0,"enemies":"Gremlin Nob","floor":6.0,"turns":5.0},{"damage":15.0,"enemies":"3 Sentries","floor":8.0,"turns":17.0},{"damage":0.0,"enemies":"Cultist","floor":11.0,"turns":3.0},{"damage":14.0,"enemies":"Lots of Slimes","floor":14.0,"turns":7.0},{"damage":27.0,"enemies":"Hexaghost","floor":16.0,"turns":12.0},{"damage":6.0,"enemies":"Chosen","floor":18.0,"turns":2.0},{"damage":0.0,"enemies":"3 Byrds","floor":21.0,"turns":3.0},{"damage":4.0,"enemies":"Centurion and Healer","floor":22.0,"turns":11.0},{"damage":29,"enemies":"3 Cultists","floor":24,"turns":9},{"damage":0,"enemies":"Book of Stabbing","floor":25,"turns":4},{"damage":0,"enemies":"Slavers","floor":29,"turns":7},{"damage":0,"enemies":"Chosen and Byrds","floor":30,"turns":4},{"damage":16,"enemies":"Automaton","floor":33,"turns":12},{"damage":32,"enemies":"3 Darklings","floor":35,"turns":8},{"damage":34,"enemies":"3 Shapes","floor":36,"turns":4},{"damage":0,"enemies":"Writhing Mass","floor":41,"turns":2},{"damage":64,"enemies":"Reptomancer","floor":42,"turns":4}],"seed_played":"6805794293108173070","potions_obtained":[{"floor":2.0,"key":"ElixirPotion"},{"floor":8.0,"key":"SteroidPotion"},{"floor":11.0,"key":"Ancient Potion"},{"floor":14.0,"key":"Swift Potion"},{"floor":24,"key":"BloodPotion"},{"floor":30,"key":"Explosive Potion"},{"floor":33,"key":"BlessingOfTheForge"}],"is_trial":false,"path_per_floor":["M","M","$","?","?","E","R","E","T","R","M","?","?","M","R","B",null,"M","$","?","M","M","R","M","E","T","?","R","E","M","?","R","B",null,"M","M","?","?","$","R","M","E"],"character_chosen":"IRONCLAD","items_purchased":["Body Slam","Bag of Marbles","Bronze Scales","Happy Flower"],"campfire_rested":2,"item_purchase_floors":[3,3,19,19],"current_hp_per_floor":[70,72,72,54,47,13,34,25,25,25,31,31,31,23,44,23,60,60,60,60,66,68,68,59,65,65,65,65,71,72,72,72,62,70,44,16,63,63,63,63,63,0,0],"gold":47,"neow_bonus":"TWO_FIFTY_GOLD","is_daily":false,"chose_seed":false,"campfire_upgraded":5,"win_rate":0.0,"timestamp":1609678094,"path_taken":["M","M","$","?","?","E","R","E","T","R","M","?","?","M","R","BOSS","M","$","?","?","M","R","M","E","T","?","R","E","M","?","R","BOSS","M","M","?","?","$","R","M","E"],"items_purchased_type":["Card","Relic","Relic","Relic"],"build_version":"2020-12-22","purchased_purges":1,"victory":false,"max_hp_per_floor":[72,72,72,72,72,72,72,72,72,72,72,72,72,72,72,72,72,72,72,72,72,72,72,72,72,72,72,72,72,72,72,72,72,72,72,72,63,63,63,63,63,63,63],"card_choices":[{"not_picked":["Heavy Blade","Warcry"],"picked":"True Grit","floor":1.0},{"not_picked":["Wild Strike","Perfected Strike"],"picked":"Evolve","floor":2.0},{"not_picked":["Shockwave","Uppercut"],"picked":"Ghostly Armor","floor":6.0},{"not_picked":["Warcry","Second Wind","Wild Strike"],"picked":"SKIP","floor":8.0},{"not_picked":["Havoc","Headbutt","Pommel Strike"],"picked":"SKIP","floor":11.0},{"not_picked":["Entrench","Clothesline"],"picked":"Spot Weakness","floor":14.0},{"not_picked":["Bludgeon","Limit Break"],"picked":"Impervious","floor":16.0},{"not_picked":["Heavy Blade","Flex"],"picked":"Entrench+1","floor":18.0},{"not_picked":["Headbutt","Sentinel+1"],"picked":"Seeing Red+1","floor":21.0},{"not_picked":["Power Through","Thunderclap"],"picked":"Shrug It Off","floor":22.0},{"not_picked":["Rampage","Ghostly Armor+1"],"picked":"Battle Trance","floor":24},{"not_picked":["Intimidate","Warcry","Reckless Charge"],"picked":"SKIP","floor":25},{"not_picked":["Fire Breathing","Dropkick","Infernal Blade"],"picked":"SKIP","floor":29},{"not_picked":["Warcry","Headbutt"],"picked":"Dual Wield+1","floor":30},{"not_picked":["Feed","Corruption"],"picked":"Offering","floor":33},{"not_picked":["Perfected Strike","Wild Strike"],"picked":"Heavy Blade+1","floor":35},{"not_picked":["Sword Boomerang+1","Shrug It Off"],"picked":"Body Slam+1","floor":36},{"not_picked":["Panache","Secret Weapon"],"picked":"Finesse","floor":38},{"not_picked":["Shrug It Off+1","Warcry+1"],"picked":"Ghostly Armor","floor":41}],"player_experience":100226,"relics_obtained":[{"floor":6.0,"key":"Pen Nib"},{"floor":8.0,"key":"Oddly Smooth Stone"},{"floor":9.0,"key":"Orichalcum"},{"floor":25,"key":"Blue Candle"},{"floor":26,"key":"Regal Pillow"},{"floor":29,"key":"Juzu Bracelet"}],"event_choices":[{"damage_healed":0.0,"max_hp_gain":0.0,"max_hp_loss":0.0,"gold_gain":0.0,"event_name":"Golden Idol","player_choice":"Take Damage","floor":4.0,"gold_loss":0.0,"damage_taken":18.0,"relics_obtained":["Golden Idol"]},{"cards_removed":["Strike_R"],"damage_healed":0.0,"max_hp_gain":0.0,"max_hp_loss":0.0,"gold_gain":0.0,"event_name":"Golden Wing","player_choice":"Card Removal","floor":5.0,"gold_loss":0.0,"damage_taken":7.0},{"cards_removed":["Strike_R"],"damage_healed":0.0,"max_hp_gain":0.0,"max_hp_loss":0.0,"gold_gain":0.0,"event_name":"The Cleric","player_choice":"Card Removal","floor":12.0,"gold_loss":50.0,"damage_taken":0.0},{"damage_healed":0.0,"max_hp_gain":0.0,"max_hp_loss":0.0,"gold_gain":0.0,"event_name":"WeMeetAgain","player_choice":"Gave Potion","floor":13.0,"gold_loss":0.0,"damage_taken":0.0,"relics_obtained":["Self Forming Clay"]},{"damage_healed":0.0,"max_hp_gain":0.0,"max_hp_loss":0.0,"gold_gain":0.0,"event_name":"Duplicator","player_choice":"Copied","floor":20.0,"gold_loss":0.0,"damage_taken":0.0,"cards_obtained":["Entrench"]},{"damage_healed":0,"gold_gain":99,"player_choice":"Stole From Cult","damage_taken":0,"max_hp_gain":0,"max_hp_loss":0,"event_name":"Nest","floor":31,"gold_loss":0},{"damage_healed":63,"gold_gain":0,"player_choice":"Heal","damage_taken":0,"max_hp_gain":0,"max_hp_loss":9,"event_name":"The Moai Head","floor":37,"gold_loss":0},{"damage_healed":0,"gold_gain":0,"player_choice":"Memory 1","damage_taken":0,"max_hp_gain":0,"max_hp_loss":0,"event_name":"SensoryStone","floor":38,"gold_loss":0}],"is_beta":false,"boss_relics":[{"not_picked":["Astrolabe","Cursed Key"],"picked":"Ectoplasm"},{"not_picked":["Sozu","Black Blood"],"picked":"Mark of Pain"}],"items_purged_floors":[3],"is_endless":false,"potions_floor_spawned":[2,8,11,14,24,30,33],"killed_by":"Reptomancer","ascension_level":5}}