{"host":"873t0y8ybyo38pfq","time":1609691630,"event":{"mods":["BaseMod","Bestiary","Colored Map","Colored Powertips","Highlight Path","Minty Spire (QoL Compilation)","Quick Restart","RNG Fix","Rare Cards Sparkle","Relic Stats","StSLib"],"gold_per_floor":[110,110,110,35,35,35,63,79,79,112,133,152,152,0,0,76,76,87,12,12,12,29,29,29,29,29,29,62,62,82,97,97,97,97],"floor_reached":33,"playtime":750,"items_purged":["Strike_B"],"score":613,"play_id":"f6f1eace-1bdc-4dc0-84d0-69a6e96a2e77","local_time":"20210103113350","is_ascension_mode":true,"campfire_choices":[{"data":"Multi-Cast","floor":6,"key":"SMITH"},{"floor":13,"key":"REST"},{"data":"Defragment","floor":15,"key":"SMITH"},{"data":"Ghostly","floor":23,"key":"SMITH"},{"data":"Ghostly","floor":25,"key":"SMITH"},{"data":"Ghostly","floor":27,"key":"SMITH"},{"data":"Defragment","floor":32,"key":"SMITH"}],"circlet_count":0,"master_deck":["AscendersBane","Defend_B","Defend_B","Defend_B","Defend_B","Zap","Dualcast","Defragment+1","Multi-Cast+1","Static Discharge","Doom and Gloom","BootSequence","Defragment+1","Core Surge","Hologram","Ball Lightning","Ghostly+1","Ghostly+1","Ghostly+1","Doom and Gloom","Bite","Bite","Bite","Bite","Bite","Conserve Battery+1","Defragment+1","Undo"],"relics":["FrozenCore","NeowsBlessing","Thread and Needle","Lantern","Letter Opener","Du-Vu Doll","Odd Mushroom","Eternal Feather","Darkstone Periapt"],"acts_visited":["Exordium","TheCity"],"potions_floor_usage":[10,11,16],"damage_taken":[{"damage":0,"enemies":"Jaw Worm","floor":1,"turns":1},{"damage":0,"enemies":"Lagavulin","floor":7,"turns":1},{"damage":0,"enemies":"2 Louse","floor":8,"turns":1},{"damage":21,"enemies":"3 Sentries","floor":10,"turns":5},{"damage":20,"enemies":"The Mushroom Lair","floor":11,"turns":3},{"damage":0,"enemies":"Cultist","floor":12,"turns":3},{"damage":32,"enemies":"Slime Boss","floor":16,"turns":8},{"damage":0,"enemies":"Shell Parasite","floor":18,"turns":6},{"damage":0,"enemies":"3 Byrds","floor":22,"turns":6},{"damage":9,"enemies":"Book of Stabbing","floor":28,"turns":6},{"damage":6,"enemies":"Snake Plant","floor":30,"turns":6},{"damage":7,"enemies":"Shelled Parasite and Fungi","floor":31,"turns":7},{"damage":30,"enemies":"Collector","floor":33,"turns":9}],"seed_played":"5988760615105806826","potions_obtained":[{"floor":1,"key":"Strength Potion"},{"floor":7,"key":"DuplicationPotion"},{"floor":12,"key":"SteroidPotion"},{"floor":22,"key":"GamblersBrew"},{"floor":28,"key":"LiquidMemories"}],"is_trial":false,"path_per_floor":["M","?","?","?","?","R","E","M","T","E","?","M","R","$","R","B",null,"M","?","?","?","M","R","?","R","T","R","E","$","M","M","R","B"],"character_chosen":"DEFECT","items_purchased":["Defragment"],"campfire_rested":1,"item_purchase_floors":[14],"current_hp_per_floor":[64,64,64,64,64,64,64,64,64,43,23,23,44,44,44,12,56,56,56,56,35,35,35,24,24,24,24,21,21,24,24,24,0,0],"gold":97,"neow_bonus":"THREE_ENEMY_KILL","is_daily":false,"chose_seed":false,"campfire_upgraded":6,"win_rate":0.0,"timestamp":1609691630,"path_taken":["M","?","?","?","?","R","E","?","T","E","?","?","R","?","R","BOSS","M","?","?","?","?","R","?","R","T","R","E","?","M","M","R","BOSS"],"items_purchased_type":["Card"],"build_version":"2020-12-22","purchased_purges":1,"victory":false,"max_hp_per_floor":[71,71,71,71,71,71,71,71,71,71,71,71,71,71,71,71,71,71,71,71,35,35,35,24,24,24,24,24,24,24,24,24,24,24],"relic_stats":{"Darkstone Periapt":0,"counters":[13,62],"Eternal Feather":0,"Letter Opener":[45],"obtain_stats":[{"Du-Vu Doll":10,"Darkstone Periapt":28,"Lantern":7,"NeowsBlessing":0,"Thread and Needle":3,"Eternal Feather":26,"Letter Opener":9,"Odd Mushroom":11,"Cracked Core":0,"FrozenCore":17},{"Du-Vu Doll":4,"Darkstone Periapt":10,"Lantern":2,"NeowsBlessing":0,"Thread and Needle":1,"Eternal Feather":9,"Letter Opener":3,"Odd Mushroom":5,"Cracked Core":0,"FrozenCore":7},{"Du-Vu Doll":8,"Darkstone Periapt":40,"Lantern":2,"NeowsBlessing":0,"Thread and Needle":1,"Eternal Feather":34,"Letter Opener":3,"Odd Mushroom":11,"Cracked Core":0,"FrozenCore":22}],"FrozenCore":[19]},"card_choices":[{"not_picked":["Stack","FTL"],"picked":"Defragment","floor":1},{"not_picked":["Steam","Beam Cell","Compile Driver"],"picked":"SKIP","floor":7},{"not_picked":["Sweeping Beam","Coolheaded"],"picked":"Static Discharge","floor":8},{"not_picked":["Conserve Battery","Gash"],"picked":"Doom and Gloom","floor":10},{"not_picked":["Static Discharge","Ball Lightning"],"picked":"BootSequence","floor":11},{"not_picked":["Chaos","Beam Cell","Doom and Gloom"],"picked":"SKIP","floor":12},{"not_picked":["Machine Learning","Electrodynamics"],"picked":"Core Surge","floor":16},{"not_picked":["Chill","Stack"],"picked":"Hologram","floor":18},{"not_picked":["Beam Cell","Auto Shields"],"picked":"Doom and Gloom","floor":22},{"not_picked":["Heatsinks","Compile Driver"],"picked":"Conserve Battery+1","floor":28},{"not_picked":["Fusion","Leap"],"picked":"Defragment","floor":30},{"not_picked":["Recycle","Coolheaded"],"picked":"Undo","floor":31}],"player_experience":1488712,"relics_obtained":[{"floor":7,"key":"Lantern"},{"floor":9,"key":"Letter Opener"},{"floor":10,"key":"Du-Vu Doll"},{"floor":11,"key":"Odd Mushroom"},{"floor":26,"key":"Eternal Feather"},{"floor":28,"key":"Darkstone Periapt"}],"event_choices":[{"damage_healed":0,"gold_gain":0,"player_choice":"Grow","damage_taken":0,"max_hp_gain":0,"max_hp_loss":0,"event_name":"Living Wall","floor":2,"gold_loss":0,"cards_upgraded":["Defragment"]},{"damage_healed":0,"gold_gain":0,"player_choice":"Box","damage_taken":0,"relics_obtained":["Thread and Needle"],"max_hp_gain":0,"max_hp_loss":0,"event_name":"Big Fish","floor":3,"gold_loss":0,"cards_obtained":["Regret"]},{"cards_removed":["Regret"],"damage_healed":0,"gold_gain":0,"player_choice":"Card Removal","damage_taken":0,"max_hp_gain":0,"max_hp_loss":0,"event_name":"The Cleric","floor":4,"gold_loss":75},{"damage_healed":0,"gold_gain":0,"player_choice":"1 cards matched","damage_taken":0,"max_hp_gain":0,"max_hp_loss":0,"event_name":"Match and Keep!","floor":5,"gold_loss":0,"cards_obtained":["Multi-Cast"]},{"damage_healed":0,"gold_gain":0,"player_choice":"Fought Mushrooms","damage_taken":0,"max_hp_gain":0,"max_hp_loss":0,"event_name":"Mushrooms","floor":11,"gold_loss":0},{"cards_removed":["Strike_B"],"damage_healed":0,"gold_gain":0,"player_choice":"Gave Gold","damage_taken":0,"max_hp_gain":0,"max_hp_loss":0,"event_name":"Beggar","floor":19,"gold_loss":75},{"damage_healed":0,"gold_gain":0,"player_choice":"Read","damage_taken":0,"max_hp_gain":0,"max_hp_loss":0,"event_name":"The Library","floor":20,"gold_loss":0,"cards_obtained":["Ball Lightning"]},{"damage_healed":0,"gold_gain":0,"player_choice":"Became a Ghost","damage_taken":0,"max_hp_gain":0,"max_hp_loss":36,"event_name":"Ghosts","floor":21,"gold_loss":0,"cards_obtained":["Ghostly","Ghostly","Ghostly"]},{"damage_healed":0,"gold_gain":0,"player_choice":"Became a vampire","damage_taken":0,"max_hp_gain":0,"max_hp_loss":11,"event_name":"Vampires","floor":24,"gold_loss":0,"cards_obtained":["Bite","Bite","Bite","Bite","Bite"]}],"is_beta":false,"boss_relics":[{"not_picked":["Runic Dome","SacredBark"],"picked":"FrozenCore"}],"items_purged_floors":[14],"is_endless":false,"potions_floor_spawned":[1,7,12,22,28,31],"killed_by":"Collector","ascension_level":20}}