{"host":"qvl114e0jmbc6yhm","time":1609650924,"event":{"mods":["Act Like it!","BaseMod","Hermit","Highlight Path","Hubris","Jedi Mod","Marisa????????","Marked Mod","Minty Spire (QoL Compilation)","Permanent Neow","Random Character Button","Relic Sorter","Relic Stats","Replay The Spire","Shop Mod","Spicy Shops","StSLib","The Jungle","The Runesmith"],"gold_per_floor":[117,192,35,35,52,52,82,101,149,168,168,198,218,248,248,322,322,342,369,387,401,429,429,466,475,502,528,253,253,286,286,286,386,386],"floor_reached":33,"playtime":1529,"items_purged":["hubris:Disease"],"score":646,"play_id":"6865314c-ef48-4ecd-9e7e-bba78ed34fef","local_time":"20210103001524","is_ascension_mode":true,"campfire_choices":[{"floor":6,"key":"REST"},{"data":"Bouncing Flask","floor":11,"key":"SMITH"},{"data":"jedi:studypoison","floor":15,"key":"SMITH"},{"data":"Noxious Fumes","floor":23,"key":"SMITH"},{"data":"Footwork","floor":29,"key":"SMITH"},{"data":"Footwork","floor":32,"key":"SMITH"}],"circlet_count":0,"master_deck":["AscendersBane","Strike_G","Strike_G","Strike_G","Strike_G","Strike_G","Defend_G","Defend_G","Defend_G","Defend_G","Defend_G","Survivor","Neutralize","Sucker Punch","Dagger Throw","jedi:studypoison+1","Bouncing Flask+1","Backflip","Adrenaline","Noxious Fumes+1","ReplayTheSpireMod:Speed Training","Crippling Poison","Footwork+1","PiercingWail","Footwork+1","ReplayTheSpireMod:Scrap Shanks"],"relics":["Ring of the Snake","hubris:Icosahedron","TungstenRod","Sling","GremlinMask","hubris:SlimyHat","PreservedInsect","Calipers","jedi:crownofsimplicity","hubris:ScarierMask","CeramicFish","ReplayFunnel","Blue Doll","jedi:rubbersling","ReplayTheSpireMod:CursedCoin","DollysMirror","Shuriken"],"acts_visited":["Exordium","TheCity"],"potions_floor_usage":[7,14,30,33],"damage_taken":[{"damage":0,"enemies":"Jaw Worm","floor":1,"turns":5},{"damage":0,"enemies":"Cultist","floor":5,"turns":5},{"damage":7,"enemies":"3 Sentries","floor":7,"turns":7},{"damage":4,"enemies":"Small Slimes","floor":8,"turns":3},{"damage":0,"enemies":"2 Fungi Beasts","floor":10,"turns":4},{"damage":8,"enemies":"Lagavulin","floor":12,"turns":4},{"damage":2,"enemies":"Exordium Wildlife","floor":13,"turns":4},{"damage":0,"enemies":"Gremlin Nob","floor":14,"turns":2},{"damage":1,"enemies":"The Guardian","floor":16,"turns":8},{"damage":0,"enemies":"Chosen","floor":18,"turns":4},{"damage":0,"enemies":"Spheric Guardian","floor":20,"turns":3},{"damage":24,"enemies":"Snecko","floor":21,"turns":5},{"damage":0,"enemies":"Shelled Parasite and Fungi","floor":22,"turns":4},{"damage":0,"enemies":"Replay:Snechameleon","floor":24,"turns":4},{"damage":0,"enemies":"3 Cultists","floor":27,"turns":6},{"damage":0,"enemies":"Gremlin Leader","floor":30,"turns":7},{"damage":51,"enemies":"Collector","floor":33,"turns":7}],"seed_played":"-6429509754655159386","potions_obtained":[{"floor":5,"key":"Explosive Potion"},{"floor":13,"key":"Fire Potion"},{"floor":16,"key":"Explosive Potion"},{"floor":18,"key":"BlessingOfTheForge"},{"floor":21,"key":"PowerPotion"},{"floor":27,"key":"Weak Potion"}],"is_trial":false,"path_per_floor":["M","?","$","?","M","R","E","M","T","M","R","E","M","E","R","B",null,"M","T","M","M","M","R","E","?","T","M","$","R","E","?","R","B"],"character_chosen":"THE_SILENT","items_purchased":["Sling","jedi:rubbersling","ReplayTheSpireMod:CursedCoin","DollysMirror","ReplayTheSpireMod:Scrap Shanks"],"campfire_rested":1,"item_purchase_floors":[3,28,28,28,28],"current_hp_per_floor":[44,34,34,34,34,53,46,42,42,42,42,34,32,32,32,31,57,57,57,57,33,33,33,33,33,33,33,33,33,33,33,33,0,0],"gold":386,"neow_bonus":"ONE_RARE_RELIC","is_daily":false,"chose_seed":false,"campfire_upgraded":5,"win_rate":0.0,"timestamp":1609650924,"path_taken":["M","?","$","?","M","R","E","M","T","M","R","E","M","E","R","BOSS","M","?","M","M","M","R","E","?","T","M","$","R","E","?","R","BOSS"],"items_purchased_type":["Relic","Relic","Relic","Relic","Card"],"build_version":"2020-12-22","purchased_purges":1,"victory":false,"max_hp_per_floor":[66,66,66,66,66,66,66,66,66,66,66,66,66,66,66,66,66,66,66,66,66,66,66,66,66,66,66,66,66,66,66,66,66,66],"relic_stats":{"counters":[17,82],"Shuriken":[7],"CeramicFish":63,"PreservedInsect":137,"obtain_stats":[{"ReplayFunnel":24,"Calipers":12,"ReplayTheSpireMod:CursedCoin":28,"CeramicFish":19,"GremlinMask":4,"Blue Doll":26,"PreservedInsect":9,"hubris:SlimyHat":7,"jedi:crownofsimplicity":14,"Sling":3,"hubris:Icosahedron":31,"DollysMirror":28,"Shuriken":30,"jedi:rubbersling":28,"hubris:ScarierMask":17,"TungstenRod":0,"Ring of the Snake":0},{"ReplayFunnel":14,"Calipers":6,"ReplayTheSpireMod:CursedCoin":15,"CeramicFish":10,"GremlinMask":1,"Blue Doll":14,"PreservedInsect":4,"hubris:SlimyHat":3,"jedi:crownofsimplicity":8,"Sling":1,"hubris:Icosahedron":16,"DollysMirror":15,"Shuriken":16,"jedi:rubbersling":15,"hubris:ScarierMask":9,"TungstenRod":0,"Ring of the Snake":0},{"ReplayFunnel":62,"Calipers":28,"ReplayTheSpireMod:CursedCoin":68,"CeramicFish":46,"GremlinMask":5,"Blue Doll":62,"PreservedInsect":20,"hubris:SlimyHat":17,"jedi:crownofsimplicity":34,"Sling":5,"hubris:Icosahedron":75,"DollysMirror":68,"Shuriken":75,"jedi:rubbersling":68,"hubris:ScarierMask":42,"TungstenRod":0,"Ring of the Snake":0}],"TungstenRod":18,"Ring of the Snake":[34]},"card_choices":[{"not_picked":["Dagger Throw","Prepared"],"picked":"Sucker Punch","floor":1},{"not_picked":["Deflect","Catalyst"],"picked":"Dagger Throw","floor":5},{"not_picked":["Flying Knee","ReplayTheSpireMod:Shiv Toss"],"picked":"jedi:studypoison","floor":7},{"not_picked":["Concentrate","Dagger Throw","Eviscerate"],"picked":"SKIP","floor":8},{"not_picked":["Dagger Spray","Slice"],"picked":"Bouncing Flask","floor":10},{"not_picked":["Dagger Throw","Flechettes"],"picked":"Backflip","floor":12},{"not_picked":["Envenom","Replay:Poison Smokescreen","Setup"],"picked":"SKIP","floor":13},{"not_picked":["Prepared","Blade Dance","hubris:Counter"],"picked":"SKIP","floor":14},{"not_picked":["jedi:brewingpoison","Storm of Steel"],"picked":"Adrenaline","floor":16},{"not_picked":["Bane+1","Caltrops"],"picked":"Noxious Fumes","floor":18},{"not_picked":["Dagger Throw+1","ReplayTheSpireMod:Exploit Weakness","Acrobatics"],"picked":"SKIP","floor":20},{"not_picked":["Blade Dance","Quick Slash","Toxin Wave"],"picked":"SKIP","floor":21},{"not_picked":["Dodge and Roll","ReplayTheSpireMod:Tripwire+1"],"picked":"ReplayTheSpireMod:Speed Training","floor":22},{"not_picked":["Slice","Backflip"],"picked":"Crippling Poison","floor":24},{"not_picked":["Blade Dance","Setup"],"picked":"PiercingWail","floor":27},{"not_picked":["Choke","A Thousand Cuts","ReplayTheSpireMod:The Works"],"picked":"SKIP","floor":30}],"player_experience":2406994,"relics_obtained":[{"floor":7,"key":"hubris:SlimyHat"},{"floor":9,"key":"PreservedInsect"},{"floor":12,"key":"Calipers"},{"floor":14,"key":"jedi:crownofsimplicity"},{"floor":19,"key":"CeramicFish"},{"floor":24,"key":"ReplayFunnel"},{"floor":26,"key":"Blue Doll"},{"floor":30,"key":"Shuriken"}],"event_choices":[{"damage_healed":0,"gold_gain":75,"player_choice":"Gather Gold","damage_taken":11,"max_hp_gain":0,"max_hp_loss":0,"event_name":"World of Goop","floor":2,"gold_loss":0},{"damage_healed":0,"gold_gain":0,"player_choice":"Trade","damage_taken":0,"relics_obtained":["GremlinMask"],"max_hp_gain":0,"max_hp_loss":0,"event_name":"FaceTrader","floor":4,"gold_loss":0}],"is_beta":false,"boss_relics":[{"not_picked":["Honey Jar","Calling Bell"],"picked":"hubris:ScarierMask"}],"items_purged_floors":[28],"is_endless":false,"potions_floor_spawned":[5,13,16,18,21,22,27],"killed_by":"Collector","ascension_level":14}}