{"host":"xepm4vdq3mgbriir","time":1609640775,"event":{"mods":["AchievementEnabler","BaseMod","Bestiary","Block Reminder","DeckTracker","Minty Spire (QoL Compilation)","Rare Cards Sparkle","Relic Stats","Spire Birthday Party","StSLib","Unceasing Turn Reminder","everything is the same but u backflip on backflip","slay the spire mod where everything is the same but ironclad has a cowboy hat"],"gold_per_floor":[99,99,76,41,41,41,41,41,41,41,41,41,41,41,41,41,41,41,41,41,41,41,41,41,41,41,41,41,0,0,0,0,0,0,0,0,0,0,0,0],"floor_reached":39,"playtime":1845,"items_purged":[],"score":628,"play_id":"ab11bbb1-292d-4afa-b16c-f15a92ae4b8e","local_time":"20210102212615","is_ascension_mode":true,"campfire_choices":[{"data":"Static Discharge","floor":6,"key":"SMITH"},{"floor":11,"key":"REST"},{"floor":13,"key":"REST"},{"floor":15,"key":"REST"},{"floor":23,"key":"REST"},{"floor":25,"key":"REST"},{"floor":28,"key":"REST"},{"floor":30,"key":"REST"},{"floor":32,"key":"REST"}],"circlet_count":0,"master_deck":["AscendersBane","Strike_B","Strike_B","Strike_B+1","Defend_B","Defend_B+1","Defend_B","Defend_B","Zap","Dualcast","Sweeping Beam","Static Discharge+1","Ball Lightning","Machine Learning","Leap","Coolheaded","Stack","Buffer","Double Energy+1","Conserve Battery","Shame","Ball Lightning+1","Capacitor","Hello World","FTL","Turbo+1","Conserve Battery","Buffer","Leap+1","Steam+1"],"relics":["Ectoplasm","CeramicFish","InkBottle","Darkstone Periapt","DataDisk","Dream Catcher","SacredBark","Blue Candle","Happy Flower","Mercury Hourglass","Fusion Hammer"],"acts_visited":["Exordium","TheCity","TheBeyond"],"potions_floor_usage":[10,14,16,33,33,37,39],"damage_taken":[{"damage":1,"enemies":"Cultist","floor":1,"turns":4},{"damage":9,"enemies":"Small Slimes","floor":2,"turns":4},{"damage":17,"enemies":"3 Sentries","floor":7,"turns":5},{"damage":22,"enemies":"Lagavulin","floor":10,"turns":5},{"damage":12,"enemies":"3 Sentries","floor":12,"turns":5},{"damage":21,"enemies":"Gremlin Nob","floor":14,"turns":4},{"damage":17,"enemies":"The Guardian","floor":16,"turns":9},{"damage":10,"enemies":"3 Byrds","floor":18,"turns":5},{"damage":13,"enemies":"Spheric Guardian","floor":19,"turns":5},{"damage":37,"enemies":"3 Cultists","floor":21,"turns":5},{"damage":15,"enemies":"Sentry and Sphere","floor":24,"turns":5},{"damage":16,"enemies":"Snecko","floor":27,"turns":5},{"damage":19,"enemies":"3 Cultists","floor":31,"turns":5},{"damage":25,"enemies":"Champ","floor":33,"turns":12},{"damage":19,"enemies":"Orb Walker","floor":35,"turns":4},{"damage":18,"enemies":"3 Darklings","floor":37,"turns":6},{"damage":45,"enemies":"4 Shapes","floor":39,"turns":2}],"seed_played":"-1349988507064908758","potions_obtained":[{"floor":7,"key":"PotionOfCapacity"},{"floor":12,"key":"SpeedPotion"},{"floor":14,"key":"PotionOfCapacity"},{"floor":27,"key":"DistilledChaos"},{"floor":31,"key":"Weak Potion"},{"floor":33,"key":"Weak Potion"},{"floor":35,"key":"BlessingOfTheForge"}],"is_trial":false,"path_per_floor":["M","M","?","?","?","R","E","?","T","E","R","E","R","E","R","B",null,"M","M","?","M","T","R","M","R","T","M","R","?","R","M","R","B",null,"M","$","M","?","M"],"character_chosen":"DEFECT","items_purchased":[],"campfire_rested":8,"item_purchase_floors":[],"current_hp_per_floor":[67,58,58,75,60,60,43,43,43,21,43,31,53,32,54,37,66,56,43,49,12,12,36,21,45,45,29,53,53,77,58,81,56,75,56,56,38,38,0,0],"gold":0,"neow_bonus":"BOSS_RELIC","is_daily":false,"chose_seed":false,"campfire_upgraded":1,"win_rate":0.0,"timestamp":1609640775,"path_taken":["M","?","?","?","?","R","E","?","T","E","R","E","R","E","R","BOSS","M","M","?","M","?","R","M","R","T","M","R","?","R","M","R","BOSS","M","$","M","?","M"],"items_purchased_type":[],"build_version":"2020-12-22","purchased_purges":0,"victory":false,"max_hp_per_floor":[75,75,75,75,75,75,75,75,75,75,75,75,75,75,75,75,75,75,75,81,81,81,81,81,81,81,81,81,81,81,81,81,81,81,81,81,81,81,81,81],"relic_stats":{"Darkstone Periapt":6,"Dream Catcher":6,"Happy Flower":[13],"counters":[17,90],"CeramicFish":0,"Blue Candle":[8],"Ectoplasm":688,"obtain_stats":[{"Darkstone Periapt":10,"DataDisk":12,"Dream Catcher":14,"Happy Flower":22,"CeramicFish":7,"SacredBark":17,"Blue Candle":20,"Ectoplasm":0,"Fusion Hammer":34,"Cracked Core":0,"InkBottle":9,"Mercury Hourglass":26},{"Darkstone Periapt":4,"DataDisk":5,"Dream Catcher":6,"Happy Flower":10,"CeramicFish":3,"SacredBark":7,"Blue Candle":9,"Ectoplasm":0,"Fusion Hammer":14,"Cracked Core":0,"InkBottle":3,"Mercury Hourglass":11},{"Darkstone Periapt":18,"DataDisk":23,"Dream Catcher":27,"Happy Flower":51,"CeramicFish":13,"SacredBark":36,"Blue Candle":46,"Ectoplasm":0,"Fusion Hammer":78,"Cracked Core":0,"InkBottle":13,"Mercury Hourglass":56}],"InkBottle":[32],"Mercury Hourglass":[156]},"card_choices":[{"not_picked":["Rebound","Compile Driver"],"picked":"Sweeping Beam","floor":1},{"not_picked":["Loop","Turbo"],"picked":"Static Discharge","floor":2},{"not_picked":["Hologram","Heatsinks","Undo"],"picked":"SKIP","floor":7},{"not_picked":["BootSequence","Hyperbeam"],"picked":"Machine Learning","floor":10},{"not_picked":["BootSequence","Reprogram"],"picked":"Leap","floor":12},{"not_picked":["Blizzard","Barrage"],"picked":"Coolheaded","floor":14},{"not_picked":["Chaos","Steam"],"picked":"Stack","floor":15},{"not_picked":["Reboot","Amplify"],"picked":"Buffer","floor":16},{"not_picked":["Skim","Sweeping Beam"],"picked":"Double Energy+1","floor":18},{"not_picked":["Streamline","Fusion+1"],"picked":"Conserve Battery","floor":19},{"not_picked":["Go for the Eyes","Doom and Gloom"],"picked":"Ball Lightning+1","floor":21},{"not_picked":["Sweeping Beam","Cold Snap","Steam+1"],"picked":"SKIP","floor":24},{"not_picked":["Coolheaded","Turbo"],"picked":"Capacitor","floor":27},{"not_picked":["Coolheaded","Consume"],"picked":"Hello World","floor":28},{"not_picked":["Streamline+1","Steam Power"],"picked":"FTL","floor":30},{"not_picked":["Redo","All For One"],"picked":"Turbo+1","floor":31},{"not_picked":["Streamline","Genetic Algorithm"],"picked":"Conserve Battery","floor":32},{"not_picked":["All For One","Biased Cognition"],"picked":"Buffer","floor":33},{"not_picked":["Cold Snap+1","Redo"],"picked":"Leap+1","floor":35},{"not_picked":["Compile Driver","Streamline+1"],"picked":"Steam+1","floor":37}],"player_experience":470740,"relics_obtained":[{"floor":7,"key":"CeramicFish"},{"floor":9,"key":"InkBottle"},{"floor":10,"key":"Darkstone Periapt"},{"floor":12,"key":"DataDisk"},{"floor":14,"key":"Dream Catcher"},{"floor":22,"key":"Happy Flower"},{"floor":26,"key":"Mercury Hourglass"}],"event_choices":[{"damage_healed":0,"gold_gain":0,"player_choice":"Left Gold","damage_taken":0,"max_hp_gain":0,"max_hp_loss":0,"event_name":"World of Goop","floor":3,"gold_loss":23},{"damage_healed":18,"gold_gain":0,"player_choice":"Healed","damage_taken":0,"max_hp_gain":0,"max_hp_loss":0,"event_name":"The Cleric","floor":4,"gold_loss":35},{"damage_healed":0,"gold_gain":0,"player_choice":"Entered Light","damage_taken":15,"max_hp_gain":0,"max_hp_loss":0,"event_name":"Shining Light","floor":5,"gold_loss":0,"cards_upgraded":["Defend_B","Strike_B"]},{"damage_healed":0,"gold_gain":0,"cards_transformed":["Strike_B"],"player_choice":"Change","damage_taken":0,"max_hp_gain":0,"max_hp_loss":0,"event_name":"Living Wall","floor":8,"gold_loss":0,"cards_obtained":["Ball Lightning"]},{"damage_healed":0,"gold_gain":0,"player_choice":"Stole Relic","damage_taken":0,"relics_obtained":["Blue Candle"],"max_hp_gain":0,"max_hp_loss":0,"event_name":"Addict","floor":20,"gold_loss":0,"cards_obtained":["Shame"]},{"damage_healed":0,"gold_gain":0,"player_choice":"Paid Fearfully","damage_taken":0,"max_hp_gain":0,"max_hp_loss":0,"event_name":"Masked Bandits","floor":29,"gold_loss":41},{"damage_healed":0,"gold_gain":0,"player_choice":"Ignored","damage_taken":0,"max_hp_gain":0,"max_hp_loss":0,"event_name":"Mysterious Sphere","floor":38,"gold_loss":0}],"is_beta":false,"boss_relics":[{"not_picked":["Sozu","Runic Pyramid"],"picked":"SacredBark"},{"not_picked":["Snecko Eye","Cursed Key"],"picked":"Fusion Hammer"}],"items_purged_floors":[],"is_endless":false,"potions_floor_spawned":[7,12,14,27,31,33,35],"killed_by":"4 Shapes","ascension_level":11}}