{"host":"0c61l48zxvai1g68","time":1609648822,"event":{"mods":["2.2 Compatiblity","Act Like it!","Arknights The Spire","BaseMod","Challenge The Spire","Hallownest","HololiveMod","KinomotoSakuraMod(木之本樱)","KomeijiMod","Luminous","Minty Spire (QoL Compilation)","MostiFishMod","Prisma Mod","Quick Restart","Replay The Spire","RumiaBox-露米娅的神秘盒子","StSLib","The Alterego","The Animator","UnlockEverythingMod","Waifu the Spire","WarShipGirlsR/战舰少女R mod","Yakumo Yukari mod","【功能Mod】混沌之环修复补丁","【遗物卡牌】REMEMod"],"gold_per_floor":[115,115,129,147,147,179,179,195,220,234,247,257,292,302,302,402,402,418,418,418,431,450,450,483,494,517,548,647,672,704,722,722,817,817,830,844,637,649,664,698,714,714,714,714,714,732,791,802,802,577,577,577,577,577,430,458,458],"floor_reached":58,"playtime":2500,"items_purged":["Voices"],"score":1665,"play_id":"8cdffd9f-1bdc-4085-9756-40e0a8d7e004","local_time":"20210103124022","is_ascension_mode":false,"campfire_choices":[{"data":"MostiFishMod:SephirahHod","floor":15,"key":"SMITH"},{"floor":23,"key":"RECALL"},{"floor":32,"key":"REST"},{"floor":42,"key":"REST"},{"floor":54,"key":"REST"}],"circlet_count":0,"master_deck":["ats:Strike C","ats:Strike G+1","ats:Strike S","ats:Strike V","ats:Armor Crushing Shot","ats:Defend","ats:Defend","ats:Defend","ats:Emotion Absorption","animator:Strike","Luminous:Defend_Luminous","MostiFishMod:SephirahHod+1","ats:Volcano+1","ats:Very Hot Blade","ats:Encircling Forest","ats:Thermite Blade","ats:Revitalization","ats:Ignite","ats:Charging Defense","ats:Childhood Dance","ats:Charging Defense","ats:Healing Drone","ats:Curse Doll","ats:Roar Of Ursus","ats:Apocalypse","ats:Poison Spread","ats:Ambush","ats:Shadow Assault","ats:Flame Of Heaven","ats:Nebulous Foxfire","ats:Explosion Area Strengthen+1","ats:Volcano","ats:Consecutive Shot Auto","ats:Mental Burst","ats:True Silver Slash","ats:Curse Doll+1","ats:Overload+1","ats:Leaping Hammer+1","ats:Volcano","ats:Childhood Dance+1","ats:Red Shift+1","ats:Burning Ground+1","ats:Childhood Dance","ats:Rapid Magazine+1","ats:Sword Rain","ats:Assault Order+1"],"relics":["ats:Sanity","DaveBox","REME_ComplimentaryCards","Replay:Towering Pillar of Hats","MostiFishMod:Hod","SynthV:TestCard","Ring of Fury","ReplayTheSpireMod:Ring of Collecting","ats:Originium","Whetstone","Ring of Fangs","Orichalcum","PatriotShield","Ring of Misfortune","Omamori","Blood Vial","Smiling Mask","Replay:Wax Seal","HaiYi:Twilight","REME_CardOfGreed","Replay:Mystery Machine","Hololive_LightStick","Ice Cream","Nunchaku","ats:Rhine Circuitry","Pen Nib"],"acts_visited":["Hallownest:Greenpath","TheCity","Hallownest:KingdomsEdge","TheEnding"],"potions_floor_usage":[47],"damage_taken":[{"damage":8,"enemies":"Hallownest:2_Tiktiks_and_1_Crawlid","floor":1,"turns":4},{"damage":0,"enemies":"Hallownest:2_MossCreeps","floor":3,"turns":5},{"damage":3,"enemies":"2_ Uuma","floor":4,"turns":6},{"damage":11,"enemies":"Hallownest:eliteMossKnight","floor":6,"turns":8},{"damage":13,"enemies":"Hallownest:Guard_and_Warrior","floor":8,"turns":5},{"damage":7,"enemies":"Hallownest:2_Tiktiks_1_Baldur_1_Crawlid","floor":10,"turns":3},{"damage":2,"enemies":"Hallownest:Wandering_and_Horned","floor":11,"turns":4},{"damage":0,"enemies":"Hallownest:monsterMossCharger","floor":12,"turns":3},{"damage":0,"enemies":"Hallownest:eliteVengeflyKing","floor":13,"turns":7},{"damage":6,"enemies":"Hallownest:1_Baldur_1_Crawlid_1_Warrior","floor":14,"turns":5},{"damage":56,"enemies":"Hallownest:BossHornet","floor":16,"turns":12},{"damage":0,"enemies":"3 Byrds","floor":18,"turns":3},{"damage":0,"enemies":"2 Thieves","floor":21,"turns":2},{"damage":0,"enemies":"Cultist and Chosen","floor":22,"turns":2},{"damage":0,"enemies":"Slavers","floor":24,"turns":2},{"damage":0,"enemies":"Centurion and Healer","floor":25,"turns":3},{"damage":0,"enemies":"Gremlin Leader","floor":27,"turns":3},{"damage":0,"enemies":"Replay:Snechameleon","floor":30,"turns":2},{"damage":0,"enemies":"Snake Plant","floor":31,"turns":2},{"damage":0,"enemies":"Champ","floor":33,"turns":4},{"damage":0,"enemies":"Hallownest:Shield_Heavy","floor":35,"turns":3},{"damage":0,"enemies":"Hallownest:3_Siblings","floor":36,"turns":3},{"damage":0,"enemies":"Hallownest:monsterPrimalAspid","floor":38,"turns":2},{"damage":0,"enemies":"Hallownest:Xero_Hu_Marmu","floor":39,"turns":1},{"damage":0,"enemies":"Hallownest:StalkingDevout","floor":40,"turns":2},{"damage":0,"enemies":"Hallownest:Shield_Sturdy","floor":41,"turns":1},{"damage":0,"enemies":"Hallownest:2_Wing_and_1_Kings","floor":46,"turns":2},{"damage":4,"enemies":"Hallownest:2_Primals","floor":47,"turns":2},{"damage":0,"enemies":"Hallownest:monsterPrimalAspid","floor":48,"turns":2},{"damage":0,"enemies":"Hallownest:Radiance","floor":52,"turns":3},{"damage":0,"enemies":"Shield and Spear","floor":56,"turns":3},{"damage":0,"enemies":"The Heart","floor":57,"turns":4}],"seed_played":"1835536478423328736","potions_obtained":[{"floor":4,"key":"BlessingOfTheForge"},{"floor":6,"key":"ats:Emergency Sanity Potion"},{"floor":8,"key":"GamblersBrew"},{"floor":22,"key":"Doom Potion"},{"floor":47,"key":"Fruit Juice"}],"is_trial":false,"path_per_floor":["M","?","M","M","?","E","?","M","T","M","M","M","E","M","R","B",null,"M","?","?","M","M","R","E","M","T","E","?","T","E","M","R","B",null,"M","M","$","M","M","E","M","R","T","PTL","PTL","M","?","M","?","$","R","B",null,"R","$","E","B",null],"character_chosen":"DOCTOR_CLASS","items_purchased":["REME_CardOfGreed","Nunchaku","ats:Sword Rain","ats:Rhine Circuitry"],"campfire_rested":3,"item_purchase_floors":[37,50,50,55],"current_hp_per_floor":[64,64,64,61,61,50,50,46,46,39,43,48,59,71,71,38,72,72,72,72,72,72,72,72,72,72,72,72,72,72,72,72,72,72,72,72,72,72,72,72,72,72,72,72,72,72,77,77,77,77,77,77,77,77,77,77,77],"gold":458,"neow_bonus":"ONE_RARE_RELIC","is_daily":false,"chose_seed":false,"campfire_upgraded":1,"win_rate":0.0,"timestamp":1609648822,"path_taken":["M","?","M","M","?","E","?","M","T","M","M","M","E","M","R","BOSS","M","?","?","M","?","R","E","M","T","E","?","?","E","?","R","BOSS","M","M","$","M","?","E","M","R","T","PTL","PTL","M","?","M","?","$","R","BOSS","R","$","E","BOSS"],"items_purchased_type":["Relic","Relic","Card","Relic"],"build_version":"2020-12-22","purchased_purges":1,"victory":true,"max_hp_per_floor":[72,72,72,72,72,72,72,72,72,72,72,72,72,72,72,72,72,72,72,72,72,72,72,72,72,72,72,72,72,72,72,72,72,72,72,72,72,72,72,72,72,72,72,72,72,72,77,77,77,77,77,77,77,77,77,77,77],"card_choices":[{"not_picked":["ats:Powerful Strike","ats:Childhood Dance"],"picked":"ats:Very Hot Blade","floor":1},{"not_picked":["ats:Leaping Hammer","ats:Song Of Battle","ats:Soul Absorption","ats:Composite Medical Shells"],"picked":"ats:Encircling Forest","floor":3},{"not_picked":["ats:Poison Spread","ats:Flexible Camouflage","ats:Apocalypse","ats:Powerful Strike"],"picked":"ats:Thermite Blade","floor":4},{"not_picked":["ats:Hammer On","ats:Shell Defense","ats:Magnetic Hammer","ats:Poison Spread"],"picked":"ats:Revitalization","floor":6},{"not_picked":["ats:Flexible Camouflage","ats:Hammer On","ats:Song Of Battle","ats:Consecutive Shot Auto"],"picked":"ats:Ignite","floor":8},{"not_picked":["ats:Thermite Blade","ats:Healing Strengthening","ats:Support Order","ats:True Silver Slash"],"picked":"ats:Charging Defense","floor":10},{"not_picked":["ats:Cat Scratch","ats:Poison Spread","ats:Counter Healing Mode","ats:Soul Absorption"],"picked":"ats:Childhood Dance","floor":11},{"not_picked":["ats:Cat Scratch","ats:Neurotoxin","ats:Guardian Obelisk","ats:Powerful Strike"],"picked":"ats:Charging Defense","floor":12},{"not_picked":["ats:Closed Bolt Burst Fire","ats:Assault Order","ats:Sunburst","ats:Ignite"],"picked":"ats:Healing Drone","floor":13},{"not_picked":["ats:Powerful Strike","ats:Demon Strength","ats:Hammer On","ats:Assault Order"],"picked":"ats:Curse Doll","floor":14},{"not_picked":["ats:Soul Rend","ats:True Silver Slash","ats:Disruption Kick","ats:Rat Pack"],"picked":"ats:Roar Of Ursus","floor":16},{"not_picked":["ats:Flexible Camouflage","ats:Assault Order+1","ats:Guardian Obelisk","ats:Consecutive Shot Auto"],"picked":"ats:Apocalypse","floor":18},{"not_picked":["ats:Ignite","ats:Overload","ats:Hammer On","ats:Shell Defense+1"],"picked":"ats:Shadow Assault","floor":21},{"not_picked":["ats:Sunburst","ats:Consecutive Shot Auto","ats:Cat Scratch","ats:Sword Rain"],"picked":"ats:Flame Of Heaven","floor":22},{"not_picked":["ats:Shell Defense+1","ats:Thermite Blade","ats:Apocalypse+1","ats:Flexible Camouflage"],"picked":"ats:Nebulous Foxfire","floor":24},{"not_picked":["ats:Poison Spread","ats:Demon Strength","ats:Consecutive Shot Auto","ats:Cat Scratch"],"picked":"ats:Explosion Area Strengthen+1","floor":25},{"not_picked":["ats:Explosion Area Strengthen","ats:Shadow Raid","ats:Flexible Camouflage","ats:Healing Drone"],"picked":"ats:Volcano","floor":27},{"not_picked":["ats:Shell Defense+1","ats:Revitalization","ats:Explosion Area Strengthen+1","ats:Automatic Cover"],"picked":"ats:Consecutive Shot Auto","floor":30},{"not_picked":["ats:LN2 Cannon","ats:Shell Defense+1","ats:Defend Order","ats:Spore Proliferation+1"],"picked":"ats:Mental Burst","floor":31},{"not_picked":["ats:Calcification","ats:Dogmatic Field","ats:Shadow Assault","ats:Soul Rend"],"picked":"ats:True Silver Slash","floor":33},{"not_picked":["ats:Soul Absorption","ats:Spore Proliferation","ats:Hammer On","ats:Thorns+1"],"picked":"ats:Curse Doll+1","floor":35},{"not_picked":["ats:Composite Medical Shells","ats:Song Of Battle","ats:Defend Order+1","ats:Cat Scratch"],"picked":"ats:Overload+1","floor":36},{"not_picked":["ats:Wolf Pack","ats:Shell Defense","ats:Powerful Strike+1","ats:Poison Spread"],"picked":"ats:Leaping Hammer+1","floor":38},{"not_picked":["ats:Soul Absorption+1","ats:Revitalization+1","ats:Encircling Forest","ats:Support Order+1"],"picked":"ats:Volcano","floor":39},{"not_picked":["ats:Flame Of Heaven","ats:Hammer On","ats:Leaping Hammer","ats:Curse Doll+1"],"picked":"ats:Childhood Dance+1","floor":40},{"not_picked":["ats:Chain Hook+1","ats:Apocalypse+1","ats:Explosion Area Strengthen+1","ats:Shadow Raid+1"],"picked":"ats:Red Shift+1","floor":41},{"not_picked":["ats:Poison Spread","ats:Assault Order+1","ats:Support Order+1","ats:Revitalization+1"],"picked":"ats:Burning Ground+1","floor":46},{"not_picked":["ats:Beaten Up+1","ats:Chain Hook+1","ats:Curse Doll","ats:Collapsing Strike"],"picked":"ats:Childhood Dance","floor":47},{"not_picked":["ats:Wolf Pack","ats:Powerful Strike","ats:Composite Medical Shells+1","ats:Explosion Area Strengthen+1"],"picked":"ats:Rapid Magazine+1","floor":48},{"not_picked":["ats:Support Order+1","ats:Revitalization+1","ats:Explosion Area Strengthen+1","ats:Powerful Strike"],"picked":"ats:Assault Order+1","floor":56}],"player_experience":134674,"relics_obtained":[{"floor":1,"key":"SynthV:TestCard"},{"floor":5,"key":"Ring of Fury"},{"floor":5,"key":"ReplayTheSpireMod:Ring of Collecting"},{"floor":6,"key":"ats:Originium"},{"floor":6,"key":"Whetstone"},{"floor":9,"key":"Ring of Fangs"},{"floor":13,"key":"ats:Originium"},{"floor":13,"key":"Orichalcum"},{"floor":24,"key":"ats:Originium"},{"floor":26,"key":"Ring of Misfortune"},{"floor":26,"key":"Omamori"},{"floor":27,"key":"Blood Vial"},{"floor":29,"key":"Smiling Mask"},{"floor":30,"key":"Replay:Wax Seal"},{"floor":40,"key":"Replay:Mystery Machine"},{"floor":43,"key":"Hololive_LightStick"},{"floor":47,"key":"Ice Cream"},{"floor":56,"key":"Pen Nib"}],"event_choices":[{"damage_healed":0,"gold_gain":0,"player_choice":"Read","damage_taken":0,"max_hp_gain":0,"max_hp_loss":0,"event_name":"The Library","floor":19,"gold_loss":0,"cards_obtained":["ats:Poison Spread"]},{"damage_healed":0,"gold_gain":0,"cards_transformed":["ats:Defend"],"player_choice":"Transformed","damage_taken":0,"max_hp_gain":0,"max_hp_loss":0,"event_name":"Transmorgrifier","floor":20,"gold_loss":0,"cards_obtained":["ats:Ambush"]},{"damage_healed":0,"gold_gain":99,"player_choice":"Stole From Cult","damage_taken":0,"max_hp_gain":0,"max_hp_loss":0,"event_name":"Nest","floor":28,"gold_loss":0}],"is_beta":false,"boss_relics":[{"not_picked":["Pandora\u0027s Box","EasyGame_NEW"],"picked":"PatriotShield"},{"not_picked":["Replay:Wanted Poster","Replay:Drink Me"],"picked":"HaiYi:Twilight"}],"items_purged_floors":[37],"is_endless":false,"potions_floor_spawned":[4,6,8,11,14,16,18,22,24,30,33,35,39,41,47],"ascension_level":0}}