{"host":"pgqo2okrcsmr67kt","time":1609662097,"event":{"mods":["BaseMod","Colored Map","Colored Powertips","Downfall","Hermit","Marisa£®ÏF”Í°°ƒß¿Ì…≥£©","Minty Spire (QoL Compilation)","Reimu£®≤©¿ˆ¡È√Œ£©","Remilia£®¿Ÿ√◊¿Ú—«£©","Replay The Spire","Shop Mod","StSLib","SuperFastMode","The Bug Knight","The Cursed","The Poker Player","The Servant 0.9.4"],"gold_per_floor":[99,45,45,45,45,45,45,45,58,69,54,85,85,85,102,198,198,198,217,237,73,84,84,84,18,18,18],"floor_reached":26,"playtime":1773,"items_purged":[],"score":202,"play_id":"8b971191-1d5b-4159-9d77-28818f344ae9","local_time":"20210103162137","is_ascension_mode":false,"campfire_choices":[{"data":"MasterSpark","floor":1,"key":"SMITH"},{"data":"OortCloud","floor":8,"key":"SMITH"},{"data":"MilkyWay","floor":8,"key":"SMITH"},{"data":"OortCloud","floor":13,"key":"SMITH"},{"data":"SatelliteIllusion","floor":13,"key":"SMITH"},{"data":"EscapeVelocity","floor":18,"key":"SMITH"},{"data":"CasketOfStar","floor":18,"key":"SMITH"}],"circlet_count":0,"master_deck":["Strike_MRS","Strike_MRS","Strike_MRS","Strike_MRS","Defend_MRS","Defend_MRS","Defend_MRS","Defend_MRS","MasterSpark+1","UpSweep","EventHorizon+1","MilkyWay+1","OortCloud+1","CasketOfStar+1","SatelliteIllusion+1","OortCloud+1","MagicChant","EscapeVelocity+1","MysteriousBeam+1","PowerUp+1"],"relics":["MiniHakkero","downfall:HeartsMalice","CultistMask","Replay:Arrowhead","Bag of Marbles","Happy Flower","Snecko Eye","OrangePellets","downfall:KnowingSkull","Toy Ornithopter"],"acts_visited":["Exordium","TheCity"],"potions_floor_usage":[15,16,16,25,26],"damage_taken":[{"damage":0,"enemies":"downfall:FleeingMerchant","floor":2,"turns":1},{"damage":0,"enemies":"Small Slimes","floor":4,"turns":1},{"damage":0,"enemies":"Cultist","floor":6,"turns":1},{"damage":1,"enemies":"Jaw Worm","floor":9,"turns":4},{"damage":0,"enemies":"Large Slime","floor":10,"turns":3},{"damage":0,"enemies":"downfall:FleeingMerchant","floor":11,"turns":4},{"damage":22,"enemies":"3 Sentries","floor":12,"turns":10},{"damage":0,"enemies":"Exordium Thugs","floor":15,"turns":6},{"damage":15,"enemies":"downfall:Silent","floor":16,"turns":12},{"damage":10,"enemies":"Chosen","floor":19,"turns":5},{"damage":14,"enemies":"Snecko","floor":20,"turns":4},{"damage":17,"enemies":"downfall:FleeingMerchant","floor":21,"turns":4},{"damage":10,"enemies":"Snake Plant","floor":22,"turns":4},{"damage":11,"enemies":"downfall:FleeingMerchant","floor":25,"turns":4},{"damage":18,"enemies":"Centurion and Healer","floor":26,"turns":1}],"seed_played":"5194009291296155983","potions_obtained":[{"floor":9,"key":"Block Potion"},{"floor":10,"key":"SpeedPotion"},{"floor":12,"key":"ShroomBrew"},{"floor":22,"key":"ColorlessPotion"}],"is_trial":false,"path_per_floor":["R","$","?","M","?","M","T","R","M","M","$","E","R","?","M","B",null,"R","M","M","$","M","?","T","$","M"],"character_chosen":"MARISA","items_purchased":["GrandCross","OrangePellets","Strength Potion"],"campfire_rested":0,"item_purchase_floors":[2,21,25],"current_hp_per_floor":[75,75,75,75,75,75,75,75,74,74,74,52,52,27,27,12,75,75,65,51,34,24,19,19,13,0,0],"gold":18,"neow_bonus":"THREE_ENEMY_KILL","is_daily":false,"chose_seed":false,"campfire_upgraded":7,"win_rate":0.0,"timestamp":1609662097,"path_taken":["R","$","?","M","?","M","T","R","M","?","?","E","R","?","M","BOSS","R","M","M","$","M","?","T","$","?"],"items_purchased_type":["Card","Relic","Potion"],"build_version":"2020-12-22","purchased_purges":0,"victory":false,"max_hp_per_floor":[75,75,75,75,75,75,75,75,75,75,75,75,75,75,75,75,75,75,75,75,75,75,75,75,75,75,75],"card_choices":[{"not_picked":["ManaConvection","BigCrunch","Occultation"],"picked":"SKIP","floor":2},{"not_picked":["ShootTheMoon","LuminesStrike"],"picked":"MilkyWay","floor":4},{"not_picked":["EventHorizon","GravityBeat"],"picked":"OortCloud","floor":6},{"not_picked":["NonDirectionalLaser","PowerUp","UnstableBomb"],"picked":"SKIP","floor":9},{"not_picked":["LuminesStrike","GrandCross"],"picked":"CasketOfStar","floor":10},{"not_picked":["LuminesStrike","EnergyFlow"],"picked":"SatelliteIllusion","floor":11},{"not_picked":["RefractionSpark","PulseMagic"],"picked":"OortCloud","floor":12},{"not_picked":["NonDirectionalLaser","DeepEcoloBomb"],"picked":"MagicChant","floor":15},{"not_picked":["BlazingStar","CasketOfStar"],"picked":"EscapeVelocity","floor":16},{"not_picked":["LuminesStrike","OrrerysSun"],"picked":"MysteriousBeam+1","floor":19},{"not_picked":["MachineGunSpark+1","DarkMatter+1","IllusionStar"],"picked":"SKIP","floor":20},{"not_picked":["WitchLeyline","6A+1","IllusionStar"],"picked":"SKIP","floor":21},{"not_picked":["ShootTheMoon","WitchOfGreed"],"picked":"PowerUp+1","floor":22},{"not_picked":["RefractionSpark","LuminesStrike","DeepEcoloBomb+1"],"picked":"SKIP","floor":25}],"player_experience":6344,"relics_obtained":[{"floor":7,"key":"Replay:Arrowhead"},{"floor":12,"key":"Bag of Marbles"},{"floor":24,"key":"Toy Ornithopter"}],"event_choices":[{"damage_healed":0,"gold_gain":0,"player_choice":"Trade","damage_taken":0,"relics_obtained":["CultistMask"],"max_hp_gain":0,"max_hp_loss":0,"event_name":"FaceTrader","floor":5,"gold_loss":0},{"damage_healed":0,"gold_gain":0,"player_choice":"Success","damage_taken":25,"relics_obtained":["Happy Flower"],"max_hp_gain":0,"max_hp_loss":0,"event_name":"Scrap Ooze","floor":14,"gold_loss":0}],"is_beta":false,"boss_relics":[{"not_picked":["ChewingGum","RampagingMagicTools"],"picked":"Snecko Eye"}],"items_purged_floors":[],"is_endless":false,"potions_floor_spawned":[9,10,12,22],"killed_by":"Centurion and Healer","ascension_level":0}}