{"host":"nx6ib2o6hmd449ys","time":1609661506,"event":{"mods":["2.2 Compatiblity","Act Like it!","Arknights The Spire","Aspiration","BaseMod","Better Silent Start","Better Third Choice","BetterRewards","CCEM","Chen","Conjunction","Conspire","Downfall","Eldritch Tears","Elementarium","Energized Spire","Fireblade Mod","Friendly Minions","Gensokyo","GifTheSpireLib","GungeonMod","Halation","Hallownest","HornydragonMod","Hubris","Infinite Spire","Ironclad Rager","Jedi Mod","Marisa????????","Menagerie","Mimic Mod","Minty Spire (QoL Compilation)","MostiFishMod","Quick Restart","RRrroohrrRGHHhhh!!","Rare Cards Sparkle","RatMod","Replay The Spire","RumiaBox-????????","SIMod","Shop Mod","Small Relic Pack","Somnambulant","Spicy Shops","Spikes Relics","StSLib","Stuff the Spire","TestMod","The Bladedancer","The Blue Laboratory","The Caster","The Clintock","The Dragon Tamer","The Exalted","The Factory","The Florist","The Gatherer","The Jungle","The Marked","The Runesmith","TheWitcher","Thrall Mod","Wandering Minibosses","Yakumo Yukari mod","[IsaacMod]????","noobMod","sanctuary","vexMod","??????REMEMod"],"gold_per_floor":[99,99,99,74,13,13,13,13,13,13,13,0,0,0,0,0,0,0,0,0,0,0,0,0,0,0,0,0,0,0,0,0,0,0,66,66,66],"floor_reached":36,"playtime":2668,"items_purged":[],"score":610,"play_id":"145a7009-072b-4a67-80a5-516b3ac2debd","local_time":"20210103091146","is_ascension_mode":false,"campfire_choices":[{"data":"DoctorFetus","floor":15,"key":"SMITH"},{"data":"AlloutStrike","floor":33,"key":"SMITH"}],"circlet_count":0,"master_deck":["Strike_AJ","Strike_TS","Strike_RR","Strike_RD","Defend_TS","Defend_PP","Defend_FS","Defend_AJ","ConcertedEfforts","HarmonyShield","DoctorFetus+1","RunningOfTheLeaves+1","ThunderCloud","Pain","TakeTheLead+1","Louder","LoveMe+1","AlloutStrike+1","HarmonyForm+1","Magic_Beam","AllByMyself","ISayNo","Gensokyo:CrescentMoonSlash","Magic","BehindTheScene","CheerUp","ThunderCloud","Yay","Overwhelming+1","FriendshipIsMagic+1","ISayNo","Magic+1","TenInstruments","TasteRainbow","Louder","Anxiousness+1","ThunderCloud+1","Magictrain+1","PartyCana+1","Anxiousness+1","Mischief+1","CheerUp+1","SwiftKick+1","DemoMod:Elimentaler+1","LoveMe+1","HarmonyForm+1","Smile+1"],"relics":["The_element_of_harmony","HushsDoor","DaveBox","testmod-TestBox","ice","REME_ComplimentaryCards","SteamSale","SynthV:C4","testmod-Déjàvu","conspire:TreasureMap","CCEMRelics:WhiteRose","Golden Egg","DemoMod:NanoMachines","jedi:ominousloannote","PillsDrop","Bromod:ArcaneFury","DemoMod:OrangeGuonStone","MiniBlackHole","Gensokyo:LunaticRedEyes","Sanctuary:MetalUpa","DemoMod:GlassGuonStoneRelic","ats:Originium","StuffTheSpire:Tea","StuffTheSpire:Experiment12","Blue Doll","wanderingMiniBosses:ThiefScarf","SynthV:TestCard","Boneless","FeatherPendant","hubris:BottledHeart","Bromod:ArcaneMomentum","DemoMod:WhiteGuonStone","Bromod:ArcaneNullifier","StuffTheSpire:ForceGauntlet","DemoMod:RatBoots","DemoMod:ResourcefulSack","DemoMod:PartiallyEatenCheese"],"acts_visited":["Gensokyo:Gensokyo","TheCity","TheCity","Gensokyo:Gensokyoest"],"potions_floor_usage":[],"damage_taken":[{"damage":0,"enemies":"Gensokyo:Gryphon","floor":1,"turns":4},{"damage":1,"enemies":"Gensokyo:Python","floor":3,"turns":2},{"damage":9,"enemies":"Gensokyo:Aya","floor":6,"turns":4},{"damage":1,"enemies":"Gensokyo:2_Kodama","floor":7,"turns":1},{"damage":2,"enemies":"Gensokyo:Mamizou","floor":8,"turns":4},{"damage":0,"enemies":"Gensokyo:Gryphon_and_Rabbit","floor":11,"turns":2},{"damage":1,"enemies":"Gensokyo:5_Fairies","floor":12,"turns":8},{"damage":0,"enemies":"Gensokyo:VengefulSpirit","floor":13,"turns":2},{"damage":1,"enemies":"Gensokyo:Cirno","floor":14,"turns":7},{"damage":0,"enemies":"Gensokyo:Yukari","floor":16,"turns":6},{"damage":1,"enemies":"Chosen","floor":18,"turns":1},{"damage":0,"enemies":"Spheric Guardian","floor":21,"turns":2},{"damage":0,"enemies":"Centurion and Healer","floor":22,"turns":2},{"damage":0,"enemies":"conspire:Head Lice","floor":23,"turns":3},{"damage":0,"enemies":"conspire:HollyBat","floor":24,"turns":4},{"damage":0,"enemies":"DemoMod:Veteran_shot_gun_kin_and_bullet_kin","floor":28,"turns":1},{"damage":0,"enemies":"DemoMod:4_Bullet_Kins","floor":29,"turns":1},{"damage":0,"enemies":"DemoMod:Veteran_shot_gun_kin_and_red_shotgun_kin_with_gunsinger","floor":30,"turns":1},{"damage":0,"enemies":"DemoMod:Veteran_shot_gun_kin_and_blue_shotgun_kin","floor":31,"turns":2},{"damage":0,"enemies":"DemoMod:Veteran_shot_gun_kin_and_blue_shotgun_kin_with_gunsinger","floor":32,"turns":2},{"damage":0,"enemies":"DemoMod:ResourcefulRat","floor":35,"turns":8}],"seed_played":"-5710941837663562139","potions_obtained":[{"floor":11,"key":"Milkshake"}],"is_trial":false,"path_per_floor":["M","?","M","?","$","E","M","E","T","?","M","M","M","E","R","B",null,"M","?","?","M","M","E","M","$","T","R","M","M","M","M","M","R","B","B",null],"character_chosen":"TWI_CLASS","items_purchased":["conspire:TreasureMap","CCEMRelics:WhiteRose","Golden Egg","DemoMod:GnawedKey","jedi:ominousloannote","PillsDrop","DemoMod:OrangeGuonStone","Sanctuary:MetalUpa"],"campfire_rested":0,"item_purchase_floors":[0,0,0,0,0,0,0,5],"current_hp_per_floor":[46,46,45,45,45,36,38,36,36,24,24,23,23,22,22,22,85,84,1,1,1,1,1,1,1,1,1,1,1,1,1,1,1,1,1,1,1],"gold":66,"neow_bonus":"","is_daily":false,"chose_seed":false,"campfire_upgraded":2,"win_rate":0.0,"timestamp":1609661506,"path_taken":["M","?","M","?","$","E","M","E","T","?","?","M","M","E","R","BOSS","M","?","?","?","M","E","M","?","T","R","M","M","M","M","M","R","BOSS","BOSS"],"items_purchased_type":["Relic","Relic","Relic","Relic","Relic","Relic","Relic","Relic"],"build_version":"2020-12-13","purchased_purges":0,"victory":false,"max_hp_per_floor":[82,82,82,82,82,82,85,85,85,85,85,85,85,85,85,85,85,85,1,1,1,1,1,1,1,1,1,1,1,1,1,1,1,1,1,1,1],"card_choices":[{"not_picked":[],"picked":"DoctorFetus","floor":0},{"not_picked":["Smile"],"picked":"ThunderCloud","floor":1},{"not_picked":["Mischief","TwentyPercentcooler"],"picked":"SKIP","floor":1},{"not_picked":["BigDeal","RushToSky","Magictrain"],"picked":"TakeTheLead","floor":3},{"not_picked":["Dear_Princess","Celebrities","ServeMeal"],"picked":"Louder","floor":3},{"not_picked":["PinkiePromise","RunningOfTheLeaves","FriendOfNature"],"picked":"LoveMe","floor":6},{"not_picked":["Louder","FollowTherRainbow","PinkiePromise"],"picked":"AlloutStrike","floor":6},{"not_picked":["PinkiePromise","AlloutStrike","FarmExpert"],"picked":"HarmonyForm","floor":7},{"not_picked":["Perfectionism","KillingWithKindness","Smile"],"picked":"Magic_Beam","floor":7},{"not_picked":["Dear_Princess","FollowTherRainbow","TakeTheLead"],"picked":"AllByMyself","floor":8},{"not_picked":["ThunderCloud","ThrowingApples","TasteRainbow"],"picked":"ISayNo","floor":8},{"not_picked":["Louder","Mischief","FarmExpert"],"picked":"Magic","floor":11},{"not_picked":["AlloutStrike","SwiftKick","ISayNo","PartyAlone"],"picked":"SKIP","floor":11},{"not_picked":["Boundary"],"picked":"BehindTheScene","floor":12},{"not_picked":["AppleFeast","Whining"],"picked":"SKIP","floor":12},{"not_picked":["Whining","Return_To_Past","Magictrain"],"picked":"CheerUp","floor":13},{"not_picked":["AllByMyself","PartyTime","ISayNo","Smile"],"picked":"SKIP","floor":13},{"not_picked":["Generousity","FollowTherRainbow","Boundary"],"picked":"ThunderCloud","floor":14},{"not_picked":["Charge","FollowTherRainbow","Anxiousness"],"picked":"Yay","floor":14},{"not_picked":["PinkieSense","InspirationRecovery","Harmanyblast"],"picked":"Overwhelming","floor":16},{"not_picked":["CowboySkills","Sisterhood","MessyAndOrderly"],"picked":"FriendshipIsMagic","floor":16},{"not_picked":["AlloutStrike","AppleFeast+1","CleanLibrary","Smile"],"picked":"SKIP","floor":18},{"not_picked":["Whining","Charge","ServeMeal+1","Smile"],"picked":"SKIP","floor":18},{"not_picked":["Celebrities+1","TasteRainbow","CheerUp"],"picked":"ISayNo","floor":21},{"not_picked":["FarmExpert","Celebrities","Generousity"],"picked":"Magic+1","floor":21},{"not_picked":["KillingWithKindness","Dear_Princess","Boundary"],"picked":"TenInstruments","floor":22},{"not_picked":["Mischief","Charge","ISayNo","RunningOfTheLeaves+1"],"picked":"SKIP","floor":22},{"not_picked":["Return_To_Past","Charge+1","InspirationRecovery"],"picked":"TasteRainbow","floor":23},{"not_picked":["TenInstruments","Laughter","AppleFeast"],"picked":"Louder","floor":23},{"not_picked":["Louder","AppleFever","KillingWithKindness"],"picked":"Anxiousness+1","floor":24},{"not_picked":["TasteRainbow","FarmExpert+1","RashStunts","GemstoneDetection+1"],"picked":"SKIP","floor":24},{"not_picked":["FollowTherRainbow+1","ISayNo","Generousity"],"picked":"ThunderCloud+1","floor":28},{"not_picked":["BatchProduction+1","TasteRainbow+1","ServeMeal"],"picked":"Magictrain+1","floor":28},{"not_picked":["Honesty","Celebrities+1","Smile"],"picked":"PartyCana","floor":29},{"not_picked":["BatchProduction","Magic_Beam","Whining"],"picked":"Anxiousness+1","floor":29},{"not_picked":["Return_To_Past","Louder","Magic"],"picked":"Mischief+1","floor":30},{"not_picked":["AppleFever","Whining","RashStunts","TenInstruments+1"],"picked":"SKIP","floor":30},{"not_picked":["FriendshipIsMagic","Mischief","Return_To_Past"],"picked":"CheerUp+1","floor":31},{"not_picked":["TwentyPercentcooler","Whining","Smile+1"],"picked":"SwiftKick+1","floor":31},{"not_picked":["CheerUp","AllByMyself","FarmExpert+1","KillingWithKindness"],"picked":"SKIP","floor":32},{"not_picked":["AlloutStrike","Smile","PartyTime","FarmExpert+1"],"picked":"SKIP","floor":32},{"not_picked":[],"picked":"DemoMod:Elimentaler","floor":35},{"not_picked":["PinkieSense","Stare","SonicRainbow"],"picked":"LoveMe","floor":35},{"not_picked":["BeautySensation","PinkieSense","PartyCana"],"picked":"HarmonyForm","floor":35},{"not_picked":["Anxiousness","TasteRainbow+1","Magictrain"],"picked":"Smile+1","floor":36}],"player_experience":473596,"relics_obtained":[{"floor":1,"key":"SynthV:TestCard"},{"floor":6,"key":"ats:Originium"},{"floor":6,"key":"StuffTheSpire:Tea"},{"floor":8,"key":"ats:Originium"},{"floor":8,"key":"StuffTheSpire:Experiment12"},{"floor":9,"key":"Blue Doll"},{"floor":12,"key":"wanderingMiniBosses:ThiefScarf"},{"floor":12,"key":"SynthV:TestCard"},{"floor":14,"key":"ats:Originium"},{"floor":14,"key":"Boneless"},{"floor":20,"key":"Bromod:ArcaneMomentum"},{"floor":23,"key":"DemoMod:WhiteGuonStone"},{"floor":36,"key":"DemoMod:RatBoots"},{"floor":36,"key":"DemoMod:ResourcefulSack"},{"floor":36,"key":"DemoMod:PartiallyEatenCheese"}],"event_choices":[],"is_beta":false,"boss_relics":[{"not_picked":["testmod-SaigiyounoYou","ReplayTheSpireMod:SealedPack"],"picked":"FeatherPendant"},{"not_picked":[]},{"not_picked":[]}],"items_purged_floors":[],"is_endless":false,"potions_floor_spawned":[11,30,31],"ascension_level":0}}