{"host":"6bsan6hkua32tfq7","time":1609635315,"event":{"mods":["BaseMod","Better Third Choice","Colored Map","Highlight Path","Minty Spire (QoL Compilation)","StSLib"],"gold_per_floor":[114,125,136,155,155,155,155,155,155,185,195,195,211,79,79,158,158,173,73,73,84,84,84],"floor_reached":22,"playtime":1741,"items_purged":["Strike_B","Defend_B"],"score":372,"play_id":"21dfb905-0b16-4976-b30c-5b06a66a7f36","local_time":"20210103015515","is_ascension_mode":true,"campfire_choices":[{"data":"Genetic Algorithm","floor":6.0,"key":"SMITH"},{"data":"Zap","floor":8.0,"key":"SMITH"},{"data":"1","floor":12.0,"key":"LIFT"},{"data":"2","floor":15.0,"key":"LIFT"}],"circlet_count":0,"master_deck":["AscendersBane","Strike_B","Strike_B","Strike_B","Defend_B","Defend_B","Zap+1","Dualcast","Doom and Gloom","Genetic Algorithm+1","Steam","Barrage","Defragment","Sweeping Beam","Coolheaded","Electrodynamics","CurseOfTheBell","Leap+1","RitualDagger"],"relics":["Cracked Core","NeowsBlessing","Eternal Feather","Girya","Calling Bell","MealTicket","Gremlin Horn","Turnip"],"acts_visited":["Exordium","TheCity"],"potions_floor_usage":[22,22],"damage_taken":[{"damage":0.0,"enemies":"Jaw Worm","floor":1.0,"turns":1.0},{"damage":0.0,"enemies":"2 Louse","floor":2.0,"turns":1.0},{"damage":0.0,"enemies":"Cultist","floor":3.0,"turns":1.0},{"damage":10.0,"enemies":"Large Slime","floor":4.0,"turns":4.0},{"damage":33.0,"enemies":"3 Sentries","floor":10.0,"turns":9.0},{"damage":12.0,"enemies":"3 Louse","floor":11.0,"turns":3.0},{"damage":2.0,"enemies":"2 Fungi Beasts","floor":13.0,"turns":2.0},{"damage":10.0,"enemies":"Hexaghost","floor":16.0,"turns":7.0},{"damage":19,"enemies":"Spheric Guardian","floor":18,"turns":4},{"damage":34,"enemies":"2 Thieves","floor":21,"turns":3},{"damage":26,"enemies":"Shelled Parasite and Fungi","floor":22,"turns":3}],"seed_played":"-136513051640299126","potions_obtained":[{"floor":10.0,"key":"CultistPotion"},{"floor":16.0,"key":"LiquidBronze"},{"floor":21,"key":"AttackPotion"}],"is_trial":false,"path_per_floor":["M","M","M","M","?","R","?","R","T","E","M","R","M","$","R","B",null,"M","$","?","M","M"],"character_chosen":"DEFECT","items_purchased":["Coolheaded"],"campfire_rested":0,"item_purchase_floors":[14],"current_hp_per_floor":[64,64,64,54,59,59,59,59,59,26,14,23,21,21,30,20,62,43,58,52,18,0,0],"gold":84,"neow_bonus":"THREE_ENEMY_KILL","is_daily":false,"chose_seed":false,"campfire_upgraded":2,"win_rate":0.0,"timestamp":1609635315,"path_taken":["M","M","M","M","?","R","?","R","T","E","M","R","?","$","R","BOSS","M","$","?","M","M"],"items_purchased_type":["Card"],"build_version":"2020-12-22","purchased_purges":2,"victory":false,"max_hp_per_floor":[71,71,71,71,76,76,76,76,76,76,76,76,76,76,76,76,76,76,76,76,76,76,76],"card_choices":[{"not_picked":["Turbo","Hologram"],"picked":"Doom and Gloom","floor":1.0},{"not_picked":["Coolheaded","Sweeping Beam"],"picked":"Genetic Algorithm","floor":2.0},{"not_picked":["Hologram","Double Energy","Heatsinks"],"picked":"SKIP","floor":3.0},{"not_picked":["Biased Cognition","Blizzard"],"picked":"Steam","floor":4.0},{"not_picked":["BootSequence","Compile Driver"],"picked":"Barrage","floor":10.0},{"not_picked":["Turbo","Conserve Battery"],"picked":"Defragment","floor":11.0},{"not_picked":["Go for the Eyes","Barrage"],"picked":"Sweeping Beam","floor":13.0},{"not_picked":["Seek","Thunder Strike"],"picked":"Electrodynamics","floor":16.0},{"not_picked":["Compile Driver","Double Energy"],"picked":"Leap+1","floor":18},{"not_picked":["Turbo","Redo","Double Energy"],"picked":"SKIP","floor":21}],"player_experience":5213566,"relics_obtained":[{"floor":9.0,"key":"Eternal Feather"},{"floor":10.0,"key":"Girya"},{"floor":17,"key":"MealTicket"},{"floor":17,"key":"Gremlin Horn"},{"floor":17,"key":"Turnip"}],"event_choices":[{"damage_healed":0.0,"max_hp_gain":5.0,"max_hp_loss":0.0,"gold_gain":0.0,"event_name":"Big Fish","player_choice":"Donut","floor":5.0,"gold_loss":0.0,"damage_taken":0.0},{"cards_removed":["Defend_B"],"damage_healed":0.0,"max_hp_gain":0.0,"max_hp_loss":0.0,"gold_gain":0.0,"event_name":"Bonfire Elementals","player_choice":"Offered Basic","floor":7.0,"gold_loss":0.0,"damage_taken":0.0},{"damage_healed":0,"gold_gain":0,"player_choice":"Dagger","damage_taken":6,"max_hp_gain":0,"max_hp_loss":0,"event_name":"betterThird:BetterNest","floor":20,"gold_loss":0,"cards_obtained":["RitualDagger"]}],"is_beta":false,"boss_relics":[{"not_picked":["Astrolabe","Nuclear Battery"],"picked":"Calling Bell"}],"items_purged_floors":[14,19],"is_endless":false,"potions_floor_spawned":[10,16,21],"killed_by":"Shelled Parasite and Fungi","ascension_level":20}}