{"host":"wwo1kwxjf4eyz37q","time":1609658465,"event":{"mods":["AchievementEnabler","BaseMod","Colored Map","Minty Spire (QoL Compilation)","Quick Restart","SuperFastMode"],"gold_per_floor":[110,130,144,159,159,159,177,209,209,209,222,247,247,259,259,363,363,380,391,103,118,128,128,154,154,154,185,195,225,225,241,241,346,346,358,372,426,426,426,453,453,472,472,490,25,42,42,56,56,56],"floor_reached":51,"playtime":2858,"items_purged":["Strike_G","Strike_G"],"score":1061,"play_id":"33d22970-d170-496e-bc30-8b56202664e3","local_time":"20210103162105","is_ascension_mode":true,"campfire_choices":[{"data":"Neutralize","floor":6.0,"key":"SMITH"},{"data":"1","floor":10.0,"key":"LIFT"},{"data":"2","floor":13.0,"key":"LIFT"},{"data":"3","floor":15.0,"key":"LIFT"},{"data":"Footwork","floor":23.0,"key":"SMITH"},{"data":"Cloak And Dagger","floor":25.0,"key":"SMITH"},{"data":"After Image","floor":30.0,"key":"SMITH"},{"data":"Infinite Blades","floor":32.0,"key":"SMITH"},{"data":"Strike_G","floor":41,"key":"PURGE"},{"data":"Cloak And Dagger","floor":47,"key":"SMITH"},{"data":"Well Laid Plans","floor":49,"key":"SMITH"}],"circlet_count":0,"master_deck":["Defend_G","Defend_G","Defend_G","Defend_G","Defend_G","Survivor","Neutralize+1","Footwork+1","Flying Knee","Underhanded Strike","After Image+1","Acrobatics","Flying Knee","Acrobatics","Cloak And Dagger+1","Adrenaline","Backflip","Prepared+1","Slice","Blade Dance","PiercingWail","Well Laid Plans+1","Infinite Blades+1","Backflip","Envenom+1","Storm of Steel","Dagger Spray+1","Cloak And Dagger+1","Blade Dance","Corpse Explosion","Blade Dance+1","Cloak And Dagger+1","Acrobatics+1","Backflip+1","Concentrate"],"relics":["Ring of the Snake","Ice Cream","Girya","Potion Belt","Lantern","WristBlade","Frozen Egg 2","Peace Pipe","Pear","Ninja Scroll","Sozu","Bird Faced Urn","Tingsha","Letter Opener","TungstenRod"],"acts_visited":["Exordium","TheCity","TheBeyond"],"potions_floor_usage":[50,50,50],"damage_taken":[{"damage":2.0,"enemies":"Cultist","floor":1.0,"turns":4.0},{"damage":3.0,"enemies":"Jaw Worm","floor":2.0,"turns":5.0},{"damage":2.0,"enemies":"2 Louse","floor":3.0,"turns":3.0},{"damage":0.0,"enemies":"Looter","floor":4.0,"turns":4.0},{"damage":5.0,"enemies":"Exordium Wildlife","floor":7.0,"turns":5.0},{"damage":5.0,"enemies":"Lagavulin","floor":8.0,"turns":8.0},{"damage":8.0,"enemies":"Gremlin Gang","floor":11.0,"turns":5.0},{"damage":3.0,"enemies":"Gremlin Nob","floor":12.0,"turns":3.0},{"damage":1.0,"enemies":"3 Louse","floor":14.0,"turns":2.0},{"damage":14.0,"enemies":"The Guardian","floor":16.0,"turns":11.0},{"damage":0.0,"enemies":"Spheric Guardian","floor":18.0,"turns":3.0},{"damage":0.0,"enemies":"Chosen","floor":19.0,"turns":4.0},{"damage":0.0,"enemies":"Snecko","floor":21.0,"turns":4.0},{"damage":2.0,"enemies":"Cultist and Chosen","floor":22.0,"turns":5.0},{"damage":9.0,"enemies":"Book of Stabbing","floor":24.0,"turns":5.0},{"damage":7.0,"enemies":"Slavers","floor":27.0,"turns":3.0},{"damage":0.0,"enemies":"3 Cultists","floor":28.0,"turns":4.0},{"damage":0.0,"enemies":"Gremlin Leader","floor":29.0,"turns":3.0},{"damage":0.0,"enemies":"Snecko","floor":31.0,"turns":3.0},{"damage":27.0,"enemies":"Champ","floor":33.0,"turns":8.0},{"damage":0.0,"enemies":"Orb Walker","floor":35.0,"turns":2.0},{"damage":4.0,"enemies":"3 Darklings","floor":36.0,"turns":3.0},{"damage":6,"enemies":"2 Orb Walkers","floor":37,"turns":3},{"damage":0,"enemies":"Nemesis","floor":40,"turns":3},{"damage":0,"enemies":"Writhing Mass","floor":42,"turns":5},{"damage":3,"enemies":"4 Shapes","floor":44,"turns":3},{"damage":3,"enemies":"Spire Growth","floor":46,"turns":3},{"damage":0,"enemies":"Sphere and 2 Shapes","floor":48,"turns":2},{"damage":1,"enemies":"Donu and Deca","floor":50,"turns":5}],"seed_played":"-6378025399362791622","potions_obtained":[{"floor":2.0,"key":"Energy Potion"},{"floor":3.0,"key":"SneckoOil"},{"floor":7.0,"key":"FearPotion"},{"floor":11.0,"key":"Fruit Juice"},{"floor":12.0,"key":"Ancient Potion"},{"floor":14.0,"key":"GamblersBrew"},{"floor":18.0,"key":"Poison Potion"},{"floor":24.0,"key":"SteroidPotion"},{"floor":28.0,"key":"SneckoOil"},{"floor":31.0,"key":"Swift Potion"},{"floor":33.0,"key":"Dexterity Potion"}],"is_trial":false,"path_per_floor":["M","M","M","M","?","R","M","E","T","R","M","E","R","M","R","B",null,"M","M","$","M","M","R","E","R","T","E","M","E","R","M","R","B",null,"M","M","?","?","?","E","R","M","T","M","$","M","R","M","R","B",null],"character_chosen":"THE_SILENT","items_purchased":["Slice","Blade Dance","PiercingWail","Well Laid Plans","TungstenRod","Concentrate"],"campfire_rested":0,"item_purchase_floors":[20,20,20,20,45,45],"current_hp_per_floor":[61,58,56,56,56,56,51,46,46,46,43,40,40,39,39,25,57,57,57,57,57,55,55,46,46,46,49,49,49,49,49,49,22,64,64,60,54,54,54,60,60,68,68,69,69,72,72,76,76,77],"gold":56,"neow_bonus":"ONE_RARE_RELIC","is_daily":false,"chose_seed":false,"campfire_upgraded":7,"win_rate":0.0,"timestamp":1609658465,"path_taken":["M","M","?","M","?","R","M","E","T","R","?","E","R","M","R","BOSS","M","M","$","M","M","R","E","R","T","E","M","E","R","?","R","BOSS","M","M","?","?","?","E","R","?","T","M","$","M","R","M","R","BOSS"],"items_purchased_type":["Card","Card","Card","Card","Relic","Card"],"build_version":"2020-12-22","purchased_purges":2,"victory":true,"max_hp_per_floor":[63,63,63,63,63,63,63,63,63,63,68,68,68,68,68,68,68,68,68,68,68,68,68,68,68,68,78,78,78,78,78,78,78,78,78,78,78,78,78,78,78,78,78,78,78,78,78,78,78,78],"card_choices":[{"not_picked":["Poisoned Stab","Choke"],"picked":"Footwork","floor":1.0},{"not_picked":["Prepared","Crippling Poison"],"picked":"Flying Knee","floor":2.0},{"not_picked":["Dash","Accuracy","Flechettes"],"picked":"SKIP","floor":3.0},{"not_picked":["Slice","Blur"],"picked":"Underhanded Strike","floor":4.0},{"not_picked":["Dash","Dagger Throw"],"picked":"Acrobatics","floor":7.0},{"not_picked":["Deadly Poison","Deflect"],"picked":"Flying Knee","floor":8.0},{"not_picked":["Finisher","Night Terror","Heel Hook"],"picked":"SKIP","floor":11.0},{"not_picked":["Deflect","Terror"],"picked":"Acrobatics","floor":12.0},{"not_picked":["Concentrate","Acrobatics"],"picked":"Cloak And Dagger","floor":14.0},{"not_picked":["Venomology","Grand Finale"],"picked":"Adrenaline","floor":16.0},{"not_picked":["Dagger Throw+1","Sucker Punch"],"picked":"Backflip","floor":18.0},{"not_picked":["Dagger Spray","Deflect"],"picked":"Prepared+1","floor":19.0},{"not_picked":["Dagger Throw+1","Sucker Punch"],"picked":"Infinite Blades","floor":21.0},{"not_picked":["Dodge and Roll","Endless Agony"],"picked":"Backflip","floor":22.0},{"not_picked":["Dagger Throw","Caltrops+1"],"picked":"Envenom+1","floor":24.0},{"not_picked":["Deadly Poison","Bane"],"picked":"Storm of Steel","floor":27.0},{"not_picked":["Dodge and Roll","Flechettes"],"picked":"Dagger Spray+1","floor":28.0},{"not_picked":["Eviscerate+1","Dodge and Roll"],"picked":"Cloak And Dagger","floor":29.0},{"not_picked":["Heel Hook","Poisoned Stab+1"],"picked":"Blade Dance","floor":31.0},{"not_picked":["Storm of Steel","Glass Knife"],"picked":"Corpse Explosion","floor":33.0},{"not_picked":["Dagger Throw+1","Flying Knee"],"picked":"Blade Dance+1","floor":35.0},{"not_picked":["Night Terror","Backflip"],"picked":"Cloak And Dagger+1","floor":36.0},{"not_picked":["Flechettes+1","Poisoned Stab"],"picked":"Acrobatics+1","floor":37},{"not_picked":["Unload","Blade Dance"],"picked":"Backflip+1","floor":40},{"not_picked":["Calculated Gamble","Dagger Spray","Catalyst"],"picked":"SKIP","floor":42},{"not_picked":["Sucker Punch","Dash+1","PiercingWail"],"picked":"SKIP","floor":44},{"not_picked":["Underhanded Strike","Riddle With Holes","Poisoned Stab+1"],"picked":"SKIP","floor":46},{"not_picked":["Endless Agony","Calculated Gamble","Sucker Punch"],"picked":"SKIP","floor":48}],"player_experience":176259,"relics_obtained":[{"floor":8.0,"key":"Girya"},{"floor":9.0,"key":"Potion Belt"},{"floor":12.0,"key":"Lantern"},{"floor":24.0,"key":"Frozen Egg 2"},{"floor":26.0,"key":"Peace Pipe"},{"floor":27.0,"key":"Pear"},{"floor":29.0,"key":"Ninja Scroll"},{"floor":37,"key":"Bird Faced Urn"},{"floor":40,"key":"Tingsha"},{"floor":43,"key":"Letter Opener"}],"event_choices":[{"damage_healed":0.0,"max_hp_gain":0.0,"max_hp_loss":0.0,"gold_gain":0.0,"cards_transformed":["Strike_G"],"event_name":"Transmorgrifier","player_choice":"Transformed","floor":5.0,"gold_loss":0.0,"damage_taken":0.0,"cards_obtained":["After Image"]},{"damage_healed":0,"gold_gain":0,"player_choice":"Fight","damage_taken":0,"max_hp_gain":0,"max_hp_loss":0,"event_name":"Mysterious Sphere","floor":37,"gold_loss":0},{"cards_removed":["Strike_G"],"damage_healed":0,"gold_gain":0,"player_choice":"Removed Attack","damage_taken":0,"max_hp_gain":0,"max_hp_loss":0,"event_name":"Falling","floor":38,"gold_loss":0},{"damage_healed":0,"gold_gain":0,"player_choice":"Ignored","damage_taken":0,"max_hp_gain":0,"max_hp_loss":0,"event_name":"Tomb of Lord Red Mask","floor":39,"gold_loss":0}],"is_beta":false,"boss_relics":[{"not_picked":["Astrolabe","Black Star"],"picked":"WristBlade"},{"not_picked":["Calling Bell","Cursed Key"],"picked":"Sozu"}],"items_purged_floors":[20,45],"is_endless":false,"potions_floor_spawned":[2,3,7,11,12,14,18,24,28,31,33,35,40,48],"ascension_level":6}}