{"host":"p7j7o00jacnw7qzt","time":1609645598,"event":{"mods":["BaseMod","Colored Map","Colored Powertips","DeckTracker","Highlight Path","Minty Spire (QoL Compilation)","Relic Stats"],"gold_per_floor":[367,367,292,309,13,40,40,65,65,65,80,93,93,93,93,165,165,182,192,192,117,17,46,46,56,136,150,179,194,194,220,220,298,298,308,1307,1324,121,121,121,150,150,176,203,203,234,234,267,267,267,267,267,267,147,177,177],"floor_reached":57,"playtime":2985,"items_purged":["Strike_R","Defend_R","Defend_R","Rampage+1"],"score":3314,"play_id":"03712af8-a60d-4a9b-b986-6202f3499295","local_time":"20210102224638","is_ascension_mode":true,"campfire_choices":[{"data":"Whirlwind","floor":7.0,"key":"SMITH"},{"data":"Strike_R","floor":10.0,"key":"PURGE"},{"data":"Strike_R","floor":13.0,"key":"PURGE"},{"data":"Strike_R","floor":15.0,"key":"PURGE"},{"floor":24.0,"key":"REST"},{"floor":30.0,"key":"REST"},{"data":"Bloodletting","floor":32.0,"key":"SMITH"},{"data":"Whirlwind+1","floor":40.0,"key":"PURGE"},{"data":"Normality","floor":42.0,"key":"PURGE"},{"floor":49.0,"key":"RECALL"},{"data":"Defend_R","floor":53.0,"key":"PURGE"}],"circlet_count":0,"master_deck":["AscendersBane","Defend_R","Barricade+1","Feel No Pain","Bloodletting+1","Pommel Strike+1","Shrug It Off","Reaper+1","Normality","Evolve+1","Inflame+1","Rupture+1","Pain","Dual Wield+1","Havoc+1"],"relics":["Burning Blood","Chemical X","Peace Pipe","Pantograph","Molten Egg 2","Runic Cube","StrikeDummy","The Courier","Frozen Egg 2","Thread and Needle","Sozu","Blue Candle","CaptainsWheel","Juzu Bracelet","PrismaticShard","Matryoshka","WarpedTongs","Letter Opener","Paper Frog","Toy Ornithopter","Bronze Scales","Question Card","MealTicket","Vajra"],"acts_visited":["Exordium","TheCity","TheBeyond","TheEnding"],"potions_floor_usage":[],"damage_taken":[{"damage":6.0,"enemies":"Jaw Worm","floor":1.0,"turns":6.0},{"damage":5.0,"enemies":"Small Slimes","floor":4.0,"turns":5.0},{"damage":20.0,"enemies":"3 Sentries","floor":6.0,"turns":10.0},{"damage":31.0,"enemies":"Gremlin Nob","floor":8.0,"turns":4.0},{"damage":0.0,"enemies":"2 Louse","floor":11.0,"turns":1.0},{"damage":0.0,"enemies":"Exordium Wildlife","floor":12.0,"turns":1.0},{"damage":32.0,"enemies":"The Guardian","floor":16.0,"turns":14.0},{"damage":0.0,"enemies":"3 Byrds","floor":18.0,"turns":3.0},{"damage":10.0,"enemies":"Shell Parasite","floor":19.0,"turns":3.0},{"damage":32.0,"enemies":"Slavers","floor":23.0,"turns":3.0},{"damage":3.0,"enemies":"3 Cultists","floor":25.0,"turns":1.0},{"damage":28.0,"enemies":"Shelled Parasite and Fungi","floor":27.0,"turns":3.0},{"damage":3.0,"enemies":"Gremlin Leader","floor":28.0,"turns":4.0},{"damage":6.0,"enemies":"Snecko","floor":29.0,"turns":3.0},{"damage":10.0,"enemies":"Slavers","floor":31.0,"turns":3.0},{"damage":42.0,"enemies":"Automaton","floor":33.0,"turns":3.0},{"damage":68.0,"enemies":"3 Shapes","floor":35.0,"turns":1.0},{"damage":18.0,"enemies":"3 Darklings","floor":37.0,"turns":3.0},{"damage":15.0,"enemies":"Giant Head","floor":41.0,"turns":5.0},{"damage":18.0,"enemies":"Reptomancer","floor":44.0,"turns":2.0},{"damage":25.0,"enemies":"Giant Head","floor":46.0,"turns":2.0},{"damage":35.0,"enemies":"Nemesis","floor":48.0,"turns":3.0},{"damage":97.0,"enemies":"Time Eater","floor":50.0,"turns":6.0},{"damage":57.0,"enemies":"Donu and Deca","floor":51.0,"turns":2.0},{"damage":61.0,"enemies":"Shield and Spear","floor":55.0,"turns":2.0},{"damage":153,"enemies":"The Heart","floor":56,"turns":4}],"seed_played":"4945133015929334435","potions_obtained":[{"floor":1.0,"key":"SpeedPotion"},{"floor":6.0,"key":"Explosive Potion"},{"floor":12.0,"key":"Weak Potion"},{"floor":25.0,"key":"Block Potion"},{"floor":27.0,"key":"Block Potion"},{"floor":29.0,"key":"Swift Potion"},{"floor":33.0,"key":"EssenceOfSteel"}],"is_trial":false,"path_per_floor":["M","?","$","M","$","E","R","E","T","R","M","M","R","?","R","B",null,"M","M","?","?","$","E","R","M","T","M","E","M","R","E","R","B",null,"M","?","M","$","?","R","E","R","T","E","?","E","?","E","R","B","B",null,"R","$","E","B",null],"character_chosen":"IRONCLAD","items_purchased":["Whirlwind","Chemical X","Feel No Pain","Blue Candle","Evolve+1","Inflame+1","Rupture+1","CaptainsWheel","Juzu Bracelet","PrismaticShard","Matryoshka"],"campfire_rested":2,"item_purchase_floors":[5,5,5,38,38,38,38,38,38,38,38],"current_hp_per_floor":[68,68,68,68,68,54,54,29,29,29,35,41,41,15,15,14,55,61,57,38,38,38,12,33,36,36,14,17,17,38,34,34,23,61,14,14,17,17,17,17,27,27,27,73,73,73,63,73,73,73,73,73,73,73,73,73],"gold":177,"neow_bonus":"TWO_FIFTY_GOLD","is_daily":false,"chose_seed":false,"campfire_upgraded":2,"win_rate":0.0,"timestamp":1609645598,"path_taken":["M","?","$","M","$","E","R","E","T","R","M","M","R","?","R","BOSS","M","M","?","?","$","E","R","M","T","M","E","M","R","E","R","BOSS","M","?","M","$","?","R","E","R","T","E","?","E","?","E","R","BOSS","BOSS","R","$","E","BOSS"],"items_purchased_type":["Card","Relic","Card","Relic","Card","Card","Card","Relic","Relic","Relic","Relic"],"build_version":"2020-12-22","purchased_purges":4,"victory":true,"max_hp_per_floor":[68,68,68,68,68,68,68,68,68,68,68,68,68,68,68,68,68,68,68,73,73,73,73,73,73,73,73,73,73,73,73,73,73,73,73,73,73,73,73,73,73,73,73,73,73,73,73,73,73,73,73,73,73,73,73,73],"relic_stats":{"counters":[26,97],"Blue Candle":[15],"Juzu Bracelet":2,"Letter Opener":[115],"Question Card":5,"Burning Blood":114,"WarpedTongs":[19],"Peace Pipe":7,"Sozu":3,"Pantograph":50,"Bronze Scales":[90],"MealTicket":0,"Chemical X":[38],"obtain_stats":[{"Blue Candle":38,"Vajra":55,"Thread and Needle":31,"The Courier":26,"Juzu Bracelet":38,"Letter Opener":41,"Frozen Egg 2":28,"PrismaticShard":38,"Question Card":46,"Burning Blood":0,"WarpedTongs":39,"Peace Pipe":6,"Sozu":34,"CaptainsWheel":38,"Matryoshka":38,"Pantograph":8,"Bronze Scales":44,"Molten Egg 2":14,"MealTicket":48,"Chemical X":5,"StrikeDummy":23,"Toy Ornithopter":43,"Runic Cube":17,"Paper Frog":43},{"Blue Candle":18,"Vajra":25,"Thread and Needle":15,"The Courier":11,"Juzu Bracelet":18,"Letter Opener":19,"Frozen Egg 2":13,"PrismaticShard":18,"Question Card":21,"Burning Blood":0,"WarpedTongs":18,"Peace Pipe":3,"Sozu":16,"CaptainsWheel":18,"Matryoshka":18,"Pantograph":4,"Bronze Scales":20,"Molten Egg 2":6,"MealTicket":22,"Chemical X":2,"StrikeDummy":10,"Toy Ornithopter":19,"Runic Cube":7,"Paper Frog":19},{"Blue Candle":71,"Vajra":93,"Thread and Needle":64,"The Courier":51,"Juzu Bracelet":71,"Letter Opener":76,"Frozen Egg 2":58,"PrismaticShard":71,"Question Card":80,"Burning Blood":0,"WarpedTongs":71,"Peace Pipe":21,"Sozu":67,"CaptainsWheel":71,"Matryoshka":71,"Pantograph":25,"Bronze Scales":78,"Molten Egg 2":27,"MealTicket":83,"Chemical X":11,"StrikeDummy":50,"Toy Ornithopter":76,"Runic Cube":41,"Paper Frog":76}],"Toy Ornithopter":0,"Runic Cube":[222]},"card_choices":[{"not_picked":["Uppercut","Clash","Perfected Strike"],"picked":"SKIP","floor":1.0},{"not_picked":["Sentinel","Dual Wield","Infernal Blade"],"picked":"SKIP","floor":4.0},{"not_picked":["True Grit","Heavy Blade","Clothesline"],"picked":"SKIP","floor":6.0},{"not_picked":["Perfected Strike","Ghostly Armor","Sword Boomerang"],"picked":"SKIP","floor":8.0},{"not_picked":["Pommel Strike","Carnage","Sentinel"],"picked":"SKIP","floor":11.0},{"not_picked":["Havoc","Thunderclap","Pummel"],"picked":"SKIP","floor":12.0},{"not_picked":["Seeing Red","Perfected Strike+1","Thunderclap+1"],"picked":"SKIP","floor":18.0},{"not_picked":["Seeing Red","Perfected Strike+1","Thunderclap+1"],"picked":"SKIP","floor":18.0},{"not_picked":["Anger+1","Warcry"],"picked":"Bloodletting","floor":19.0},{"not_picked":["Cleave+1","Intimidate"],"picked":"Pommel Strike+1","floor":23.0},{"not_picked":["Clash+1","Twin Strike+1","Armaments"],"picked":"SKIP","floor":25.0},{"not_picked":["Body Slam+1","Rage"],"picked":"Shrug It Off","floor":27.0},{"not_picked":["Dual Wield+1","Clash+1","Armaments"],"picked":"SKIP","floor":28.0},{"not_picked":["Pommel Strike+1","Fiend Fire+1","Armaments"],"picked":"SKIP","floor":29.0},{"not_picked":["Thunderclap+1","Second Wind","Pommel Strike+1"],"picked":"SKIP","floor":31.0},{"not_picked":["Corruption+1","Feed+1"],"picked":"Reaper+1","floor":33.0},{"not_picked":["Cleave+1","Warcry+1"],"picked":"Rampage+1","floor":35.0},{"not_picked":["Second Wind","Flame Barrier+1","Searing Blow+1"],"picked":"SKIP","floor":37.0},{"not_picked":["Redo","FollowUp+1","Dash+1"],"picked":"SKIP","floor":41.0},{"not_picked":["Lockon+1","Cold Snap+1","Redo"],"picked":"SKIP","floor":44.0},{"not_picked":["Lockon+1","Cold Snap+1","Redo"],"picked":"SKIP","floor":44.0},{"not_picked":["Evaluate","Flash of Steel+1"],"picked":"Dual Wield+1","floor":46.0},{"not_picked":["PanicButton+1","Grand Finale+1","Gash+1","Deadly Poison"],"picked":"SKIP","floor":48.0},{"not_picked":["Warcry","Cloak And Dagger+1","Beam Cell+1"],"picked":"Havoc+1","floor":55.0}],"player_experience":946199,"relics_obtained":[{"floor":6.0,"key":"Peace Pipe"},{"floor":8.0,"key":"Pantograph"},{"floor":23.0,"key":"StrikeDummy"},{"floor":26.0,"key":"The Courier"},{"floor":28.0,"key":"Frozen Egg 2"},{"floor":31.0,"key":"Thread and Needle"},{"floor":41.0,"key":"Letter Opener"},{"floor":43.0,"key":"Paper Frog"},{"floor":43.0,"key":"Toy Ornithopter"},{"floor":44.0,"key":"Bronze Scales"},{"floor":46.0,"key":"Question Card"},{"floor":48.0,"key":"MealTicket"},{"floor":55.0,"key":"Vajra"}],"event_choices":[{"damage_healed":0.0,"max_hp_gain":0.0,"max_hp_loss":0.0,"gold_gain":0.0,"cards_transformed":["Strike_R"],"event_name":"Living Wall","player_choice":"Change","floor":2.0,"gold_loss":0.0,"damage_taken":0.0,"cards_obtained":["Barricade"]},{"damage_healed":0.0,"max_hp_gain":0.0,"max_hp_loss":0.0,"gold_gain":0.0,"event_name":"Scrap Ooze","player_choice":"Success","floor":14.0,"gold_loss":0.0,"damage_taken":26.0,"relics_obtained":["Molten Egg 2"]},{"damage_healed":0.0,"max_hp_gain":5.0,"max_hp_loss":0.0,"gold_gain":0.0,"event_name":"Forgotten Altar","player_choice":"Shed Blood","floor":20.0,"gold_loss":0.0,"damage_taken":24.0},{"cards_removed":["Bash"],"damage_healed":0.0,"max_hp_gain":0.0,"max_hp_loss":0.0,"gold_gain":0.0,"event_name":"Beggar","player_choice":"Gave Gold","floor":21.0,"gold_loss":75.0,"damage_taken":0.0},{"damage_healed":0.0,"max_hp_gain":0.0,"max_hp_loss":0.0,"gold_gain":999.0,"event_name":"MindBloom","player_choice":"Gold","floor":36.0,"gold_loss":0.0,"damage_taken":0.0,"cards_obtained":["Normality","Normality"]},{"damage_healed":0.0,"max_hp_gain":0.0,"max_hp_loss":0.0,"gold_gain":0.0,"event_name":"Accursed Blacksmith","player_choice":"Rummage","floor":39.0,"gold_loss":0.0,"damage_taken":0.0,"relics_obtained":["WarpedTongs"],"cards_obtained":["Pain"]},{"damage_healed":0.0,"max_hp_gain":0.0,"max_hp_loss":0.0,"gold_gain":0.0,"event_name":"Upgrade Shrine","player_choice":"Upgraded","floor":45.0,"gold_loss":0.0,"damage_taken":0.0,"cards_upgraded":["Barricade"]},{"damage_healed":0.0,"max_hp_gain":0.0,"max_hp_loss":0.0,"gold_gain":0.0,"event_name":"SensoryStone","player_choice":"Memory 3","floor":47.0,"gold_loss":0.0,"damage_taken":10.0}],"is_beta":false,"boss_relics":[{"not_picked":["Tiny House","Mark of Pain"],"picked":"Runic Cube"},{"not_picked":["Pandora\u0027s Box","Astrolabe"],"picked":"Sozu"}],"items_purged_floors":[3,22,38,54],"is_endless":false,"potions_floor_spawned":[1,6,12,25,27,29,33,41,44,46],"ascension_level":20}}