{"host":"t179ovrkr5k1gnfh","time":1609708176,"event":{"mods":["AchievementEnabler","BaseMod","Colored Map","Downfall","Marisa????????","Minty Spire (QoL Compilation)","StSLib"],"gold_per_floor":[99,9,9,9,159,188,212,62,73,98,98,114,114,132,152,253,253,253,265,281,281,281,297,297,36,36,56,76,1,13,24,36,138,188,188,204,204,204],"floor_reached":37,"playtime":2961,"items_purged":["Defend_MRS","Defend_MRS"],"score":501,"play_id":"baae6194-6c10-4ebf-a0b5-bb344ea7d4df","local_time":"20210103220936","is_ascension_mode":true,"campfire_choices":[{"floor":1,"key":"RECALL"},{"data":"Regret","floor":8,"key":"PURGE"},{"floor":13,"key":"REST"},{"data":"Slimebound:Icky","floor":18,"key":"PURGE"},{"data":"MilkyWay","floor":26,"key":"SMITH"},{"data":"MilkyWay","floor":29,"key":"SMITH"},{"data":"OortCloud","floor":35,"key":"SMITH"}],"circlet_count":0,"master_deck":["Strike_MRS","Strike_MRS","Defend_MRS+1","Defend_MRS","MasterSpark+1","UpSweep","OortCloud+1","MilkyWay+1","AlicesGift","EarthLightRay","PowerUp+1","MilkyWay+1","MilkyWay+1","ShootingEcho+1","StarBarrage","UnstableBomb","PulseMagic+1"],"relics":["MiniHakkero","Peace Pipe","Darkstone Periapt","Oddly Smooth Stone","downfall:HeartBlessingGreen","downfall:HeartBlessingRed","Boot","expansioncontent:StudyCardRelic","Nunchaku","downfall:HeartBlessingBlue","Tiny House"],"acts_visited":["Exordium","TheCity","TheBeyond"],"potions_floor_usage":[15,16,16,16,23,33,33,37,37],"damage_taken":[{"damage":1,"enemies":"downfall:FleeingMerchant","floor":2,"turns":4},{"damage":35,"enemies":"3 Sentries","floor":6,"turns":10},{"damage":0,"enemies":"2 Louse","floor":9,"turns":2},{"damage":10,"enemies":"Gremlin Nob","floor":10,"turns":3},{"damage":0,"enemies":"Jaw Worm","floor":12,"turns":2},{"damage":0,"enemies":"Small Slimes","floor":14,"turns":3},{"damage":2,"enemies":"Exordium Wildlife","floor":15,"turns":3},{"damage":8,"enemies":"downfall:Ironclad","floor":16,"turns":4},{"damage":3,"enemies":"3 Byrds","floor":19,"turns":4},{"damage":0,"enemies":"Shell Parasite","floor":20,"turns":2},{"damage":0,"enemies":"Snecko","floor":23,"turns":5},{"damage":0,"enemies":"downfall:FleeingMerchant","floor":25,"turns":4},{"damage":0,"enemies":"Shelled Parasite and Fungi","floor":27,"turns":3},{"damage":6,"enemies":"Snake Plant","floor":28,"turns":2},{"damage":2,"enemies":"Snecko","floor":30,"turns":4},{"damage":0,"enemies":"3 Cultists","floor":31,"turns":4},{"damage":0,"enemies":"Cultist and Chosen","floor":32,"turns":3},{"damage":37,"enemies":"downfall:Watcher","floor":33,"turns":5},{"damage":19,"enemies":"3 Shapes","floor":36,"turns":2},{"damage":68,"enemies":"Orin","floor":37,"turns":9}],"seed_played":"-100264854231919583","potions_obtained":[{"floor":9,"key":"Explosive Potion"},{"floor":10,"key":"Dexterity Potion"},{"floor":12,"key":"hexamod:EctoCoolerPotion"},{"floor":15,"key":"ColorlessPotion"},{"floor":19,"key":"Energy Potion"},{"floor":23,"key":"BlessingOfTheForge"},{"floor":30,"key":"EssenceOfSteel"},{"floor":32,"key":"EssenceOfSteel"},{"floor":34,"key":"SpeedPotion"}],"is_trial":false,"path_per_floor":["R","$","?","?","?","E","T","R","M","E","?","M","R","M","M","B",null,"R","M","M","?","?","M","T","$","R","M","M","R","M","M","M","B",null,"R","M","?"],"character_chosen":"MARISA","items_purchased":["Nunchaku"],"campfire_rested":1,"item_purchase_floors":[25],"current_hp_per_floor":[75,74,67,67,67,32,32,32,32,22,22,22,44,48,50,46,68,68,69,69,69,69,73,73,75,75,75,69,79,81,85,85,48,81,81,62,0,0],"gold":204,"neow_bonus":"THREE_CARDS","is_daily":false,"chose_seed":false,"campfire_upgraded":3,"win_rate":0.0,"timestamp":1609708176,"path_taken":["R","$","?","?","?","E","T","R","?","E","?","M","R","M","M","BOSS","R","M","M","?","?","M","T","$","R","M","M","R","M","?","M","BOSS","R","M","?"],"items_purchased_type":["Relic"],"build_version":"2020-12-22","purchased_purges":2,"victory":false,"max_hp_per_floor":[75,75,75,75,75,75,75,75,75,75,75,75,75,75,75,75,75,75,75,75,75,75,75,75,75,75,75,75,85,85,85,85,85,90,90,90,90,90],"card_choices":[{"not_picked":["SprinkleStarSeal","6A"],"picked":"OortCloud","floor":0},{"not_picked":["WitchLeyline","6A"],"picked":"MilkyWay","floor":2},{"not_picked":["UnstableBomb","RefractionSpark","EnergyFlow"],"picked":"SKIP","floor":6},{"not_picked":["SporeBomb","GravityBeat","LuminesStrike"],"picked":"SKIP","floor":9},{"not_picked":["MeteoricShower","LuminesStrike"],"picked":"AlicesGift","floor":10},{"not_picked":["Acceleration","SporeBomb"],"picked":"EarthLightRay","floor":12},{"not_picked":["OrrerysSun","ShootingEcho"],"picked":"PowerUp","floor":14},{"not_picked":["WitchOfGreed","Singularity"],"picked":"MilkyWay","floor":15},{"not_picked":["LuminesStrike","PropBag","EarthLightRay"],"picked":"SKIP","floor":19},{"not_picked":["AlicesGift+1","WitchOfGreed","MysteriousBeam"],"picked":"SKIP","floor":20},{"not_picked":["MysteriousBeam","PropBag"],"picked":"MilkyWay","floor":23},{"not_picked":["MaximisePower","WitchLeyline"],"picked":"ShootingEcho+1","floor":25},{"not_picked":["WitchLeyline","LuminesStrike","IllusionStar"],"picked":"SKIP","floor":27},{"not_picked":["StarlightTyphoon","MilkyWay","DeepEcoloBomb"],"picked":"SKIP","floor":28},{"not_picked":["OrrerysSun","MeteoricShower","PowerUp"],"picked":"SKIP","floor":30},{"not_picked":["Acceleration","MilkyWay","Robbery+1"],"picked":"SKIP","floor":31},{"not_picked":["DragonMeteor","MysteriousBeam"],"picked":"StarBarrage","floor":32},{"not_picked":["SprinkleStarSeal","SporeBomb"],"picked":"UnstableBomb","floor":34},{"not_picked":["AsteroidBelt+1","DarkSpark"],"picked":"PulseMagic+1","floor":36}],"player_experience":241758,"relics_obtained":[{"floor":6,"key":"Darkstone Periapt"},{"floor":7,"key":"Oddly Smooth Stone"},{"floor":10,"key":"Boot"}],"event_choices":[{"damage_healed":0,"gold_gain":0,"player_choice":"Success","damage_taken":7,"relics_obtained":["Peace Pipe"],"max_hp_gain":0,"max_hp_loss":0,"event_name":"Scrap Ooze","floor":3,"gold_loss":0},{"cards_removed":["Strike_MRS"],"damage_healed":0,"gold_gain":0,"player_choice":"Offered Basic","damage_taken":0,"max_hp_gain":0,"max_hp_loss":0,"event_name":"Bonfire Elementals","floor":11,"gold_loss":0},{"damage_healed":0,"gold_gain":0,"player_choice":"Ignored","damage_taken":0,"max_hp_gain":0,"max_hp_loss":0,"event_name":"Ghosts","floor":21,"gold_loss":0},{"cards_removed":["Strike_MRS"],"damage_healed":0,"gold_gain":0,"player_choice":"Elegance","damage_taken":0,"max_hp_gain":0,"max_hp_loss":0,"event_name":"Back to Basics","floor":22,"gold_loss":0},{"damage_healed":0,"gold_gain":0,"player_choice":"Fight","damage_taken":0,"max_hp_gain":0,"max_hp_loss":0,"event_name":"OrinTheCat","floor":37,"gold_loss":0}],"is_beta":false,"boss_relics":[{"not_picked":["downfall:Hecktoplasm","Runic Pyramid"],"picked":"expansioncontent:StudyCardRelic"},{"not_picked":["Astrolabe","Pandora\u0027s Box"],"picked":"Tiny House"}],"items_purged_floors":[2,25],"is_endless":false,"potions_floor_spawned":[9,10,12,14,15,19,23,30,32],"killed_by":"Orin","ascension_level":5}}