{"host":"d8hh7rr4yzitjeuj","time":1609651791,"event":{"mods":["2.2 Compatiblity","AchievementEnabler","BaseMod","CapriCore","Colored Map","Colored Powertips","Highlight Path","Keyboard Shortcuts","Minty Spire (QoL Compilation)","Permanent Neow","Quick Restart","StSLib","SuperFastMode"],"gold_per_floor":[19,37,49,49,59,93,108,121,171,246,43,43,71,71,71,148,148,167,179,179,179,179,179,207,207,207,221,136,136,151,170,170,244,244,257,179,179,189,189,215,215,245,245,274,292,84,98,118,118,118,118],"floor_reached":50,"playtime":1748,"items_purged":["Writhe"],"score":1199,"play_id":"0479c79d-5f31-4555-ab7b-2b7696398e21","local_time":"20210103142951","is_ascension_mode":true,"campfire_choices":[{"data":"Blood for Blood","floor":12.0,"key":"SMITH"},{"data":"Berserk","floor":15.0,"key":"SMITH"},{"floor":23.0,"key":"REST"},{"floor":25.0,"key":"REST"},{"data":"Blind","floor":29.0,"key":"SMITH"},{"floor":32.0,"key":"REST"},{"floor":49,"key":"REST"}],"circlet_count":0,"master_deck":["AscendersBane","Strike_R+1","Strike_R+1","Strike_R+1","Strike_R+1","Defend_R+1","Defend_R+1","Defend_R+1","Defend_R+1","Bash","Wild Strike","Iron Wave","Carnage","Headbutt","Perfected Strike","Shockwave","Evolve","Shrug It Off","Blind+1","Blood for Blood+1","Berserk+1","Exhume","Offering","Rupture","Necronomicurse","Corruption","Feel No Pain","Entrench","Ghostly Armor","Brutality","Combust","Sentinel","Shrug It Off","Dark Embrace","Shrug It Off"],"relics":["Burning Blood","Turnip","Paper Frog","Blood Vial","Bag of Preparation","Vajra","Runic Pyramid","Necronomicon","Tiny Chest","The Courier","Bronze Scales","Busted Crown","Bottled Lightning","Boot","Bottled Flame","Ginger","OrangePellets"],"acts_visited":["Exordium","TheCity","TheBeyond"],"potions_floor_usage":[],"damage_taken":[{"damage":17.0,"enemies":"Cultist","floor":1.0,"turns":4.0},{"damage":10.0,"enemies":"Small Slimes","floor":2.0,"turns":5.0},{"damage":4.0,"enemies":"Jaw Worm","floor":3.0,"turns":4.0},{"damage":6.0,"enemies":"2 Fungi Beasts","floor":5.0,"turns":3.0},{"damage":20.0,"enemies":"3 Sentries","floor":6.0,"turns":9.0},{"damage":15.0,"enemies":"Gremlin Gang","floor":7.0,"turns":5.0},{"damage":0.0,"enemies":"Large Slime","floor":8.0,"turns":4.0},{"damage":6.0,"enemies":"Gremlin Nob","floor":13.0,"turns":3.0},{"damage":16.0,"enemies":"Hexaghost","floor":16.0,"turns":9.0},{"damage":22.0,"enemies":"2 Thieves","floor":18.0,"turns":3.0},{"damage":17.0,"enemies":"Shell Parasite","floor":19.0,"turns":3.0},{"damage":40.0,"enemies":"Book of Stabbing","floor":24.0,"turns":4.0},{"damage":7.0,"enemies":"Centurion and Healer","floor":27.0,"turns":2.0},{"damage":0.0,"enemies":"Snecko","floor":30.0,"turns":3.0},{"damage":19.0,"enemies":"Shelled Parasite and Fungi","floor":31.0,"turns":3.0},{"damage":22.0,"enemies":"Champ","floor":33.0,"turns":8.0},{"damage":0.0,"enemies":"Orb Walker","floor":35.0,"turns":2.0},{"damage":23.0,"enemies":"3 Darklings","floor":38.0,"turns":4.0},{"damage":13.0,"enemies":"Nemesis","floor":40.0,"turns":7.0},{"damage":23.0,"enemies":"Giant Head","floor":42.0,"turns":5.0},{"damage":57.0,"enemies":"Reptomancer","floor":44.0,"turns":5.0},{"damage":14.0,"enemies":"Writhing Mass","floor":45.0,"turns":3.0},{"damage":6,"enemies":"Spire Growth","floor":47,"turns":2},{"damage":7,"enemies":"Sphere and 2 Shapes","floor":48,"turns":4},{"damage":37,"enemies":"Time Eater","floor":50,"turns":6}],"seed_played":"-1908482821786241010","potions_obtained":[{"floor":3.0,"key":"SpeedPotion"},{"floor":5.0,"key":"Block Potion"},{"floor":7.0,"key":"CultistPotion"},{"floor":8.0,"key":"LiquidMemories"},{"floor":27.0,"key":"ElixirPotion"},{"floor":33.0,"key":"Regen Potion"},{"floor":35.0,"key":"PowerPotion"},{"floor":42.0,"key":"AttackPotion"}],"is_trial":false,"path_per_floor":["M","M","M","T","M","E","M","M","T","?","$","R","E","?","R","B",null,"M","M","?","?","?","R","E","R","T","M","?","R","M","M","R","B",null,"M","$","?","M","?","E","T","E","T","E","M","$","M","M","R","B"],"character_chosen":"IRONCLAD","items_purchased":["Shrug It Off","Blind","Blood for Blood","Sentinel","Shrug It Off","OrangePellets","Shrug It Off"],"campfire_rested":4,"item_purchase_floors":[11,11,11,36,36,46,46],"current_hp_per_floor":[57,53,55,55,55,41,34,42,42,31,31,31,33,33,33,25,63,49,40,40,19,19,41,9,31,31,32,32,32,40,29,51,37,66,74,74,74,58,73,68,68,62,62,13,7,7,9,10,32,0,0],"gold":118,"neow_bonus":"ONE_RARE_RELIC","is_daily":false,"chose_seed":false,"campfire_upgraded":3,"win_rate":0.0,"timestamp":1609651791,"path_taken":["M","M","M","?","M","E","M","M","T","?","?","R","E","?","R","BOSS","M","?","?","?","?","R","E","R","T","M","?","R","M","M","R","BOSS","M","$","?","M","?","E","?","E","T","E","M","$","M","M","R","BOSS"],"items_purchased_type":["Card","Card","Card","Card","Card","Relic","Card"],"build_version":"2020-12-22","purchased_purges":1,"victory":false,"max_hp_per_floor":[75,75,75,75,75,75,75,75,75,75,75,75,75,75,75,75,75,75,75,75,75,75,75,75,75,75,75,75,75,75,75,75,75,75,75,75,75,75,75,75,75,75,75,75,75,75,75,75,75,75,75],"card_choices":[{"not_picked":["Blood for Blood","True Grit"],"picked":"Wild Strike","floor":1.0},{"not_picked":["Anger","Twin Strike"],"picked":"Iron Wave","floor":2.0},{"not_picked":["Seeing Red","Feel No Pain"],"picked":"Carnage","floor":3.0},{"not_picked":["Inflame","Shrug It Off"],"picked":"Headbutt","floor":5.0},{"not_picked":["Clash","Reckless Charge"],"picked":"Perfected Strike","floor":6.0},{"not_picked":["Clash","Corruption"],"picked":"Shockwave","floor":7.0},{"not_picked":["Headbutt","Armaments"],"picked":"Evolve","floor":8.0},{"not_picked":["Rupture","Iron Wave"],"picked":"Berserk","floor":13.0},{"not_picked":["Reaper","Barricade"],"picked":"Offering","floor":16.0},{"not_picked":["Clash","Sword Boomerang","Pommel Strike"],"picked":"SKIP","floor":18.0},{"not_picked":["Flex","Headbutt","Anger"],"picked":"SKIP","floor":19.0},{"not_picked":["Pommel Strike","Headbutt"],"picked":"Corruption","floor":24.0},{"not_picked":["Intimidate","Searing Blow"],"picked":"Feel No Pain","floor":27.0},{"not_picked":["Rampage","Flame Barrier"],"picked":"Entrench","floor":30.0},{"not_picked":["Cleave","Thunderclap+1"],"picked":"Ghostly Armor","floor":31.0},{"not_picked":["Juggernaut","Immolate"],"picked":"Brutality","floor":33.0},{"not_picked":[],"picked":"Combust","floor":35.0},{"not_picked":["Twin Strike"],"picked":"SKIP","floor":38.0},{"not_picked":[],"picked":"Dark Embrace","floor":40.0},{"not_picked":["Clothesline"],"picked":"SKIP","floor":42.0},{"not_picked":["Carnage+1"],"picked":"SKIP","floor":44.0},{"not_picked":["Clash"],"picked":"SKIP","floor":45.0},{"not_picked":["Sword Boomerang"],"picked":"SKIP","floor":47},{"not_picked":["Spot Weakness"],"picked":"SKIP","floor":48}],"player_experience":1400072,"relics_obtained":[{"floor":4.0,"key":"Paper Frog"},{"floor":6.0,"key":"Blood Vial"},{"floor":9.0,"key":"Bag of Preparation"},{"floor":13.0,"key":"Vajra"},{"floor":21.0,"key":"Necronomicon"},{"floor":24.0,"key":"Tiny Chest"},{"floor":26.0,"key":"The Courier"},{"floor":40.0,"key":"Bottled Lightning"},{"floor":42.0,"key":"Boot"},{"floor":43.0,"key":"Bottled Flame"},{"floor":44.0,"key":"Ginger"}],"event_choices":[{"damage_healed":0.0,"max_hp_gain":0.0,"max_hp_loss":0.0,"gold_gain":75.0,"event_name":"World of Goop","player_choice":"Gather Gold","floor":10.0,"gold_loss":0.0,"damage_taken":11.0},{"damage_healed":0.0,"max_hp_gain":0.0,"max_hp_loss":0.0,"gold_gain":0.0,"cards_transformed":["Strike_R"],"event_name":"Transmorgrifier","player_choice":"Transformed","floor":14.0,"gold_loss":0.0,"damage_taken":0.0,"cards_obtained":["Exhume"]},{"damage_healed":0.0,"max_hp_gain":0.0,"max_hp_loss":0.0,"gold_gain":0.0,"event_name":"The Library","player_choice":"Read","floor":20.0,"gold_loss":0.0,"damage_taken":0.0,"cards_obtained":["Rupture"]},{"damage_healed":0.0,"max_hp_gain":0.0,"max_hp_loss":0.0,"gold_gain":0.0,"event_name":"Cursed Tome","player_choice":"Obtained Book","floor":21.0,"gold_loss":0.0,"damage_taken":21.0},{"damage_healed":0.0,"max_hp_gain":0.0,"max_hp_loss":0.0,"gold_gain":0.0,"event_name":"Back to Basics","player_choice":"Simplicity","floor":22.0,"gold_loss":0.0,"damage_taken":0.0,"cards_upgraded":["Strike_R","Strike_R","Strike_R","Strike_R","Defend_R","Defend_R","Defend_R","Defend_R"]},{"damage_healed":0.0,"max_hp_gain":0.0,"max_hp_loss":0.0,"gold_gain":0.0,"event_name":"Addict","player_choice":"Obtained Relic","floor":28.0,"gold_loss":85.0,"damage_taken":0.0,"relics_obtained":["Bronze Scales"]},{"damage_healed":0.0,"max_hp_gain":0.0,"max_hp_loss":0.0,"gold_gain":0.0,"event_name":"Tomb of Lord Red Mask","player_choice":"Ignored","floor":37.0,"gold_loss":0.0,"damage_taken":0.0},{"damage_healed":15.0,"max_hp_gain":0.0,"max_hp_loss":0.0,"gold_gain":0.0,"event_name":"Winding Halls","player_choice":"Writhe","floor":39.0,"gold_loss":0.0,"damage_taken":0.0,"cards_obtained":["Writhe"]}],"is_beta":false,"boss_relics":[{"not_picked":["Black Star","SacredBark"],"picked":"Runic Pyramid"},{"not_picked":["Empty Cage","Velvet Choker"],"picked":"Busted Crown"}],"items_purged_floors":[46],"is_endless":false,"potions_floor_spawned":[3,5,7,8,13,27,30,33,35,38,42],"killed_by":"Time Eater","ascension_level":20}}