{"host":"ga4s3hj9m6nkn6gp","time":1609696401,"event":{"mods":["BaseMod","Colored Powertips","Minty Spire (QoL Compilation)","Relic Stats"],"gold_per_floor":[115,115,129,143,161,161,195,275,275,275,291,304,46,80,80,151,151,171,171,191,202,36,67,67,67,67,14,14,34,34,67,67,145,145,163,173,173,173,10,10,10,343,343,370,388,416,416,446,446,446,446,446,446,14,46,46,46],"floor_reached":56,"playtime":5349,"items_purged":["Strike_G"],"score":2297,"play_id":"2461332c-7882-4cbb-b508-8a5cec524641","local_time":"20210103185321","is_ascension_mode":true,"campfire_choices":[{"data":"Dash","floor":6,"key":"SMITH"},{"data":"Corpse Explosion","floor":10,"key":"SMITH"},{"data":"Noxious Fumes","floor":15,"key":"SMITH"},{"data":"Wraith Form v2","floor":24,"key":"SMITH"},{"data":"Deadly Poison","floor":28,"key":"SMITH"},{"data":"Crippling Poison","floor":32,"key":"SMITH"},{"data":"Catalyst","floor":41,"key":"SMITH"},{"floor":47,"key":"RECALL"},{"data":"Burst","floor":49,"key":"SMITH"},{"data":"PiercingWail","floor":53,"key":"SMITH"}],"circlet_count":0,"master_deck":["AscendersBane","Strike_G","Strike_G","Strike_G","Defend_G","Defend_G","Defend_G+1","Defend_G","Defend_G","Survivor","Neutralize","Flying Knee","Corpse Explosion+1","Crippling Poison+1","Dash+1","Backstab","Deadly Poison+1","Noxious Fumes+1","Wraith Form v2+1","Concentrate+1","PiercingWail+1","Adrenaline","PiercingWail+1","Calculated Gamble","Madness","Madness","Catalyst+1","Concentrate","Blade Dance","Burst+1","Prepared+1","Wraith Form v2+1"],"relics":["Ring of the Snake","Dream Catcher","Anchor","Oddly Smooth Stone","Kunai","Runic Pyramid","Toolbox","War Paint","Eternal Feather","Nunchaku","Enchiridion","Thread and Needle","Sozu","Old Coin","Smiling Mask","Bird Faced Urn","Ice Cream","DollysMirror","Paper Crane","StrikeDummy"],"acts_visited":["Exordium","TheCity","TheBeyond","TheEnding"],"potions_floor_usage":[7,20,31,33,51],"damage_taken":[{"damage":0,"enemies":"2 Louse","floor":1,"turns":4},{"damage":1,"enemies":"Jaw Worm","floor":3,"turns":4},{"damage":0,"enemies":"Cultist","floor":4,"turns":3},{"damage":3,"enemies":"Looter","floor":5,"turns":4},{"damage":16,"enemies":"Lagavulin","floor":7,"turns":6},{"damage":9,"enemies":"Exordium Wildlife","floor":11,"turns":5},{"damage":7,"enemies":"2 Fungi Beasts","floor":12,"turns":3},{"damage":0,"enemies":"3 Sentries","floor":14,"turns":3},{"damage":6,"enemies":"Hexaghost","floor":16,"turns":9},{"damage":1,"enemies":"Shell Parasite","floor":18,"turns":7},{"damage":1,"enemies":"2 Thieves","floor":20,"turns":4},{"damage":4,"enemies":"Snecko","floor":21,"turns":5},{"damage":4,"enemies":"Gremlin Leader","floor":23,"turns":7},{"damage":0,"enemies":"3 Cultists","floor":29,"turns":2},{"damage":0,"enemies":"Slavers","floor":31,"turns":1},{"damage":1,"enemies":"Champ","floor":33,"turns":13},{"damage":0,"enemies":"3 Shapes","floor":35,"turns":3},{"damage":0,"enemies":"Orb Walker","floor":36,"turns":5},{"damage":0,"enemies":"Nemesis","floor":42,"turns":5},{"damage":0,"enemies":"Reptomancer","floor":44,"turns":6},{"damage":0,"enemies":"4 Shapes","floor":45,"turns":4},{"damage":3,"enemies":"Nemesis","floor":46,"turns":7},{"damage":27,"enemies":"Reptomancer","floor":48,"turns":7},{"damage":39,"enemies":"Donu and Deca","floor":50,"turns":7},{"damage":28,"enemies":"Time Eater","floor":51,"turns":9},{"damage":0,"enemies":"Shield and Spear","floor":55,"turns":4},{"damage":75,"enemies":"The Heart","floor":56,"turns":5}],"seed_played":"-3636426023174746103","potions_obtained":[{"floor":3,"key":"Strength Potion"},{"floor":4,"key":"BlessingOfTheForge"},{"floor":12,"key":"LiquidMemories"},{"floor":16,"key":"PowerPotion"},{"floor":23,"key":"BlessingOfTheForge"},{"floor":31,"key":"Weak Potion"},{"floor":33,"key":"SmokeBomb"}],"is_trial":false,"path_per_floor":["M","?","M","M","M","R","E","?","T","R","M","M","$","E","R","B",null,"M","?","M","M","$","E","R","?","T","?","R","M","?","E","R","B",null,"M","M","?","?","$","?","R","E","T","E","M","E","R","E","R","B","B",null,"R","$","E","B"],"character_chosen":"THE_SILENT","items_purchased":["Noxious Fumes","Oddly Smooth Stone","Toolbox","Catalyst","DollysMirror","Paper Crane"],"campfire_rested":0,"item_purchase_floors":[13,13,22,39,54,54],"current_hp_per_floor":[65,65,64,64,61,61,45,45,45,45,36,29,29,29,29,23,60,59,59,58,54,54,50,50,50,50,50,62,62,41,41,53,52,67,67,67,54,54,54,54,69,69,69,69,69,66,72,47,65,32,10,57,72,72,72,0,0],"gold":46,"neow_bonus":"TEN_PERCENT_HP_BONUS","is_daily":false,"chose_seed":false,"campfire_upgraded":9,"win_rate":0.0,"timestamp":1609696401,"path_taken":["M","?","M","M","M","R","E","?","T","R","?","M","$","E","R","BOSS","M","?","M","M","$","E","R","?","T","?","R","?","?","E","R","BOSS","M","M","?","?","?","?","R","E","T","E","M","E","R","E","R","BOSS","BOSS","R","$","E","BOSS"],"items_purchased_type":["Card","Relic","Relic","Card","Relic","Relic"],"build_version":"2020-12-22","purchased_purges":1,"victory":false,"max_hp_per_floor":[72,72,72,72,72,72,72,72,72,72,72,72,72,72,72,72,72,72,72,72,72,72,72,72,72,72,72,72,72,72,72,72,72,72,72,72,72,72,72,72,72,72,72,72,72,72,72,72,72,72,72,72,72,72,72,72,72],"relic_stats":{"Sozu":4,"Dream Catcher":0,"Nunchaku":[13],"counters":[27,142],"Bird Faced Urn":[16],"Eternal Feather":78,"Kunai":[32],"War Paint":["Defend_G","Concentrate"],"Smiling Mask":0,"obtain_stats":[{"Ice Cream":48,"Oddly Smooth Stone":13,"Enchiridion":30,"Eternal Feather":26,"Thread and Needle":31,"War Paint":23,"Paper Crane":54,"Smiling Mask":44,"Old Coin":42,"Sozu":34,"Dream Catcher":7,"Anchor":9,"Nunchaku":27,"DollysMirror":54,"Bird Faced Urn":46,"Toolbox":22,"Kunai":14,"StrikeDummy":55,"Ring of the Snake":0,"Runic Pyramid":17},{"Ice Cream":23,"Oddly Smooth Stone":7,"Enchiridion":14,"Eternal Feather":13,"Thread and Needle":15,"War Paint":13,"Paper Crane":25,"Smiling Mask":20,"Old Coin":19,"Sozu":16,"Dream Catcher":5,"Anchor":5,"Nunchaku":13,"DollysMirror":25,"Bird Faced Urn":22,"Toolbox":12,"Kunai":8,"StrikeDummy":26,"Ring of the Snake":0,"Runic Pyramid":9},{"Ice Cream":117,"Oddly Smooth Stone":29,"Enchiridion":66,"Eternal Feather":64,"Thread and Needle":67,"War Paint":64,"Paper Crane":133,"Smiling Mask":99,"Old Coin":93,"Sozu":80,"Dream Catcher":21,"Anchor":21,"Nunchaku":64,"DollysMirror":133,"Bird Faced Urn":110,"Toolbox":57,"Kunai":32,"StrikeDummy":137,"Ring of the Snake":0,"Runic Pyramid":41}],"Ring of the Snake":[54]},"card_choices":[{"not_picked":["Acrobatics","Crippling Poison"],"picked":"Flying Knee","floor":1},{"not_picked":["Acrobatics","Slice"],"picked":"Backstab","floor":3},{"not_picked":["Flying Knee","Poisoned Stab"],"picked":"Crippling Poison","floor":4},{"not_picked":["Dagger Throw","Leg Sweep"],"picked":"Dash","floor":5},{"not_picked":["Finisher","Crippling Poison"],"picked":"Backstab","floor":7},{"not_picked":["Bane","Endless Agony"],"picked":"Deadly Poison","floor":11},{"not_picked":["Riddle With Holes","Cloak And Dagger","Infinite Blades"],"picked":"SKIP","floor":12},{"not_picked":["Unload","Cloak And Dagger","Deflect"],"picked":"SKIP","floor":14},{"not_picked":["Phantasmal Killer","Storm of Steel"],"picked":"Wraith Form v2","floor":16},{"not_picked":["Slice+1","Underhanded Strike","Deflect"],"picked":"SKIP","floor":18},{"not_picked":["Deadly Poison","Setup","Heel Hook+1"],"picked":"SKIP","floor":20},{"not_picked":["Cloak And Dagger","Dagger Spray","Quick Slash"],"picked":"SKIP","floor":21},{"not_picked":["After Image","Acrobatics","Poisoned Stab"],"picked":"SKIP","floor":23},{"not_picked":["Acrobatics+1","Dagger Spray"],"picked":"PiercingWail+1","floor":29},{"not_picked":["Acrobatics","Riddle With Holes+1","Phantasmal Killer"],"picked":"SKIP","floor":31},{"not_picked":["Night Terror","Unload"],"picked":"Adrenaline","floor":33},{"not_picked":["Bane","Reflex"],"picked":"PiercingWail","floor":35},{"not_picked":["Setup","Flying Knee+1"],"picked":"Calculated Gamble","floor":36},{"not_picked":["Flying Knee","Slice"],"picked":"Concentrate","floor":42},{"not_picked":["Flying Knee","Dodge and Roll"],"picked":"Blade Dance","floor":44},{"not_picked":["Slice","Quick Slash","Backflip"],"picked":"SKIP","floor":45},{"not_picked":["Slice","Escape Plan"],"picked":"Burst","floor":46},{"not_picked":["Backflip","Bane"],"picked":"Prepared+1","floor":48},{"not_picked":["Heel Hook","Glass Knife","Underhanded Strike"],"picked":"SKIP","floor":55}],"player_experience":554381,"relics_obtained":[{"floor":7,"key":"Dream Catcher"},{"floor":9,"key":"Anchor"},{"floor":14,"key":"Kunai"},{"floor":23,"key":"War Paint"},{"floor":26,"key":"Eternal Feather"},{"floor":30,"key":"Enchiridion"},{"floor":31,"key":"Thread and Needle"},{"floor":42,"key":"Old Coin"},{"floor":44,"key":"Smiling Mask"},{"floor":46,"key":"Bird Faced Urn"},{"floor":48,"key":"Ice Cream"},{"floor":55,"key":"StrikeDummy"}],"event_choices":[{"damage_healed":0,"gold_gain":0,"cards_transformed":["Strike_G"],"player_choice":"Change","damage_taken":0,"max_hp_gain":0,"max_hp_loss":0,"event_name":"Living Wall","floor":2,"gold_loss":0,"cards_obtained":["Corpse Explosion"]},{"damage_healed":0,"gold_gain":80,"player_choice":"Gained Gold","damage_taken":0,"max_hp_gain":0,"max_hp_loss":0,"event_name":"Golden Wing","floor":8,"gold_loss":0},{"damage_healed":0,"gold_gain":0,"player_choice":"Read","damage_taken":0,"max_hp_gain":0,"max_hp_loss":0,"event_name":"The Library","floor":19,"gold_loss":0,"cards_obtained":["Concentrate"]},{"damage_healed":0,"gold_gain":0,"player_choice":"Ignored","damage_taken":0,"max_hp_gain":0,"max_hp_loss":0,"event_name":"Ghosts","floor":25,"gold_loss":0},{"damage_healed":0,"gold_gain":0,"player_choice":"Paid Gold","damage_taken":0,"relics_obtained":["Nunchaku"],"max_hp_gain":0,"max_hp_loss":0,"event_name":"WeMeetAgain","floor":27,"gold_loss":53},{"damage_healed":0,"gold_gain":0,"player_choice":"Obtained Book","damage_taken":21,"max_hp_gain":0,"max_hp_loss":0,"event_name":"Cursed Tome","floor":30,"gold_loss":0},{"damage_healed":0,"gold_gain":0,"player_choice":"Embrace Madness","damage_taken":13,"max_hp_gain":0,"max_hp_loss":0,"event_name":"Winding Halls","floor":37,"gold_loss":0,"cards_obtained":["Madness","Madness"]},{"damage_healed":0,"gold_gain":0,"player_choice":"Ignored","damage_taken":0,"max_hp_gain":0,"max_hp_loss":0,"event_name":"Tomb of Lord Red Mask","floor":38,"gold_loss":0},{"cards_removed":["Backstab"],"damage_healed":0,"gold_gain":0,"player_choice":"Removed Attack","damage_taken":0,"max_hp_gain":0,"max_hp_loss":0,"event_name":"Falling","floor":40,"gold_loss":0}],"is_beta":false,"boss_relics":[{"not_picked":["SlaversCollar","HoveringKite"],"picked":"Runic Pyramid"},{"not_picked":["Cursed Key","Runic Dome"],"picked":"Sozu"}],"items_purged_floors":[39],"is_endless":false,"potions_floor_spawned":[3,4,5,12,14,16,18,23,31,33,36,42,46,48,55],"killed_by":"The Heart","ascension_level":20}}