{"host":"8hy8aczuekhxmmq8","time":1609672226,"event":{"mods":["Act Like it!","BaseMod","Colored Map","Colored Powertips","DeckTracker","Gensokyo","Marisa£¨Ùöéë¡¡Øª×âÞÞ£©","Minty Spire (QoL Compilation)","Quick Restart","StSLib","SuperFastMode"],"gold_per_floor":[114,214,60,79,79,111,111,138,164,164,164,239,274,292,292,389,389,406,406,162,179,104,138,138,150,200,212,112,112,125,125,125,224,224,243,89,100,100,100,128,128,158,212,212,239,78,90,122,122,122],"floor_reached":51,"playtime":1539,"items_purged":["Gensokyo:AllTheWorldsEvil","FinalSpark","UpSweep"],"score":878,"play_id":"072287b7-7f3e-4f40-8d09-90c8e525568c","local_time":"20210103201026","is_ascension_mode":true,"campfire_choices":[{"data":"Apotheosis","floor":7.0,"key":"SMITH"},{"floor":15.0,"key":"REST"},{"floor":24.0,"key":"REST"},{"data":"PropBag","floor":29.0,"key":"SMITH"},{"floor":32.0,"key":"REST"},{"floor":41.0,"key":"REST"},{"floor":49,"key":"REST"}],"circlet_count":0,"master_deck":["Defend_MRS","Defend_MRS","Defend_MRS","Defend_MRS","Apotheosis+1","PulseMagic","GalacticHalo","PropBag+1","GalacticHalo","AbsoluteMagnitude","EnergyFlow","OortCloud+1","AbsoluteMagnitude","ChargingUp+1","TreasureHunter","OortCloud+1","AsteroidBelt+1","OortCloud+1","GalacticHalo","EnergyFlow","Gensokyo:PrivateSquare","SprinkleStarSeal","PropBag","Gensokyo:LifeSpringInfinity","AsteroidBelt","PulseMagic+1"],"relics":["MiniHakkero","SimpleLauncher","Happy Flower","Nunchaku","Question Card","Whetstone","BreadOfAWashokuLover","Incense Burner","Philosopher\u0027s Stone","ClockworkSouvenir","Omamori","MealTicket","Kunai","Gensokyo:ChorusOfJoy","Empty Cage","Orrery","Dream Catcher","Juzu Bracelet","Mercury Hourglass","Sundial","Bag of Preparation","MawBank","Centennial Puzzle"],"acts_visited":["Exordium","Gensokyo:Gensokyo","Gensokyo:Gensokyoer"],"potions_floor_usage":[50],"damage_taken":[{"damage":0.0,"enemies":"Gensokyo:3_Fairies","floor":1.0,"turns":3.0},{"damage":3.0,"enemies":"Gensokyo:Python","floor":4.0,"turns":3.0},{"damage":10.0,"enemies":"Gensokyo:Mamizou","floor":6.0,"turns":10.0},{"damage":26.0,"enemies":"Gensokyo:Cirno","floor":8.0,"turns":7.0},{"damage":20.0,"enemies":"Gensokyo:Aya","floor":13.0,"turns":5.0},{"damage":2.0,"enemies":"Gensokyo:2_Kodama","floor":14.0,"turns":3.0},{"damage":17.0,"enemies":"Gensokyo:Yukari","floor":16.0,"turns":8.0},{"damage":0.0,"enemies":"Gensokyo:CosmicMonolith","floor":18.0,"turns":6.0},{"damage":7.0,"enemies":"Gensokyo:AngelMirror","floor":21.0,"turns":3.0},{"damage":58.0,"enemies":"Gensokyo:Reisen","floor":23.0,"turns":5.0},{"damage":11.0,"enemies":"Gensokyo:Swordslinger","floor":25.0,"turns":4.0},{"damage":4.0,"enemies":"Gensokyo:Wraith","floor":27.0,"turns":4.0},{"damage":0.0,"enemies":"Gensokyo:Chomper_and_Gloop","floor":30.0,"turns":4.0},{"damage":45.0,"enemies":"Gensokyo:Eternal_Rivals","floor":33.0,"turns":10.0},{"damage":0.0,"enemies":"Gensokyo:AncientGuardian","floor":35.0,"turns":2.0},{"damage":6.0,"enemies":"Gensokyo:3_Bats","floor":37.0,"turns":6.0},{"damage":21.0,"enemies":"Gensokyo:Marisa","floor":40.0,"turns":5.0},{"damage":51.0,"enemies":"Gensokyo:Kasen","floor":42.0,"turns":6.0},{"damage":33.0,"enemies":"Gensokyo:Kasen","floor":44.0,"turns":7.0},{"damage":2,"enemies":"Gensokyo:Marisa","floor":45,"turns":3},{"damage":9,"enemies":"Gensokyo:Sharpion","floor":47,"turns":6},{"damage":0,"enemies":"Gensokyo:Kasen","floor":48,"turns":4},{"damage":1,"enemies":"Gensokyo:Shinki","floor":50,"turns":6}],"seed_played":"6248933075437594174","potions_obtained":[{"floor":6.0,"key":"Energy Potion"},{"floor":14.0,"key":"LiquidBronze"},{"floor":18.0,"key":"PowerPotion"},{"floor":21.0,"key":"SpeedPotion"},{"floor":27.0,"key":"SteroidPotion"},{"floor":42.0,"key":"SkillPotion"},{"floor":47,"key":"Weak Potion"},{"floor":48,"key":"Block Potion"}],"is_trial":false,"path_per_floor":["M","?","COS","M","?","E","R","E","T","?","?","T","E","M","R","B",null,"M","?","COS","M","$","E","R","M","T","M","$","R","M","?","R","B",null,"M","COS","M","?","?","E","R","E","T","?","E","$","M","E","R","B",null],"character_chosen":"MARISA","items_purchased":["AsteroidBelt"],"campfire_rested":5,"item_purchase_floors":[46],"current_hp_per_floor":[68,68,68,65,65,55,55,29,29,29,29,29,9,19,39,22,68,68,68,68,61,61,4,24,25,25,21,36,36,36,36,56,11,68,68,68,62,62,62,41,61,10,10,10,8,23,15,15,35,34],"gold":122,"neow_bonus":"RANDOM_COLORLESS_2","is_daily":false,"chose_seed":false,"campfire_upgraded":2,"win_rate":0.0,"timestamp":1609672226,"path_taken":["M","?","COS","M","?","E","R","E","T","?","?","?","E","?","R","BOSS","M","?","COS","M","?","E","R","?","T","M","$","R","M","?","R","BOSS","M","COS","M","?","?","E","R","E","T","?","E","$","M","E","R","BOSS"],"items_purchased_type":["Card"],"build_version":"2020-12-22","purchased_purges":3,"victory":true,"max_hp_per_floor":[68,68,68,68,68,68,68,68,68,68,68,68,68,68,68,68,68,68,68,68,68,68,68,68,68,68,68,68,68,68,68,68,68,68,68,68,68,68,68,68,68,68,68,68,68,68,68,68,68,68],"card_choices":[{"not_picked":["Secret Technique","Violence"],"picked":"Apotheosis","floor":0.0},{"not_picked":["AlicesGift","PowerUp"],"picked":"PulseMagic","floor":1.0},{"not_picked":["LuminesStrike","MilkyWay"],"picked":"GalacticHalo","floor":4.0},{"not_picked":["NonDirectionalLaser","WitchOfGreed","GrandCross"],"picked":"SKIP","floor":6.0},{"not_picked":["SporeBomb","MilkyWay"],"picked":"PropBag","floor":8.0},{"not_picked":["SprinkleStarSeal","DarkSpark","StarlightTyphoon"],"picked":"FinalSpark","floor":13.0},{"not_picked":["IllusionStar","SporeBomb","ChargeUpSpray"],"picked":"GalacticHalo","floor":14.0},{"not_picked":["CollectingQuirk","BigCrunch","EscapeVelocity"],"picked":"AbsoluteMagnitude","floor":16.0},{"not_picked":["MagicAbsorber","MilkyWay","MachineGunSpark","IllusionStar+1"],"picked":"SKIP","floor":18.0},{"not_picked":["EventHorizon+1","GalacticHalo","6A"],"picked":"EnergyFlow","floor":21.0},{"not_picked":["SporeBomb","OneTimeOff","DragonMeteor","MysteriousBeam"],"picked":"SKIP","floor":23.0},{"not_picked":["MysteriousBeam","WitchLeyline","EnergyRecoil"],"picked":"OortCloud+1","floor":25.0},{"not_picked":["CasketOfStar","ManaRampage","BlazingStar"],"picked":"AbsoluteMagnitude","floor":27.0},{"not_picked":["SporeBomb+1","GrandCross","ShootingEcho","Orbital"],"picked":"SKIP","floor":27.0},{"not_picked":["PowerUp","OneTimeOff","MagicAbsorber"],"picked":"ChargingUp+1","floor":30.0},{"not_picked":["SatelliteIllusion","EscapeVelocity","FinalSpark"],"picked":"TreasureHunter","floor":33.0},{"not_picked":["GrandCross","NonDirectionalLaser","DoubleSpark"],"picked":"OortCloud+1","floor":35.0},{"not_picked":["CasketOfStar","BlazeAway","DC"],"picked":"AsteroidBelt+1","floor":36.0},{"not_picked":["SuperPerseids+1","FinalSpark","PowerUp"],"picked":"OortCloud+1","floor":36.0},{"not_picked":["SporeBomb+1","NonDirectionalLaser+1","Singularity+1"],"picked":"GalacticHalo","floor":36.0},{"not_picked":["SporeBomb","ShootTheMoon","DC+1"],"picked":"EnergyFlow","floor":36.0},{"not_picked":["SporeBomb+1","IllusionStar+1","JA","ManaConvection"],"picked":"SKIP","floor":37.0},{"not_picked":["WitchLeyline+1","ChargingUp+1","DC+1"],"picked":"SprinkleStarSeal","floor":40.0},{"not_picked":["Orbital","FairyDestructionRay","IllusionStar"],"picked":"PropBag","floor":41.0},{"not_picked":["ManaConvection","BinaryStars","StarlightTyphoon+1","MilkyWay+1"],"picked":"SKIP","floor":42.0},{"not_picked":["Gensokyo:HouraiInAPot","Gensokyo:DreamlikeParadise"],"picked":"Gensokyo:LifeSpringInfinity","floor":44.0},{"not_picked":["EventHorizon+1","NonDirectionalLaser+1","OrrerysSun+1","EarthLightRay+1"],"picked":"SKIP","floor":45},{"not_picked":["IllusionStar+1","LuminesStrike+1","ManaConvection+1","AlicesGift+1"],"picked":"SKIP","floor":47},{"not_picked":["LuminesStrike+1","DarkSpark+1","NonDirectionalLaser"],"picked":"PulseMagic+1","floor":48}],"player_experience":65599,"relics_obtained":[{"floor":6.0,"key":"Nunchaku"},{"floor":8.0,"key":"Question Card"},{"floor":9.0,"key":"Whetstone"},{"floor":12.0,"key":"BreadOfAWashokuLover"},{"floor":13.0,"key":"Incense Burner"},{"floor":23.0,"key":"Omamori"},{"floor":26.0,"key":"MealTicket"},{"floor":40.0,"key":"Dream Catcher"},{"floor":40.0,"key":"Juzu Bracelet"},{"floor":42.0,"key":"Mercury Hourglass"},{"floor":42.0,"key":"Sundial"},{"floor":43.0,"key":"Bag of Preparation"},{"floor":45,"key":"MawBank"},{"floor":48,"key":"Centennial Puzzle"}],"event_choices":[],"is_beta":false,"boss_relics":[{"not_picked":["SacredBark","Busted Crown"],"picked":"Philosopher\u0027s Stone"},{"not_picked":["Snecko Eye","Runic Dome"],"picked":"Empty Cage"}],"items_purged_floors":[22,28,46],"is_endless":false,"potions_floor_spawned":[6,14,18,21,27,42,47,48],"ascension_level":1}}