{"host":"skvwuvqqk8x6jusd","time":1609700822,"event":{"mods":["AchievementEnabler","BaseMod","Colored Map","Colored Powertips","Highlight Path","Minty Spire (QoL Compilation)","Relic Stats","Slay-I"],"gold_per_floor":[215,229,43,57,57,57,90,90,114,114,114,114],"floor_reached":11,"playtime":764,"items_purged":[],"score":146,"play_id":"939a6029-117e-4d74-9a73-bdf60c3ab061","local_time":"20210103190702","is_ascension_mode":true,"campfire_choices":[{"data":"Infinite Blades","floor":6,"key":"SMITH"},{"data":"Tactician","floor":8,"key":"SMITH"}],"circlet_count":0,"master_deck":["AscendersBane","Strike_G","Strike_G","Strike_G","Strike_G","Defend_G","Defend_G","Defend_G","Defend_G","Defend_G","Survivor","Neutralize","Acrobatics","Tactician+1","Blade Dance","Infinite Blades+1","Tactician"],"relics":["Ring of the Snake","Sling","Art of War","Dream Catcher"],"acts_visited":["Exordium"],"potions_floor_usage":[5,11],"damage_taken":[{"damage":1,"enemies":"Jaw Worm","floor":1,"turns":4},{"damage":3,"enemies":"2 Louse","floor":2,"turns":5},{"damage":7,"enemies":"Small Slimes","floor":4,"turns":4},{"damage":0,"enemies":"Red Slaver","floor":5,"turns":3},{"damage":12,"enemies":"3 Sentries","floor":7,"turns":8},{"damage":45,"enemies":"Lagavulin","floor":11,"turns":6}],"seed_played":"406608601260359145","potions_obtained":[{"floor":4,"key":"SmokeBomb"},{"floor":7,"key":"Regen Potion"}],"is_trial":false,"path_per_floor":["M","M","$","M","M","R","E","R","T","?","E"],"character_chosen":"THE_SILENT","items_purchased":["Sling","Blade Dance"],"campfire_rested":0,"item_purchase_floors":[3,3],"current_hp_per_floor":[58,55,55,48,48,48,36,36,36,29,0,0],"gold":114,"neow_bonus":"HUNDRED_GOLD","is_daily":false,"chose_seed":false,"campfire_upgraded":2,"win_rate":0.0,"timestamp":1609700822,"path_taken":["M","M","$","M","M","R","E","R","T","?","E"],"items_purchased_type":["Relic","Card"],"build_version":"2020-12-22","purchased_purges":0,"victory":false,"max_hp_per_floor":[66,66,66,66,66,66,66,66,66,66,66,66],"relic_stats":{"Dream Catcher":0,"counters":[6,30],"Art of War":[0],"obtain_stats":[{"Dream Catcher":9,"Art of War":7,"Sling":3,"Ring of the Snake":0},{"Dream Catcher":5,"Art of War":5,"Sling":2,"Ring of the Snake":0},{"Dream Catcher":24,"Art of War":24,"Sling":9,"Ring of the Snake":0}],"Ring of the Snake":[12]},"card_choices":[{"not_picked":["Bane","Prepared"],"picked":"Acrobatics","floor":1},{"not_picked":["Flying Knee","Prepared"],"picked":"Tactician","floor":2},{"not_picked":["Dagger Spray","Poisoned Stab"],"picked":"Infinite Blades","floor":4},{"not_picked":["Dodge and Roll","Deadly Poison"],"picked":"Tactician","floor":7}],"player_experience":567165,"relics_obtained":[{"floor":7,"key":"Art of War"},{"floor":9,"key":"Dream Catcher"}],"event_choices":[{"cards_removed":["Strike_G"],"damage_healed":0,"gold_gain":0,"player_choice":"Card Removal","damage_taken":7,"max_hp_gain":0,"max_hp_loss":0,"event_name":"Golden Wing","floor":10,"gold_loss":0}],"is_beta":false,"boss_relics":[],"items_purged_floors":[],"is_endless":false,"potions_floor_spawned":[4,5,7],"killed_by":"Lagavulin","ascension_level":20}}