{"host":"v52ntiwll8g9892u","time":1609672125,"event":{"mods":["ATMod(°¢èªMod)","BaseMod","Minty Spire (QoL Compilation)","Prisma Mod","StSLib"],"gold_per_floor":[111,122,133,149,74,109,34,62,62,73,123,138,157,187,187,261,261,271,288,288,188,200,229,229,260,260,287,310,345,220,232,232,310,310,328,351,361,361,361,396,414,446,446,471,483,508,520,370,370,370,370,370,370,22,55,55],"floor_reached":57,"playtime":2165,"items_purged":["Defend_P","Defend_P","Strike_P","Strike_P","Consecrate+1"],"score":3444,"play_id":"6f292ffa-23ea-4175-836b-06fc875502e5","local_time":"20210103190845","is_ascension_mode":true,"campfire_choices":[{"floor":15.0,"key":"RECALL"},{"floor":24.0,"key":"REST"},{"floor":32.0,"key":"REST"},{"floor":49.0,"key":"REST"},{"floor":53.0,"key":"REST"}],"circlet_count":0,"master_deck":["AscendersBane","Strike_P+1","Eruption","Vigilance","AT_KingSlayer+1","Fasting2","FearNoEvil","MasterReality","TalkToTheHand+1","Ragnarok+1","WheelKick+1","TalkToTheHand","Omniscience+1","WheelKick+1","Crescendo+1","Apotheosis+1","Violence+1","Deep Breath+1","AT_KingSlayer+1"],"relics":["AT_ATBox","Fusion Hammer","AT_TimeSand","AT_ImmortalShieldbow","Toxic Egg 2","Shuriken","Black Star","Lizard Tail","Frozen Egg 2","Meat on the Bone","AT_SilvercatRing","Bronze Scales","Art of War","Akabeko","Sundial","Astrolabe","Pen Nib","Kunai","Lantern","Matryoshka","StrikeDummy","Whetstone","Bag of Marbles","Omamori","Centennial Puzzle","AT_EbonyIvory","AT_RedTearstoneRing","AT_Kusabimaru","DollysMirror","AT_ChloranthyRing","AT_BellDemon"],"acts_visited":["Exordium","TheCity","TheBeyond","TheEnding"],"potions_floor_usage":[56,56],"damage_taken":[{"damage":0.0,"enemies":"Jaw Worm","floor":1.0,"turns":6.0},{"damage":4.0,"enemies":"Cultist","floor":2.0,"turns":6.0},{"damage":14.0,"enemies":"Small Slimes","floor":3.0,"turns":3.0},{"damage":5.0,"enemies":"Blue Slaver","floor":4.0,"turns":4.0},{"damage":11.0,"enemies":"Gremlin Nob","floor":6.0,"turns":4.0},{"damage":14.0,"enemies":"3 Sentries","floor":8.0,"turns":6.0},{"damage":7.0,"enemies":"Exordium Wildlife","floor":10.0,"turns":2.0},{"damage":9.0,"enemies":"2 Fungi Beasts","floor":12.0,"turns":2.0},{"damage":0.0,"enemies":"Blue Slaver","floor":13.0,"turns":2.0},{"damage":17.0,"enemies":"Lagavulin","floor":14.0,"turns":5.0},{"damage":12.0,"enemies":"The Guardian","floor":16.0,"turns":6.0},{"damage":0.0,"enemies":"Shell Parasite","floor":18.0,"turns":1.0},{"damage":12.0,"enemies":"3 Byrds","floor":19.0,"turns":3.0},{"damage":0.0,"enemies":"3 Cultists","floor":22.0,"turns":3.0},{"damage":0.0,"enemies":"Gremlin Leader","floor":23.0,"turns":1.0},{"damage":0.0,"enemies":"Book of Stabbing","floor":25.0,"turns":1.0},{"damage":0.0,"enemies":"Gremlin Leader","floor":27.0,"turns":1.0},{"damage":18.0,"enemies":"Book of Stabbing","floor":29.0,"turns":2.0},{"damage":0.0,"enemies":"Cultist and Chosen","floor":31.0,"turns":3.0},{"damage":32.0,"enemies":"Automaton","floor":33.0,"turns":3.0},{"damage":10.0,"enemies":"3 Darklings","floor":35.0,"turns":2.0},{"damage":12.0,"enemies":"Orb Walker","floor":37.0,"turns":2.0},{"damage":0.0,"enemies":"Nemesis","floor":40.0,"turns":1.0},{"damage":0.0,"enemies":"Transient","floor":41.0,"turns":2.0},{"damage":0.0,"enemies":"Reptomancer","floor":42.0,"turns":1.0},{"damage":0.0,"enemies":"Giant Head","floor":44.0,"turns":3.0},{"damage":0.0,"enemies":"Maw","floor":45.0,"turns":1.0},{"damage":0.0,"enemies":"Nemesis","floor":46.0,"turns":1.0},{"damage":0.0,"enemies":"Writhing Mass","floor":47.0,"turns":1.0},{"damage":42.0,"enemies":"Awakened One","floor":50.0,"turns":4.0},{"damage":0.0,"enemies":"Donu and Deca","floor":51.0,"turns":1.0},{"damage":12.0,"enemies":"Shield and Spear","floor":55.0,"turns":2.0},{"damage":38,"enemies":"The Heart","floor":56,"turns":4}],"seed_played":"-3978298366128233800","potions_obtained":[{"floor":2.0,"key":"Fruit Juice"},{"floor":3.0,"key":"LiquidMemories"},{"floor":4.0,"key":"Weak Potion"},{"floor":10.0,"key":"ColorlessPotion"},{"floor":14.0,"key":"Energy Potion"},{"floor":16.0,"key":"StancePotion"},{"floor":18.0,"key":"GamblersBrew"},{"floor":55.0,"key":"LiquidMemories"}],"is_trial":false,"path_per_floor":["M","M","M","M","$","E","?","E","T","M","?","M","M","E","R","B",null,"M","M","?","$","M","E","R","E","T","E","T","E","$","M","R","B",null,"M","T","M","?","T","E","M","E","T","E","M","E","M","$","R","B","B",null,"R","$","E","B",null],"character_chosen":"WATCHER","items_purchased":["DollysMirror"],"campfire_rested":4,"item_purchase_floors":[54],"current_hp_per_floor":[61,57,43,43,43,32,32,18,18,24,24,22,22,15,15,13,58,58,46,46,46,46,46,67,67,67,67,67,49,49,49,70,38,64,54,54,42,32,32,44,44,44,44,44,44,44,44,44,65,35,47,67,73,73,61,35],"gold":55,"neow_bonus":"BOSS_RELIC","is_daily":false,"chose_seed":false,"campfire_upgraded":0,"win_rate":0.0,"timestamp":1609672125,"path_taken":["M","M","M","M","$","E","?","E","T","M","?","M","M","E","R","BOSS","M","?","?","$","M","E","R","E","T","E","?","E","$","M","R","BOSS","M","?","M","?","?","E","M","E","T","E","M","E","M","$","R","BOSS","BOSS","R","$","E","BOSS"],"items_purchased_type":["Relic"],"build_version":"2020-12-22","purchased_purges":5,"victory":true,"max_hp_per_floor":[68,68,68,73,73,73,73,73,73,73,73,73,73,73,73,73,73,73,73,73,73,73,73,73,73,73,73,73,73,73,73,73,73,73,73,73,73,73,73,73,73,73,73,73,73,73,73,73,73,73,73,73,73,73,73,73],"card_choices":[{"not_picked":["FollowUp","Crescendo","Study"],"picked":"SKIP","floor":1.0},{"not_picked":["Halt","FollowUp"],"picked":"Fasting2","floor":2.0},{"not_picked":["FlurryOfBlows","AT_RealFormLess"],"picked":"FearNoEvil","floor":3.0},{"not_picked":["Sanctity","Protect","Prostrate"],"picked":"SKIP","floor":4.0},{"not_picked":["LikeWater","DeceiveReality"],"picked":"BowlingBash","floor":6.0},{"not_picked":["AT_OneInchPunch","Wallop"],"picked":"MasterReality","floor":8.0},{"not_picked":["Sanctity+1","Halt+1","Protect+1"],"picked":"SKIP","floor":10.0},{"not_picked":["Prostrate+1","EmptyBody+1","WreathOfFlame+1"],"picked":"SKIP","floor":12.0},{"not_picked":["PathToVictory+1","SignatureMove"],"picked":"TalkToTheHand","floor":13.0},{"not_picked":["Worship+1","ThirdEye+1","PathToVictory+1"],"picked":"SKIP","floor":14.0},{"not_picked":["Brilliance","AT_RealColorLess"],"picked":"Ragnarok","floor":16.0},{"not_picked":["Conclude+1","FlurryOfBlows"],"picked":"WheelKick","floor":18.0},{"not_picked":["Crescendo+1","LikeWater","CutThroughFate"],"picked":"SKIP","floor":19.0},{"not_picked":["Conclude","CrushJoints","AT_SoftenMuscles+1"],"picked":"SKIP","floor":22.0},{"not_picked":["FollowUp","Fasting2","Protect+1"],"picked":"SKIP","floor":23.0},{"not_picked":["Perseverance+1","CrushJoints","Evaluate+1"],"picked":"SKIP","floor":25.0},{"not_picked":["SashWhip","AT_MachinaRedman+1","ClearTheMind+1"],"picked":"SKIP","floor":27.0},{"not_picked":["SandsOfTime","Evaluate+1","Consecrate"],"picked":"SKIP","floor":29.0},{"not_picked":["SashWhip","FlyingSleeves"],"picked":"TalkToTheHand","floor":31.0},{"not_picked":["DeusExMachina+1","MasterReality+1"],"picked":"Omniscience+1","floor":33.0},{"not_picked":["Prostrate+1","Crescendo+1","Protect+1"],"picked":"SKIP","floor":35.0},{"not_picked":["Protect+1","FlyingSleeves","TalkToTheHand"],"picked":"SKIP","floor":37.0},{"not_picked":["Panacea+1","Chrysalis+1"],"picked":"Apotheosis+1","floor":38.0},{"not_picked":["Trip+1","Swift Strike"],"picked":"Violence+1","floor":38.0},{"not_picked":["PanicButton+1","AT_TearsDenial+1"],"picked":"Deep Breath+1","floor":38.0},{"not_picked":["BowlingBash","CarveReality","Protect+1"],"picked":"SKIP","floor":40.0},{"not_picked":["FollowUp","CutThroughFate","FlurryOfBlows+1"],"picked":"SKIP","floor":41.0},{"not_picked":["AT_RealFormLess+1","SignatureMove","PathToVictory+1"],"picked":"SKIP","floor":42.0},{"not_picked":["Meditate+1","EmptyBody+1","Sanctity+1"],"picked":"SKIP","floor":44.0},{"not_picked":["WreathOfFlame+1","FlurryOfBlows","MentalFortress+1"],"picked":"SKIP","floor":45.0},{"not_picked":["Nirvana+1","AT_DivineConfetti+1","EmptyFist+1"],"picked":"SKIP","floor":46.0},{"not_picked":["Collect+1","Prostrate+1","EmptyBody+1"],"picked":"SKIP","floor":47.0},{"not_picked":["SashWhip","Halt+1","Conclude+1"],"picked":"SKIP","floor":55.0}],"player_experience":1243930,"relics_obtained":[{"floor":6.0,"key":"AT_TimeSand"},{"floor":8.0,"key":"AT_ImmortalShieldbow"},{"floor":9.0,"key":"Toxic Egg 2"},{"floor":14.0,"key":"Shuriken"},{"floor":23.0,"key":"Lizard Tail"},{"floor":25.0,"key":"Frozen Egg 2"},{"floor":25.0,"key":"Meat on the Bone"},{"floor":26.0,"key":"AT_SilvercatRing"},{"floor":27.0,"key":"Bronze Scales"},{"floor":27.0,"key":"Art of War"},{"floor":29.0,"key":"Akabeko"},{"floor":29.0,"key":"Sundial"},{"floor":36.0,"key":"Pen Nib"},{"floor":39.0,"key":"Kunai"},{"floor":40.0,"key":"Lantern"},{"floor":40.0,"key":"Matryoshka"},{"floor":42.0,"key":"StrikeDummy"},{"floor":42.0,"key":"Whetstone"},{"floor":43.0,"key":"Bag of Marbles"},{"floor":43.0,"key":"Omamori"},{"floor":44.0,"key":"Centennial Puzzle"},{"floor":44.0,"key":"AT_EbonyIvory"},{"floor":46.0,"key":"AT_RedTearstoneRing"},{"floor":46.0,"key":"AT_Kusabimaru"},{"floor":55.0,"key":"AT_ChloranthyRing"},{"floor":55.0,"key":"AT_BellDemon"}],"event_choices":[{"cards_removed":["Defend_P"],"damage_healed":0.0,"max_hp_gain":0.0,"max_hp_loss":0.0,"gold_gain":0.0,"event_name":"The Cleric","player_choice":"Card Removal","floor":7.0,"gold_loss":75.0,"damage_taken":0.0},{"damage_healed":0.0,"max_hp_gain":0.0,"max_hp_loss":0.0,"gold_gain":50.0,"event_name":"Golden Shrine","player_choice":"Pray","floor":11.0,"gold_loss":0.0,"damage_taken":0.0},{"damage_healed":0.0,"max_hp_gain":0.0,"max_hp_loss":0.0,"gold_gain":0.0,"event_name":"Vampires","player_choice":"Ignored","floor":20.0,"gold_loss":0.0,"damage_taken":0.0},{"damage_healed":0.0,"max_hp_gain":0.0,"max_hp_loss":0.0,"gold_gain":0.0,"event_name":"SensoryStone","player_choice":"Memory 3","floor":38.0,"gold_loss":0.0,"damage_taken":10.0}],"is_beta":false,"boss_relics":[{"not_picked":["Philosopher\u0027s Stone","Coffee Dripper"],"picked":"Black Star"},{"not_picked":["Snecko Eye","Busted Crown"],"picked":"Astrolabe"}],"items_purged_floors":[5,21,30,48,54],"is_endless":false,"potions_floor_spawned":[2,3,4,10,14,16,18,22,23,40,42,44,55],"ascension_level":20}}