{"host":"rolltorest","time":1609711184,"event":{"mods":["BaseMod","Minty Spire (QoL Compilation)","Relic Stats","Robot Space Explorer","Slay the Relics Exporter","StSLib"],"gold_per_floor":[119,134,151,165,165,165,192,192,267,301,316,345,355,32,32,134,134,149,166,193,206,206,238,238,264,287,300,319,335,434,449,449,449,449],"floor_reached":33,"playtime":1059,"items_purged":["RobotSpaceExplorer:Strike"],"score":571,"play_id":"30202c88-f951-4483-94c7-e014954b0fd1","local_time":"20210103135944","is_ascension_mode":true,"campfire_choices":[{"data":"RobotSpaceExplorer:HighVoltage","floor":6,"key":"SMITH"},{"data":"RobotSpaceExplorer:RigExplosive","floor":8,"key":"SMITH"},{"floor":15,"key":"REST"},{"floor":32,"key":"REST"}],"circlet_count":0,"master_deck":["AscendersBane","RobotSpaceExplorer:Strike","RobotSpaceExplorer:Strike","RobotSpaceExplorer:Strike","RobotSpaceExplorer:Defend","RobotSpaceExplorer:Defend","RobotSpaceExplorer:Defend","RobotSpaceExplorer:Defend","RobotSpaceExplorer:Scan","RobotSpaceExplorer:MiniLasers","RobotSpaceExplorer:HighVoltage+1","RobotSpaceExplorer:Discharger","RobotSpaceExplorer:Fix","RobotSpaceExplorer:RigExplosive+1","RobotSpaceExplorer:Asteroid","RobotSpaceExplorer:FrostMissile","RobotSpaceExplorer:TurboDodge","RobotSpaceExplorer:Asteroid","RobotSpaceExplorer:GearShield","Writhe","RobotSpaceExplorer:GlueShot+1","RobotSpaceExplorer:PlasmaMissile"],"relics":["RobotSpaceExplorer:RoboCore","TungstenRod","Pear","Strawberry","Singing Bowl","InkBottle","Velvet Choker","Red Mask","Sundial","Ice Cream","Mercury Hourglass","Omamori"],"acts_visited":["Exordium","TheCity"],"potions_floor_usage":[7,10,10,12,16,16,18,19,19,21,23,25,25,25,28,29,31,31,33],"damage_taken":[{"damage":3,"enemies":"Cultist","floor":1,"turns":4},{"damage":11,"enemies":"Jaw Worm","floor":2,"turns":4},{"damage":0,"enemies":"2 Louse","floor":3,"turns":2},{"damage":9,"enemies":"Blue Slaver","floor":4,"turns":6},{"damage":22,"enemies":"Lagavulin","floor":7,"turns":7},{"damage":12,"enemies":"Gremlin Nob","floor":10,"turns":3},{"damage":0,"enemies":"Exordium Wildlife","floor":11,"turns":3},{"damage":0,"enemies":"3 Sentries","floor":12,"turns":3},{"damage":0,"enemies":"Looter","floor":13,"turns":3},{"damage":19,"enemies":"The Guardian","floor":16,"turns":15},{"damage":8,"enemies":"Chosen","floor":18,"turns":5},{"damage":4,"enemies":"2 Thieves","floor":19,"turns":3},{"damage":0,"enemies":"Masked Bandits","floor":20,"turns":2},{"damage":1,"enemies":"Cultist and Chosen","floor":21,"turns":6},{"damage":24,"enemies":"Slavers","floor":23,"turns":4},{"damage":40,"enemies":"Book of Stabbing","floor":25,"turns":6},{"damage":0,"enemies":"3 Cultists","floor":27,"turns":4},{"damage":0,"enemies":"Centurion and Healer","floor":28,"turns":5},{"damage":6,"enemies":"Snecko","floor":29,"turns":4},{"damage":0,"enemies":"Snake Plant","floor":31,"turns":2},{"damage":36,"enemies":"Champ","floor":33,"turns":10}],"seed_played":"7362295007704354945","potions_obtained":[{"floor":1,"key":"EssenceOfSteel"},{"floor":4,"key":"LiquidBronze"},{"floor":5,"key":"LiquidMemories"},{"floor":5,"key":"Fire Potion"},{"floor":16,"key":"SkillPotion"},{"floor":21,"key":"GamblersBrew"},{"floor":27,"key":"FearPotion"},{"floor":31,"key":"SteroidPotion"}],"is_trial":false,"path_per_floor":["M","M","M","M","?","R","E","R","T","E","M","E","M","$","R","B",null,"M","M","?","M","?","E","?","E","T","M","M","M","?","M","R","B"],"character_chosen":"RobotSpaceExplorer","items_purchased":["InkBottle"],"campfire_rested":2,"item_purchase_floors":[14],"current_hp_per_floor":[65,54,54,45,45,45,27,27,37,36,36,40,46,46,74,59,85,83,83,85,90,90,72,52,16,16,22,28,28,28,32,65,33,33],"gold":449,"neow_bonus":"ONE_RANDOM_RARE_CARD","is_daily":false,"chose_seed":false,"campfire_upgraded":2,"win_rate":0.0,"timestamp":1609711184,"path_taken":["M","?","?","M","?","R","E","R","T","E","M","E","?","?","R","BOSS","M","M","?","M","?","E","?","E","T","M","?","M","?","M","R","BOSS"],"items_purchased_type":["Relic"],"build_version":"2020-12-18","purchased_purges":1,"victory":false,"max_hp_per_floor":[75,75,75,75,75,75,75,75,85,92,92,92,94,94,94,94,94,96,96,98,100,100,102,107,107,107,109,111,113,113,113,113,113,113],"relic_stats":{"Singing Bowl":16,"counters":[21,101],"Sundial":[6],"obtain_stats":[{"Ice Cream":23,"Pear":9,"Singing Bowl":12,"Sundial":22,"Strawberry":10,"Velvet Choker":17,"RobotSpaceExplorer:RoboCore":0,"Red Mask":20,"Omamori":26,"TungstenRod":7,"InkBottle":14,"Mercury Hourglass":25},{"Ice Cream":15,"Pear":5,"Singing Bowl":8,"Sundial":14,"Strawberry":6,"Velvet Choker":10,"RobotSpaceExplorer:RoboCore":0,"Red Mask":13,"Omamori":16,"TungstenRod":5,"InkBottle":9,"Mercury Hourglass":16},{"Ice Cream":70,"Pear":23,"Singing Bowl":32,"Sundial":66,"Strawberry":26,"Velvet Choker":50,"RobotSpaceExplorer:RoboCore":0,"Red Mask":60,"Omamori":76,"TungstenRod":23,"InkBottle":35,"Mercury Hourglass":76}],"TungstenRod":39,"InkBottle":[21],"Mercury Hourglass":[78]},"card_choices":[{"not_picked":["RobotSpaceExplorer:Pulsar","RobotSpaceExplorer:MiniDrones","RobotSpaceExplorer:MetalStrike"],"picked":"SKIP","floor":1},{"not_picked":["RobotSpaceExplorer:ShovelStrike","RobotSpaceExplorer:SlimeMissile"],"picked":"RobotSpaceExplorer:Discharger","floor":2},{"not_picked":["RobotSpaceExplorer:Probe","RobotSpaceExplorer:FranticSearch","RobotSpaceExplorer:DualCore"],"picked":"SKIP","floor":3},{"not_picked":["RobotSpaceExplorer:StarLightning","RobotSpaceExplorer:MiniDrones"],"picked":"RobotSpaceExplorer:Fix","floor":4},{"not_picked":["RobotSpaceExplorer:MiniDrones","RobotSpaceExplorer:LuckyStrike"],"picked":"RobotSpaceExplorer:RigExplosive","floor":7},{"not_picked":["RobotSpaceExplorer:Ammunition","RobotSpaceExplorer:DoubleBlock"],"picked":"RobotSpaceExplorer:Asteroid","floor":10},{"not_picked":["RobotSpaceExplorer:ScrapToss","RobotSpaceExplorer:StunGrenade"],"picked":"RobotSpaceExplorer:FrostMissile","floor":11},{"not_picked":["RobotSpaceExplorer:StunGrenade","RobotSpaceExplorer:SurgingStrike"],"picked":"RobotSpaceExplorer:TurboDodge","floor":12},{"not_picked":["RobotSpaceExplorer:ShockKick","RobotSpaceExplorer:GlueShot","RobotSpaceExplorer:ToxicBomb"],"picked":"Singing Bowl","floor":13},{"not_picked":["RobotSpaceExplorer:ChargingLaser","RobotSpaceExplorer:BlastShield"],"picked":"RobotSpaceExplorer:Asteroid","floor":16},{"not_picked":["RobotSpaceExplorer:TurboDodge","RobotSpaceExplorer:GlueShot","RobotSpaceExplorer:SurgingStrike"],"picked":"Singing Bowl","floor":18},{"not_picked":["RobotSpaceExplorer:FrostMissile+1","RobotSpaceExplorer:SurgingStrike"],"picked":"RobotSpaceExplorer:GearShield","floor":19},{"not_picked":["RobotSpaceExplorer:ScrapToss","RobotSpaceExplorer:MakeshiftVolley","RobotSpaceExplorer:Counterblock"],"picked":"Singing Bowl","floor":20},{"not_picked":["RobotSpaceExplorer:LaserBurst+1","RobotSpaceExplorer:ScrapToss+1","RobotSpaceExplorer:ImprovisedAttack+1"],"picked":"Singing Bowl","floor":21},{"not_picked":["RobotSpaceExplorer:ScrapMissile","RobotSpaceExplorer:Asteroid","RobotSpaceExplorer:MiniDrones+1"],"picked":"Singing Bowl","floor":23},{"not_picked":["RobotSpaceExplorer:Pulsar","RobotSpaceExplorer:FrostMissile+1"],"picked":"RobotSpaceExplorer:GlueShot+1","floor":25},{"not_picked":["RobotSpaceExplorer:StarDust","RobotSpaceExplorer:LaserBurst","RobotSpaceExplorer:Electroshield"],"picked":"Singing Bowl","floor":27},{"not_picked":["RobotSpaceExplorer:Blitz+1","RobotSpaceExplorer:MiniDrones+1","RobotSpaceExplorer:SurgingStrike"],"picked":"Singing Bowl","floor":28},{"not_picked":["RobotSpaceExplorer:MetalStrike","RobotSpaceExplorer:ShockKick","RobotSpaceExplorer:Blitz"],"picked":"Singing Bowl","floor":29},{"not_picked":["RobotSpaceExplorer:StunGrenade","RobotSpaceExplorer:SelfCleaning"],"picked":"RobotSpaceExplorer:PlasmaMissile","floor":31}],"player_experience":1756676,"relics_obtained":[{"floor":7,"key":"TungstenRod"},{"floor":9,"key":"Pear"},{"floor":10,"key":"Strawberry"},{"floor":12,"key":"Singing Bowl"},{"floor":20,"key":"Red Mask"},{"floor":23,"key":"Ice Cream"},{"floor":25,"key":"Mercury Hourglass"},{"floor":26,"key":"Omamori"}],"event_choices":[{"damage_healed":0,"gold_gain":0,"player_choice":"Got Potions","damage_taken":0,"max_hp_gain":0,"max_hp_loss":0,"event_name":"Lab","floor":5,"gold_loss":0},{"damage_healed":0,"gold_gain":0,"player_choice":"Fought Bandits","damage_taken":0,"max_hp_gain":0,"max_hp_loss":0,"event_name":"Masked Bandits","floor":20,"gold_loss":0},{"damage_healed":0,"gold_gain":0,"player_choice":"Opened","damage_taken":0,"relics_obtained":["Sundial"],"max_hp_gain":0,"max_hp_loss":0,"event_name":"The Mausoleum","floor":22,"gold_loss":0,"cards_obtained":["Writhe"]},{"damage_healed":0,"gold_gain":0,"player_choice":"Shed Blood","damage_taken":26,"max_hp_gain":5,"max_hp_loss":0,"event_name":"Forgotten Altar","floor":24,"gold_loss":0},{"damage_healed":0,"gold_gain":99,"player_choice":"Stole From Cult","damage_taken":0,"max_hp_gain":0,"max_hp_loss":0,"event_name":"Nest","floor":30,"gold_loss":0}],"is_beta":true,"boss_relics":[{"not_picked":["Empty Cage","SacredBark"],"picked":"Velvet Choker"}],"items_purged_floors":[14],"is_endless":false,"potions_floor_spawned":[1,4,13,16,20,21,23,27,31],"killed_by":"Champ","ascension_level":11}}