{"host":"px2oznrenyeljk7o","time":1609674294,"event":{"mods":["A Magickal Journey","AchievementEnabler","Arknights The Spire","BaseMod","Better Altar","Better Match","Better Note","Better Sensory Stone","Better Third Choice","Conspire","Curses Come First","GungeonMod","Hermit","Koishi","Lobotomy","LobotomyExtend","Minty Spire (QoL Compilation)","Nova Terra(??·??)","Potionbrewer","Reimu??????","Replay The Spire","Robot Space Explorer","Small Relic Pack","Somnambulant","Spicy Shops","StSLib","The Administrix","The Alterego","The Blackbeard","The Blue Laboratory","The Bug Knight","The Construct","The Cursed","The Disciple","The Gatherer","The Hayseed","The Hierophant","The Jungle","The Marked","The Poker Player","The Runesmith","Yakumo Yukari mod","Yuri Mod","everything is the same but u backflip on backflip","slay the spire mod where everything is the same but ironclad has a cowboy hat"],"gold_per_floor":[113,35,46,46,64,90,90,106,106,15,15,26,40,56,56,157,157,145,79,94,106,106,106,125,125,125,105,105,205,94,112,112,211,211,230,279,279,279,291,311,311,19,19,30,49,99,99,64,64,64],"floor_reached":51,"playtime":6241,"items_purged":[],"score":649,"play_id":"5379ebcb-e441-4204-b591-8ced32057b1b","local_time":"20210103124454","is_ascension_mode":false,"campfire_choices":[{"floor":7.0,"key":"REST"},{"data":"yuri:CalmingAura","floor":15.0,"key":"SMITH"},{"floor":23,"key":"REST"},{"floor":25,"key":"REST"},{"floor":32,"key":"REST"},{"floor":41,"key":"REST"},{"floor":47,"key":"REST"},{"data":"yuri:Parry","floor":49,"key":"SMITH"}],"circlet_count":0,"master_deck":["yuri:yuriStrike","yuri:yuriStrike","yuri:yuriStrike","yuri:yuriStrike","yuri:yuriDefend","yuri:yuriDefend","yuri:yuriDefend","yuri:yuriDefend","yuri:yuriDefend","yuri:Oolong+1","yuri:yuriStab","yuri:BookGreen","yuri:BookPurple","yuri:yuriHeavyStrike","yuri:HeavierStrike","yuri:CalmingAura+1","yuri:RepairCode","yuri:yuriQuickStrike","yuri:TPose+1","yuri:BookGreen+1","yuri:BrokenCode","yuri:BookPurple+1","yuri:DejaVu","yuri:RelentlessStrikes+1","yuri:ThrowingKnives+1","yuri:ArmBrace","yuri:ReactiveMadness+1","yuri:Oolong+1","yuri:BookRed+1","yuri:BookRed+1","yuri:ThrowingKnives","Replay:Bootleg Shield Generator","yuri:Parry+1","yuri:DuplicateCode","yuri:BookRed+1","yuri:DebugCard+1","yuri:TeaSet+1","yuri:ReactiveMadness","yuri:TPose+1","yuri:WickedSlash","yuri:MPose","yuri:AdaptiveAI+1","yuri:WickedSlash+1","yuri:Stalk+1","yuri:Stare+1","yuri:UntestedCode"],"relics":["yuri:yuriKnife","LetterFromLob","Bag of Marbles","Frozen Egg 2","Ring of Chaos","Meat on the Bone","Kunai","Incense Burner","potionbrewer:WarMedal","yuri:BookOfBooks","Runesmith:Locket","Replay:Rubber Ducky","Gremlin Horn","Pocketwatch"],"acts_visited":["TheBeyond"],"potions_floor_usage":[21,29,29,33,35,40,50,50],"damage_taken":[{"damage":3.0,"enemies":"2 Louse","floor":1.0,"turns":3.0},{"damage":5.0,"enemies":"Cultist","floor":3.0,"turns":5.0},{"damage":9.0,"enemies":"Jaw Worm","floor":5.0,"turns":4.0},{"damage":24.0,"enemies":"Lagavulin","floor":6.0,"turns":8.0},{"damage":13.0,"enemies":"Red Slaver","floor":8.0,"turns":4.0},{"damage":5.0,"enemies":"3 Louse","floor":12.0,"turns":5.0},{"damage":2.0,"enemies":"2 Fungi Beasts","floor":13.0,"turns":4.0},{"damage":1.0,"enemies":"Blue Slaver","floor":14.0,"turns":4.0},{"damage":80.0,"enemies":"Hexaghost","floor":16.0,"turns":11.0},{"damage":12.0,"enemies":"2 Thieves","floor":18.0,"turns":4.0},{"damage":1.0,"enemies":"Spheric Guardian","floor":20.0,"turns":2.0},{"damage":14,"enemies":"Snake Plant","floor":21,"turns":5},{"damage":48,"enemies":"Centurion and Healer","floor":24,"turns":8},{"damage":9,"enemies":"Colosseum Slavers","floor":29,"turns":5},{"damage":61,"enemies":"Colosseum Nobs","floor":29,"turns":8},{"damage":33,"enemies":"Sentry and Sphere","floor":31,"turns":12},{"damage":43,"enemies":"Automaton","floor":33,"turns":18},{"damage":31,"enemies":"3 Shapes","floor":35,"turns":8},{"damage":101,"enemies":"2 Orb Walkers","floor":36,"turns":9},{"damage":1,"enemies":"3 Darklings","floor":39,"turns":8},{"damage":28,"enemies":"Sphere and 2 Shapes","floor":40,"turns":7},{"damage":24,"enemies":"3 Darklings","floor":44,"turns":4},{"damage":7,"enemies":"4 Shapes","floor":45,"turns":6},{"damage":4,"enemies":"Mind Bloom Boss Battle","floor":46,"turns":6},{"damage":92,"enemies":"conspire:OrnateMirror","floor":50,"turns":11}],"seed_played":"-4106345913381431842","potions_obtained":[{"floor":5.0,"key":"BlessingOfTheForge"},{"floor":8.0,"key":"blueLaboratory:CorrosionFlask"},{"floor":14.0,"key":"potionbrewer:NoxiousPotion"},{"floor":16.0,"key":"blueLaboratory:LouseDecoction"},{"floor":20,"key":"DemoMod:LeadSkinPotion"},{"floor":24,"key":"potionbrewer:CleansingPotion"},{"floor":27,"key":"Energy Potion"},{"floor":28,"key":"blueLaboratory:HummingbirdPotion"},{"floor":31,"key":"Languid Potion"},{"floor":33,"key":"conspire:TimeTravelPotion"},{"floor":39,"key":"SpeedPotion"},{"floor":40,"key":"Toxic Potion"},{"floor":44,"key":"Elixir"}],"is_trial":false,"path_per_floor":["M","$","M","?","M","E","R","M","T","$","?","M","M","M","R","B",null,"M","?","M","M","?","R","M","R","T","?","?","?","$","M","R","B",null,"M","?","?","?","M","M","R","$","T","M","M","?","R","$","R","B",null],"character_chosen":"YURI","items_purchased":["yuri:BookPurple","yuri:TPose","yuri:BookGreen+1","yuri:ThrowingKnives","Replay:Bootleg Shield Generator","yuri:WickedSlash","yuri:MPose","Replay:Rubber Ducky","yuri:AdaptiveAI+1","yuri:UntestedCode"],"campfire_rested":6,"item_purchase_floors":[2,10,10,30,30,42,42,42,42,48],"current_hp_per_floor":[77,77,75,75,73,56,80,74,74,74,74,69,74,80,80,7,80,75,75,74,67,67,80,46,70,70,70,70,27,27,18,42,19,80,77,15,15,15,77,68,80,80,80,67,79,75,80,80,80,47],"gold":64,"neow_bonus":"UPGRADE_CARD","is_daily":false,"chose_seed":false,"campfire_upgraded":2,"win_rate":0.0,"timestamp":1609674294,"path_taken":["M","$","M","?","M","E","R","M","T","?","?","M","?","M","R","BOSS","M","?","M","M","?","R","M","R","T","?","?","?","$","M","R","BOSS","M","?","?","?","?","M","R","?","T","M","M","?","R","$","R","BOSS"],"items_purchased_type":["Card","Card","Card","Card","Card","Card","Card","Relic","Card","Card"],"build_version":"2020-12-22","purchased_purges":0,"victory":true,"max_hp_per_floor":[80,80,80,80,80,80,80,80,80,80,80,80,80,80,80,80,80,80,80,80,80,80,80,80,80,80,80,80,80,80,80,80,80,80,80,80,80,80,80,80,80,80,80,80,80,80,80,80,80,80],"card_choices":[{"not_picked":["yuri:ThrowBook","yuri:RecklessStrike"],"picked":"yuri:BookGreen","floor":1.0},{"not_picked":["yuri:DebugCard","yuri:RecklessStrike"],"picked":"yuri:yuriHeavyStrike","floor":3.0},{"not_picked":["yuri:ExploitStrike","yuri:ThrowBook"],"picked":"yuri:CalmingAura","floor":5.0},{"not_picked":["yuri:Spin","yuri:Skip"],"picked":"yuri:RepairCode","floor":6.0},{"not_picked":["yuri:MultiDip","yuri:ThrowingKnives"],"picked":"yuri:yuriQuickStrike","floor":8.0},{"not_picked":["yuri:GlitchRemove+1","yuri:Stalk"],"picked":"yuri:BrokenCode","floor":12.0},{"not_picked":["yuri:RecklessStrike","yuri:ThornRemove"],"picked":"yuri:BookPurple+1","floor":13.0},{"not_picked":["yuri:RecklessStrike","yuri:GrowingInsanity+1"],"picked":"yuri:DejaVu","floor":14.0},{"not_picked":["yuri:JumpScare","yuri:DistillInsanity"],"picked":"yuri:RelentlessStrikes+1","floor":16.0},{"not_picked":["yuri:SturdyUniform+1","yuri:MPose"],"picked":"yuri:ThrowingKnives+1","floor":18.0},{"not_picked":["yuri:DejaVu","yuri:HeavierStrike"],"picked":"yuri:ArmBrace","floor":20},{"not_picked":["yuri:HeavierStrike","yuri:ConsumeGlitch"],"picked":"yuri:ReactiveMadness+1","floor":21},{"not_picked":["yuri:ChibiInvasion","yuri:RecklessStrike"],"picked":"yuri:BookRed+1","floor":24},{"not_picked":["yuri:HeavierStrike","yuri:yuriHeavyStrike"],"picked":"yuri:BookRed+1","floor":29},{"not_picked":["yuri:Stare","yuri:BrokenCode"],"picked":"yuri:Parry","floor":31},{"not_picked":["yuri:DistillInsanity","yuri:Suicide"],"picked":"yuri:DuplicateCode","floor":33},{"not_picked":["yuri:BookGreen+1","yuri:BookBlue+1","yuri:BookPurple+1"],"picked":"yuri:BookRed+1","floor":34},{"not_picked":["yuri:yuriHeavyStrike","yuri:Skip"],"picked":"yuri:DebugCard+1","floor":35},{"not_picked":["yuri:BookGreen+1","yuri:GlitchedStrike+1"],"picked":"yuri:TeaSet+1","floor":36},{"not_picked":["yuri:TeaSet+1","yuri:ThrowBook"],"picked":"yuri:ReactiveMadness","floor":39},{"not_picked":["yuri:GhostForm+1","yuri:HeavierStrike"],"picked":"yuri:TPose+1","floor":40},{"not_picked":["yuri:MPose+1","yuri:ThornRemove"],"picked":"yuri:WickedSlash+1","floor":44},{"not_picked":["yuri:WickedSlash","yuri:DeepBreathing+1"],"picked":"yuri:Stalk+1","floor":45},{"not_picked":["yuri:MultiDip","yuri:HeavierStrike"],"picked":"yuri:Stare+1","floor":46}],"player_experience":416363,"relics_obtained":[{"floor":1.0,"key":"LetterFromLob"},{"floor":6.0,"key":"Bag of Marbles"},{"floor":9.0,"key":"Frozen Egg 2"},{"floor":26,"key":"Kunai"},{"floor":29,"key":"Incense Burner"},{"floor":29,"key":"potionbrewer:WarMedal"},{"floor":36,"key":"Runesmith:Locket"},{"floor":43,"key":"Gremlin Horn"},{"floor":46,"key":"Pocketwatch"}],"event_choices":[{"damage_healed":0.0,"max_hp_gain":0.0,"max_hp_loss":0.0,"gold_gain":0.0,"cards_transformed":["yuri:yuriStrike"],"event_name":"Transmorgrifier","player_choice":"Transformed","floor":4.0,"gold_loss":0.0,"damage_taken":0.0,"cards_obtained":["yuri:HeavierStrike"]},{"damage_healed":0.0,"max_hp_gain":0.0,"max_hp_loss":0.0,"gold_gain":0.0,"event_name":"Purifier","player_choice":"Ignored","floor":11.0,"gold_loss":0.0,"damage_taken":0.0},{"damage_healed":0.0,"max_hp_gain":0.0,"max_hp_loss":0.0,"gold_gain":0.0,"event_name":"WeMeetAgain","player_choice":"Paid Gold","floor":19.0,"gold_loss":66.0,"damage_taken":0.0,"relics_obtained":["DemoMod:WeirdEgg"]},{"damage_healed":0,"gold_gain":0,"player_choice":"Copied","damage_taken":0,"max_hp_gain":0,"max_hp_loss":0,"event_name":"Duplicator","floor":22,"gold_loss":0,"cards_obtained":["yuri:Oolong"]},{"damage_healed":0,"gold_gain":0,"player_choice":"Bought 1 Potion","damage_taken":0,"max_hp_gain":0,"max_hp_loss":0,"event_name":"The Woman in Blue","floor":27,"gold_loss":0},{"damage_healed":0,"gold_gain":0,"player_choice":"Got Potions","damage_taken":0,"max_hp_gain":0,"max_hp_loss":0,"event_name":"Lab","floor":28,"gold_loss":0},{"damage_healed":0,"gold_gain":0,"player_choice":"Fight","damage_taken":0,"max_hp_gain":0,"max_hp_loss":0,"event_name":"Colosseum","floor":29,"gold_loss":0},{"damage_healed":0,"gold_gain":0,"player_choice":"Fought Nobs","damage_taken":0,"max_hp_gain":0,"max_hp_loss":0,"event_name":"Colosseum","floor":29,"gold_loss":0},{"damage_healed":0,"gold_gain":0,"player_choice":"Fight","damage_taken":0,"max_hp_gain":0,"max_hp_loss":0,"event_name":"Mysterious Sphere","floor":36,"gold_loss":0},{"damage_healed":0,"gold_gain":0,"player_choice":"Forge","damage_taken":0,"max_hp_gain":0,"max_hp_loss":0,"event_name":"Accursed Blacksmith","floor":38,"gold_loss":0,"cards_upgraded":["yuri:TPose"]},{"damage_healed":0,"gold_gain":0,"player_choice":"Fight","damage_taken":0,"max_hp_gain":0,"max_hp_loss":0,"event_name":"MindBloom","floor":46,"gold_loss":0}],"is_beta":false,"boss_relics":[{"not_picked":["Tiny House","Philosopher\u0027s Stone"],"picked":"Ring of Chaos"},{"not_picked":["Snecko Eye","Painkiller Herb"],"picked":"yuri:BookOfBooks"}],"items_purged_floors":[],"is_endless":false,"potions_floor_spawned":[5,8,14,16,20,24,31,33,39,40,44],"ascension_level":0}}