{"host":"qc1sjgtdjonvdsd8","time":1609698188,"event":{"mods":["BaseMod","Colored Map","Colored Powertips","Curses Come First","Minty Spire (QoL Compilation)","Replay The Spire","StSLib"],"gold_per_floor":[109,209,226,69,69,98,98,110,182,182,182,217,142,162,179,191,191,290,290,310,323,403,278,278,308,324,324,324,334,349,104,104,121,121,121,121],"floor_reached":35,"playtime":2636,"items_purged":["Strike_G","Strike_G"],"score":330,"play_id":"2209b281-253b-4c0e-be2f-2c7256f4cd07","local_time":"20210103102308","is_ascension_mode":true,"campfire_choices":[{"data":"Neutralize","floor":7,"key":"SMITH"},{"floor":17,"key":"REST"},{"floor":27,"key":"REST"},{"floor":34,"key":"REST"}],"circlet_count":0,"master_deck":["Strike_G+1","Strike_G+1","Strike_G","Defend_G","Defend_G","Defend_G","Defend_G","Defend_G","Survivor","Neutralize+1","Backflip","Blade Dance","Tools of the Trade","Deflect","Cloak And Dagger","Replay:Bag of Tricks","Reflex","Corpse Explosion","Quick Slash+1","Hidden Blade","Bullet Time","Tactician","Terror","Blade Dance+1","PiercingWail","Tools of the Trade"],"relics":["Ring of the Snake","NeowsBlessing","Tiny Chest","Akabeko","Sundial","Pen Nib","Fusion Hammer","Replay:Rubber Ducky","Gremlin Horn","DollysMirror"],"acts_visited":["Exordium","TheCity"],"potions_floor_usage":[12,12,18,26],"damage_taken":[{"damage":0,"enemies":"Jaw Worm","floor":1,"turns":1},{"damage":0,"enemies":"Cultist","floor":3,"turns":1},{"damage":0,"enemies":"Gremlin Nob","floor":6,"turns":1},{"damage":0,"enemies":"Small Slimes","floor":8,"turns":4},{"damage":17,"enemies":"Lagavulin","floor":12,"turns":7},{"damage":3,"enemies":"Exordium Wildlife","floor":14,"turns":4},{"damage":4,"enemies":"Exordium Thugs","floor":15,"turns":4},{"damage":2,"enemies":"2 Fungi Beasts","floor":16,"turns":4},{"damage":16,"enemies":"Hexaghost","floor":18,"turns":9},{"damage":0,"enemies":"3 Byrds","floor":20,"turns":3},{"damage":6,"enemies":"Spheric Guardian","floor":21,"turns":4},{"damage":12,"enemies":"Gremlin Leader","floor":25,"turns":6},{"damage":3,"enemies":"Snake Plant","floor":26,"turns":3},{"damage":0,"enemies":"Snecko","floor":29,"turns":5},{"damage":2,"enemies":"Chosen and Byrds","floor":30,"turns":5},{"damage":16,"enemies":"Centurion and Healer","floor":33,"turns":2},{"damage":65,"enemies":"Collector","floor":35,"turns":6}],"seed_played":"8994202043971195881","potions_obtained":[{"floor":1,"key":"LiquidBronze"},{"floor":3,"key":"Languid Potion"},{"floor":6,"key":"Explosive Potion"},{"floor":12,"key":"Strength Potion"},{"floor":25,"key":"Cursed Concoction"},{"floor":26,"key":"DuplicationPotion"}],"is_trial":false,"path_per_floor":["M","?","M","$","?","E","R","M","T","PTL","PTL","E","$","M","M","M","R_BF","B",null,"M","M","T","$","?","E","M","R","T","M","M","$","?","M","R","B"],"character_chosen":"THE_SILENT","items_purchased":["Tiny Chest","Hidden Blade","Blade Dance+1","PiercingWail","DollysMirror"],"campfire_rested":3,"item_purchase_floors":[4,23,31,31,31],"current_hp_per_floor":[70,70,70,70,56,56,56,56,56,56,56,39,39,36,32,30,51,35,70,70,64,64,64,51,39,36,58,58,58,56,56,56,40,62,0,0],"gold":121,"neow_bonus":"THREE_ENEMY_KILL","is_daily":false,"chose_seed":false,"campfire_upgraded":1,"win_rate":0.0,"timestamp":1609698188,"path_taken":["M","?","M","?","?","E","R","?","T","PTL","PTL","E","$","M","M","M","R_BF","BOSS","M","?","?","$","?","E","M","R","T","M","M","$","?","?","R","BOSS"],"items_purchased_type":["Relic","Card","Card","Card","Relic"],"build_version":"2020-12-22","purchased_purges":2,"victory":false,"max_hp_per_floor":[70,70,70,70,70,70,70,70,70,70,70,70,70,70,70,70,70,70,70,70,70,70,70,75,75,75,75,75,75,75,75,75,75,75,75,75],"card_choices":[{"not_picked":["Flying Knee","Poisoned Stab"],"picked":"Backflip","floor":1},{"not_picked":["Draining Mist","Masterful Stab"],"picked":"Blade Dance","floor":3},{"not_picked":["Underhanded Strike","Acrobatics"],"picked":"Tools of the Trade","floor":6},{"not_picked":["Poisoned Stab","Backflip"],"picked":"Deflect","floor":8},{"not_picked":["Setup","Draining Mist","Quick Slash"],"picked":"SKIP","floor":12},{"not_picked":["Sucker Punch","Deflect"],"picked":"Cloak And Dagger","floor":14},{"not_picked":["Poisoned Stab","Dagger Throw"],"picked":"Replay:Bag of Tricks","floor":15},{"not_picked":["Backstab","Slice"],"picked":"Reflex","floor":16},{"not_picked":["Poison Darts","ReplayTheSpireMod:Necrosis"],"picked":"Corpse Explosion","floor":18},{"not_picked":["Deflect","Sucker Punch","Dash"],"picked":"SKIP","floor":20},{"not_picked":["Sucker Punch","Outmaneuver"],"picked":"Quick Slash+1","floor":21},{"not_picked":["Deflect+1","Backflip"],"picked":"Bullet Time","floor":25},{"not_picked":["Dagger Throw","PiercingWail"],"picked":"Tactician","floor":26},{"not_picked":["Flying Knee+1","Backstab"],"picked":"Terror","floor":29},{"not_picked":["Riddle With Holes+1","Poisoned Stab","Bane+1"],"picked":"SKIP","floor":30},{"not_picked":["Deflect+1","Sucker Punch","Endless Agony"],"picked":"SKIP","floor":33}],"player_experience":212531,"relics_obtained":[{"floor":6,"key":"Akabeko"},{"floor":9,"key":"Sundial"},{"floor":12,"key":"Pen Nib"},{"floor":25,"key":"Replay:Rubber Ducky"},{"floor":28,"key":"Gremlin Horn"}],"event_choices":[{"damage_healed":0,"gold_gain":100,"player_choice":"Pray","damage_taken":0,"max_hp_gain":0,"max_hp_loss":0,"event_name":"Golden Shrine","floor":2,"gold_loss":0},{"damage_healed":0,"gold_gain":0,"player_choice":"Entered Light","damage_taken":14,"max_hp_gain":0,"max_hp_loss":0,"event_name":"Shining Light","floor":5,"gold_loss":0,"cards_upgraded":["Strike_G","Strike_G"]},{"damage_healed":0,"gold_gain":0,"player_choice":"Shed Blood","damage_taken":18,"max_hp_gain":5,"max_hp_loss":0,"event_name":"Forgotten Altar","floor":24,"gold_loss":0},{"damage_healed":0,"gold_gain":0,"player_choice":"Ignored","damage_taken":0,"max_hp_gain":0,"max_hp_loss":0,"event_name":"Vampires","floor":32,"gold_loss":0}],"is_beta":false,"boss_relics":[{"not_picked":["Velvet Choker","Replay:Drink Me"],"picked":"Fusion Hammer"}],"items_purged_floors":[13,23],"is_endless":false,"potions_floor_spawned":[1,3,6,12,25,26],"killed_by":"Collector","ascension_level":1}}