{"host":"armnliea5o2aqs4b","time":1609690714,"event":{"mods":["BaseMod","Hubris","Infinite Spire","Minty Spire (QoL Compilation)","Quick Restart","StSLib"],"gold_per_floor":[111,111,66,66,84,113,113,148,148,180,180,180,180,201,201,331,331,351,375,67,67,86,130,130,55,78,102,102,102,102,115,115,246,246,265,315,77,97,120,120,160,6,83,83,83,416,416,428,428,428],"floor_reached":51,"playtime":1143,"items_purged":[],"score":1124,"play_id":"7c021d89-ae24-4ccd-9fe6-e03fea1f053e","local_time":"20210104031834","is_ascension_mode":true,"campfire_choices":[{"data":"infinitespire:TheBestDefense","floor":7.0,"key":"SMITH"},{"data":"Heavy Blade","floor":15.0,"key":"SMITH"},{"data":"Feed","floor":24.0,"key":"SMITH"},{"data":"hubris:InfiniteBlow+4","floor":30.0,"key":"SMITH"},{"data":"hubris:InfiniteBlow+5","floor":32.0,"key":"SMITH"},{"data":"hubris:InfiniteBlow+6","floor":40.0,"key":"SMITH"},{"data":"hubris:InfiniteBlow+11","floor":44.0,"key":"SMITH"},{"data":"hubris:InfiniteBlow+17","floor":49.0,"key":"SMITH"}],"circlet_count":0,"master_deck":["Strike_R+1","Strike_R+1","Strike_R+1","Strike_R+1","Defend_R+1","Defend_R+1","Defend_R+1","Defend_R+1","Bash","Flex","infinitespire:TheBestDefense+1","Heavy Blade+1","Cleave","Shockwave","Feed+1","Battle Trance","hubris:InfiniteBlow+22","Inflame","Flex","Double Tap"],"relics":["Burning Blood","NeowsBlessing","hubris:Icosahedron","Tiny Chest","Blood Vial","Du-Vu Doll","Ice Cream","Juzu Bracelet","hubris:RunicObelisk","Orichalcum","infinitespire:Golems Mask","Boot","Anchor","infinitespire:Burning Sword","hubris:ToyBattleship","Question Card","hubris:TinFlute","Meat on the Bone","PreservedInsect"],"acts_visited":["Exordium","TheCity","TheBeyond"],"potions_floor_usage":[],"damage_taken":[{"damage":0.0,"enemies":"Small Slimes","floor":1.0,"turns":1.0},{"damage":0.0,"enemies":"Jaw Worm","floor":5.0,"turns":1.0},{"damage":0.0,"enemies":"Lagavulin","floor":6.0,"turns":1.0},{"damage":16.0,"enemies":"3 Sentries","floor":8.0,"turns":7.0},{"damage":23.0,"enemies":"Gremlin Nob","floor":10.0,"turns":4.0},{"damage":0.0,"enemies":"Cultist","floor":14.0,"turns":2.0},{"damage":19.0,"enemies":"The Guardian","floor":16.0,"turns":7.0},{"damage":18.0,"enemies":"2 Thieves","floor":18.0,"turns":4.0},{"damage":0.0,"enemies":"Chosen","floor":22.0,"turns":1.0},{"damage":0.0,"enemies":"Gremlin Leader","floor":23.0,"turns":3.0},{"damage":0.0,"enemies":"Centurion and Healer","floor":27.0,"turns":3.0},{"damage":12.0,"enemies":"Snake Plant","floor":31.0,"turns":3.0},{"damage":7.0,"enemies":"Champ","floor":33.0,"turns":5.0},{"damage":0.0,"enemies":"Orb Walker","floor":35.0,"turns":1.0},{"damage":0.0,"enemies":"3 Darklings","floor":38.0,"turns":2.0},{"damage":0.0,"enemies":"Maw","floor":39.0,"turns":4.0},{"damage":0.0,"enemies":"Nemesis","floor":41.0,"turns":1.0},{"damage":0.0,"enemies":"Transient","floor":48.0,"turns":4.0},{"damage":0,"enemies":"infinitespire:MassOfShapes","floor":50,"turns":1}],"seed_played":"7750389353288475090","potions_obtained":[{"floor":5.0,"key":"DistilledChaos"},{"floor":8.0,"key":"FearPotion"},{"floor":14.0,"key":"Strength Potion"},{"floor":16.0,"key":"Block Potion"},{"floor":22.0,"key":"Block Potion"},{"floor":31.0,"key":"DuplicationPotion"},{"floor":33.0,"key":"Block Potion"},{"floor":38.0,"key":"Strength Potion"},{"floor":39.0,"key":"Fire Potion"}],"is_trial":false,"path_per_floor":["M","?","$","?","M","E","R","E","T","E","?","?","?","M","R","B",null,"M","T","$","?","M","E","R","?","T","M","AVR","?","R","M","R","B",null,"M","T","$","M","M","R","E","$","T","R","AVR","?","?","M","R","B",null],"character_chosen":"IRONCLAD","items_purchased":["Heavy Blade","infinitespire:Golems Mask","Question Card","Double Tap"],"campfire_rested":0,"item_purchase_floors":[3,20,37,42],"current_hp_per_floor":[78,58,58,58,64,70,70,60,60,45,45,45,84,84,84,71,81,71,71,71,71,79,84,84,84,84,88,88,88,88,82,82,87,91,92,92,92,92,92,92,92,92,92,92,92,92,92,92,92,92],"gold":428,"neow_bonus":"THREE_ENEMY_KILL","is_daily":false,"chose_seed":false,"campfire_upgraded":8,"win_rate":0.0,"timestamp":1609690714,"path_taken":["M","?","$","?","M","E","R","E","T","E","?","?","?","M","R","BOSS","M","?","$","?","M","E","R","?","T","M","AVR","?","R","M","R","BOSS","M","?","$","M","M","R","E","?","T","R","AVR","?","?","M","R","BOSS"],"items_purchased_type":["Card","Relic","Relic","Card"],"build_version":"2020-12-22","purchased_purges":0,"victory":true,"max_hp_per_floor":[80,80,80,80,80,80,80,80,80,80,74,74,84,84,84,84,84,84,84,84,84,84,84,84,84,84,88,88,88,88,88,88,92,92,92,92,92,92,92,92,92,92,92,92,92,92,92,92,92,92],"card_choices":[{"not_picked":["Shrug It Off","Blood for Blood"],"picked":"Flex","floor":1.0},{"not_picked":["infinitespire:Execution","infinitespire:SevenWalls"],"picked":"infinitespire:TheBestDefense","floor":2.0},{"not_picked":["Clash","Sentinel"],"picked":"Cleave","floor":5.0},{"not_picked":["Sword Boomerang","Ghostly Armor"],"picked":"Impervious","floor":6.0},{"not_picked":["Heavy Blade","Havoc"],"picked":"Shockwave","floor":8.0},{"not_picked":["Dual Wield","Havoc","Perfected Strike"],"picked":"SKIP","floor":10.0},{"not_picked":["Feel No Pain","Blood for Blood","Twin Strike"],"picked":"SKIP","floor":14.0},{"not_picked":["Immolate","Bludgeon"],"picked":"Feed","floor":16.0},{"not_picked":["Havoc","Pommel Strike","Twin Strike+1"],"picked":"SKIP","floor":18.0},{"not_picked":["Shrug It Off","Hemokinesis"],"picked":"Battle Trance","floor":22.0},{"not_picked":["Shockwave","Shrug It Off","Anger"],"picked":"SKIP","floor":23.0},{"not_picked":["Thunderclap+1","Wild Strike","Havoc"],"picked":"SKIP","floor":27.0},{"not_picked":["Cleave","Body Slam","hubris:ReadiedAction"],"picked":"SKIP","floor":31.0},{"not_picked":["Thunderclap","Shrug It Off+1","Reckless Charge+1"],"picked":"SKIP","floor":35.0},{"not_picked":["Intimidate+1","Thunderclap+1","Wild Strike"],"picked":"Flex","floor":38.0},{"not_picked":["hubris:SharpeningStone","Sentinel+1","Anger+1","Wild Strike+1"],"picked":"SKIP","floor":39.0},{"not_picked":["Sentinel+1","Berserk","Carnage+1","Infernal Blade"],"picked":"SKIP","floor":41.0},{"not_picked":["Heavy Blade+1","Shockwave","Ghostly Armor+1","Flex"],"picked":"SKIP","floor":48.0}],"player_experience":167763,"relics_obtained":[{"floor":6.0,"key":"Tiny Chest"},{"floor":8.0,"key":"Blood Vial"},{"floor":9.0,"key":"Du-Vu Doll"},{"floor":10.0,"key":"Ice Cream"},{"floor":19.0,"key":"Orichalcum"},{"floor":23.0,"key":"Boot"},{"floor":26.0,"key":"Anchor"},{"floor":36.0,"key":"hubris:ToyBattleship"},{"floor":41.0,"key":"hubris:TinFlute"},{"floor":43.0,"key":"Meat on the Bone"}],"event_choices":[{"damage_healed":0.0,"max_hp_gain":0.0,"max_hp_loss":6.0,"gold_gain":0.0,"event_name":"Golden Idol","player_choice":"Lose Max HP","floor":11.0,"gold_loss":0.0,"damage_taken":0.0,"relics_obtained":["Golden Idol"]},{"damage_healed":0.0,"max_hp_gain":0.0,"max_hp_loss":0.0,"gold_gain":0.0,"event_name":"WeMeetAgain","player_choice":"Gave Potion","floor":12.0,"gold_loss":0.0,"damage_taken":0.0,"relics_obtained":["Juzu Bracelet"]},{"cards_removed":["Impervious"],"damage_healed":29.0,"max_hp_gain":10.0,"max_hp_loss":0.0,"gold_gain":0.0,"event_name":"Bonfire Elementals","player_choice":"Offered Rare","floor":13.0,"gold_loss":0.0,"damage_taken":0.0},{"damage_healed":0.0,"max_hp_gain":0.0,"max_hp_loss":0.0,"gold_gain":0.0,"event_name":"Back to Basics","player_choice":"Simplicity","floor":21.0,"gold_loss":0.0,"damage_taken":0.0,"cards_upgraded":["Strike_R","Strike_R","Strike_R","Strike_R","Strike_R","Defend_R","Defend_R","Defend_R","Defend_R"]},{"cards_removed":["Strike_R"],"damage_healed":0.0,"max_hp_gain":0.0,"max_hp_loss":0.0,"gold_gain":0.0,"event_name":"Beggar","player_choice":"Gave Gold","floor":25.0,"gold_loss":75.0,"damage_taken":0.0},{"damage_healed":0.0,"max_hp_gain":0.0,"max_hp_loss":0.0,"gold_gain":0.0,"event_name":"The Library","player_choice":"Read","floor":29.0,"gold_loss":0.0,"damage_taken":0.0,"cards_obtained":["Inflame"]},{"damage_healed":0.0,"max_hp_gain":0.0,"max_hp_loss":0.0,"gold_gain":333.0,"event_name":"The Moai Head","player_choice":"Gave Idol","floor":46.0,"relics_lost":["Golden Idol"],"gold_loss":0.0,"damage_taken":0.0},{"damage_healed":0.0,"max_hp_gain":0.0,"max_hp_loss":0.0,"gold_gain":0.0,"event_name":"Accursed Blacksmith","player_choice":"Forge","floor":47.0,"gold_loss":0.0,"damage_taken":0.0,"cards_upgraded":["hubris:InfiniteBlow"]}],"is_beta":false,"boss_relics":[{"not_picked":["Philosopher\u0027s Stone","Runic Dome"],"picked":"hubris:RunicObelisk"},{"not_picked":["Coffee Dripper","Black Star"],"picked":"infinitespire:Burning Sword"}],"items_purged_floors":[],"is_endless":false,"potions_floor_spawned":[5,8,14,16,22,31,33,38,39,41],"ascension_level":6}}