{"host":"o4w63qr3r67r509f","time":1609654641,"event":{"mods":["2.2 Compatiblity","AchievementEnabler","BaseMod","Colored Map","DeckTracker","KOR Keyword Fix","Minty Spire (QoL Compilation)","StSLib"],"gold_per_floor":[118,131,306,306,320,320,349,349,374,374,374],"floor_reached":10,"playtime":302,"items_purged":[],"score":66,"play_id":"5a38fc7f-0c0a-48ee-9c59-c812197a92f7","local_time":"20210103151721","is_ascension_mode":false,"campfire_choices":[{"data":"Eruption","floor":6,"key":"SMITH"},{"data":"Crescendo","floor":8,"key":"SMITH"}],"circlet_count":0,"master_deck":["Strike_P","Strike_P","Strike_P","Strike_P","Defend_P","Defend_P","Defend_P","Defend_P","Eruption+1","Vigilance","Study","Crescendo+1"],"relics":["PureWater","NeowsBlessing","Centennial Puzzle","Regal Pillow"],"acts_visited":["Exordium"],"potions_floor_usage":[],"damage_taken":[{"damage":0,"enemies":"Small Slimes","floor":1,"turns":1},{"damage":0,"enemies":"Jaw Worm","floor":2,"turns":1},{"damage":0,"enemies":"Cultist","floor":5,"turns":1},{"damage":54,"enemies":"3 Sentries","floor":7,"turns":8},{"damage":19,"enemies":"Lagavulin","floor":10,"turns":8}],"seed_played":"-2829701210430276031","potions_obtained":[{"floor":1,"key":"Dexterity Potion"},{"floor":2,"key":"Dexterity Potion"}],"is_trial":false,"path_per_floor":["M","M","?","?","M","R","E","R","T","E"],"character_chosen":"WATCHER","items_purchased":[],"campfire_rested":0,"item_purchase_floors":[],"current_hp_per_floor":[72,72,72,72,72,72,18,18,18,0,0],"gold":374,"neow_bonus":"THREE_ENEMY_KILL","is_daily":false,"chose_seed":false,"campfire_upgraded":2,"win_rate":0.0,"timestamp":1609654641,"path_taken":["M","M","?","?","?","R","E","R","T","E"],"items_purchased_type":[],"build_version":"2020-12-22","purchased_purges":0,"victory":false,"max_hp_per_floor":[72,72,72,72,72,72,72,72,72,72,72],"card_choices":[{"not_picked":["FollowUp","InnerPeace"],"picked":"Study","floor":1},{"not_picked":["FlurryOfBlows","Fasting2"],"picked":"Crescendo","floor":2},{"not_picked":["ThirdEye","BowlingBash","FlyingSleeves"],"picked":"SKIP","floor":5},{"not_picked":["ThirdEye","BowlingBash","FlyingSleeves"],"picked":"SKIP","floor":5},{"not_picked":["PathToVictory","Protect","FlyingSleeves"],"picked":"SKIP","floor":7}],"player_experience":92557,"relics_obtained":[{"floor":7,"key":"Centennial Puzzle"},{"floor":9,"key":"Regal Pillow"}],"event_choices":[{"damage_healed":0,"gold_gain":175,"player_choice":"AGREE","damage_taken":0,"max_hp_gain":0,"max_hp_loss":0,"event_name":"Liars Game","floor":3,"gold_loss":0,"cards_obtained":["Doubt"]},{"cards_removed":["Doubt"],"damage_healed":0,"gold_gain":0,"player_choice":"Removed Curses","damage_taken":0,"max_hp_gain":0,"max_hp_loss":0,"event_name":"Fountain of Cleansing","floor":4,"gold_loss":0}],"is_beta":false,"boss_relics":[],"items_purged_floors":[],"is_endless":false,"potions_floor_spawned":[1,2],"killed_by":"Lagavulin","ascension_level":0}}