{"host":"kos1s9q8ffr8fqos","time":1609712614,"event":{"mods":["BaseMod","Bestiary","Better Altar","Better Match","Better Note","Better Sensory Stone","Better Skull","Better Third Choice","Better Vampires","Colored Map","Colored Powertips","Curses Come First","Downfall","Hermit","Infinite Spire","Minty Spire (QoL Compilation)","Quick Restart","Random Character Button","Relic Stats","Replay The Spire","StSLib","The Blue Laboratory","The Disciple"],"gold_per_floor":[367,387,38,55,71,71,91,119,119,119,44,44,75,75,75,154,154,169,219,219,239,250,282,300,313,337,337,93,93,109,128,128,199,199,218,218,234,234,244,271,271,290,290,290,340,340,340,351,351,351],"floor_reached":51,"playtime":3430,"items_purged":["Strike_P","Defend_P"],"score":1155,"play_id":"93dfa8dc-fbdd-4b03-bd39-94d50369735b","local_time":"20210103162334","is_ascension_mode":true,"campfire_choices":[{"floor":6.0,"key":"REST"},{"floor":10.0,"key":"REST"},{"data":"BattleHymn","floor":12.0,"key":"SMITH"},{"data":"Study","floor":15.0,"key":"SMITH"},{"data":"ReplayTheSpireMod:Chaos Vortex","floor":29.0,"key":"SMITH"},{"floor":32.0,"key":"DIG"},{"data":"ForeignInfluence","floor":41.0,"key":"SMITH"},{"data":"Ragnarok","floor":44.0,"key":"SMITH"},{"data":"Establishment","floor":46.0,"key":"SMITH"},{"data":"expansioncontent:StudyTheSpire","floor":49.0,"key":"SMITH"}],"circlet_count":0,"master_deck":["AscendersBane","Defend_P","Defend_P","Defend_P","Eruption","Vigilance","BattleHymn+1","Consecrate+1","Wireheading","Panacea","Perseverance+1","Conclude","Tantrum+1","Pot Of Greed","Pot Of Greed+1","ThirdEye","Study+1","LessonLearned+1","infinitespire:Starlight","ReplayTheSpireMod:Chaos Vortex+1","Replay:Anticipation","Pot Of Greed+1","ForeignInfluence+1","Judgement","ForeignInfluence","ClearTheMind","CrushJoints+1","Wallop","Ragnarok+1","Looming Evil","EmptyMind","Establishment+1","WaveOfTheHand","Sanctity","Pot Of Greed","expansioncontent:StudyTheSpire+1","expansioncontent:Corrupt"],"relics":["HolyWater","ClockworkSouvenir","Vajra","Grinning Jar","Bottled Tornado","ReplayFunnel","Replay:Bronze Core","ReplayTheSpireMod:Lightbulb","infinitespire:Beetle Shell","Whetstone","Divine Protection","Painkiller Herb","Ring of Chaos","Ring of Panic","Smiling Mask","Replay:WaspNest","ReplayFunnel"],"acts_visited":["Exordium","TheCity","TheBeyond"],"potions_floor_usage":[50,50],"damage_taken":[{"damage":16.0,"enemies":"infinitespire:Voidling","floor":1.0,"turns":8.0},{"damage":0.0,"enemies":"Cultist","floor":2.0,"turns":3.0},{"damage":2.0,"enemies":"Jaw Worm","floor":4.0,"turns":3.0},{"damage":11.0,"enemies":"Blue Slaver","floor":5.0,"turns":4.0},{"damage":7.0,"enemies":"Gremlin Gang","floor":7.0,"turns":5.0},{"damage":21.0,"enemies":"Lagavulin","floor":8.0,"turns":7.0},{"damage":8.0,"enemies":"Gremlin Nob","floor":13.0,"turns":3.0},{"damage":0.0,"enemies":"Slime Boss","floor":16.0,"turns":4.0},{"damage":0.0,"enemies":"Spheric Guardian","floor":18.0,"turns":3.0},{"damage":0.0,"enemies":"3 Byrds","floor":21.0,"turns":3.0},{"damage":8.0,"enemies":"Centurion and Healer","floor":22.0,"turns":3.0},{"damage":2.0,"enemies":"Book of Stabbing","floor":23.0,"turns":6.0},{"damage":0.0,"enemies":"Snecko","floor":24.0,"turns":4.0},{"damage":0.0,"enemies":"Snake Plant","floor":25.0,"turns":3.0},{"damage":15.0,"enemies":"Centurion and Healer","floor":30.0,"turns":8.0},{"damage":0.0,"enemies":"Sentry and Sphere","floor":31.0,"turns":5.0},{"damage":11.0,"enemies":"Champ","floor":33.0,"turns":6.0},{"damage":2.0,"enemies":"3 Shapes","floor":35.0,"turns":4.0},{"damage":0.0,"enemies":"3 Darklings","floor":37.0,"turns":3.0},{"damage":0.0,"enemies":"Sphere and 2 Shapes","floor":39.0,"turns":4.0},{"damage":0.0,"enemies":"Reptomancer","floor":40.0,"turns":6.0},{"damage":0.0,"enemies":"Writhing Mass","floor":42.0,"turns":6.0},{"damage":0.0,"enemies":"Transient","floor":48.0,"turns":6.0},{"damage":43,"enemies":"Replay:Hell Engine","floor":50,"turns":8}],"seed_played":"-114660622041351297","potions_obtained":[{"floor":1.0,"key":"blueLaboratory:BubblePotion"},{"floor":4.0,"key":"Weak Potion"},{"floor":8.0,"key":"blueLaboratory:EpiphanyPotion"},{"floor":23.0,"key":"blueLaboratory:PressurePotion"},{"floor":24.0,"key":"Ancient Potion"},{"floor":31.0,"key":"blueLaboratory:EpiphanyPotion"},{"floor":39.0,"key":"GamblersBrew"},{"floor":48.0,"key":"Strength Potion"}],"is_trial":false,"path_per_floor":["M","M","$","M","M","R","M","E","T","R","?","R","E","?","R","B",null,"M","?","AVR","M","M","E","M","M","T","?","$","R","M","M","R_BF","B",null,"?","?","?","?","?","E","T","?","T","T","T","T","?","?","T","B",null],"character_chosen":"WATCHER","items_purchased":["Wireheading","ClockworkSouvenir","Panacea","Whetstone"],"campfire_rested":2,"item_purchase_floors":[3,3,3,28],"current_hp_per_floor":[45,45,45,43,32,50,43,22,22,40,40,40,32,32,32,32,55,55,55,55,55,47,55,62,62,62,62,62,62,53,62,62,61,62,62,62,62,62,62,62,62,62,62,62,62,62,62,62,62,29],"gold":351,"neow_bonus":"TWO_FIFTY_GOLD","is_daily":false,"chose_seed":false,"campfire_upgraded":7,"win_rate":0.0,"timestamp":1609712614,"path_taken":["M","?","$","M","M","R","M","E","T","R","?","R","E","?","R","BOSS","M","?","AVR","M","?","E","M","M","T","?","?","R","?","?","R_BF","BOSS","?","?","?","?","?","E","T","?","T","T","?","T","?","?","T","BOSS"],"items_purchased_type":["Card","Relic","Card","Relic"],"build_version":"2020-12-22","purchased_purges":2,"victory":true,"max_hp_per_floor":[62,62,62,62,62,62,62,62,62,62,62,62,62,62,62,62,62,62,62,62,62,62,62,62,62,62,62,62,62,62,62,62,62,62,62,62,62,62,62,62,62,62,62,62,62,62,62,62,62,62],"relic_stats":{"counters":[24,115],"Whetstone":["CrushJoints","Consecrate"],"Smiling Mask":0,"obtain_stats":[{"ReplayFunnel":20,"Divine Protection":32,"Vajra":8,"Painkiller Herb":34,"infinitespire:Beetle Shell":26,"Ring of Chaos":36,"Replay:WaspNest":43,"Whetstone":28,"Bottled Tornado":13,"Smiling Mask":40,"ClockworkSouvenir":3,"Replay:Bronze Core":20,"HolyWater":17,"PureWater":0,"Grinning Jar":9,"Ring of Panic":36,"ReplayTheSpireMod:Lightbulb":23},{"ReplayFunnel":9,"Divine Protection":16,"Vajra":6,"Painkiller Herb":17,"infinitespire:Beetle Shell":14,"Ring of Chaos":18,"Replay:WaspNest":22,"Whetstone":14,"Bottled Tornado":7,"Smiling Mask":21,"ClockworkSouvenir":2,"Replay:Bronze Core":9,"HolyWater":8,"PureWater":0,"Grinning Jar":6,"Ring of Panic":18,"ReplayTheSpireMod:Lightbulb":12},{"ReplayFunnel":40,"Divine Protection":72,"Vajra":30,"Painkiller Herb":78,"infinitespire:Beetle Shell":59,"Ring of Chaos":82,"Replay:WaspNest":101,"Whetstone":59,"Bottled Tornado":33,"Smiling Mask":95,"ClockworkSouvenir":11,"Replay:Bronze Core":40,"HolyWater":37,"PureWater":0,"Grinning Jar":30,"Ring of Panic":82,"ReplayTheSpireMod:Lightbulb":52}]},"card_choices":[{"not_picked":["CutThroughFate","Replay:AtTheReady"],"picked":"BattleHymn","floor":1.0},{"not_picked":["FlyingSleeves","Sanctity"],"picked":"Consecrate","floor":2.0},{"not_picked":["WindmillStrike","JustLucky"],"picked":"Perseverance","floor":4.0},{"not_picked":["Nirvana","FlyingSleeves"],"picked":"Conclude","floor":5.0},{"not_picked":["Protect","JustLucky","Swivel"],"picked":"SKIP","floor":7.0},{"not_picked":["Indignation","Evaluate"],"picked":"Tantrum","floor":8.0},{"not_picked":["InnerPeace","FlurryOfBlows"],"picked":"ThirdEye","floor":13.0},{"not_picked":["SpiritShield","DevaForm"],"picked":"LessonLearned","floor":16.0},{"not_picked":["Protect","FlyingSleeves","Study"],"picked":"SKIP","floor":18.0},{"not_picked":["Replay:DivineShield","Study"],"picked":"Replay:Anticipation","floor":21.0},{"not_picked":["Halt","Protect"],"picked":"ForeignInfluence","floor":22.0},{"not_picked":["ClearTheMind","Protect"],"picked":"Judgement","floor":23.0},{"not_picked":["Crescendo","Halt"],"picked":"ForeignInfluence","floor":24.0},{"not_picked":["Prostrate","ForeignInfluence"],"picked":"ClearTheMind","floor":25.0},{"not_picked":["WheelKick","BattleHymn","Vengeance"],"picked":"SKIP","floor":30.0},{"not_picked":["Replay:AtTheReady+1","EmptyBody"],"picked":"Wallop","floor":31.0},{"not_picked":["Devotion","Omniscience"],"picked":"Ragnarok","floor":33.0},{"not_picked":["Replay:ManipulateFuture","BowlingBash","EmptyBody"],"picked":"SKIP","floor":35.0},{"not_picked":["CrushJoints+1","ClearTheMind+1"],"picked":"EmptyMind","floor":37.0},{"not_picked":["JustLucky","Protect"],"picked":"Establishment","floor":39.0},{"not_picked":["Consecrate","LikeWater"],"picked":"WaveOfTheHand","floor":40.0},{"not_picked":["ClearTheMind+1","Replay:AtTheReady+1"],"picked":"Sanctity","floor":42.0},{"not_picked":["Deep Breath","ReplayTheSpireMod:Private Reserves"],"picked":"expansioncontent:StudyTheSpire","floor":47.0},{"not_picked":["expansioncontent:DarkVoid","ReplayTheSpireMod:Necrogeddon"],"picked":"expansioncontent:Corrupt","floor":47.0},{"not_picked":["SashWhip","CrushJoints+1","EmptyBody"],"picked":"SKIP","floor":48.0}],"player_experience":1286005,"relics_obtained":[{"floor":8.0,"key":"Vajra"},{"floor":9.0,"key":"Grinning Jar"},{"floor":13.0,"key":"Bottled Tornado"},{"floor":23.0,"key":"ReplayTheSpireMod:Lightbulb"},{"floor":26.0,"key":"infinitespire:Beetle Shell"},{"floor":32.0,"key":"Divine Protection"},{"floor":36.0,"key":"Ring of Chaos"},{"floor":36.0,"key":"Ring of Panic"},{"floor":40.0,"key":"Smiling Mask"},{"floor":43.0,"key":"Replay:WaspNest"},{"floor":45.0,"key":"ReplayFunnel"}],"event_choices":[{"cards_removed":["Strike_P"],"damage_healed":0.0,"max_hp_gain":0.0,"max_hp_loss":0.0,"gold_gain":0.0,"event_name":"The Cleric","player_choice":"Card Removal","floor":11.0,"gold_loss":75.0,"damage_taken":0.0},{"damage_healed":0.0,"max_hp_gain":0.0,"max_hp_loss":0.0,"gold_gain":0.0,"cards_transformed":["Strike_P"],"event_name":"Living Wall","player_choice":"Change","floor":14.0,"gold_loss":0.0,"damage_taken":0.0,"cards_obtained":["Study"]},{"damage_healed":0.0,"max_hp_gain":0.0,"max_hp_loss":0.0,"gold_gain":100.0,"event_name":"The Joust","player_choice":"Bet on Murderer","floor":19.0,"gold_loss":50.0,"damage_taken":0.0},{"damage_healed":0.0,"max_hp_gain":0.0,"max_hp_loss":0.0,"gold_gain":0.0,"cards_transformed":["Strike_P"],"event_name":"Transmorgrifier","player_choice":"Transformed","floor":27.0,"gold_loss":0.0,"damage_taken":0.0,"cards_obtained":["CrushJoints"]},{"damage_healed":0.0,"max_hp_gain":0.0,"max_hp_loss":0.0,"gold_gain":0.0,"event_name":"Tomb of Lord Red Mask","player_choice":"Ignored","floor":38.0,"gold_loss":0.0,"damage_taken":0.0},{"damage_healed":0.0,"max_hp_gain":0.0,"max_hp_loss":0.0,"gold_gain":3.0,"event_name":"betterStone:BetterStone","player_choice":"1","floor":47.0,"gold_loss":0.0,"damage_taken":0.0}],"is_beta":false,"boss_relics":[{"not_picked":["Tiny House","VioletLotus"],"picked":"HolyWater"},{"not_picked":["Velvet Choker","Replay:Drink Me"],"picked":"Painkiller Herb"}],"items_purged_floors":[20,28],"is_endless":false,"potions_floor_spawned":[1,4,8,23,24,31,39,48],"ascension_level":17}}