{"host":"mydft8i2zzydgggw","time":1609698068,"event":{"mods":["AchievementEnabler","BaseMod","Colored Map","Colored Powertips","Minty Spire (QoL Compilation)","StSLib","The Poker Player"],"gold_per_floor":[109,120,120,120,70,70,70,70,94,137,151,3,28,64,64,194,194,208,227,247,247,247,247,247],"floor_reached":23,"playtime":507,"items_purged":["Strike_B"],"score":260,"play_id":"750f36e3-bf38-4971-8f2f-f13a485b3665","local_time":"20210104032108","is_ascension_mode":true,"campfire_choices":[{"data":"Dualcast","floor":6,"key":"SMITH"},{"floor":8,"key":"RECALL"},{"floor":15,"key":"REST"}],"circlet_count":0,"master_deck":["Defend_B+1","Defend_B+1","Defend_B+1","Defend_B+1","Zap+1","Dualcast+1","Ball Lightning","Storm","Consume","Static Discharge","Tempest","Heatsinks","Buffer","Capacitor","Sweeping Beam+1","Redo"],"relics":["Cracked Core","NeowsBlessing","Golden Idol","Omamori","Dream Catcher","Meat on the Bone","Empty Cage"],"acts_visited":["Exordium","TheCity"],"potions_floor_usage":[14,21],"damage_taken":[{"damage":0,"enemies":"Jaw Worm","floor":1,"turns":1},{"damage":0,"enemies":"Small Slimes","floor":2,"turns":1},{"damage":0,"enemies":"3 Sentries","floor":10,"turns":1},{"damage":7,"enemies":"2 Louse","floor":11,"turns":3},{"damage":4,"enemies":"Large Slime","floor":13,"turns":4},{"damage":30,"enemies":"Lagavulin","floor":14,"turns":4},{"damage":26,"enemies":"Hexaghost","floor":16,"turns":6},{"damage":23,"enemies":"Shell Parasite","floor":18,"turns":4},{"damage":60,"enemies":"2 Thieves","floor":19,"turns":4},{"damage":30,"enemies":"Snake Plant","floor":20,"turns":3},{"damage":0,"enemies":"Centurion and Healer","floor":21,"turns":1},{"damage":39,"enemies":"Gremlin Leader","floor":23,"turns":2}],"seed_played":"-8137881918417744234","potions_obtained":[{"floor":1,"key":"PowerPotion"},{"floor":2,"key":"FairyPotion"},{"floor":10,"key":"SmokeBomb"},{"floor":19,"key":"Swift Potion"}],"is_trial":false,"path_per_floor":["M","M","?","?","?","R","?","R","T","E","M","$","M","E","R","B",null,"M","M","M","M","?","E"],"character_chosen":"DEFECT","items_purchased":["Static Discharge"],"campfire_rested":1,"item_purchase_floors":[12],"current_hp_per_floor":[75,75,57,57,57,57,62,62,62,62,55,55,51,21,45,31,80,57,36,18,30,30,0,0],"gold":247,"neow_bonus":"THREE_ENEMY_KILL","is_daily":false,"chose_seed":false,"campfire_upgraded":1,"win_rate":0.0,"timestamp":1609698068,"path_taken":["M","M","?","?","?","R","?","R","T","E","M","$","?","E","R","BOSS","M","M","M","?","?","E"],"items_purchased_type":["Card"],"build_version":"2020-12-22","purchased_purges":1,"victory":false,"max_hp_per_floor":[75,75,75,75,75,75,80,80,80,80,80,80,80,80,80,80,80,80,80,80,80,80,80,80],"card_choices":[{"not_picked":["Reinforced Body","Recycle","Go for the Eyes"],"picked":"SKIP","floor":1},{"not_picked":["Beam Cell","Reprogram"],"picked":"Ball Lightning","floor":2},{"not_picked":["Force Field","Conserve Battery"],"picked":"Storm","floor":10},{"not_picked":["Ball Lightning","Glacier"],"picked":"Consume","floor":11},{"not_picked":["Steam","Rebound"],"picked":"Tempest","floor":13},{"not_picked":["Hologram","Cold Snap"],"picked":"Heatsinks","floor":14},{"not_picked":["Reboot","Core Surge"],"picked":"Buffer","floor":16},{"not_picked":["Tempest","Compile Driver"],"picked":"Capacitor","floor":18},{"not_picked":["Conserve Battery","Turbo+1"],"picked":"Sweeping Beam+1","floor":19},{"not_picked":["Darkness+1","Rebound+1"],"picked":"Redo","floor":20}],"player_experience":80142,"relics_obtained":[{"floor":9,"key":"Omamori"},{"floor":10,"key":"Dream Catcher"},{"floor":14,"key":"Meat on the Bone"}],"event_choices":[{"damage_healed":0,"gold_gain":0,"player_choice":"Take Damage","damage_taken":18,"relics_obtained":["Golden Idol"],"max_hp_gain":0,"max_hp_loss":0,"event_name":"Golden Idol","floor":3,"gold_loss":0},{"damage_healed":0,"gold_gain":0,"player_choice":"Grow","damage_taken":0,"max_hp_gain":0,"max_hp_loss":0,"event_name":"Living Wall","floor":4,"gold_loss":0,"cards_upgraded":["Zap"]},{"cards_removed":["Strike_B"],"damage_healed":0,"gold_gain":0,"player_choice":"Card Removal","damage_taken":0,"max_hp_gain":0,"max_hp_loss":0,"event_name":"The Cleric","floor":5,"gold_loss":50},{"damage_healed":0,"gold_gain":0,"player_choice":"Donut","damage_taken":0,"max_hp_gain":5,"max_hp_loss":0,"event_name":"Big Fish","floor":7,"gold_loss":0},{"damage_healed":0,"gold_gain":0,"player_choice":"Simplicity","damage_taken":0,"max_hp_gain":0,"max_hp_loss":0,"event_name":"Back to Basics","floor":22,"gold_loss":0,"cards_upgraded":["Defend_B","Defend_B","Defend_B","Defend_B"]}],"is_beta":false,"boss_relics":[{"not_picked":["Snecko Eye","Sozu"],"picked":"Empty Cage"}],"items_purged_floors":[12],"is_endless":false,"potions_floor_spawned":[1,2,10,19,21],"killed_by":"Gremlin Leader","ascension_level":3}}