{"host":"t5h83eruwt5lxl3o","time":1609634878,"event":{"mods":["AchievementEnabler","Act Like it!","BaseMod","CapriCore","Colored Map","DeckTracker","Hermit","Highlight Path","Koishi","Marisa£¨Ùöéë¡¡Øª×âÞÞ£©","Minty Spire (QoL Compilation)","Permanent Neow","Quick Restart","StSLib","SuperFastMode","The Cursed","The Immortal","everything is the same but u backflip on backflip"],"gold_per_floor":[119,119,143,158,183,183,226,226,226,226,244,260,32,32,32,125,125,145,145,161,179,203,236,261,25,25,25,79,94,94,132,132,231,231,247,278,303,303,24,65,65,2,2,42,63,63,97,111,111,111,111,111,25,58,58],"floor_reached":56,"playtime":3614,"items_purged":["Strike_R","Strike_R","Strike_R"],"score":2374,"play_id":"90ec7639-411a-4f4b-af98-5bd4dc6dd8fa","local_time":"20210103094758","is_ascension_mode":true,"campfire_choices":[{"data":"Feed","floor":6.0,"key":"SMITH"},{"data":"Corruption","floor":8.0,"key":"SMITH"},{"data":"Whirlwind","floor":10.0,"key":"SMITH"},{"data":"Warcry","floor":15.0,"key":"SMITH"},{"data":"Warcry","floor":27.0,"key":"SMITH"},{"floor":30.0,"key":"REST"},{"data":"Warcry","floor":32.0,"key":"SMITH"},{"floor":41.0,"key":"RECALL"},{"data":"Havoc","floor":49,"key":"SMITH"},{"data":"Dual Wield","floor":52,"key":"SMITH"}],"circlet_count":0,"master_deck":["AscendersBane","Strike_R","Strike_R+1","Defend_R","Defend_R","Defend_R","Defend_R","Bash","Feed+1","Warcry+1","Whirlwind+1","Flame Barrier","Corruption+1","Havoc+1","Havoc","Feel No Pain+1","Warcry+1","Demon Form+1","Headbutt","Necronomicurse","Dual Wield+1","Infernal Blade","Second Wind","Dark Embrace+1","Shrug It Off+1","Sever Soul+1","Warcry+1","Bandage Up","Offering","Offering"],"relics":["Black Blood","Golden Idol","Dead Branch","Frozen Egg 2","Membership Card","Necronomicon","Pear","Calipers","Sundial","Nunchaku","Potion Belt","Black Star","Magic Flower","Chemical X","Blood Vial","Mummified Hand","StoneCalendar","Whetstone","Toy Ornithopter","TungstenRod","Bronze Scales","Frozen Eye","Oddly Smooth Stone","Boot"],"acts_visited":["Exordium","TheCity","TheBeyond","TheEnding"],"potions_floor_usage":[44,55,55,55],"damage_taken":[{"damage":14.0,"enemies":"Jaw Worm","floor":1.0,"turns":6.0},{"damage":4.0,"enemies":"2 Louse","floor":3.0,"turns":3.0},{"damage":0.0,"enemies":"Small Slimes","floor":4.0,"turns":2.0},{"damage":0.0,"enemies":"3 Louse","floor":5.0,"turns":1.0},{"damage":40.0,"enemies":"Lagavulin","floor":7.0,"turns":8.0},{"damage":21.0,"enemies":"Lots of Slimes","floor":11.0,"turns":2.0},{"damage":0.0,"enemies":"Exordium Thugs","floor":12.0,"turns":3.0},{"damage":16.0,"enemies":"Hexaghost","floor":16.0,"turns":7.0},{"damage":15.0,"enemies":"3 Byrds","floor":18.0,"turns":4.0},{"damage":14.0,"enemies":"Chosen","floor":20.0,"turns":5.0},{"damage":11.0,"enemies":"Centurion and Healer","floor":21.0,"turns":2.0},{"damage":20.0,"enemies":"Sentry and Sphere","floor":22.0,"turns":5.0},{"damage":0.0,"enemies":"Book of Stabbing","floor":23.0,"turns":5.0},{"damage":55.0,"enemies":"Shelled Parasite and Fungi","floor":24.0,"turns":5.0},{"damage":19.0,"enemies":"Centurion and Healer","floor":29.0,"turns":4.0},{"damage":29.0,"enemies":"Gremlin Leader","floor":31.0,"turns":5.0},{"damage":28.0,"enemies":"Collector","floor":33.0,"turns":5.0},{"damage":1.0,"enemies":"3 Shapes","floor":35.0,"turns":2.0},{"damage":31.0,"enemies":"Mind Bloom Boss Battle","floor":36.0,"turns":4.0},{"damage":5.0,"enemies":"Orb Walker","floor":37.0,"turns":4.0},{"damage":12.0,"enemies":"Nemesis","floor":40.0,"turns":1.0},{"damage":18,"enemies":"Reptomancer","floor":44,"turns":4},{"damage":0,"enemies":"Maw","floor":45,"turns":2},{"damage":12,"enemies":"Giant Head","floor":47,"turns":4},{"damage":32,"enemies":"Writhing Mass","floor":48,"turns":3},{"damage":14,"enemies":"Time Eater","floor":50,"turns":6},{"damage":16,"enemies":"Shield and Spear","floor":54,"turns":1},{"damage":10,"enemies":"The Heart","floor":55,"turns":4}],"seed_played":"7241054134383102227","potions_obtained":[{"floor":4.0,"key":"Swift Potion"},{"floor":11.0,"key":"EssenceOfSteel"},{"floor":12.0,"key":"Fire Potion"},{"floor":18.0,"key":"PowerPotion"},{"floor":20.0,"key":"Dexterity Potion"},{"floor":23.0,"key":"FearPotion"},{"floor":31.0,"key":"SteroidPotion"},{"floor":33.0,"key":"DistilledChaos"},{"floor":36.0,"key":"BloodPotion"},{"floor":44,"key":"FearPotion"},{"floor":45,"key":"EssenceOfSteel"},{"floor":47,"key":"Swift Potion"}],"is_trial":false,"path_per_floor":["M","?","M","M","M","R","E","R","T","R","M","M","$","?","R","B",null,"M","?","M","M","M","E","M","$","T","R","T","M","R","E","R","B",null,"M","?","M","?","$","E","R","$","T","E","M","?","E","M","R","B",null,"R","$","E","B",null],"character_chosen":"IRONCLAD","items_purchased":["Membership Card","Warcry","Calipers","Shrug It Off","Chemical X","Blood Vial","Offering","AttackPotion","Frozen Eye"],"campfire_rested":1,"item_purchase_floors":[13,13,25,25,39,39,39,39,53],"current_hp_per_floor":[63,39,44,53,59,59,29,29,29,29,14,24,24,29,29,19,72,69,48,46,51,43,65,26,26,26,26,26,19,51,34,34,22,90,101,82,101,101,101,120,120,120,120,124,128,128,128,114,114,127,128,128,128,128,128],"gold":58,"neow_bonus":"THREE_RARE_CARDS","is_daily":false,"chose_seed":false,"campfire_upgraded":8,"win_rate":0.0,"timestamp":1609634878,"path_taken":["M","?","M","M","M","R","E","R","T","R","M","M","$","?","R","BOSS","M","?","M","M","M","E","M","$","T","R","?","M","R","E","R","BOSS","M","?","M","?","$","E","R","$","T","E","M","?","E","?","R","BOSS","R","$","E","BOSS"],"items_purchased_type":["Relic","Card","Relic","Card","Relic","Relic","Card","Potion","Relic"],"build_version":"2020-12-22","purchased_purges":3,"victory":true,"max_hp_per_floor":[71,71,74,77,77,77,81,81,81,81,81,85,85,90,90,90,90,90,90,90,94,94,104,108,108,108,108,108,108,108,108,108,112,112,112,112,116,116,116,120,120,120,120,124,128,128,128,128,128,128,128,128,128,128,128],"card_choices":[{"not_picked":["Reaper","Fiend Fire"],"picked":"Feed","floor":0.0},{"not_picked":["Entrench","True Grit"],"picked":"Warcry","floor":1.0},{"not_picked":["Wild Strike","Havoc"],"picked":"Whirlwind","floor":3.0},{"not_picked":["Whirlwind","Perfected Strike"],"picked":"Flame Barrier","floor":4.0},{"not_picked":["Wild Strike","Sever Soul"],"picked":"Corruption","floor":5.0},{"not_picked":["Clash","Spot Weakness"],"picked":"Havoc","floor":7.0},{"not_picked":["Sword Boomerang","Body Slam"],"picked":"Havoc","floor":11.0},{"not_picked":["Juggernaut+1","Blood for Blood"],"picked":"Feel No Pain+1","floor":12.0},{"not_picked":["Limit Break","Immolate"],"picked":"Demon Form+1","floor":16.0},{"not_picked":["Wild Strike","Perfected Strike"],"picked":"Headbutt","floor":18.0},{"not_picked":["Clash","Dropkick"],"picked":"Dual Wield","floor":20.0},{"not_picked":["Sword Boomerang","Clash"],"picked":"Infernal Blade","floor":21.0},{"not_picked":["Carnage","Havoc"],"picked":"Second Wind","floor":22.0},{"not_picked":["Inflame+1","Pommel Strike"],"picked":"Dark Embrace+1","floor":23.0},{"not_picked":["Iron Wave","Thunderclap+1","Armaments"],"picked":"SKIP","floor":24.0},{"not_picked":["Wild Strike+1","Feed"],"picked":"Sever Soul","floor":29.0},{"not_picked":["Evolve+1","Clash"],"picked":"Warcry","floor":31.0},{"not_picked":["Cleave","Dual Wield","Wild Strike"],"picked":"SKIP","floor":35.0},{"not_picked":["Iron Wave","Wild Strike","Warcry"],"picked":"SKIP","floor":37.0},{"not_picked":["Impatience","Blind"],"picked":"Bandage Up","floor":38.0},{"not_picked":["Hemokinesis","Shrug It Off"],"picked":"Offering","floor":40.0},{"not_picked":["Brutality+1","Armaments+1","Iron Wave"],"picked":"SKIP","floor":44},{"not_picked":["Perfected Strike","Iron Wave+1","Spot Weakness"],"picked":"SKIP","floor":45},{"not_picked":["True Grit+1","Wild Strike","Heavy Blade"],"picked":"SKIP","floor":47},{"not_picked":["Warcry+1","Blood for Blood","Body Slam"],"picked":"SKIP","floor":48},{"not_picked":["Entrench+1","Sword Boomerang+1","Limit Break"],"picked":"SKIP","floor":54}],"player_experience":643853,"relics_obtained":[{"floor":7.0,"key":"Dead Branch"},{"floor":9.0,"key":"Frozen Egg 2"},{"floor":19.0,"key":"Necronomicon"},{"floor":23.0,"key":"Pear"},{"floor":26.0,"key":"Sundial"},{"floor":28.0,"key":"Nunchaku"},{"floor":31.0,"key":"Potion Belt"},{"floor":36.0,"key":"Magic Flower"},{"floor":40.0,"key":"Mummified Hand"},{"floor":40.0,"key":"StoneCalendar"},{"floor":44,"key":"Whetstone"},{"floor":44,"key":"Toy Ornithopter"},{"floor":47,"key":"TungstenRod"},{"floor":47,"key":"Bronze Scales"},{"floor":54,"key":"Oddly Smooth Stone"},{"floor":54,"key":"Boot"}],"event_choices":[{"damage_healed":0.0,"max_hp_gain":0.0,"max_hp_loss":0.0,"gold_gain":0.0,"event_name":"Golden Idol","player_choice":"Take Damage","floor":2.0,"gold_loss":0.0,"damage_taken":24.0,"relics_obtained":["Golden Idol"]},{"damage_healed":0.0,"max_hp_gain":5.0,"max_hp_loss":0.0,"gold_gain":0.0,"event_name":"Big Fish","player_choice":"Donut","floor":14.0,"gold_loss":0.0,"damage_taken":0.0},{"damage_healed":0.0,"max_hp_gain":0.0,"max_hp_loss":0.0,"gold_gain":0.0,"event_name":"Cursed Tome","player_choice":"Obtained Book","floor":19.0,"gold_loss":0.0,"damage_taken":21.0},{"damage_healed":0.0,"max_hp_gain":0.0,"max_hp_loss":0.0,"gold_gain":0.0,"event_name":"MindBloom","player_choice":"Fight","floor":36.0,"gold_loss":0.0,"damage_taken":0.0},{"damage_healed":0.0,"max_hp_gain":0.0,"max_hp_loss":0.0,"gold_gain":0.0,"event_name":"SensoryStone","player_choice":"Memory 1","floor":38.0,"gold_loss":0.0,"damage_taken":0.0},{"damage_healed":0,"gold_gain":0,"player_choice":"Upgraded","damage_taken":0,"max_hp_gain":0,"max_hp_loss":0,"event_name":"Upgrade Shrine","floor":46,"gold_loss":0,"cards_upgraded":["Shrug It Off"]}],"is_beta":false,"boss_relics":[{"not_picked":["Empty Cage","Pandora\u0027s Box"],"picked":"Black Blood"},{"not_picked":["Snecko Eye","Fusion Hammer"],"picked":"Black Star"}],"items_purged_floors":[13,25,42],"is_endless":false,"potions_floor_spawned":[4,11,12,16,18,20,23,31,33,36,44,45,47],"ascension_level":16}}