{"host":"ssbj2e5691x5ub3h","time":1609693891,"event":{"mods":["BaseMod","KinomotoSakuraMod(????)","Minty Spire (QoL Compilation)","Quick Restart","StSLib","SuperFastMode","The Gatherer"],"gold_per_floor":[117,130,130,130,143,143,218,234,257,269,287,287,237,237,237,340,340,340,280,280,280,280,280,280,280,280,280,28,28,28,28,28,28,28,28,28,28,28,28,28,28,28,28],"floor_reached":41,"playtime":2455,"items_purged":[],"score":521,"play_id":"9ad8b407-adba-4fdc-9762-24e02e4034ec","local_time":"20210103151131","is_ascension_mode":false,"metric_token":465,"campfire_choices":[{"data":"Gatherer:FlowerWhip","floor":6,"key":"SMITH"},{"floor":12,"key":"REST"},{"data":"Gatherer:FlowerBeam","floor":15,"key":"SMITH"},{"floor":27,"key":"REST"},{"floor":29,"key":"REST"},{"floor":32,"key":"REST"},{"floor":40,"key":"REST"}],"circlet_count":0,"master_deck":["Gatherer:Centralize","Gatherer:FlowerWhip+1","Gatherer:DrugPower+1","Gatherer:BambuSword","Gatherer:GlowingPlant","Gatherer:Shadow","Gatherer:Light","Gatherer:BomberForm","Gatherer:MiningStrike+1","Gatherer:FragileHammer","Gatherer:FlowerBeam+2","Gatherer:BomberForm","Gatherer:BigPouch+1","Gatherer:TacticalStrike+1","Gatherer:RecoveryHerb","Gatherer:BlackTea","Gatherer:EchoOfNature+1","Gatherer:QuickSynthesis+1","Gatherer:Transmute+1","Gatherer:ScherryThrow","Gatherer:AromaProtection+1","Gatherer:SealedBomb","Gatherer:BalancedGrowth","Gatherer:WitheringStrike","Gatherer:ScrollOfWall+1","Gatherer:FlowerFalling","Gatherer:Snatch","Gatherer:Transmute+1","Gatherer:Pollute+1","Gatherer:Snatch+1","Gatherer:AlchemyTrial+1","Gatherer:ScherryThrow","Gatherer:TacticalStrike"],"relics":["Gatherer:AlchemyBag","Dream Catcher","Ectoplasm","Bag of Marbles","Happy Flower","Nunchaku","Toxic Egg 2","Vajra","Whetstone","Pandora\u0027s Box","Gambling Chip"],"acts_visited":["Exordium","TheCity","TheBeyond"],"potions_floor_usage":[5,23,23,23,33],"damage_taken":[{"damage":1,"enemies":"Jaw Worm","floor":1,"turns":4},{"damage":2,"enemies":"Small Slimes","floor":2,"turns":4},{"damage":0,"enemies":"2 Louse","floor":5,"turns":2},{"damage":8,"enemies":"Looter","floor":8,"turns":3},{"damage":7,"enemies":"Large Slime","floor":10,"turns":6},{"damage":7,"enemies":"Red Slaver","floor":11,"turns":3},{"damage":57,"enemies":"Hexaghost","floor":16,"turns":11},{"damage":3,"enemies":"Shell Parasite","floor":18,"turns":5},{"damage":16,"enemies":"2 Thieves","floor":19,"turns":4},{"damage":9,"enemies":"Cultist and Chosen","floor":22,"turns":5},{"damage":0,"enemies":"Slavers","floor":23,"turns":3},{"damage":40,"enemies":"Gremlin Leader","floor":25,"turns":5},{"damage":29,"enemies":"Slavers","floor":30,"turns":4},{"damage":34,"enemies":"Collector","floor":33,"turns":8},{"damage":7,"enemies":"3 Shapes","floor":35,"turns":2},{"damage":15,"enemies":"Orb Walker","floor":37,"turns":3},{"damage":5,"enemies":"4 Shapes","floor":38,"turns":3},{"damage":31,"enemies":"Jaw Worm Horde","floor":39,"turns":3},{"damage":35,"enemies":"Giant Head","floor":41,"turns":7}],"seed_played":"4877266637733529856","potions_obtained":[{"floor":5,"key":"EntropicBrew"},{"floor":22,"key":"BottledMiracle"},{"floor":30,"key":"LiquidMemories"},{"floor":37,"key":"FearPotion"}],"is_trial":false,"path_per_floor":["M","M","?","?","M","R","?","M","T","M","M","R","?","?","R","B",null,"M","M","T","?","M","E","$","E","T","R","$","R","E","?","R","B",null,"M","?","M","M","M","R","E"],"character_chosen":"THE_GATHERER","items_purchased":["Gatherer:QuickSynthesis+1","Gatherer:Transmute+1","Vajra"],"campfire_rested":5,"item_purchase_floors":[28,28,28],"current_hp_per_floor":[78,76,81,64,64,64,64,56,56,49,42,67,67,67,67,10,84,81,65,65,65,56,56,56,19,19,44,44,69,44,44,69,38,84,77,77,63,58,27,52,21,21,21],"gold":28,"neow_bonus":"TEN_PERCENT_HP_BONUS","is_daily":false,"chose_seed":false,"campfire_upgraded":2,"win_rate":0.0,"timestamp":1609693891,"path_taken":["M","M","?","?","?","R","?","M","T","M","M","R","?","?","R","BOSS","M","M","?","?","M","E","$","E","T","R","$","R","E","?","R","BOSS","M","?","M","M","?","R","E"],"items_purchased_type":["Card","Card","Relic"],"build_version":"2020-12-22","purchased_purges":0,"victory":false,"max_hp_per_floor":[79,79,84,84,84,84,84,84,84,84,84,84,84,84,84,84,84,84,84,84,84,84,84,84,84,84,84,84,84,84,84,84,84,84,84,84,84,84,84,84,84,84,84],"card_choices":[{"not_picked":["Gatherer:FlowerFalling","Gatherer:RecipeChange"],"picked":"Gatherer:DrugPower","floor":1},{"not_picked":["Gatherer:PotentialSlash","Gatherer:ScherryThrow"],"picked":"Gatherer:BambuSword","floor":2},{"not_picked":["Gatherer:Snatch","Gatherer:FeelingFine"],"picked":"Gatherer:GlowingPlant","floor":5},{"not_picked":["Gatherer:GatherMaterial","Gatherer:Enchant"],"picked":"Gatherer:BomberForm","floor":8},{"not_picked":["Gatherer:OddSpoils","Gatherer:Frenzy"],"picked":"Gatherer:MiningStrike","floor":10},{"not_picked":["Gatherer:CollectorsShot","Gatherer:DrugPower"],"picked":"Gatherer:FragileHammer","floor":11},{"not_picked":["Gatherer:FruitForce","Gatherer:CollectorsShot"],"picked":"Gatherer:FlowerBeam","floor":12},{"not_picked":["Gatherer:Photoscythe","Gatherer:Bulldoze"],"picked":"Gatherer:BomberForm","floor":16},{"not_picked":["Gatherer:ScrollOfWall+1","Gatherer:TreeGrowth","Gatherer:WoolGloves"],"picked":"SKIP","floor":18},{"not_picked":["Gatherer:Snatch","Gatherer:TreeGrowth+1"],"picked":"Gatherer:BigPouch+1","floor":19},{"not_picked":["Gatherer:ScrollOfWall","Gatherer:CollectorsShot"],"picked":"Gatherer:TacticalStrike","floor":22},{"not_picked":["Gatherer:ScherryThrow","Gatherer:PotentialSlash"],"picked":"Gatherer:RecoveryHerb","floor":23},{"not_picked":["Gatherer:GatherMaterial+1","Gatherer:SealedBomb"],"picked":"Gatherer:BlackTea","floor":25},{"not_picked":["Gatherer:Polymorphism","Gatherer:CarefulStrike"],"picked":"Gatherer:EchoOfNature+1","floor":27},{"not_picked":["Gatherer:AcidicSpray","Gatherer:RottenStipe","Gatherer:AromaProtection+1"],"picked":"SKIP","floor":30},{"not_picked":["Gatherer:CarefulStrike","Gatherer:Polymorphism"],"picked":"Gatherer:ScherryThrow","floor":32},{"not_picked":["Gatherer:CollectorsShot+1","Gatherer:SaveValuables+1","Gatherer:Polymorphism+1"],"picked":"SKIP","floor":35},{"not_picked":["Gatherer:Frenzy+1","Gatherer:BambuSword+1"],"picked":"Gatherer:Snatch+1","floor":37},{"not_picked":["Gatherer:SaveValuables+1","Gatherer:RecoveryHerb+1"],"picked":"Gatherer:AlchemyTrial+1","floor":38},{"not_picked":["Gatherer:PotentialSlash+1","Gatherer:SealedBomb"],"picked":"Gatherer:ScherryThrow","floor":39},{"not_picked":["Gatherer:FlowerFalling+1","Gatherer:RottenStipe+1"],"picked":"Gatherer:TacticalStrike","floor":40}],"player_experience":139674,"relics_obtained":[{"floor":9,"key":"Dream Catcher"},{"floor":20,"key":"Bag of Marbles"},{"floor":23,"key":"Happy Flower"},{"floor":25,"key":"Nunchaku"},{"floor":26,"key":"Toxic Egg 2"},{"floor":30,"key":"Whetstone"},{"floor":41,"key":"Gambling Chip"}],"event_choices":[{"damage_healed":0,"gold_gain":0,"player_choice":"Donut","damage_taken":0,"max_hp_gain":5,"max_hp_loss":0,"event_name":"Big Fish","floor":3,"gold_loss":0},{"damage_healed":0,"gold_gain":0,"player_choice":"Entered Light","damage_taken":17,"max_hp_gain":0,"max_hp_loss":0,"event_name":"Shining Light","floor":4,"gold_loss":0,"cards_upgraded":["Gatherer:Defend_Gatherer","Gatherer:DrugPower"]},{"damage_healed":0,"gold_gain":75,"player_choice":"Gained Gold","damage_taken":0,"max_hp_gain":0,"max_hp_loss":0,"event_name":"Golden Wing","floor":7,"gold_loss":0},{"cards_removed":["Gatherer:Strike_Gatherer"],"damage_healed":0,"gold_gain":0,"player_choice":"Card Removal","damage_taken":0,"max_hp_gain":0,"max_hp_loss":0,"event_name":"The Cleric","floor":13,"gold_loss":50},{"damage_healed":0,"gold_gain":0,"player_choice":"Forge","damage_taken":0,"max_hp_gain":0,"max_hp_loss":0,"event_name":"Accursed Blacksmith","floor":14,"gold_loss":0,"cards_upgraded":["Gatherer:MiningStrike"]},{"damage_healed":0,"gold_gain":0,"player_choice":"Ignored","damage_taken":0,"max_hp_gain":0,"max_hp_loss":0,"event_name":"Vampires","floor":21,"gold_loss":0},{"damage_healed":0,"gold_gain":0,"player_choice":"Ignored","damage_taken":0,"max_hp_gain":0,"max_hp_loss":0,"event_name":"Ghosts","floor":31,"gold_loss":0},{"damage_healed":0,"gold_gain":0,"cards_transformed":["Gatherer:StoneFence"],"player_choice":"Transformed","damage_taken":0,"max_hp_gain":0,"max_hp_loss":0,"event_name":"Transmorgrifier","floor":36,"gold_loss":0,"cards_obtained":["Gatherer:Pollute"]}],"is_beta":false,"boss_relics":[{"not_picked":["Runic Dome","Fusion Hammer"],"picked":"Ectoplasm"},{"not_picked":["Sozu","Coffee Dripper"],"picked":"Pandora\u0027s Box"}],"items_purged_floors":[],"is_endless":false,"potions_floor_spawned":[5,8,16,18,19,22,30,37],"killed_by":"Giant Head","ascension_level":0}}