{"host":"m77rrhbqzv44va4v","time":1609680547,"event":{"mods":["AchievementEnabler","BaseMod","Colored Map","DeckTracker","Keyboard Shortcuts","Minty Spire (QoL Compilation)","StSLib","SuperFastMode","everything is the same but u backflip on backflip"],"gold_per_floor":[118,168,12,25,25,53,71,84,84,84,115,143,160,171,171,248,248,248],"floor_reached":17,"playtime":368,"items_purged":["Strike_R"],"score":326,"play_id":"cfde1229-c3f2-4b7e-a457-ea19a0e8481d","local_time":"20210103222907","is_ascension_mode":true,"campfire_choices":[{"data":"Barricade","floor":10.0,"key":"SMITH"},{"floor":15,"key":"REST"}],"circlet_count":0,"master_deck":["AscendersBane","Strike_R","Strike_R","Defend_R","Defend_R","Defend_R","Bash","Cleave","Inflame","Shockwave","Barricade+1","Pommel Strike","Reaper","Perfected Strike+1","Ghostly Armor+1","Sword Boomerang+1"],"relics":["Burning Blood","Regal Pillow","TungstenRod","Smiling Mask","Sundial","Thread and Needle","Odd Mushroom","Astrolabe"],"acts_visited":["Exordium","TheCity"],"potions_floor_usage":[16],"damage_taken":[{"damage":9.0,"enemies":"2 Louse","floor":1.0,"turns":3.0},{"damage":1.0,"enemies":"Cultist","floor":4.0,"turns":4.0},{"damage":22.0,"enemies":"Gremlin Nob","floor":6.0,"turns":4.0},{"damage":6.0,"enemies":"Jaw Worm","floor":7.0,"turns":4.0},{"damage":12.0,"enemies":"2 Fungi Beasts","floor":8.0,"turns":4.0},{"damage":33,"enemies":"Lagavulin","floor":11,"turns":6},{"damage":13,"enemies":"The Mushroom Lair","floor":12,"turns":4},{"damage":3,"enemies":"Blue Slaver","floor":13,"turns":5},{"damage":4,"enemies":"Exordium Wildlife","floor":14,"turns":4},{"damage":55,"enemies":"The Guardian","floor":16,"turns":15}],"seed_played":"7480883541600363430","potions_obtained":[{"floor":4.0,"key":"ElixirPotion"},{"floor":13,"key":"LiquidBronze"},{"floor":16,"key":"Strength Potion"}],"is_trial":false,"path_per_floor":["M","?","$","M","T","E","M","M","T","R","E","?","M","M","R","B",null],"character_chosen":"IRONCLAD","items_purchased":["Inflame"],"campfire_rested":1,"item_purchase_floors":[3],"current_hp_per_floor":[65,65,65,70,70,54,54,48,48,48,21,14,17,19,56,7,58,58],"gold":248,"neow_bonus":"RANDOM_COMMON_RELIC","is_daily":false,"chose_seed":false,"campfire_upgraded":1,"win_rate":0.0,"timestamp":1609680547,"path_taken":["M","?","?","M","?","E","M","M","T","R","E","?","M","M","R","BOSS"],"items_purchased_type":["Card"],"build_version":"2020-12-22","purchased_purges":1,"victory":false,"max_hp_per_floor":[75,75,75,75,75,75,75,75,75,75,75,75,75,75,75,75,75,75],"card_choices":[{"not_picked":["Clash","Feel No Pain"],"picked":"Cleave","floor":1.0},{"not_picked":["True Grit","Burning Pact"],"picked":"Shockwave","floor":4.0},{"not_picked":["Clothesline","Whirlwind","Anger"],"picked":"SKIP","floor":6.0},{"not_picked":["Sentinel","Rupture"],"picked":"Barricade","floor":7.0},{"not_picked":["Sever Soul","Armaments","Headbutt"],"picked":"SKIP","floor":8.0},{"not_picked":["Clothesline","Flex"],"picked":"Pommel Strike","floor":11},{"not_picked":["Whirlwind","True Grit","Intimidate"],"picked":"SKIP","floor":13},{"not_picked":["Body Slam","Wild Strike","Sword Boomerang"],"picked":"SKIP","floor":14},{"not_picked":["Brutality","Double Tap"],"picked":"Reaper","floor":16}],"player_experience":879133,"relics_obtained":[{"floor":5.0,"key":"TungstenRod"},{"floor":6.0,"key":"Smiling Mask"},{"floor":9.0,"key":"Sundial"},{"floor":11,"key":"Thread and Needle"},{"floor":12,"key":"Odd Mushroom"}],"event_choices":[{"damage_healed":0.0,"max_hp_gain":0.0,"max_hp_loss":0.0,"gold_gain":50.0,"event_name":"Golden Shrine","player_choice":"Pray","floor":2.0,"gold_loss":0.0,"damage_taken":0.0},{"damage_healed":0,"gold_gain":0,"player_choice":"Fought Mushrooms","damage_taken":0,"max_hp_gain":0,"max_hp_loss":0,"event_name":"Mushrooms","floor":12,"gold_loss":0}],"is_beta":false,"boss_relics":[{"not_picked":["Coffee Dripper","Philosopher\u0027s Stone"],"picked":"Astrolabe"}],"items_purged_floors":[3],"is_endless":false,"potions_floor_spawned":[4,13,14,16],"ascension_level":19}}