{"host":"etr9f2q07ig588e0","time":1609671810,"event":{"mods":["BaseMod","Downfall","Googly Eyes","Hubris","Minty Spire (QoL Compilation)","Replay The Spire","StSLib","SuperFastMode"],"gold_per_floor":[110,110,110,110,35,35,54,54,54,83,109,109,136,90,90,189,189,201,201,214,214,120,120,145,155,227,227,227,227,257,267,267,372,372,386,386,181,193,193,193,219,219,243,278,278,278,291,4,4,4,4],"floor_reached":50,"playtime":2358,"items_purged":[],"score":1258,"play_id":"33c8dd49-8db9-4eda-8139-f3f61ef409e8","local_time":"20210103140330","is_ascension_mode":true,"campfire_choices":[{"data":"Cloak And Dagger","floor":6,"key":"SMITH"},{"floor":8,"key":"REST"},{"data":"Riddle With Holes","floor":12,"key":"SMITH"},{"floor":15,"key":"REST"},{"data":"Replay:SS_forest_6","floor":23,"key":"SMITH"},{"data":"Atom Bomb","floor":27,"key":"SMITH"},{"data":"Backflip","floor":29,"key":"SMITH"},{"floor":32,"key":"REST"},{"floor":40,"key":"REST"},{"floor":42,"key":"REST"},{"data":"Accuracy","floor":46,"key":"SMITH"},{"data":"Noxious Fumes","floor":49,"key":"SMITH"}],"circlet_count":0,"master_deck":["Strike_G","Strike_G","Strike_G","Strike_G","Strike_G","Defend_G","Defend_G+1","Defend_G","Defend_G","Survivor","Neutralize","Cloak And Dagger+1","Setup+1","Riddle With Holes+1","Caltrops","Backflip+1","Die Die Die","Deflect","Atom Bomb+1","Sucker Punch","Deflect","Replay:SS_forest_6+1","Outmaneuver+1","Dagger Throw","Night Terror","All Out Attack","Adrenaline+1","Hidden Blade+1","Accuracy+1","Dodge and Roll","Tactician","Leg Sweep+1","Writhe","Acrobatics+1","CommonCold","PiercingWail","Terror","Noxious Fumes+1","Bouncing Flask"],"relics":["Runic Pyramid","StrikeDummy","Unceasing Top","Regal Pillow","Durian","Sozu","Replay:Bottled Flurry","Shuriken","hubris:ToyBattleship","Cursed Key","Bag of Preparation","War Paint","Eternal Feather","Anchor"],"acts_visited":["Exordium","TheCity","TheBeyond"],"potions_floor_usage":[24,44],"damage_taken":[{"damage":3,"enemies":"2 Louse","floor":1,"turns":3},{"damage":1,"enemies":"Jaw Worm","floor":7,"turns":3},{"damage":12,"enemies":"3 Sentries","floor":10,"turns":8},{"damage":11,"enemies":"Lagavulin","floor":13,"turns":7},{"damage":45,"enemies":"The Guardian","floor":16,"turns":14},{"damage":1,"enemies":"Chosen","floor":18,"turns":5},{"damage":0,"enemies":"3 Byrds","floor":20,"turns":2},{"damage":2,"enemies":"Book of Stabbing","floor":24,"turns":5},{"damage":0,"enemies":"Cultist and Chosen","floor":25,"turns":4},{"damage":16,"enemies":"Gremlin Leader","floor":30,"turns":4},{"damage":3,"enemies":"3 Cultists","floor":31,"turns":5},{"damage":40,"enemies":"Pondfish","floor":33,"turns":9},{"damage":37,"enemies":"3 Shapes","floor":35,"turns":3},{"damage":22,"enemies":"Orb Walker","floor":38,"turns":3},{"damage":20,"enemies":"Nemesis","floor":41,"turns":5},{"damage":43,"enemies":"Reptomancer","floor":44,"turns":5},{"damage":0,"enemies":"Jaw Worm Horde","floor":47,"turns":5},{"damage":87,"enemies":"Awakened One","floor":50,"turns":10}],"seed_played":"1856234523210195569","potions_obtained":[{"floor":10,"key":"Slimebound:ThreeZeroPotion"},{"floor":16,"key":"SkillPotion"}],"is_trial":false,"path_per_floor":["M","?","?","?","$","R","M","R","T","E","T","R","E","$","R","B",null,"M","?","M","?","$","R","E","M","T","R","?","R","E","M","R","B",null,"M","?","$","M","?","R","E","R","T","E","?","R","M","$","R","B"],"character_chosen":"THE_SILENT","items_purchased":["Riddle With Holes","Deflect","Replay:SS_forest_6","Accuracy","Dodge and Roll","Tactician","Noxious Fumes","Anchor","Bouncing Flask"],"campfire_rested":5,"item_purchase_floors":[5,14,22,37,37,37,48,48,48],"current_hp_per_floor":[60,65,65,58,58,58,57,75,75,63,63,63,57,57,80,35,69,68,68,68,68,68,68,66,78,78,78,78,78,62,59,80,40,70,33,33,33,11,31,70,50,80,80,49,49,70,70,70,80,0,0],"gold":4,"neow_bonus":"BOSS_RELIC","is_daily":false,"chose_seed":false,"campfire_upgraded":7,"win_rate":0.0,"timestamp":1609671810,"path_taken":["M","?","?","?","$","R","?","R","T","E","?","R","E","$","R","BOSS","M","?","M","?","$","R","E","M","T","R","?","R","E","M","R","BOSS","M","?","$","?","?","R","E","R","T","E","?","R","M","$","R","BOSS"],"items_purchased_type":["Card","Card","Card","Card","Card","Card","Card","Relic","Card"],"build_version":"2020-12-22","purchased_purges":0,"victory":false,"max_hp_per_floor":[70,75,75,75,75,75,75,75,75,75,75,75,80,80,80,80,80,80,80,80,80,80,80,80,80,80,80,80,80,80,80,80,80,80,80,80,80,80,80,80,80,80,80,80,80,80,80,80,80,80,80],"card_choices":[{"not_picked":["Sneak Up","Draining Mist"],"picked":"Cloak And Dagger","floor":1},{"not_picked":["hubris:SlightOfHand","Outmaneuver"],"picked":"Caltrops","floor":7},{"not_picked":["Infinite Blades","ReplayTheSpireMod:Shiv Toss"],"picked":"Backflip","floor":10},{"not_picked":["Outmaneuver","Dagger Throw"],"picked":"Die Die Die","floor":13},{"not_picked":["Wraith Form v2","Phantasmal Killer"],"picked":"Atom Bomb","floor":16},{"not_picked":["Backflip","Bane"],"picked":"Sucker Punch","floor":18},{"not_picked":["Well Laid Plans","ReplayTheSpireMod:Speed Training"],"picked":"Deflect","floor":20},{"not_picked":["hubris:Sniper","Leg Sweep"],"picked":"Outmaneuver+1","floor":24},{"not_picked":["Catalyst","ReplayTheSpireMod:Exploit Weakness+1"],"picked":"Dagger Throw","floor":25},{"not_picked":["Bane","Dagger Throw"],"picked":"Night Terror","floor":30},{"not_picked":["Sneak Up","Masterful Stab"],"picked":"All Out Attack","floor":31},{"not_picked":["Venomology","Burst"],"picked":"Adrenaline","floor":33},{"not_picked":["All Out Attack","Backflip"],"picked":"Hidden Blade+1","floor":35},{"not_picked":["hubris:SlightOfHand+1","Underhanded Strike"],"picked":"Leg Sweep+1","floor":38},{"not_picked":["Tactician","Dagger Throw+1"],"picked":"Acrobatics+1","floor":41},{"not_picked":["Bouncing Flask","Expertise"],"picked":"PiercingWail","floor":44},{"not_picked":["Replay:Poison Smokescreen+1","Deflect+1"],"picked":"Terror","floor":47}],"player_experience":475916,"relics_obtained":[{"floor":9,"key":"StrikeDummy"},{"floor":10,"key":"Unceasing Top"},{"floor":11,"key":"Regal Pillow"},{"floor":13,"key":"Durian"},{"floor":24,"key":"Replay:Bottled Flurry"},{"floor":26,"key":"Shuriken"},{"floor":30,"key":"hubris:ToyBattleship"},{"floor":41,"key":"Bag of Preparation"},{"floor":43,"key":"War Paint"},{"floor":44,"key":"Eternal Feather"}],"event_choices":[{"damage_healed":0,"gold_gain":0,"player_choice":"Donut","damage_taken":0,"max_hp_gain":5,"max_hp_loss":0,"event_name":"Big Fish","floor":2,"gold_loss":0},{"damage_healed":0,"gold_gain":0,"player_choice":"Damaged","damage_taken":7,"max_hp_gain":0,"max_hp_loss":0,"event_name":"Wheel of Change","floor":4,"gold_loss":0},{"damage_healed":0,"gold_gain":0,"player_choice":"Ignored","damage_taken":0,"max_hp_gain":0,"max_hp_loss":0,"event_name":"Beggar","floor":21,"gold_loss":0},{"damage_healed":0,"gold_gain":0,"player_choice":"Cursed","damage_taken":0,"max_hp_gain":0,"max_hp_loss":0,"event_name":"Wheel of Change","floor":28,"gold_loss":0,"cards_obtained":["Decay"]},{"cards_removed":["Decay"],"damage_healed":0,"gold_gain":0,"player_choice":"Purged","damage_taken":0,"max_hp_gain":0,"max_hp_loss":0,"event_name":"Purifier","floor":36,"gold_loss":0},{"damage_healed":20,"gold_gain":0,"player_choice":"Writhe","damage_taken":0,"max_hp_gain":0,"max_hp_loss":0,"event_name":"Winding Halls","floor":39,"gold_loss":0,"cards_obtained":["Writhe"]}],"is_beta":false,"boss_relics":[{"not_picked":["Replay:Ancient Bell","hubris:RunicObelisk"],"picked":"Sozu"},{"not_picked":["hubris:Stopwatch","Snecko Eye"],"picked":"Cursed Key"}],"items_purged_floors":[],"is_endless":false,"potions_floor_spawned":[10,16,18,25,31,35,41,47],"killed_by":"Awakened One","ascension_level":7}}