{"host":"65a95dzim48ko8ke","time":1609664505,"event":{"mods":["Act Like it!","BaseMod","Better Third Choice","Colored Powertips","Minty Spire (QoL Compilation)","Quick Restart","Rare Cards Sparkle","Robot Space Explorer","Spicy Shops","StSLib","The Jungle"],"gold_per_floor":[118,118,118,118,129,129,155,8,8,35,55,75,101,115,115,216,216,233,48,48,59,59,59,79,79,79],"floor_reached":25,"playtime":1420,"items_purged":["Regret"],"score":296,"play_id":"b4443240-0c98-4062-ad2c-fe647caf5ff6","local_time":"20210103180145","is_ascension_mode":true,"campfire_choices":[{"floor":6.0,"key":"REST"},{"floor":15.0,"key":"RECALL"},{"floor":23,"key":"DIG"}],"circlet_count":0,"master_deck":["RobotSpaceExplorer:Strike","RobotSpaceExplorer:Strike","RobotSpaceExplorer:Strike","RobotSpaceExplorer:Strike","RobotSpaceExplorer:Scan","RobotSpaceExplorer:MiniLasers","RobotSpaceExplorer:Probe","RobotSpaceExplorer:Autoloader","RobotSpaceExplorer:Fix","RobotSpaceExplorer:ScrapToss","RobotSpaceExplorer:Blitz","RobotSpaceExplorer:MiniDrones","RobotSpaceExplorer:Probe","RobotSpaceExplorer:SurgingStrike","RobotSpaceExplorer:FreezingShield","RobotSpaceExplorer:HighVoltage","RobotSpaceExplorer:ImprovisedAttack+1","theJungle:Gourd","theJungle:Gourd","theJungle:Gourd","theJungle:Gourd","theJungle:Gourd","RobotSpaceExplorer:Discharger+1","RobotSpaceExplorer:SurgingShield"],"relics":["Fusion Hammer","Dream Catcher","War Paint","Ice Cream","Matryoshka","InkBottle","Letter Opener","Darkstone Periapt","Nunchaku","Coffee Dripper","theJungle:Creamberry","Shovel","PreservedInsect"],"acts_visited":["Exordium","Exordium"],"potions_floor_usage":[16,24],"damage_taken":[{"damage":2.0,"enemies":"Small Slimes","floor":1.0,"turns":4.0},{"damage":1.0,"enemies":"Jaw Worm","floor":5.0,"turns":4.0},{"damage":20.0,"enemies":"3 Sentries","floor":7.0,"turns":11.0},{"damage":31.0,"enemies":"Gremlin Nob","floor":10.0,"turns":5.0},{"damage":0.0,"enemies":"2 Louse","floor":11.0,"turns":2.0},{"damage":0.0,"enemies":"Exordium Thugs","floor":12.0,"turns":5.0},{"damage":0.0,"enemies":"Lagavulin","floor":13.0,"turns":5.0},{"damage":8.0,"enemies":"Blue Slaver","floor":14.0,"turns":3.0},{"damage":23,"enemies":"The Guardian","floor":16,"turns":10},{"damage":2,"enemies":"theJungle:MUSHROOMGANG","floor":18,"turns":1},{"damage":24,"enemies":"Shell Parasite","floor":21,"turns":6},{"damage":19,"enemies":"theJungle:JungleHuntersEncounter","floor":24,"turns":4},{"damage":17,"enemies":"theJungle:2_Flameangoes","floor":25,"turns":3}],"seed_played":"7507278852059441663","potions_obtained":[{"floor":10.0,"key":"Dexterity Potion"},{"floor":11.0,"key":"GamblersBrew"},{"floor":13.0,"key":"BlessingOfTheForge"},{"floor":18,"key":"LiquidMemories"},{"floor":24,"key":"LiquidBronze"}],"is_trial":false,"path_per_floor":["M","?","?","?","M","R","E","$","T","E","M","M","E","M","R","B",null,"M","?","?","M","?","R","M","M"],"character_chosen":"RobotSpaceExplorer","items_purchased":["RobotSpaceExplorer:ScrapToss"],"campfire_rested":1,"item_purchase_floors":[8],"current_hp_per_floor":[73,73,61,61,60,75,55,55,55,28,28,32,36,32,32,13,75,73,73,73,49,27,27,12,0,0],"gold":79,"neow_bonus":"BOSS_RELIC","is_daily":false,"chose_seed":false,"campfire_upgraded":0,"win_rate":0.0,"timestamp":1609664505,"path_taken":["M","?","?","?","M","R","E","$","T","E","M","?","E","M","R","BOSS","M","?","?","M","?","R","M","M"],"items_purchased_type":["Card"],"build_version":"2020-12-22","purchased_purges":1,"victory":false,"max_hp_per_floor":[75,75,75,75,75,75,75,75,75,75,75,75,75,75,75,75,75,75,75,75,75,75,75,75,75,75],"card_choices":[{"not_picked":["RobotSpaceExplorer:SurgingShield","RobotSpaceExplorer:PowerCollector"],"picked":"RobotSpaceExplorer:MiniDrones","floor":1.0},{"not_picked":["RobotSpaceExplorer:SurgingShield","RobotSpaceExplorer:SurgingStrike"],"picked":"RobotSpaceExplorer:Probe","floor":5.0},{"not_picked":["RobotSpaceExplorer:StunGrenade","RobotSpaceExplorer:SelfCleaning"],"picked":"RobotSpaceExplorer:Autoloader","floor":6.0},{"not_picked":["RobotSpaceExplorer:GlueShot","RobotSpaceExplorer:MakeshiftVolley"],"picked":"RobotSpaceExplorer:Fix","floor":7.0},{"not_picked":["RobotSpaceExplorer:MetalStrike","RobotSpaceExplorer:SwiftStep"],"picked":"RobotSpaceExplorer:Blitz","floor":10.0},{"not_picked":["RobotSpaceExplorer:ShovelStrike","RobotSpaceExplorer:PowerCollector"],"picked":"RobotSpaceExplorer:MiniDrones","floor":11.0},{"not_picked":["RobotSpaceExplorer:GlueShot","RobotSpaceExplorer:JunkDive"],"picked":"RobotSpaceExplorer:Probe","floor":12.0},{"not_picked":["RobotSpaceExplorer:DualCore","RobotSpaceExplorer:GlueShot"],"picked":"RobotSpaceExplorer:SurgingStrike","floor":13.0},{"not_picked":["RobotSpaceExplorer:SurgingStrike","RobotSpaceExplorer:SelfCleaning"],"picked":"RobotSpaceExplorer:FreezingShield","floor":14.0},{"not_picked":["RobotSpaceExplorer:Autoloader","RobotSpaceExplorer:Comet"],"picked":"RobotSpaceExplorer:HighVoltage","floor":16},{"not_picked":["RobotSpaceExplorer:SurgingStrike+1","RobotSpaceExplorer:IronShell"],"picked":"RobotSpaceExplorer:ImprovisedAttack+1","floor":18},{"not_picked":["RobotSpaceExplorer:Ammunition+1","RobotSpaceExplorer:DualCore+1"],"picked":"RobotSpaceExplorer:Discharger+1","floor":21},{"not_picked":["RobotSpaceExplorer:FrostMissile","RobotSpaceExplorer:GlueShot"],"picked":"RobotSpaceExplorer:SurgingShield","floor":24}],"player_experience":293239,"relics_obtained":[{"floor":7.0,"key":"Matryoshka"},{"floor":9.0,"key":"InkBottle"},{"floor":9.0,"key":"Letter Opener"},{"floor":10.0,"key":"Darkstone Periapt"},{"floor":13.0,"key":"Nunchaku"},{"floor":23,"key":"PreservedInsect"}],"event_choices":[{"damage_healed":0.0,"max_hp_gain":0.0,"max_hp_loss":0.0,"gold_gain":0.0,"event_name":"Big Fish","player_choice":"Box","floor":2.0,"gold_loss":0.0,"damage_taken":0.0,"relics_obtained":["Dream Catcher"],"cards_obtained":["Regret"]},{"damage_healed":0.0,"max_hp_gain":0.0,"max_hp_loss":0.0,"gold_gain":0.0,"event_name":"betterThird:BetterScrap","player_choice":"Relic ","floor":3.0,"gold_loss":0.0,"damage_taken":12.0,"cards_obtained":["Storm"]},{"cards_removed":["RobotSpaceExplorer:MiniDrones"],"damage_healed":0.0,"max_hp_gain":0.0,"max_hp_loss":0.0,"gold_gain":0.0,"event_name":"WeMeetAgain","player_choice":"Gave Card","floor":4.0,"gold_loss":0.0,"damage_taken":0.0,"relics_obtained":["Ice Cream"]}],"is_beta":false,"boss_relics":[{"not_picked":["Snecko Eye","Black Star"],"picked":"Coffee Dripper"}],"items_purged_floors":[8],"is_endless":false,"potions_floor_spawned":[10,11,13,18,24],"killed_by":"theJungle:2_Flameangoes","ascension_level":2}}