{"host":"dhlnk6yox2l1s6up","time":1609640623,"event":{"mods":["BaseMod","Colored Map","Highlight Path","Minty Spire (QoL Compilation)","Relic Stats","StSLib"],"gold_per_floor":[218,232,192,40,51,77,77,103,127,157,9,9,41,51,51,152,152,168,168,181,196,49,49,76,93,93,93,120,120,120,70,70,70,70],"floor_reached":33,"playtime":2082,"items_purged":["Strike_R"],"score":457,"play_id":"18ad825c-50ef-4581-8278-bef750a08ae7","local_time":"20210102202343","is_ascension_mode":true,"campfire_choices":[{"data":"Bash","floor":7.0,"key":"SMITH"},{"floor":12.0,"key":"REST"},{"data":"Armaments","floor":15.0,"key":"SMITH"},{"floor":23,"key":"REST"},{"floor":27,"key":"RECALL"},{"data":"Disarm","floor":29,"key":"SMITH"},{"floor":32,"key":"REST"}],"circlet_count":0,"master_deck":["Defend_R+1","Defend_R+1","Defend_R","Defend_R","Bash+1","Iron Wave","Sword Boomerang","Metallicize","Inflame","Feed","Armaments+1","Sword Boomerang","Disarm+1","Barricade+1","Combust+1","True Grit+1","Shockwave","Flame Barrier","Bite","Bite","Bite","Bite","Bite","Shrug It Off"],"relics":["Burning Blood","War Paint","Lantern","Art of War","Pen Nib","Lizard Tail","SlaversCollar","Sling","Omamori","Red Mask"],"acts_visited":["Exordium","TheCity"],"potions_floor_usage":[18,21,24,24,24,24,24,25,33],"damage_taken":[{"damage":0.0,"enemies":"Small Slimes","floor":1.0,"turns":4.0},{"damage":6.0,"enemies":"Cultist","floor":2.0,"turns":4.0},{"damage":4.0,"enemies":"2 Louse","floor":5.0,"turns":3.0},{"damage":14.0,"enemies":"Lagavulin","floor":6.0,"turns":6.0},{"damage":39.0,"enemies":"3 Sentries","floor":8.0,"turns":12.0},{"damage":21.0,"enemies":"Lagavulin","floor":10.0,"turns":6.0},{"damage":24.0,"enemies":"Gremlin Nob","floor":13.0,"turns":4.0},{"damage":5.0,"enemies":"Exordium Thugs","floor":14.0,"turns":4.0},{"damage":3,"enemies":"The Guardian","floor":16,"turns":10},{"damage":4,"enemies":"Shell Parasite","floor":18,"turns":5},{"damage":17,"enemies":"3 Byrds","floor":20,"turns":5},{"damage":52,"enemies":"3 Cultists","floor":21,"turns":6},{"damage":26,"enemies":"Book of Stabbing","floor":24,"turns":5},{"damage":41,"enemies":"Sentry and Sphere","floor":25,"turns":6},{"damage":80,"enemies":"Masked Bandits","floor":28,"turns":7},{"damage":93,"enemies":"Automaton","floor":33,"turns":12}],"seed_played":"3427417034009103064","potions_obtained":[{"floor":3.0,"key":"ElixirPotion"},{"floor":3.0,"key":"AttackPotion"},{"floor":3.0,"key":"AttackPotion"},{"floor":5.0,"key":"Fire Potion"},{"floor":6.0,"key":"EssenceOfSteel"},{"floor":13.0,"key":"Block Potion"},{"floor":18,"key":"Fire Potion"},{"floor":21,"key":"EntropicBrew"},{"floor":28,"key":"Strength Potion"}],"is_trial":false,"path_per_floor":["M","M","?","$","M","E","R","E","T","E","$","R","E","M","R","B",null,"M","?","M","M","$","R","E","M","T","R","?","R","?","$","R","B"],"character_chosen":"IRONCLAD","items_purchased":["War Paint","Armaments","BloodPotion","Sling","Shrug It Off"],"campfire_rested":3,"item_purchase_floors":[4,11,11,22,31],"current_hp_per_floor":[78,78,78,78,80,72,72,41,41,28,28,52,39,42,42,50,77,84,84,75,35,35,62,78,45,45,45,34,34,34,34,64,0,0],"gold":70,"neow_bonus":"HUNDRED_GOLD","is_daily":false,"chose_seed":false,"campfire_upgraded":3,"win_rate":0.0,"timestamp":1609640623,"path_taken":["M","M","?","$","?","E","R","E","T","E","?","R","E","M","R","BOSS","M","?","M","M","?","R","E","?","T","R","?","R","?","$","R","BOSS"],"items_purchased_type":["Relic","Card","Potion","Relic","Card"],"build_version":"2020-12-22","purchased_purges":1,"victory":false,"max_hp_per_floor":[80,80,80,80,80,80,80,80,80,80,80,80,83,83,83,86,86,89,89,89,93,93,93,97,97,97,97,100,100,100,100,100,100,100],"relic_stats":{"Lizard Tail":48,"counters":[16,99],"Pen Nib":[9],"Art of War":[8],"War Paint":["Defend_R","Defend_R"],"obtain_stats":[{"Blood Vial":6,"SlaversCollar":17,"Lantern":8,"Lizard Tail":13,"Pen Nib":10,"Art of War":9,"Omamori":24,"Red Mask":28,"War Paint":4,"Sling":22,"Burning Blood":0},{"Blood Vial":4,"SlaversCollar":9,"Lantern":5,"Lizard Tail":7,"Pen Nib":6,"Art of War":5,"Omamori":13,"Red Mask":15,"War Paint":2,"Sling":12,"Burning Blood":0},{"Blood Vial":17,"SlaversCollar":53,"Lantern":29,"Lizard Tail":39,"Pen Nib":35,"Art of War":29,"Omamori":74,"Red Mask":87,"War Paint":8,"Sling":69,"Burning Blood":0}],"Burning Blood":90},"card_choices":[{"not_picked":["Body Slam","Bloodletting"],"picked":"Iron Wave","floor":1.0},{"not_picked":["Perfected Strike","Headbutt"],"picked":"Sword Boomerang","floor":2.0},{"not_picked":["Sever Soul","Sentinel","Heavy Blade"],"picked":"SKIP","floor":5.0},{"not_picked":["Infernal Blade","True Grit"],"picked":"Metallicize","floor":6.0},{"not_picked":["Warcry","Pommel Strike"],"picked":"Inflame","floor":8.0},{"not_picked":["Entrench","Twin Strike"],"picked":"Feed","floor":10.0},{"not_picked":["Clash","Second Wind"],"picked":"Sword Boomerang","floor":13.0},{"not_picked":["Shrug It Off","Perfected Strike"],"picked":"Disarm","floor":14.0},{"not_picked":["Feed","Exhume"],"picked":"Barricade","floor":16},{"not_picked":["Armaments","Havoc"],"picked":"Combust+1","floor":18},{"not_picked":["Carnage","Evolve"],"picked":"True Grit+1","floor":20},{"not_picked":["Clothesline","True Grit","Infernal Blade+1"],"picked":"SKIP","floor":21},{"not_picked":["Iron Wave","Heavy Blade"],"picked":"Shockwave","floor":24},{"not_picked":["Heavy Blade","Havoc","Clothesline"],"picked":"SKIP","floor":25},{"not_picked":["Uppercut+1","Anger"],"picked":"Flame Barrier","floor":28}],"player_experience":5725502,"relics_obtained":[{"floor":6.0,"key":"Blood Vial"},{"floor":8.0,"key":"Lantern"},{"floor":9.0,"key":"Art of War"},{"floor":10.0,"key":"Pen Nib"},{"floor":13.0,"key":"Lizard Tail"},{"floor":24,"key":"Omamori"},{"floor":28,"key":"Red Mask"}],"event_choices":[{"damage_healed":0.0,"max_hp_gain":0.0,"max_hp_loss":0.0,"gold_gain":0.0,"event_name":"The Woman in Blue","player_choice":"Bought 3 Potions","floor":3.0,"gold_loss":0.0,"damage_taken":0.0},{"damage_healed":0,"gold_gain":0,"player_choice":"Forge","damage_taken":0,"max_hp_gain":0,"max_hp_loss":0,"event_name":"Accursed Blacksmith","floor":19,"gold_loss":0,"cards_upgraded":["Barricade"]},{"damage_healed":0,"gold_gain":0,"player_choice":"Fought Bandits","damage_taken":0,"max_hp_gain":0,"max_hp_loss":0,"event_name":"Masked Bandits","floor":28,"gold_loss":0},{"damage_healed":0,"gold_gain":0,"player_choice":"Became a vampire (Vial)","damage_taken":0,"max_hp_gain":0,"max_hp_loss":0,"event_name":"Vampires","floor":30,"relics_lost":["Blood Vial"],"gold_loss":0,"cards_obtained":["Bite","Bite","Bite","Bite","Bite"]}],"is_beta":false,"boss_relics":[{"not_picked":["Astrolabe","Tiny House"],"picked":"SlaversCollar"}],"items_purged_floors":[11],"is_endless":false,"potions_floor_spawned":[5,6,13,18,21,28],"killed_by":"Automaton","ascension_level":8}}