{"host":"iy58fyt9wsbv4cf1","time":1609633145,"event":{"mods":["BaseMod","Better Altar","Better Match","Better Skull","Better Third Choice","BetterRewards","Conspire","Custom Start","Defuse TimeMaze Blight","Hubris","Infinite Spire","Minty Spire (QoL Compilation)","Permanent Neow","Quick Restart","Spicy Shops","StSLib"],"gold_per_floor":[112,62,62,22,22,55,55,55,80,91,101,101,101,112,112,212,212,222,132,152,170,170,200,218,81,104,104,104,104,104,115,115,217,217,232,232,252,252,179,179,204,204,228,253,253,270,270,0,0,0,0,0,0,33,33],"floor_reached":56,"playtime":875,"items_purged":["Strike_B","Strike_B+1","Defend_B"],"score":1574,"play_id":"18912de9-c9ef-4ec0-9965-a3f3d36a3267","local_time":"20210102191905","is_ascension_mode":true,"campfire_choices":[{"data":"Storm","floor":7.0,"key":"SMITH"},{"floor":13.0,"key":"REST"},{"data":"Storm","floor":15.0,"key":"SMITH"},{"floor":27.0,"key":"REST"},{"data":"Heatsinks","floor":29.0,"key":"SMITH"},{"floor":32.0,"key":"REST"},{"floor":40.0,"key":"RECALL"},{"floor":42.0,"key":"DIG"},{"floor":45.0,"key":"DIG"},{"floor":49.0,"key":"DIG"},{"floor":52.0,"key":"DIG"}],"circlet_count":0,"master_deck":["Defend_B","Zap","Dualcast","Storm+1","Storm+1","Defragment+1","Skim","Loop","Storm+1","Static Discharge","Thunder Strike","Creative AI","Steam+1","Self Repair","Conserve Battery+1","Heatsinks+1","Seek","Heatsinks+1","Scrape","Self Repair"],"relics":["Cracked Core","hubris:BallOfYels","DollysMirror","Lantern","Matryoshka","hubris:ToyBattleship","hubris:CrackedHourglass","Singing Bowl","infinitespire:EmpoweringShard","Blood Vial","hubris:Backtick","Mummified Hand","Shovel","hubris:TerracottaHorce","hubris:PeanutButter","Cables","Juzu Bracelet","Anchor","Thread and Needle","Membership Card","hubris:RGBLights","hubris:SoftwareUpdate","hubris:SphereOfDissonance","Vajra"],"acts_visited":["Exordium","TheCity","TheBeyond","TheEnding"],"potions_floor_usage":[55],"damage_taken":[{"damage":0.0,"enemies":"2 Louse","floor":1.0,"turns":2.0},{"damage":18.0,"enemies":"3 Sentries","floor":6.0,"turns":3.0},{"damage":6.0,"enemies":"Jaw Worm","floor":10.0,"turns":2.0},{"damage":0.0,"enemies":"Small Slimes","floor":11.0,"turns":2.0},{"damage":6.0,"enemies":"3 Louse","floor":14.0,"turns":3.0},{"damage":13.0,"enemies":"Hexaghost","floor":16.0,"turns":4.0},{"damage":15.0,"enemies":"2 Thieves","floor":18.0,"turns":2.0},{"damage":7.0,"enemies":"Shell Parasite","floor":20.0,"turns":2.0},{"damage":12.0,"enemies":"Snake Plant","floor":21.0,"turns":3.0},{"damage":34.0,"enemies":"Slavers","floor":23.0,"turns":3.0},{"damage":10.0,"enemies":"Cultist and Chosen","floor":24.0,"turns":2.0},{"damage":0.0,"enemies":"Centurion and Healer","floor":31.0,"turns":1.0},{"damage":15.0,"enemies":"hubris:MusketHawk","floor":33.0,"turns":4.0},{"damage":8.0,"enemies":"3 Shapes","floor":35.0,"turns":1.0},{"damage":25.0,"enemies":"3 Darklings","floor":37.0,"turns":2.0},{"damage":0.0,"enemies":"Nemesis","floor":41.0,"turns":2.0},{"damage":0.0,"enemies":"Reptomancer","floor":44.0,"turns":2.0},{"damage":0.0,"enemies":"Jaw Worm Horde","floor":46.0,"turns":2.0},{"damage":2.0,"enemies":"Donu and Deca","floor":50.0,"turns":2.0},{"damage":0.0,"enemies":"Shield and Spear","floor":54.0,"turns":2.0},{"damage":85,"enemies":"The Heart","floor":55,"turns":4}],"seed_played":"-1946201982740941710","potions_obtained":[{"floor":1.0,"key":"Energy Potion"},{"floor":6.0,"key":"Block Potion"},{"floor":14.0,"key":"Ancient Potion"},{"floor":24.0,"key":"Fire Potion"}],"is_trial":false,"path_per_floor":["M","?","?","$","?","E","R","$","T","M","M","?","R","M","R","B",null,"M","?","M","M","?","E","M","$","T","R","AVR","R","T","M","R","B",null,"M","?","M","?","$","R","E","R","T","E","R","M","?","$","R","B",null,"R","$","E","B",null],"character_chosen":"DEFECT","items_purchased":["Storm","hubris:BallOfYels","DollysMirror","Lantern","Defragment","Skim","Static Discharge","Heatsinks","Self Repair","Membership Card","hubris:RGBLights"],"campfire_rested":3,"item_purchase_floors":[0,0,0,0,0,0,4,25,39,48,48],"current_hp_per_floor":[40,40,40,40,40,22,22,22,22,16,16,16,38,32,32,19,75,60,60,53,41,41,16,8,8,8,31,31,31,31,42,66,53,74,70,70,47,47,47,47,65,65,65,83,83,85,85,85,85,85,85,85,85,87,16],"gold":33,"neow_bonus":"","is_daily":false,"chose_seed":false,"campfire_upgraded":3,"win_rate":0.0,"timestamp":1609633145,"path_taken":["M","?","?","$","?","E","R","$","T","M","M","?","R","M","R","BOSS","M","?","M","?","?","E","?","$","T","R","AVR","R","?","M","R","BOSS","M","?","M","?","$","R","E","R","T","E","R","M","?","?","R","BOSS","R","$","E","BOSS"],"items_purchased_type":["Card","Relic","Relic","Relic","Card","Card","Card","Card","Card","Relic","Relic"],"build_version":"2020-12-22","purchased_purges":3,"victory":true,"max_hp_per_floor":[75,75,75,75,75,75,75,75,75,75,75,75,75,75,75,75,75,75,75,75,75,75,77,79,79,79,79,79,79,79,81,81,81,81,83,79,79,79,79,79,81,81,81,83,83,85,85,85,85,85,85,85,85,87,87],"card_choices":[{"not_picked":["Hologram","conspire:SharedLibrary"],"picked":"Loop","floor":1.0},{"not_picked":["Fusion","Doom and Gloom"],"picked":"Thunder Strike","floor":6.0},{"not_picked":["Rip and Tear","Go for the Eyes","Rebound"],"picked":"SKIP","floor":10.0},{"not_picked":["Hologram","Tempest","Beam Cell"],"picked":"SKIP","floor":11.0},{"not_picked":["Barrage","Rip and Tear","Beam Cell"],"picked":"SKIP","floor":14.0},{"not_picked":["All For One","Rainbow"],"picked":"Creative AI","floor":16.0},{"not_picked":["Sweeping Beam+1","Turbo+1"],"picked":"Steam+1","floor":18.0},{"not_picked":["Compile Driver","Coolheaded"],"picked":"Self Repair","floor":20.0},{"not_picked":["Hello World","conspire:SharedLibrary+1"],"picked":"Conserve Battery+1","floor":21.0},{"not_picked":["Cold Snap","Reprogram","Tempest"],"picked":"Singing Bowl","floor":23.0},{"not_picked":["Rebound","Coolheaded","Stack+1"],"picked":"Singing Bowl","floor":24.0},{"not_picked":["Rebound","Scrape","Cold Snap"],"picked":"Singing Bowl","floor":31.0},{"not_picked":["hubris:Prefetch","Echo Form"],"picked":"Seek","floor":33.0},{"not_picked":["Aggregate","Stack","Redo"],"picked":"Singing Bowl","floor":35.0},{"not_picked":["Ball Lightning","Fusion+1"],"picked":"Heatsinks+1","floor":37.0},{"not_picked":["Hello World","Stack","Hyperbeam"],"picked":"Singing Bowl","floor":41.0},{"not_picked":["Tempest","Recycle","Coolheaded+1"],"picked":"Singing Bowl","floor":44.0},{"not_picked":["Hologram","Chaos+1","Conserve Battery"],"picked":"Singing Bowl","floor":46.0},{"not_picked":["Cold Snap+1","Rainbow","Consume"],"picked":"Singing Bowl","floor":54.0}],"player_experience":34806,"relics_obtained":[{"floor":6.0,"key":"Matryoshka"},{"floor":9.0,"key":"hubris:ToyBattleship"},{"floor":23.0,"key":"Singing Bowl"},{"floor":26.0,"key":"infinitespire:EmpoweringShard"},{"floor":26.0,"key":"Blood Vial"},{"floor":30.0,"key":"Shovel"},{"floor":41.0,"key":"hubris:PeanutButter"},{"floor":42.0,"key":"Cables"},{"floor":43.0,"key":"Juzu Bracelet"},{"floor":44.0,"key":"Anchor"},{"floor":45.0,"key":"Thread and Needle"},{"floor":49.0,"key":"hubris:SoftwareUpdate"},{"floor":52.0,"key":"hubris:SphereOfDissonance"},{"floor":54.0,"key":"Vajra"}],"event_choices":[{"cards_removed":["Strike_B"],"damage_healed":0.0,"max_hp_gain":0.0,"max_hp_loss":0.0,"gold_gain":0.0,"event_name":"The Cleric","player_choice":"Card Removal","floor":2.0,"gold_loss":50.0,"damage_taken":0.0},{"damage_healed":0.0,"max_hp_gain":0.0,"max_hp_loss":0.0,"gold_gain":0.0,"event_name":"conspire:Investor","player_choice":"Leave","floor":12.0,"gold_loss":0.0,"damage_taken":0.0},{"cards_removed":["Strike_B"],"damage_healed":0.0,"max_hp_gain":0.0,"max_hp_loss":0.0,"gold_gain":0.0,"event_name":"Designer","player_choice":"Upgrade and Remove","floor":19.0,"gold_loss":90.0,"damage_taken":0.0,"cards_upgraded":["Strike_B"]},{"damage_healed":0.0,"max_hp_gain":0.0,"max_hp_loss":0.0,"gold_gain":0.0,"event_name":"Upgrade Shrine","player_choice":"Upgraded","floor":22.0,"gold_loss":0.0,"damage_taken":0.0,"cards_upgraded":["Defragment"]},{"damage_healed":0.0,"max_hp_gain":0.0,"max_hp_loss":4.0,"gold_gain":0.0,"event_name":"Winding Halls","player_choice":"Max HP","floor":36.0,"gold_loss":0.0,"damage_taken":0.0},{"damage_healed":0.0,"max_hp_gain":0.0,"max_hp_loss":0.0,"gold_gain":0.0,"cards_transformed":["Defend_B"],"event_name":"Transmorgrifier","player_choice":"Transformed","floor":38.0,"gold_loss":0.0,"damage_taken":0.0,"cards_obtained":["Scrape"]},{"cards_removed":["Defend_B"],"damage_healed":0.0,"max_hp_gain":0.0,"max_hp_loss":0.0,"gold_gain":0.0,"event_name":"Purifier","player_choice":"Purged","floor":47.0,"gold_loss":0.0,"damage_taken":0.0}],"is_beta":false,"boss_relics":[{"not_picked":["Calling Bell","Velvet Choker"],"picked":"hubris:CrackedHourglass"},{"not_picked":["hubris:RunicObelisk","hubris:BlackHole"],"picked":"hubris:TerracottaHorce"}],"items_purged_floors":[0,25,28],"is_endless":false,"potions_floor_spawned":[1,6,14,18,24,33,37,41,44,46],"ascension_level":5}}