{"host":"m9b9nkcj1hzhp9h6","time":1609707008,"event":{"mods":["AchievementEnabler","Act Like it!","AlwaysNeverKeys","Aspiration","BaseMod","Better Altar","Better Match","Better Note","Better Sensory Stone","Better Silent Start","Better Skull","Better Third Choice","Better Vampires","BetterRewards","Booster Modes","Colored Map","Colored Powertips","Colorless Booster Pack","Conspire","Custom Start","Defective Defect","Dio Mod","Displayed Cursed Tome","Dota2Spire","Downfall","Elementarium","Emptier Cage","Energized Spire","Friendly Minions","Gensokyo","GifTheSpireLib","Halation","HexUI Lib","Hubris","Infinite Spire","Ironclad Rager","Jedi Mod","Mari Mod (Legacy)","Mari\u0027s V1 Patch","Marked Mod","Menagerie","Mimic Mod","Minty Spire (QoL Compilation)","Pale of the Ancients","Permanent Neow","Prisma Mod","RRrroohrrRGHHhhh!!","Random Character Button","Random Character Mod","Relic Sorter","Relic Stats","Remilia??????","Replay The Spire","Reworked Bosses","Robot Space Explorer","RumiaBox-????????","SCP261 Mod","SacredBarkPlus","Small Relic Pack","Spikes Relics","StSLib","Stuff the Spire","The Animator","The Blue Laboratory","The Factory","The IronCluck","The Jungle","Trackpad","Transform Curses","Useless Jewels Mod","Virulent Crown","Waifu the Spire","Wandering Minibosses","Yohane!","Yuri Mod","egg","slay the spire mod where everything is the same but ironclad has a cowboy hat","thorton","vexMod"],"gold_per_floor":[209,53,68,68,68,100,117,150,150,150,191,238,238,296,296,421,521,536,536,536,585,465,527,527,527,527],"floor_reached":25,"playtime":1184,"items_purged":["Strike_R"],"score":302,"play_id":"81c10d2b-4fc7-4d16-955f-cc0c51251f33","local_time":"20210103225008","is_ascension_mode":true,"campfire_choices":[{"data":"True Grit","floor":10,"key":"SMITH"},{"data":"Metallicize","floor":13,"key":"SMITH"},{"data":"StuffTheSpire:Slingshot","floor":15,"key":"SMITH"},{"data":"True Grit","floor":24,"key":"SMITH"}],"circlet_count":0,"master_deck":["Strike_R","Strike_R","Defend_R","Defend_R","Defend_R","Bash","Anger","StuffTheSpire:Slingshot","Feel No Pain","Wild Strike","StuffTheSpire:Slingshot+1","True Grit+1","Menagerie:Foresee","Metallicize+1","Replay:Undeath\u0027s Touch","StuffTheSpire:Incineration","StuffTheSpire:Incineration","Envy_TH","True Grit+1"],"relics":["Burning Blood","Orrery","StuffTheSpire:GrapeVine","Dota2Spire:HandOfMidas","hubris:CrystalStatue","vexMod:FocusSash","Replay:Wanted Poster","Replay:Baseball","TungstenRod"],"acts_visited":["Menagerie:Menagerie","TheCity"],"potions_floor_usage":[8,23,25,25,25],"damage_taken":[{"damage":1,"enemies":"Menagerie:StygianBoar","floor":1,"turns":3},{"damage":1,"enemies":"Menagerie:MonstrousExperiment","floor":3,"turns":3},{"damage":19,"enemies":"Menagerie:Hydra","floor":6,"turns":5},{"damage":4,"enemies":"Menagerie:2_RABBITS","floor":7,"turns":3},{"damage":23,"enemies":"Menagerie:MaskedSummoner","floor":8,"turns":8},{"damage":1,"enemies":"Menagerie:KEEPER_AND_YOUNG_SUNEATER","floor":11,"turns":6},{"damage":5,"enemies":"Menagerie:RedMage","floor":12,"turns":4},{"damage":35,"enemies":"Menagerie:Hydra","floor":14,"turns":5},{"damage":2,"enemies":"Menagerie:Chimera","floor":16,"turns":10},{"damage":7,"enemies":"Chosen","floor":18,"turns":4},{"damage":17,"enemies":"Shell Parasite","floor":21,"turns":4},{"damage":53,"enemies":"Slavers","floor":23,"turns":9},{"damage":40,"enemies":"Book of Stabbing","floor":25,"turns":6}],"seed_played":"1893644108225002015","potions_obtained":[{"floor":3,"key":"BloodPotion"},{"floor":7,"key":"LiquidBronze"},{"floor":12,"key":"Milkshake"},{"floor":16,"key":"blueLaboratory:AbyssPotion"},{"floor":23,"key":"Strength Potion"}],"is_trial":false,"path_per_floor":["M","$","M","?","?","E","M","E","T","R","M","M","R","E","R","B",null,"M","?","?","M","$","E","R","E"],"character_chosen":"IRONCLAD","items_purchased":["Orrery","True Grit"],"campfire_rested":0,"item_purchase_floors":[2,22],"current_hp_per_floor":[77,77,80,80,80,67,69,52,52,52,57,58,58,29,29,33,68,67,67,67,56,56,9,9,0,0],"gold":527,"neow_bonus":"HUNDRED_GOLD","is_daily":false,"chose_seed":false,"campfire_upgraded":4,"win_rate":0.0,"timestamp":1609707008,"path_taken":["M","$","M","?","?","E","M","E","T","R","M","?","R","E","R","BOSS","M","?","?","?","$","E","R","E"],"items_purchased_type":["Relic","Card"],"build_version":"2020-12-22","purchased_purges":1,"victory":false,"max_hp_per_floor":[80,80,80,80,80,80,80,80,80,80,80,80,80,80,80,80,80,80,80,80,80,80,80,80,80,80],"relic_stats":{"counters":[13,68],"obtain_stats":[{"Replay:Wanted Poster":17,"Dota2Spire:HandOfMidas":8,"Replay:Baseball":20,"hubris:CrystalStatue":9,"Orrery":2,"StuffTheSpire:GrapeVine":6,"vexMod:FocusSash":14,"Burning Blood":0,"TungstenRod":23},{"Replay:Wanted Poster":9,"Dota2Spire:HandOfMidas":5,"Replay:Baseball":10,"hubris:CrystalStatue":5,"Orrery":1,"StuffTheSpire:GrapeVine":3,"vexMod:FocusSash":8,"Burning Blood":0,"TungstenRod":12},{"Replay:Wanted Poster":45,"Dota2Spire:HandOfMidas":22,"Replay:Baseball":49,"hubris:CrystalStatue":22,"Orrery":3,"StuffTheSpire:GrapeVine":11,"vexMod:FocusSash":35,"Burning Blood":0,"TungstenRod":62}],"Burning Blood":70,"TungstenRod":6},"card_choices":[{"not_picked":["ReplayTheSpireMod:Strike From Hell","Power Through"],"picked":"Anger","floor":1},{"not_picked":["Hemokinesis","Reaper"],"picked":"StuffTheSpire:Slingshot","floor":2},{"not_picked":["StuffTheSpire:RockThrow","rorgmod:Sentinel"],"picked":"Feel No Pain","floor":2},{"not_picked":["ReplayTheSpireMod:Stacked","hubris:ReadiedAction"],"picked":"Wild Strike","floor":2},{"not_picked":["jedi:fear","Thunderclap"],"picked":"StuffTheSpire:Slingshot","floor":2},{"not_picked":["Metallicize","ReplayTheSpireMod:Strike From Hell"],"picked":"True Grit","floor":3},{"not_picked":["infinitespire:OneForAll","Flex","Shrug It Off"],"picked":"SKIP","floor":6},{"not_picked":["Pommel Strike","conspire:HitWhereItHurts","Perfected Strike"],"picked":"SKIP","floor":7},{"not_picked":["Heavy Blade","conspire:ExplosiveBarrier"],"picked":"Metallicize","floor":8},{"not_picked":["Sword Boomerang","Clothesline"],"picked":"Replay:Undeath\u0027s Touch","floor":11},{"not_picked":["Replay:Undeath\u0027s Touch","Life Link"],"picked":"StuffTheSpire:Incineration","floor":12},{"not_picked":["Clash","Replay:Undeath\u0027s Touch","Sword Boomerang"],"picked":"SKIP","floor":14},{"not_picked":["conspire:ExplosiveBarrier","hubris:ReadiedAction+1"],"picked":"StuffTheSpire:Incineration","floor":18},{"not_picked":["infinitespire:OneForAll","conspire:Charge","Life Link"],"picked":"SKIP","floor":21},{"not_picked":["Thunderclap","hubris:ReadiedAction+1","Shrug It Off"],"picked":"SKIP","floor":23}],"player_experience":1390900,"relics_obtained":[{"floor":6,"key":"StuffTheSpire:GrapeVine"},{"floor":8,"key":"Dota2Spire:HandOfMidas"},{"floor":9,"key":"hubris:CrystalStatue"},{"floor":14,"key":"vexMod:FocusSash"},{"floor":20,"key":"Replay:Baseball"},{"floor":23,"key":"TungstenRod"}],"event_choices":[{"damage_healed":0,"gold_gain":0,"cards_transformed":["Strike_R"],"player_choice":"Grasp","damage_taken":0,"max_hp_gain":0,"max_hp_loss":0,"event_name":"Menagerie:MagesHand","floor":4,"gold_loss":0,"cards_obtained":["Menagerie:Foresee"]}],"is_beta":false,"boss_relics":[{"not_picked":["conspire:RunicOctahedron","thethorton:CrushedCigarette"],"picked":"Replay:Wanted Poster"}],"items_purged_floors":[22],"is_endless":false,"potions_floor_spawned":[3,7,12,16,23],"killed_by":"Book of Stabbing","ascension_level":6}}