{"host":"359hz4210ybch7ku","time":1609698287,"event":{"mods":["BaseMod","Block Reminder","Colored Map","Colored Powertips","Highlight Path","Minty Spire (QoL Compilation)","Slay the Relics Exporter","StSLib"],"gold_per_floor":[109,124,124,137,150,150,7,7,30,30,63,13,13,13,13,38,38],"floor_reached":16,"playtime":826,"items_purged":[],"score":113,"play_id":"871a8e30-f44a-4e90-a6ed-bc94a524da15","local_time":"20210103102447","is_ascension_mode":true,"campfire_choices":[{"data":"Eruption","floor":6,"key":"SMITH"},{"data":"Adaptation","floor":10,"key":"SMITH"},{"data":"ClearTheMind","floor":13,"key":"SMITH"},{"data":"Vigilance","floor":15,"key":"SMITH"}],"circlet_count":0,"master_deck":["Strike_P+1","Strike_P+1","Strike_P","Defend_P","Defend_P","Defend_P","Eruption+1","Vigilance+1","Sanctity","ClearTheMind+1","Consecrate","Adaptation+1","Wish"],"relics":["PureWater","NeowsBlessing","Juzu Bracelet","Damaru","Ancient Tea Set"],"acts_visited":["Exordium"],"potions_floor_usage":[11,16],"damage_taken":[{"damage":0,"enemies":"Small Slimes","floor":1,"turns":1},{"damage":0,"enemies":"Jaw Worm","floor":2,"turns":1},{"damage":0,"enemies":"Cultist","floor":4,"turns":1},{"damage":11,"enemies":"Looter","floor":5,"turns":3},{"damage":5,"enemies":"3 Sentries","floor":11,"turns":4},{"damage":43,"enemies":"Hexaghost","floor":16,"turns":10}],"seed_played":"1398200331323855465","potions_obtained":[{"floor":1,"key":"PowerPotion"},{"floor":2,"key":"Explosive Potion"}],"is_trial":false,"path_per_floor":["M","M","?","M","M","R","$","?","T","R","E","?","R","$","R","B"],"character_chosen":"WATCHER","items_purchased":["Juzu Bracelet"],"campfire_rested":0,"item_purchase_floors":[7],"current_hp_per_floor":[72,72,58,58,47,47,47,47,47,47,42,42,42,42,42,0,0],"gold":38,"neow_bonus":"THREE_ENEMY_KILL","is_daily":false,"chose_seed":false,"campfire_upgraded":4,"win_rate":0.0,"timestamp":1609698287,"path_taken":["M","M","?","M","M","R","$","?","T","R","E","?","R","$","R","BOSS"],"items_purchased_type":["Relic"],"build_version":"2020-12-22","purchased_purges":0,"victory":false,"max_hp_per_floor":[72,72,72,72,72,72,72,72,72,72,72,72,72,72,72,72,72],"card_choices":[{"not_picked":["Indignation","WreathOfFlame"],"picked":"Sanctity","floor":1},{"not_picked":["SashWhip","ThirdEye"],"picked":"ClearTheMind","floor":2},{"not_picked":["FlyingSleeves","ClearTheMind"],"picked":"Consecrate","floor":4},{"not_picked":["JustLucky","PathToVictory"],"picked":"Adaptation","floor":5},{"not_picked":["BattleHymn","DeceiveReality"],"picked":"Wish","floor":11}],"player_experience":133059,"relics_obtained":[{"floor":9,"key":"Damaru"},{"floor":11,"key":"Ancient Tea Set"}],"event_choices":[{"damage_healed":0,"gold_gain":0,"player_choice":"Entered Light","damage_taken":14,"max_hp_gain":0,"max_hp_loss":0,"event_name":"Shining Light","floor":3,"gold_loss":0,"cards_upgraded":["Strike_P","Strike_P"]},{"cards_removed":["Strike_P"],"damage_healed":0,"gold_gain":0,"player_choice":"Purged","damage_taken":0,"max_hp_gain":0,"max_hp_loss":0,"event_name":"Purifier","floor":8,"gold_loss":0},{"cards_removed":["Defend_P"],"damage_healed":0,"gold_gain":0,"player_choice":"Card Removal","damage_taken":0,"max_hp_gain":0,"max_hp_loss":0,"event_name":"The Cleric","floor":12,"gold_loss":50}],"is_beta":false,"boss_relics":[],"items_purged_floors":[],"is_endless":false,"potions_floor_spawned":[1,2],"killed_by":"Hexaghost","ascension_level":3}}