{"host":"xz7n3qy1zq36rzpg","time":1609680325,"event":{"mods":["BaseMod","Colored Map","Colored Powertips","Highlight Path","Minty Spire (QoL Compilation)","Quick Restart","Shop Mod"],"gold_per_floor":[16,27,39,51,51,79,94,111,111,121,136,155,173,173,173,276,276,265,280,195,213,173,173,205,69,69,86,86,96,114,39,39,39,39],"floor_reached":33,"playtime":1435,"items_purged":[],"score":319,"play_id":"a7354fae-44f1-4235-b6bc-701cc2f15ab7","local_time":"20210103142525","is_ascension_mode":true,"campfire_choices":[{"floor":15,"key":"REST"},{"floor":23,"key":"REST"},{"floor":28,"key":"REST"},{"floor":32,"key":"REST"}],"circlet_count":0,"master_deck":["Strike_G","Strike_G","Strike_G","Strike_G","Strike_G","Defend_G","Defend_G","Defend_G","Defend_G","Defend_G","Survivor","Neutralize","Dagger Throw","Dodge and Roll","Backflip","Flying Knee","After Image","Flying Knee","Blade Dance+1","Deflect","Infinite Blades","Phantasmal Killer","Dash","Blade Dance+1","Caltrops"],"relics":["Ring of the Serpent","Tough Bandages","Bronze Scales","StrikeDummy","Smiling Mask","MawBank","Singing Bowl"],"acts_visited":["Exordium","TheCity"],"potions_floor_usage":[6,6,6,8,24,25,27,29,33],"damage_taken":[{"damage":0,"enemies":"Cultist","floor":1,"turns":3},{"damage":0,"enemies":"2 Louse","floor":2,"turns":2},{"damage":0,"enemies":"Small Slimes","floor":3,"turns":3},{"damage":4,"enemies":"Blue Slaver","floor":4,"turns":6},{"damage":22,"enemies":"Gremlin Nob","floor":6,"turns":5},{"damage":9,"enemies":"Looter","floor":7,"turns":3},{"damage":15,"enemies":"Exordium Thugs","floor":8,"turns":4},{"damage":2,"enemies":"3 Louse","floor":10,"turns":2},{"damage":7,"enemies":"Exordium Wildlife","floor":11,"turns":5},{"damage":3,"enemies":"Lots of Slimes","floor":12,"turns":5},{"damage":4,"enemies":"3 Louse","floor":13,"turns":5},{"damage":13,"enemies":"Hexaghost","floor":16,"turns":10},{"damage":19,"enemies":"2 Thieves","floor":18,"turns":4},{"damage":6,"enemies":"Shell Parasite","floor":19,"turns":5},{"damage":5,"enemies":"Centurion and Healer","floor":21,"turns":6},{"damage":57,"enemies":"Slavers","floor":24,"turns":7},{"damage":1,"enemies":"Snecko","floor":27,"turns":4},{"damage":32,"enemies":"3 Cultists","floor":29,"turns":6},{"damage":3,"enemies":"Centurion and Healer","floor":30,"turns":7},{"damage":59,"enemies":"Champ","floor":33,"turns":14}],"seed_played":"3159610991387592346","potions_obtained":[{"floor":2,"key":"Block Potion"},{"floor":3,"key":"ColorlessPotion"},{"floor":5,"key":"GamblersBrew"},{"floor":5,"key":"Energy Potion"},{"floor":6,"key":"FairyPotion"},{"floor":7,"key":"DuplicationPotion"},{"floor":16,"key":"Dexterity Potion"},{"floor":21,"key":"Strength Potion"},{"floor":24,"key":"Energy Potion"},{"floor":29,"key":"Explosive Potion"}],"is_trial":false,"path_per_floor":["M","M","M","M","?","E","M","M","T","M","M","M","M","?","R","B",null,"M","M","?","M","?","R","E","$","T","M","R","M","M","$","R","B"],"character_chosen":"THE_SILENT","items_purchased":["Fruit Juice","Poison Potion","Caltrops"],"campfire_rested":4,"item_purchase_floors":[25,25,31],"current_hp_per_floor":[70,70,70,66,66,44,35,20,20,18,11,8,4,4,25,12,70,51,45,45,40,40,61,4,9,9,10,33,3,25,25,49,0,0],"gold":39,"neow_bonus":"ONE_RARE_RELIC","is_daily":false,"chose_seed":false,"campfire_upgraded":0,"win_rate":0.0,"timestamp":1609680325,"path_taken":["M","?","?","M","?","E","M","M","T","?","M","M","M","?","R","BOSS","M","M","?","M","?","R","E","$","T","M","R","M","M","$","R","BOSS"],"items_purchased_type":["Potion","Potion","Card"],"build_version":"2020-12-22","purchased_purges":0,"victory":false,"max_hp_per_floor":[70,70,70,70,70,70,70,70,70,70,70,70,70,70,70,70,70,70,70,70,70,70,70,70,75,75,77,77,79,81,81,81,81,81],"card_choices":[{"not_picked":["PiercingWail","Catalyst"],"picked":"Dagger Throw","floor":1},{"not_picked":["Choke","Dagger Spray"],"picked":"Dodge and Roll","floor":2},{"not_picked":["Prepared","Deadly Poison"],"picked":"Backflip","floor":3},{"not_picked":["Heel Hook","Bouncing Flask"],"picked":"Flying Knee","floor":4},{"not_picked":["Sucker Punch","Cloak And Dagger"],"picked":"After Image","floor":6},{"not_picked":["Setup","Choke"],"picked":"Flying Knee","floor":7},{"not_picked":["Backflip","Dodge and Roll"],"picked":"Blade Dance","floor":8},{"not_picked":["Concentrate","Backflip"],"picked":"Deflect","floor":10},{"not_picked":["Choke","Escape Plan"],"picked":"Infinite Blades","floor":11},{"not_picked":["Masterful Stab","Flying Knee","Predator"],"picked":"SKIP","floor":12},{"not_picked":["All Out Attack","Prepared","Malaise"],"picked":"SKIP","floor":13},{"not_picked":["Night Terror","Storm of Steel"],"picked":"Phantasmal Killer","floor":16},{"not_picked":["Heel Hook+1","Poisoned Stab"],"picked":"Dash","floor":18},{"not_picked":["Setup","Deadly Poison","Choke"],"picked":"SKIP","floor":19},{"not_picked":["Terror","Deflect"],"picked":"Blade Dance","floor":21},{"not_picked":["Infinite Blades","Dagger Spray","Prepared"],"picked":"SKIP","floor":24},{"not_picked":["Poisoned Stab","PiercingWail","Underhanded Strike"],"picked":"Singing Bowl","floor":27},{"not_picked":["Deflect","Backflip","Dodge and Roll+1"],"picked":"Singing Bowl","floor":29},{"not_picked":["Terror","Prepared+1","Masterful Stab"],"picked":"Singing Bowl","floor":30}],"player_experience":297017,"relics_obtained":[{"floor":6,"key":"Bronze Scales"},{"floor":9,"key":"StrikeDummy"},{"floor":24,"key":"MawBank"},{"floor":26,"key":"Singing Bowl"}],"event_choices":[{"damage_healed":0,"gold_gain":0,"player_choice":"Got Potions","damage_taken":0,"max_hp_gain":0,"max_hp_loss":0,"event_name":"Lab","floor":5,"gold_loss":0},{"damage_healed":0,"gold_gain":0,"player_choice":"Grow","damage_taken":0,"max_hp_gain":0,"max_hp_loss":0,"event_name":"Living Wall","floor":14,"gold_loss":0,"cards_upgraded":["Blade Dance"]},{"damage_healed":0,"gold_gain":0,"player_choice":"Obtained Relic","damage_taken":0,"relics_obtained":["Smiling Mask"],"max_hp_gain":0,"max_hp_loss":0,"event_name":"Addict","floor":20,"gold_loss":85},{"damage_healed":0,"gold_gain":0,"player_choice":"Upgrade","damage_taken":0,"max_hp_gain":0,"max_hp_loss":0,"event_name":"Designer","floor":22,"gold_loss":40,"cards_upgraded":["Blade Dance"]}],"is_beta":false,"boss_relics":[{"not_picked":["Runic Dome","Philosopher\u0027s Stone"],"picked":"Ring of the Serpent"}],"items_purged_floors":[],"is_endless":false,"potions_floor_spawned":[2,3,6,7,16,21,24,29],"killed_by":"Champ","ascension_level":3}}