{"host":"mbpcepu6ztteuwhq","time":1609688829,"event":{"mods":["AchievementEnabler","BaseMod","Colored Map","Custom Start","DeckTracker","Minty Spire (QoL Compilation)","Rare Cards Sparkle","StSLib","everything is the same but u backflip on backflip"],"gold_per_floor":[109,109,109,127,151,182,182,225,277,277,295,60,100,100,100,189,189,209,222,222,222,242,242,142,142,142,142,17,17,30,47,47,126,126,138,138,138,151,151,151,176,176,225,60,60,60,60,72,72,72,72],"floor_reached":50,"playtime":1006,"items_purged":["Strike_P","Pain","Strike_P"],"score":1018,"play_id":"4a613a59-15f8-42a8-881d-4420f71f3c51","local_time":"20210104004709","is_ascension_mode":true,"campfire_choices":[{"floor":10.0,"key":"REST"},{"floor":15.0,"key":"REST"},{"floor":23.0,"key":"REST"},{"floor":25.0,"key":"RECALL"},{"floor":32.0,"key":"REST"},{"floor":40,"key":"REST"},{"floor":42,"key":"REST"},{"floor":49,"key":"REST"}],"circlet_count":0,"master_deck":["AscendersBane","Strike_P","Defend_P","Defend_P","Eruption+1","Vigilance","CrushJoints","Fasting2","SandsOfTime+1","Ragnarok","Blasphemy","WheelKick+1","EmptyFist","ForeignInfluence","MentalFortress","RitualDagger","Adaptation","Purity","InnerPeace"],"relics":["Fusion Hammer","Bloody Idol","White Beast Statue","Toy Ornithopter","MealTicket","Lantern","WarpedTongs","Velvet Choker","Ornamental Fan","VioletLotus","Singing Bowl","Regal Pillow","Whetstone"],"acts_visited":["TheCity","TheBeyond"],"potions_floor_usage":[35,41,50],"damage_taken":[{"damage":2.0,"enemies":"Cultist","floor":1.0,"turns":3.0},{"damage":7.0,"enemies":"Jaw Worm","floor":4.0,"turns":3.0},{"damage":0.0,"enemies":"2 Louse","floor":5.0,"turns":2.0},{"damage":16.0,"enemies":"Gremlin Nob","floor":6.0,"turns":3.0},{"damage":22.0,"enemies":"Lagavulin","floor":8.0,"turns":6.0},{"damage":38.0,"enemies":"Gremlin Gang","floor":11.0,"turns":4.0},{"damage":13.0,"enemies":"3 Sentries","floor":13.0,"turns":8.0},{"damage":24.0,"enemies":"The Guardian","floor":16.0,"turns":8.0},{"damage":3.0,"enemies":"3 Byrds","floor":18.0,"turns":3.0},{"damage":5.0,"enemies":"Chosen","floor":19.0,"turns":3.0},{"damage":0.0,"enemies":"Snecko","floor":22.0,"turns":2.0},{"damage":0.0,"enemies":"Centurion and Healer","floor":30.0,"turns":5.0},{"damage":20.0,"enemies":"Shelled Parasite and Fungi","floor":31.0,"turns":2.0},{"damage":53,"enemies":"Collector","floor":33,"turns":8},{"damage":16,"enemies":"3 Darklings","floor":35,"turns":2},{"damage":28,"enemies":"3 Shapes","floor":38,"turns":3},{"damage":11,"enemies":"Giant Head","floor":41,"turns":4},{"damage":24,"enemies":"Jaw Worm Horde","floor":48,"turns":3},{"damage":9,"enemies":"Awakened One","floor":50,"turns":2}],"seed_played":"-7632150949334021198","potions_obtained":[{"floor":4.0,"key":"FearPotion"},{"floor":8.0,"key":"Dexterity Potion"},{"floor":11.0,"key":"Weak Potion"},{"floor":13.0,"key":"Block Potion"},{"floor":16.0,"key":"LiquidBronze"},{"floor":18.0,"key":"Dexterity Potion"},{"floor":19.0,"key":"DistilledChaos"},{"floor":30.0,"key":"Energy Potion"},{"floor":31.0,"key":"Fruit Juice"},{"floor":33,"key":"Regen Potion"},{"floor":35,"key":"FearPotion"},{"floor":38,"key":"Explosive Potion"},{"floor":41,"key":"Explosive Potion"},{"floor":48,"key":"BottledMiracle"}],"is_trial":false,"path_per_floor":["M","?","?","M","M","E","?","E","T","R","M","$","E","?","R","B",null,"M","M","?","?","M","R","$","R","T","?","$","$","M","M","R","B",null,"M","?","$","M","?","R","E","R","T","$","?","?","$","M","R","B"],"character_chosen":"WATCHER","items_purchased":["Ragnarok","Whetstone"],"campfire_rested":7,"item_purchase_floors":[12,44],"current_hp_per_floor":[59,59,64,57,57,41,41,19,19,39,1,16,8,8,28,14,54,56,51,51,51,56,67,67,67,67,61,67,67,67,52,72,24,60,59,59,72,49,49,68,67,68,68,68,68,62,72,53,72,63,63],"gold":72,"neow_bonus":"BOSS_RELIC","is_daily":false,"chose_seed":false,"campfire_upgraded":0,"win_rate":0.0,"timestamp":1609688829,"path_taken":["M","?","?","M","M","E","?","E","T","R","M","$","E","?","R","BOSS","M","?","?","?","M","R","$","R","T","?","?","$","M","M","R","BOSS","M","?","$","M","?","R","E","R","T","$","?","?","$","M","R","BOSS"],"items_purchased_type":["Card","Relic"],"build_version":"2020-12-22","purchased_purges":3,"victory":false,"max_hp_per_floor":[68,62,67,67,67,67,67,67,67,67,67,67,67,67,67,67,67,67,67,67,67,67,67,67,67,67,67,67,67,67,67,72,72,72,72,72,72,72,68,68,68,68,68,68,68,72,72,72,72,72,72],"card_choices":[{"not_picked":["Halt","Evaluate"],"picked":"CrushJoints","floor":1.0},{"not_picked":["CarveReality","Study","EmptyBody"],"picked":"SKIP","floor":4.0},{"not_picked":["Collect","Omniscience","Evaluate"],"picked":"SKIP","floor":5.0},{"not_picked":["Evaluate","CutThroughFate","CrushJoints"],"picked":"SKIP","floor":6.0},{"not_picked":["Halt","EmptyBody"],"picked":"Fasting2","floor":8.0},{"not_picked":["Perseverance","PathToVictory"],"picked":"SandsOfTime","floor":11.0},{"not_picked":["ThirdEye","Nirvana","Swivel"],"picked":"SKIP","floor":13.0},{"not_picked":["LessonLearned","Brilliance"],"picked":"Blasphemy","floor":16.0},{"not_picked":["Sanctity+1","FlyingSleeves+1"],"picked":"WheelKick+1","floor":18.0},{"not_picked":["Nirvana","ReachHeaven","EmptyBody"],"picked":"SKIP","floor":19.0},{"not_picked":["FollowUp","Meditate"],"picked":"MentalFortress","floor":22.0},{"not_picked":["EmptyFist","CarveReality","Tantrum"],"picked":"SKIP","floor":30.0},{"not_picked":["EmptyFist","Prostrate","Evaluate+1"],"picked":"SKIP","floor":31.0},{"not_picked":["Sanctity+1","Evaluate","PathToVictory"],"picked":"SKIP","floor":35},{"not_picked":["Tantrum","EmptyFist","SignatureMove"],"picked":"SKIP","floor":38},{"not_picked":["Evaluate","Halt"],"picked":"Adaptation","floor":41},{"not_picked":["Enlightenment","Finesse","Panache"],"picked":"Singing Bowl","floor":46},{"not_picked":["Swift Strike","Master of Strategy"],"picked":"Purity","floor":46},{"not_picked":["HandOfGreed","Panacea","Swift Strike"],"picked":"Singing Bowl","floor":46},{"not_picked":["Perseverance+1","Protect"],"picked":"InnerPeace","floor":48}],"player_experience":9101,"relics_obtained":[{"floor":6.0,"key":"White Beast Statue"},{"floor":8.0,"key":"Toy Ornithopter"},{"floor":9.0,"key":"MealTicket"},{"floor":13.0,"key":"Lantern"},{"floor":26.0,"key":"Ornamental Fan"},{"floor":41,"key":"Singing Bowl"},{"floor":43,"key":"Regal Pillow"}],"event_choices":[{"damage_healed":0.0,"max_hp_gain":0.0,"max_hp_loss":6.0,"gold_gain":0.0,"event_name":"Golden Idol","player_choice":"Lose Max HP","floor":2.0,"gold_loss":0.0,"damage_taken":0.0,"relics_obtained":["Golden Idol"]},{"damage_healed":0.0,"max_hp_gain":5.0,"max_hp_loss":0.0,"gold_gain":0.0,"event_name":"Big Fish","player_choice":"Donut","floor":3.0,"gold_loss":0.0,"damage_taken":0.0},{"damage_healed":0.0,"max_hp_gain":0.0,"max_hp_loss":0.0,"gold_gain":0.0,"event_name":"Scrap Ooze","player_choice":"Fled","floor":7.0,"gold_loss":0.0,"damage_taken":0.0},{"damage_healed":0.0,"max_hp_gain":0.0,"max_hp_loss":0.0,"gold_gain":0.0,"event_name":"Accursed Blacksmith","player_choice":"Rummage","floor":14.0,"gold_loss":0.0,"damage_taken":0.0,"relics_obtained":["WarpedTongs"],"cards_obtained":["Pain"]},{"damage_healed":0.0,"max_hp_gain":0.0,"max_hp_loss":0.0,"gold_gain":0.0,"cards_transformed":["Strike_P","Defend_P"],"event_name":"Drug Dealer","player_choice":"Became Test Subject","floor":20.0,"gold_loss":0.0,"damage_taken":0.0,"cards_obtained":["EmptyFist","ForeignInfluence"]},{"damage_healed":0.0,"max_hp_gain":0.0,"max_hp_loss":0.0,"gold_gain":0.0,"event_name":"Forgotten Altar","player_choice":"Gave Idol","floor":21.0,"relics_lost":["Golden Idol"],"gold_loss":0.0,"damage_taken":0.0,"relics_obtained":["Bloody Idol"]},{"damage_healed":0.0,"max_hp_gain":0.0,"max_hp_loss":0.0,"gold_gain":0.0,"event_name":"Nest","player_choice":"Joined the Cult","floor":27.0,"gold_loss":0.0,"damage_taken":6.0,"cards_obtained":["RitualDagger"]},{"damage_healed":0,"gold_gain":0,"player_choice":"Ignored","damage_taken":0,"max_hp_gain":0,"max_hp_loss":0,"event_name":"Tomb of Lord Red Mask","floor":36,"gold_loss":0},{"damage_healed":0,"gold_gain":0,"player_choice":"Max HP","damage_taken":0,"max_hp_gain":0,"max_hp_loss":4,"event_name":"Winding Halls","floor":39,"gold_loss":0},{"cards_removed":["Defend_P"],"damage_healed":0,"gold_gain":0,"player_choice":"Removed Skill","damage_taken":0,"max_hp_gain":0,"max_hp_loss":0,"event_name":"Falling","floor":45,"gold_loss":0},{"damage_healed":0,"gold_gain":0,"player_choice":"Memory 3","damage_taken":10,"max_hp_gain":0,"max_hp_loss":0,"event_name":"SensoryStone","floor":46,"gold_loss":0}],"is_beta":false,"boss_relics":[{"not_picked":["Busted Crown","Astrolabe"],"picked":"Velvet Choker"},{"not_picked":["Runic Dome","Sozu"],"picked":"VioletLotus"}],"items_purged_floors":[12,24,28],"is_endless":false,"potions_floor_spawned":[4,8,11,13,16,18,19,22,30,31,33,35,38,41,48],"killed_by":"Awakened One","ascension_level":20}}