{"host":"b0l902yh1rk3g5bq","time":1609657812,"event":{"mods":["AchievementEnabler","Act Like it!","Aspiration","BaseMod","Better Match","Better Sensory Stone","Better Skull","Better Third Choice","BetterRewards","Challenge The Spire","Colored Map","Colored Powertips","Conspire","Downfall","Energized Spire","GifTheSpireLib","Halation","Hubris","Infinite Spire","Minty Spire (QoL Compilation)","Quick Restart","Rare Cards Sparkle","Replay The Spire","StSLib","Stuff the Spire","Trackpad","Virulent Crown","Wandering Minibosses","egg","everything is the same but u backflip on backflip","vexMod"],"gold_per_floor":[117,42,52,69,112,437,470,495,543,543,106,140,174,203,203,300,300,300,100,100,100,100,100,100,100,100,100,100,100,100,100,100,100,100,100,100,100,100,100,100,100,100,100,100,100,100,100,100,100,100],"floor_reached":51,"playtime":3035,"items_purged":["Wild Strike","Spot Weakness","Combust","Combust","Armaments"],"score":1374,"play_id":"761d459c-c691-4cfb-b7c9-6eb47fde31d0","local_time":"20210103081012","daily_mods":["Draft","Heirloom","Flight","downfall:Jewelcrafting","DeadlyEvents","Elite Swarm"],"is_ascension_mode":true,"campfire_choices":[{"floor":10,"key":"REST"},{"data":"Berserk","floor":15,"key":"SMITH"},{"data":"Barricade","floor":23,"key":"SMITH"},{"data":"Seeing Red","floor":28,"key":"SMITH"},{"data":"Demon Form","floor":32,"key":"SMITH"},{"data":"Pommel Strike","floor":49,"key":"SMITH"}],"circlet_count":0,"master_deck":["Guardian:ExploitGems","Guardian:ExploitGems","Thunderclap","Iron Wave","Inflame","Headbutt","Shrug It Off","conspire:ExplosiveBarrier","Twin Strike","Metallicize","Rampage","Seeing Red+1","Pommel Strike+1","Demon Form+1","Berserk+1","Juggernaut","expansioncontent:DefensiveStance","Barricade+1","Demon Form","Metallicize","Juggernaut","Reaper+1","infinitespire:Fortify","Offering","Juggernaut","Offering","Berserk","Impervious"],"relics":["Burning Blood","Ring of Chaos","Guardian:PickAxe","Durian","Snack Pack","Old Coin","halation:Trompette","hubris:ChampionShield","aspiration:ChemicalBlood","infinitespire:Bottled Soul","StuffTheSpire:Nightcore","trackpad:ToughGloves","Garlic","Ectoplasm","trackpad:RapidFire","Torii","hubris:IronBody","aspiration:Lifesprig","Molten Egg 2","vexMod:HeadHunter","Replay:Bottled Steam","trackpad:DemonHeart","energizedSpire:TabascoSauce","hubris:Towel","halation:SwordOfLegend","halation:ForbiddenBikini","Pondfish Scales","Ancient Tea Set","StuffTheSpire:ForceGauntlet","Oddly Smooth Stone","Mummified Hand","Potion Belt","trackpad:IceCube","Replay:Baseball"],"acts_visited":["Exordium","TheCity","TheBeyond"],"potions_floor_usage":[22,50,50,50,50,50,50,50],"damage_taken":[{"damage":3,"enemies":"Cultist","floor":1,"turns":3},{"damage":8,"enemies":"Jaw Worm","floor":3,"turns":3},{"damage":1,"enemies":"2 Louse","floor":4,"turns":2},{"damage":19,"enemies":"Lagavulin","floor":6,"turns":4},{"damage":19,"enemies":"3 Sentries","floor":7,"turns":4},{"damage":17,"enemies":"Gremlin Nob","floor":8,"turns":4},{"damage":0,"enemies":"Lagavulin","floor":12,"turns":6},{"damage":26,"enemies":"Gremlin Nob","floor":13,"turns":5},{"damage":0,"enemies":"Lagavulin","floor":14,"turns":6},{"damage":12,"enemies":"The Guardian","floor":16,"turns":7},{"damage":8,"enemies":"3 Byrds","floor":18,"turns":5},{"damage":20,"enemies":"Slavers","floor":22,"turns":6},{"damage":3,"enemies":"conspire:Head Lice","floor":24,"turns":6},{"damage":22,"enemies":"Slavers","floor":27,"turns":5},{"damage":1,"enemies":"Book of Stabbing","floor":29,"turns":4},{"damage":0,"enemies":"Replay:Snechameleon","floor":30,"turns":4},{"damage":0,"enemies":"Automaton","floor":33,"turns":6},{"damage":0,"enemies":"Orb Walker","floor":35,"turns":5},{"damage":1,"enemies":"3 Darklings","floor":38,"turns":3},{"damage":0,"enemies":"R_Hoarder","floor":40,"turns":6},{"damage":13,"enemies":"Giant Head","floor":41,"turns":5},{"damage":12,"enemies":"Nemesis","floor":44,"turns":3},{"damage":12,"enemies":"Giant Head","floor":45,"turns":5},{"damage":12,"enemies":"Reptomancer","floor":46,"turns":3},{"damage":9,"enemies":"Giant Head","floor":47,"turns":4},{"damage":32,"enemies":"R_Hoarder","floor":48,"turns":4},{"damage":12,"enemies":"hubris:GrandSnecko","floor":50,"turns":4}],"seed_played":"-5362194124114646822","potions_obtained":[{"floor":1,"key":"Weak Potion"},{"floor":3,"key":"GamblersBrew"},{"floor":8,"key":"sneckomod:MuddlingPotion"},{"floor":13,"key":"Dexterity Potion"},{"floor":22,"key":"Ancient Potion"},{"floor":35,"key":"EntropicBrew"},{"floor":41,"key":"Block Potion"}],"is_trial":true,"path_per_floor":["M","$","M","M","?","E","E","E","T","R","$","E","E","E","R","B",null,"M","$","?","$","E","R","E","R","T","E","R","E","E","AVR","R","B",null,"M","?","?","M","AVR","E","E","$","T","E","E","E","E","E","R","B",null],"character_chosen":"IRONCLAD","items_purchased":["infinitespire:Bottled Soul","expansioncontent:DefensiveStance","Metallicize"],"campfire_rested":1,"item_purchase_floors":[11,11,19],"current_hp_per_floor":[85,85,83,85,51,40,31,20,20,45,45,53,33,43,43,39,85,85,85,85,85,73,73,78,78,78,64,64,69,85,85,85,85,85,85,85,85,85,85,85,85,85,85,76,76,72,81,52,73,75],"gold":100,"neow_bonus":"","is_daily":false,"chose_seed":false,"campfire_upgraded":5,"win_rate":0.0,"timestamp":1609657812,"path_taken":["M","$","?","?","?","E","E","E","T","R","$","E","E","E","R","BOSS","M","$","?","?","?","R","E","R","T","E","R","E","E","AVR","R","BOSS","M","?","?","?","AVR","E","E","?","T","E","E","E","E","E","R","BOSS"],"items_purchased_type":["Relic","Card","Card"],"build_version":"2020-12-22","purchased_purges":5,"victory":true,"max_hp_per_floor":[85,85,85,85,85,85,85,85,85,85,85,85,85,85,85,85,85,85,85,85,85,85,85,85,85,85,85,85,85,85,85,85,85,85,85,85,85,85,85,85,85,85,85,85,85,85,85,85,85,85],"card_choices":[{"not_picked":["Heavy Blade","Run Through"],"picked":"Thunderclap","floor":0},{"not_picked":["Replay:Undeath\u0027s Touch","Pummel"],"picked":"Wild Strike","floor":0},{"not_picked":["Anger","Heavy Blade"],"picked":"Iron Wave","floor":0},{"not_picked":["Warcry","StuffTheSpire:RockThrow"],"picked":"Inflame","floor":0},{"not_picked":["Replay:Undeath\u0027s Touch","Headbutt"],"picked":"Spot Weakness","floor":0},{"not_picked":["Rage","Evolve"],"picked":"Armaments","floor":0},{"not_picked":["Clash","hubris:SharpeningStone"],"picked":"Combust","floor":0},{"not_picked":["Warcry","hubris:SharpeningStone"],"picked":"Headbutt","floor":0},{"not_picked":["StuffTheSpire:RockThrow","Heavy Blade"],"picked":"Shrug It Off","floor":0},{"not_picked":["Pummel","Perfected Strike"],"picked":"conspire:ExplosiveBarrier","floor":0},{"not_picked":["Flex","ReplayTheSpireMod:Muscle Training"],"picked":"Twin Strike","floor":0},{"not_picked":["Defy Death","Cleave"],"picked":"Metallicize","floor":0},{"not_picked":["Clothesline","Wild Strike"],"picked":"Rampage","floor":0},{"not_picked":["Anger","Dual Wield"],"picked":"Combust","floor":0},{"not_picked":["Replay:Undeath\u0027s Touch","Clash"],"picked":"Seeing Red","floor":0},{"not_picked":["StuffTheSpire:Slingshot","Uppercut","Dark Embrace"],"picked":"SKIP","floor":1},{"not_picked":["StuffTheSpire:Incineration","Havoc","StuffTheSpire:BloodClot"],"picked":"SKIP","floor":3},{"not_picked":["StuffTheSpire:Incineration","Intimidate"],"picked":"Pommel Strike","floor":4},{"not_picked":["Eclipse","Juggernaut"],"picked":"Demon Form","floor":6},{"not_picked":["Demonic Infusion","StuffTheSpire:TitanForm"],"picked":"Berserk","floor":7},{"not_picked":["Reaper","Limit Break"],"picked":"Juggernaut","floor":8},{"not_picked":["Brutality","Double Tap","Hemogenesis"],"picked":"SKIP","floor":12},{"not_picked":["Bludgeon","StuffTheSpire:TitanForm"],"picked":"Barricade","floor":13},{"not_picked":["Impervious","Brutality"],"picked":"Demon Form","floor":14},{"not_picked":["Defy Death","Perfected Strike","StuffTheSpire:Incineration"],"picked":"SKIP","floor":18},{"not_picked":["conspire:HitWhereItHurts","Hemogenesis"],"picked":"Juggernaut","floor":22},{"not_picked":["Double Tap","Barricade","Offering"],"picked":"SKIP","floor":24},{"not_picked":["Hemogenesis","Eclipse","Reaper"],"picked":"SKIP","floor":27},{"not_picked":["Hemogenesis","Eclipse","Reaper"],"picked":"SKIP","floor":27},{"not_picked":["Double Tap","conspire:HitWhereItHurts+1"],"picked":"Reaper+1","floor":29},{"not_picked":["Immolate+1","Eclipse","Double Tap"],"picked":"SKIP","floor":30},{"not_picked":["Thunderclap+1","ReplayTheSpireMod:Strike From Hell+1","Headbutt+1"],"picked":"SKIP","floor":35},{"not_picked":["StuffTheSpire:Slingshot+1","Sever Soul+1","Massacre+1"],"picked":"SKIP","floor":38},{"not_picked":["Juggernaut","Bludgeon"],"picked":"Offering","floor":40},{"not_picked":["Hemogenesis+1","conspire:HitWhereItHurts+1","Fiend Fire+1"],"picked":"SKIP","floor":40},{"not_picked":["Hemogenesis+1","conspire:HitWhereItHurts+1","Fiend Fire+1"],"picked":"SKIP","floor":40},{"not_picked":["Exhume","Barricade"],"picked":"Juggernaut","floor":41},{"not_picked":["Eclipse","Juggernaut"],"picked":"Offering","floor":41},{"not_picked":["Fiend Fire+1","Replay:Many Hands"],"picked":"Berserk","floor":44},{"not_picked":["Reaper","Replay:Many Hands","Immolate"],"picked":"SKIP","floor":44},{"not_picked":["Hemogenesis","Eclipse"],"picked":"Impervious","floor":45},{"not_picked":["conspire:HitWhereItHurts+1","Eclipse","Limit Break"],"picked":"SKIP","floor":45},{"not_picked":["Brutality","Hemogenesis","conspire:HitWhereItHurts"],"picked":"SKIP","floor":46},{"not_picked":["Impervious","hubris:StunningStrike+1","conspire:Purge"],"picked":"SKIP","floor":46},{"not_picked":["Brutality","Hemogenesis","Corruption"],"picked":"SKIP","floor":47},{"not_picked":["conspire:Purge","Immolate+1","Double Tap"],"picked":"SKIP","floor":47},{"not_picked":["Corruption","Fiend Fire","Berserk"],"picked":"SKIP","floor":48},{"not_picked":["conspire:HitWhereItHurts+1","Bludgeon+1","Feed+1"],"picked":"SKIP","floor":48}],"player_experience":613024,"relics_obtained":[{"floor":5,"key":"Snack Pack"},{"floor":6,"key":"Old Coin"},{"floor":7,"key":"halation:Trompette"},{"floor":8,"key":"hubris:ChampionShield"},{"floor":9,"key":"aspiration:ChemicalBlood"},{"floor":12,"key":"StuffTheSpire:Nightcore"},{"floor":13,"key":"trackpad:ToughGloves"},{"floor":14,"key":"Garlic"},{"floor":22,"key":"trackpad:RapidFire"},{"floor":24,"key":"Torii"},{"floor":26,"key":"hubris:IronBody"},{"floor":27,"key":"aspiration:Lifesprig"},{"floor":29,"key":"Molten Egg 2"},{"floor":30,"key":"vexMod:HeadHunter"},{"floor":40,"key":"Pondfish Scales"},{"floor":41,"key":"Ancient Tea Set"},{"floor":43,"key":"StuffTheSpire:ForceGauntlet"},{"floor":44,"key":"Oddly Smooth Stone"},{"floor":45,"key":"Mummified Hand"},{"floor":46,"key":"Potion Belt"},{"floor":47,"key":"trackpad:IceCube"},{"floor":48,"key":"Replay:Baseball"}],"event_choices":[{"damage_healed":0,"gold_gain":0,"player_choice":"Ignored","damage_taken":0,"max_hp_gain":0,"max_hp_loss":0,"event_name":"Vampires","floor":20,"gold_loss":0}],"is_beta":false,"boss_relics":[{"not_picked":["hubris:CrackedHourglass","conspire:RunicOctahedron"],"picked":"Ectoplasm"},{"not_picked":["infinitespire:Cupcake","aspiration:PoetsPen_weak"],"picked":"energizedSpire:TabascoSauce"}],"items_purged_floors":[2,11,19,31,39],"is_endless":false,"potions_floor_spawned":[1,3,8,14,16,22,24,27,33,35,38,40,44,47],"ascension_level":1}}