{"host":"w9yruvs4bqht6bhw","time":1609699851,"event":{"mods":["BaseMod","Colored Powertips","Minty Spire (QoL Compilation)"],"gold_per_floor":[116,134,153,169,169,169,180,180,180,17,17,0,0,13,13,114,114,129,119,119,119,19,38,38,106,185,185,199,199,211,7,7,104,104,117,117,117,132,62,94,94,94],"floor_reached":41,"playtime":1301,"items_purged":["Strike_R","Parasite","Twin Strike"],"score":555,"play_id":"dfdc1cea-ddfc-433f-957d-30b0cf3af74a","local_time":"20210103135051","is_ascension_mode":true,"campfire_choices":[{"data":"Pommel Strike","floor":6,"key":"SMITH"},{"data":"Pommel Strike","floor":8,"key":"SMITH"},{"data":"Strike_R","floor":11,"key":"SMITH"},{"data":"Strike_R","floor":15,"key":"SMITH"},{"data":"Trip","floor":24,"key":"SMITH"},{"floor":29,"key":"REST"},{"floor":32,"key":"REST"}],"circlet_count":0,"master_deck":["Strike_R+1","Strike_R+1","Strike_R+1","Strike_R+1","Defend_R+1","Defend_R+1","Defend_R+1","Defend_R+1","Bash+1","Pommel Strike+1","Pommel Strike+1","Trip+1","Spot Weakness","Rampage","Intimidate"],"relics":["Burning Blood","Kunai","Sozu","Matryoshka","Lantern","Letter Opener","Runic Pyramid","Regal Pillow"],"acts_visited":["Exordium","TheCity","TheBeyond"],"potions_floor_usage":[2,16,33],"damage_taken":[{"damage":3,"enemies":"Small Slimes","floor":1,"turns":4},{"damage":0,"enemies":"2 Louse","floor":2,"turns":3},{"damage":12,"enemies":"Jaw Worm","floor":3,"turns":3},{"damage":25,"enemies":"Large Slime","floor":4,"turns":5},{"damage":8,"enemies":"3 Louse","floor":7,"turns":4},{"damage":0,"enemies":"2 Fungi Beasts","floor":14,"turns":2},{"damage":29,"enemies":"Slime Boss","floor":16,"turns":8},{"damage":15,"enemies":"Shell Parasite","floor":18,"turns":4},{"damage":17,"enemies":"2 Thieves","floor":19,"turns":4},{"damage":17,"enemies":"Sentry and Sphere","floor":23,"turns":5},{"damage":16,"enemies":"Snake Plant","floor":28,"turns":2},{"damage":3,"enemies":"Cultist and Chosen","floor":30,"turns":3},{"damage":64,"enemies":"Champ","floor":33,"turns":8},{"damage":0,"enemies":"3 Shapes","floor":35,"turns":5},{"damage":30,"enemies":"3 Darklings","floor":38,"turns":6},{"damage":39,"enemies":"Giant Head","floor":40,"turns":7},{"damage":12,"enemies":"Sphere and 2 Shapes","floor":41,"turns":3}],"seed_played":"-1953197583274213152","potions_obtained":[{"floor":1,"key":"AttackPotion"},{"floor":4,"key":"Ancient Potion"},{"floor":14,"key":"GamblersBrew"}],"is_trial":false,"path_per_floor":["M","M","M","M","?","R","M","R","T","$","R","?","?","M","R","B",null,"M","M","?","?","$","M","R","T","T","?","M","R","M","$","R","B",null,"M","?","?","M","$","E","M"],"character_chosen":"IRONCLAD","items_purchased":["Trip","Rampage","Intimidate"],"campfire_rested":2,"item_purchase_floors":[10,31,39],"current_hp_per_floor":[75,80,74,55,48,48,46,46,46,46,46,46,66,72,72,49,72,63,52,52,52,52,41,41,41,41,27,17,41,44,44,68,10,64,70,70,70,46,46,13,1,1],"gold":94,"neow_bonus":"UPGRADE_CARD","is_daily":false,"chose_seed":false,"campfire_upgraded":5,"win_rate":0.0,"timestamp":1609699851,"path_taken":["M","M","M","M","?","R","M","R","T","$","R","?","?","M","R","BOSS","M","M","?","?","$","M","R","?","T","?","M","R","M","$","R","BOSS","M","?","?","M","$","E","M"],"items_purchased_type":["Card","Card","Card"],"build_version":"2020-12-22","purchased_purges":3,"victory":false,"max_hp_per_floor":[80,80,80,80,80,80,80,80,80,80,80,80,80,80,80,80,80,80,80,80,80,77,77,77,77,77,82,82,82,82,82,82,82,82,82,78,78,78,78,78,78,78],"card_choices":[{"not_picked":["Dropkick","Shockwave"],"picked":"Pommel Strike","floor":1},{"not_picked":["Body Slam","Iron Wave"],"picked":"Pommel Strike","floor":2},{"not_picked":["Disarm","Dropkick","Anger"],"picked":"SKIP","floor":3},{"not_picked":["Exhume","Perfected Strike","Wild Strike"],"picked":"SKIP","floor":4},{"not_picked":["True Grit","Flame Barrier","Cleave"],"picked":"SKIP","floor":7},{"not_picked":["Warcry","True Grit"],"picked":"Flex","floor":14},{"not_picked":["Blood for Blood","Heavy Blade","Evolve"],"picked":"SKIP","floor":18},{"not_picked":["Armaments+1","Heavy Blade"],"picked":"Spot Weakness","floor":19},{"not_picked":["Sentinel","Bloodletting"],"picked":"Twin Strike","floor":23},{"not_picked":["Wild Strike","Armaments","Second Wind"],"picked":"SKIP","floor":28},{"not_picked":["Fire Breathing+1","Rage","Whirlwind"],"picked":"SKIP","floor":30},{"not_picked":["Anger+1","Feel No Pain","Body Slam+1"],"picked":"SKIP","floor":35},{"not_picked":["Havoc+1","Clothesline","Perfected Strike"],"picked":"SKIP","floor":38},{"not_picked":["Cleave","Bludgeon","Sword Boomerang+1"],"picked":"SKIP","floor":40}],"player_experience":290939,"relics_obtained":[{"floor":25,"key":"Matryoshka"},{"floor":26,"key":"Lantern"},{"floor":26,"key":"Letter Opener"},{"floor":40,"key":"Regal Pillow"}],"event_choices":[{"damage_healed":0,"gold_gain":0,"player_choice":"Success","damage_taken":7,"relics_obtained":["Kunai"],"max_hp_gain":0,"max_hp_loss":0,"event_name":"Scrap Ooze","floor":5,"gold_loss":0},{"damage_healed":0,"gold_gain":0,"player_choice":"Left Gold","damage_taken":0,"max_hp_gain":0,"max_hp_loss":0,"event_name":"World of Goop","floor":12,"gold_loss":17},{"damage_healed":20,"gold_gain":0,"player_choice":"Healed and dodged fight","damage_taken":0,"max_hp_gain":0,"max_hp_loss":0,"event_name":"Mushrooms","floor":13,"gold_loss":0,"cards_obtained":["Parasite"]},{"damage_healed":0,"gold_gain":0,"player_choice":"Ignored","damage_taken":0,"max_hp_gain":0,"max_hp_loss":0,"event_name":"Ghosts","floor":20,"gold_loss":0},{"damage_healed":0,"gold_gain":0,"player_choice":"Simplicity","damage_taken":0,"max_hp_gain":0,"max_hp_loss":0,"event_name":"Back to Basics","floor":21,"gold_loss":0,"cards_upgraded":["Strike_R","Strike_R","Defend_R","Defend_R","Defend_R","Defend_R"]},{"damage_healed":0,"gold_gain":0,"player_choice":"Shed Blood","damage_taken":19,"max_hp_gain":5,"max_hp_loss":0,"event_name":"Forgotten Altar","floor":27,"gold_loss":0},{"damage_healed":0,"gold_gain":0,"player_choice":"Max HP","damage_taken":0,"max_hp_gain":0,"max_hp_loss":4,"event_name":"Winding Halls","floor":36,"gold_loss":0},{"cards_removed":["Flex"],"damage_healed":0,"gold_gain":0,"player_choice":"Removed Skill","damage_taken":0,"max_hp_gain":0,"max_hp_loss":0,"event_name":"Falling","floor":37,"gold_loss":0}],"is_beta":false,"boss_relics":[{"not_picked":["Mark of Pain","Black Star"],"picked":"Sozu"},{"not_picked":["SacredBark","Cursed Key"],"picked":"Runic Pyramid"}],"items_purged_floors":[10,22,31],"is_endless":false,"potions_floor_spawned":[1,4,14,19,33,35,40],"killed_by":"Sphere and 2 Shapes","ascension_level":7}}