{"host":"d40xu1tklzkpvzv9","time":1609679421,"event":{"mods":["Aspiration","BaseMod","BetterRewards","Colored Map","Colored Powertips","Conspire","Custom Start","DeckTracker","Downfall","Highlight Path","Hubris","Infinite Spire","Mimic Mod","Minty Spire (QoL Compilation)","Quick Restart","Replay The Spire","StSLib","SuperFastMode"],"gold_per_floor":[117,117,17,30,43,43,74,87,120,153,167,167,167,167,167,264,264,284,284,301,0,0,25,38,38,68,68,68,79,105,115,115,211,211,231,247,43,43,43,73,73,73,109,125,125,125],"floor_reached":45,"playtime":2484,"items_purged":["Strike_B","Defend_B","Guardian:Planning","Defend_B","Strike_B","Defend_B","Shame"],"score":716,"play_id":"22dd96b2-b93e-4854-b00d-3058fea249d1","local_time":"20210103141021","is_ascension_mode":false,"campfire_choices":[{"data":"Genetic Algorithm","floor":6.0,"key":"SMITH"},{"data":"Eruption","floor":13.0,"key":"SMITH"},{"data":"Beam Cell","floor":15.0,"key":"SMITH"},{"data":"ReplayTheSpireMod:??????????????????????","floor":32,"key":"SMITH"},{"data":"Crow Ritual","floor":42,"key":"SMITH"}],"circlet_count":0,"master_deck":["All For One","FTL+1","FTL+1","Steam","Genetic Algorithm+1","Self Repair","Loop","Scrape","Beam Cell+1","ReplayRNGCard","FTL+1","Steam Power","Vigilance","Eruption+1","Go for the Eyes","Crystallizer+1","Conserve Battery","Scrape","Crow Ritual+1","Gash","ReplayTheSpireMod:Dual Polarity+1","Gash+1","ReplayTheSpireMod:??????????????????????+1","BasicCrystalCard+1","Replay:Fractal Strike","aspiration:Polymerization+1","White Noise","Panic Button","Steam Power+1","Fission","Gash+1","Time Bomb+1","FTL+1","Gash","Hello World+1","Capacitor+1","Streamline+1","BasicCrystalCard+1"],"relics":["FrozenCore","Mango","hubris:CrystalStatue","aspiration:FaultyCoupler","aspiration:HiddenCompartment","conspire:BottledYoYo","Prayer Wheel","Thread and Needle","Pen Nib","TheAbacus","hubris:KleinBottle","Replay:Bottled Eggs","infinitespire:CheckeredPen","HornCleat","Omamori","Sozu","hubris:SoftwareUpdate","hubris:ToyBattleship","Ring of Panic","Ring of Hypnosis"],"acts_visited":["Exordium","TheCity","TheBeyond"],"potions_floor_usage":[24],"damage_taken":[{"damage":0.0,"enemies":"Cultist","floor":1.0,"turns":2.0},{"damage":0.0,"enemies":"Small Slimes","floor":4.0,"turns":2.0},{"damage":1.0,"enemies":"Jaw Worm","floor":5.0,"turns":3.0},{"damage":13.0,"enemies":"Gremlin Nob","floor":7.0,"turns":3.0},{"damage":0.0,"enemies":"3 Louse","floor":8.0,"turns":2.0},{"damage":0.0,"enemies":"Exordium Wildlife","floor":9.0,"turns":3.0},{"damage":0.0,"enemies":"Lagavulin","floor":10.0,"turns":4.0},{"damage":3.0,"enemies":"Exordium Wildlife","floor":11.0,"turns":3.0},{"damage":0.0,"enemies":"Slime Boss","floor":16.0,"turns":3.0},{"damage":2.0,"enemies":"Shell Parasite","floor":18.0,"turns":4.0},{"damage":0,"enemies":"Spheric Guardian","floor":20,"turns":2},{"damage":0,"enemies":"Replay:Snechameleon","floor":23,"turns":4},{"damage":0,"enemies":"Shelled Parasite and Fungi","floor":24,"turns":4},{"damage":0,"enemies":"Snake Plant","floor":26,"turns":5},{"damage":0,"enemies":"Snake Plant","floor":29,"turns":2},{"damage":7,"enemies":"Nightmare","floor":30,"turns":5},{"damage":0,"enemies":"3 Cultists","floor":31,"turns":3},{"damage":0,"enemies":"conspire:MysteriousRune","floor":33,"turns":5},{"damage":0,"enemies":"3 Darklings","floor":35,"turns":3},{"damage":5,"enemies":"Orb Walker","floor":36,"turns":2},{"damage":9,"enemies":"Reptomancer","floor":40,"turns":3},{"damage":0,"enemies":"Writhing Mass","floor":43,"turns":5},{"damage":38,"enemies":"Writhing Mass","floor":44,"turns":6},{"damage":53,"enemies":"Nightmare","floor":45,"turns":7}],"seed_played":"-7930430106626985057","potions_obtained":[{"floor":1.0,"key":"Languid Potion"},{"floor":4.0,"key":"Languid Potion"},{"floor":11.0,"key":"Fire Potion"},{"floor":23,"key":"Adrenaline Potion"},{"floor":24,"key":"Fire Potion"},{"floor":29,"key":"DuplicationPotion"}],"is_trial":false,"path_per_floor":["M","?","$","M","M","R","E","M","MIM","E","M","?","R","?","R","B",null,"M","?","M","$","?","E","M","$","MIM","AVR","?","M","NM","M","R","B",null,"M","M","$","?","T","E","?","R","MIM","M","NM"],"character_chosen":"DEFECT","items_purchased":["All For One","FTL","Crow Ritual","TheAbacus","hubris:KleinBottle","Replay:Bottled Eggs","Gash"],"campfire_rested":0,"item_purchase_floors":[0,0,21,25,25,25,37],"current_hp_per_floor":[54,54,54,54,60,60,54,61,61,68,65,65,65,58,58,58,89,87,87,89,89,89,89,89,33,40,40,89,89,82,82,82,82,89,89,84,84,84,84,82,82,82,82,51,0,0],"gold":125,"neow_bonus":"","is_daily":false,"chose_seed":false,"campfire_upgraded":5,"win_rate":0.0,"timestamp":1609679421,"path_taken":["M","?","$","M","M","R","E","M","MIM","E","M","?","R","?","R","BOSS","M","?","M","$","?","E","M","?","MIM","AVR","?","M","NM","M","R","BOSS","M","?","$","?","?","E","?","R","MIM","M","NM"],"items_purchased_type":["Card","Card","Card","Relic","Relic","Relic","Card"],"build_version":"2020-12-22","purchased_purges":7,"victory":false,"max_hp_per_floor":[89,89,89,89,89,89,89,89,89,89,89,89,89,89,89,89,89,89,89,89,89,89,89,89,89,89,89,89,89,89,89,89,89,89,89,89,89,85,85,85,85,85,85,85,85,85],"card_choices":[{"not_picked":["Force Field","Panic Button"],"picked":"Genetic Algorithm","floor":1.0},{"not_picked":["Ball Lightning","ReplayTheSpireMod:GoodbyeWorld"],"picked":"Self Repair","floor":4.0},{"not_picked":["aspiration:Polymerization","Steam"],"picked":"Loop","floor":5.0},{"not_picked":["Tempest","ReplaySort"],"picked":"Scrape","floor":7.0},{"not_picked":["Loop","Force Field"],"picked":"Beam Cell","floor":8.0},{"not_picked":["Beam Cell","Ball Lightning"],"picked":"ReplayRNGCard","floor":9.0},{"not_picked":["Sweeping Beam","Steam Power"],"picked":"FTL","floor":10.0},{"not_picked":["Melter","Coolheaded"],"picked":"Steam Power","floor":11.0},{"not_picked":["Rainbow","Multi-Cast"],"picked":"ReplayTheSpireMod:Fabricate Wheel","floor":16.0},{"not_picked":["Streamline","Blizzard"],"picked":"Go for the Eyes","floor":18.0},{"not_picked":["ReplaySort","Sweeping Beam"],"picked":"Crystallizer+1","floor":18.0},{"not_picked":["Sweeping Beam","BasicCrystalCard"],"picked":"Conserve Battery","floor":20},{"not_picked":["Cold Snap+1","Hologram"],"picked":"Scrape","floor":20},{"not_picked":["Beam Cell","Stack"],"picked":"Gash","floor":23},{"not_picked":["Blizzard","Stack"],"picked":"ReplayTheSpireMod:Dual Polarity+1","floor":24},{"not_picked":["Beam Cell","BasicCrystalCard"],"picked":"Gash+1","floor":24},{"not_picked":["hubris:Rewind","hubris:InfiniteBlow"],"picked":"ReplayTheSpireMod:??????????????????????","floor":25},{"not_picked":["Leap","Seek"],"picked":"BasicCrystalCard+1","floor":26},{"not_picked":["Beam Cell","Aggregate"],"picked":"aspiration:Polymerization+1","floor":29},{"not_picked":["Cold Snap","Tempest","Ball Lightning"],"picked":"SKIP","floor":29},{"not_picked":["Barrage","Go for the Eyes"],"picked":"White Noise","floor":30},{"not_picked":["Ball Lightning","Double Energy"],"picked":"Panic Button","floor":31},{"not_picked":["Cold Snap","Steam"],"picked":"Steam Power+1","floor":31},{"not_picked":["Biased Cognition","ReplayTheSpireMod:Omega Cannon"],"picked":"Fission","floor":33},{"not_picked":["Coolheaded+1","Sweeping Beam"],"picked":"Gash+1","floor":35},{"not_picked":["Go for the Eyes","White Noise","Hologram"],"picked":"SKIP","floor":35},{"not_picked":["Redo","Melter"],"picked":"Time Bomb+1","floor":36},{"not_picked":["Stack","Compile Driver"],"picked":"FTL+1","floor":36},{"not_picked":["Stack","Fission"],"picked":"Hello World+1","floor":40},{"not_picked":["Steam Power","Conserve Battery+1"],"picked":"Capacitor+1","floor":43},{"not_picked":["Ball Lightning","Conserve Battery+1"],"picked":"Streamline+1","floor":44},{"not_picked":["Coolheaded+1","Leap+1"],"picked":"BasicCrystalCard+1","floor":44}],"player_experience":113510,"relics_obtained":[{"floor":7.0,"key":"aspiration:FaultyCoupler"},{"floor":9.0,"key":"aspiration:HiddenCompartment"},{"floor":10.0,"key":"conspire:BottledYoYo"},{"floor":23,"key":"Pen Nib"},{"floor":26,"key":"infinitespire:CheckeredPen"},{"floor":30,"key":"Omamori"},{"floor":39,"key":"hubris:SoftwareUpdate"},{"floor":40,"key":"hubris:ToyBattleship"},{"floor":41,"key":"Ring of Panic"},{"floor":41,"key":"Ring of Hypnosis"}],"event_choices":[{"cards_removed":["Strike_B"],"damage_healed":0.0,"max_hp_gain":0.0,"max_hp_loss":0.0,"gold_gain":0.0,"event_name":"Bonfire Elementals","player_choice":"Offered Basic","floor":2.0,"gold_loss":0.0,"damage_taken":0.0},{"cards_removed":["Strike_B"],"damage_healed":0.0,"max_hp_gain":0.0,"max_hp_loss":0.0,"gold_gain":0.0,"event_name":"Golden Wing","player_choice":"Card Removal","floor":14.0,"gold_loss":0.0,"damage_taken":7.0},{"damage_healed":0.0,"max_hp_gain":0.0,"max_hp_loss":0.0,"gold_gain":0.0,"event_name":"The Library","player_choice":"Read","floor":19.0,"gold_loss":0.0,"damage_taken":0.0,"cards_obtained":["Guardian:Planning"]},{"damage_healed":0,"gold_gain":0,"player_choice":"Stole Relic","damage_taken":0,"relics_obtained":["Thread and Needle"],"max_hp_gain":0,"max_hp_loss":0,"event_name":"Addict","floor":22,"gold_loss":0,"cards_obtained":["Shame"]},{"damage_healed":49,"gold_gain":0,"player_choice":"Full Heal","damage_taken":0,"max_hp_gain":0,"max_hp_loss":0,"event_name":"Wheel of Change","floor":28,"gold_loss":0},{"damage_healed":0,"gold_gain":0,"player_choice":"Max HP","damage_taken":0,"max_hp_gain":0,"max_hp_loss":4,"event_name":"Winding Halls","floor":38,"gold_loss":0}],"is_beta":false,"boss_relics":[{"not_picked":["Painkiller Herb","Cursed Key"],"picked":"FrozenCore"},{"not_picked":["Astrolabe","aspiration:RunicSpoon"],"picked":"Sozu"}],"items_purged_floors":[0,3,21,25,25,27,37],"is_endless":true,"potions_floor_spawned":[1,4,11,23,24,29,30,31,40],"killed_by":"Nightmare","ascension_level":0}}