{"host":"1eo5f82aifdzd7pr","time":1609706375,"event":{"mods":["AchievementEnabler","BaseMod","Colored Map","Colored Powertips","DeckTracker","Marisa????????","Minty Spire (QoL Compilation)","StSLib","SuperFastMode"],"gold_per_floor":[115,190,205,205,218,246,246,264,290,290,290,321,321,338,338,440,440,450,450,462,339,350,350,375,385,385,421,421,436,436,436,436,532,532,543,570,78,97,109,109,126,126,198,218,250,250,250,260,260,260,260,260,36,71,71],"floor_reached":56,"playtime":2494,"items_purged":["Strike_R","Defend_R","Defend_R"],"score":1279,"play_id":"8d0549a0-40b8-495e-b330-dd4294b0cd6f","local_time":"20210103223935","is_ascension_mode":false,"campfire_choices":[{"data":"Shrug It Off","floor":7.0,"key":"SMITH"},{"data":"Searing Blow","floor":10.0,"key":"SMITH"},{"data":"Searing Blow+1","floor":13.0,"key":"SMITH"},{"data":"Searing Blow+2","floor":15.0,"key":"SMITH"},{"data":"Searing Blow+3","floor":23,"key":"SMITH"},{"data":"Searing Blow+4","floor":28,"key":"SMITH"},{"data":"Searing Blow+5","floor":30,"key":"SMITH"},{"data":"Searing Blow+6","floor":32,"key":"SMITH"},{"data":"Searing Blow+7","floor":40,"key":"SMITH"},{"data":"Searing Blow+8","floor":42,"key":"SMITH"},{"floor":47,"key":"RECALL"},{"data":"Searing Blow+9","floor":49,"key":"SMITH"},{"data":"Searing Blow+10","floor":52,"key":"SMITH"}],"circlet_count":0,"master_deck":["Strike_R+1","Defend_R","Defend_R","Bash","Shrug It Off+1","Searing Blow+11","Pommel Strike","Offering","Uppercut+1","Shrug It Off+1","Armaments+1","Pommel Strike+1"],"relics":["Burning Blood","Potion Belt","Centennial Puzzle","Lantern","Velvet Choker","Happy Flower","CeramicFish","Black Star","Torii","Paper Frog","Dream Catcher","Regal Pillow","Red Skull","Whetstone"],"acts_visited":["Exordium","TheCity","TheBeyond","TheEnding"],"potions_floor_usage":[24,33,37,50,50,50,50,55,55],"damage_taken":[{"damage":0.0,"enemies":"2 Louse","floor":1.0,"turns":3.0},{"damage":0.0,"enemies":"Small Slimes","floor":3.0,"turns":3.0},{"damage":1.0,"enemies":"Jaw Worm","floor":5.0,"turns":5.0},{"damage":32.0,"enemies":"3 Sentries","floor":6.0,"turns":13.0},{"damage":2.0,"enemies":"3 Louse","floor":8.0,"turns":6.0},{"damage":6.0,"enemies":"Gremlin Nob","floor":12.0,"turns":3.0},{"damage":6.0,"enemies":"Looter","floor":14.0,"turns":4.0},{"damage":60.0,"enemies":"Slime Boss","floor":16.0,"turns":13.0},{"damage":14.0,"enemies":"3 Byrds","floor":18.0,"turns":7.0},{"damage":0,"enemies":"Chosen","floor":20,"turns":3},{"damage":6,"enemies":"Snecko","floor":22,"turns":2},{"damage":6,"enemies":"Gremlin Leader","floor":24,"turns":6},{"damage":8,"enemies":"Shelled Parasite and Fungi","floor":25,"turns":3},{"damage":9,"enemies":"Book of Stabbing","floor":27,"turns":5},{"damage":6,"enemies":"Centurion and Healer","floor":29,"turns":2},{"damage":9,"enemies":"Automaton","floor":33,"turns":6},{"damage":6,"enemies":"3 Shapes","floor":35,"turns":3},{"damage":17,"enemies":"3 Darklings","floor":36,"turns":7},{"damage":9,"enemies":"4 Shapes","floor":38,"turns":5},{"damage":12,"enemies":"Writhing Mass","floor":39,"turns":2},{"damage":7,"enemies":"Maw","floor":41,"turns":4},{"damage":6,"enemies":"Spire Growth","floor":44,"turns":1},{"damage":7,"enemies":"Giant Head","floor":45,"turns":5},{"damage":18,"enemies":"Transient","floor":48,"turns":5},{"damage":20,"enemies":"Donu and Deca","floor":50,"turns":4},{"damage":6,"enemies":"Shield and Spear","floor":54,"turns":3},{"damage":70,"enemies":"The Heart","floor":55,"turns":6}],"seed_played":"-7221277603061582369","potions_obtained":[{"floor":5.0,"key":"ElixirPotion"},{"floor":6.0,"key":"SpeedPotion"},{"floor":8.0,"key":"SkillPotion"},{"floor":12.0,"key":"BloodPotion"},{"floor":18.0,"key":"AttackPotion"},{"floor":24,"key":"SkillPotion"},{"floor":27,"key":"Regen Potion"},{"floor":36,"key":"Strength Potion"},{"floor":44,"key":"SneckoOil"},{"floor":45,"key":"Ancient Potion"}],"is_trial":false,"path_per_floor":["M","?","M","?","M","E","R","M","T","R","?","E","R","M","R","B",null,"M","?","M","$","M","R","E","M","T","E","R","M","R","?","R","B",null,"M","M","$","M","M","R","M","R","T","M","E","?","R","M","R","B",null,"R","$","E","B",null],"character_chosen":"IRONCLAD","items_purchased":["Energy Potion","Fruit Juice","Torii","Fire Potion","SpeedPotion"],"campfire_rested":0,"item_purchase_floors":[21,37,37,53,53],"current_hp_per_floor":[80,69,75,75,80,54,54,58,58,58,58,58,58,58,58,20,80,72,72,78,78,78,78,78,76,76,73,73,73,73,58,58,55,85,85,74,79,76,70,70,69,69,69,69,68,68,68,56,56,54,90,90,90,90,26],"gold":71,"neow_bonus":"THREE_CARDS","is_daily":false,"chose_seed":false,"campfire_upgraded":12,"win_rate":0.0,"timestamp":1609706375,"path_taken":["M","?","M","?","M","E","R","M","T","R","?","E","R","M","R","BOSS","M","?","M","$","M","R","E","M","T","E","R","M","R","?","R","BOSS","M","M","$","M","M","R","M","R","T","M","E","?","R","M","R","BOSS","R","$","E","BOSS"],"items_purchased_type":["Potion","Potion","Relic","Potion","Potion"],"build_version":"2020-12-22","purchased_purges":3,"victory":true,"max_hp_per_floor":[80,80,80,80,80,80,80,80,80,80,80,80,80,80,80,80,80,80,80,80,80,80,80,80,80,80,80,80,80,80,85,85,85,85,85,85,90,90,90,90,90,90,90,90,90,90,90,90,90,90,90,90,90,90,90],"card_choices":[{"not_picked":["True Grit","Wild Strike"],"picked":"Shrug It Off","floor":1.0},{"not_picked":["Rupture","Entrench","True Grit"],"picked":"SKIP","floor":3.0},{"not_picked":["Rupture","Heavy Blade","Clothesline"],"picked":"SKIP","floor":5.0},{"not_picked":["Twin Strike","Dual Wield","Wild Strike"],"picked":"SKIP","floor":6.0},{"not_picked":["Armaments","Combust"],"picked":"Searing Blow","floor":8.0},{"not_picked":["Headbutt","Evolve"],"picked":"Pommel Strike","floor":12.0},{"not_picked":["Twin Strike","Metallicize","Dark Embrace"],"picked":"SKIP","floor":14.0},{"not_picked":["Juggernaut","Impervious"],"picked":"Offering","floor":16.0},{"not_picked":["Combust+1","Shockwave","Infernal Blade"],"picked":"SKIP","floor":18.0},{"not_picked":["Flex","Clash","Armaments+1"],"picked":"SKIP","floor":20},{"not_picked":["Havoc","Thunderclap"],"picked":"Uppercut","floor":22},{"not_picked":["Combust","Havoc","Armaments"],"picked":"SKIP","floor":24},{"not_picked":["Blood for Blood","Second Wind"],"picked":"Shrug It Off+1","floor":25},{"not_picked":["Perfected Strike","Headbutt+1"],"picked":"Armaments+1","floor":27},{"not_picked":["Flame Barrier","Perfected Strike+1","Dark Embrace"],"picked":"SKIP","floor":29},{"not_picked":["Warcry","Dropkick+1","Anger"],"picked":"SKIP","floor":35},{"not_picked":["Warcry+1","Rupture"],"picked":"Pommel Strike+1","floor":36},{"not_picked":["Body Slam+1","Havoc+1","Feed"],"picked":"SKIP","floor":38},{"not_picked":["Iron Wave","Perfected Strike","Whirlwind+1"],"picked":"SKIP","floor":39},{"not_picked":["Sword Boomerang+1","Clothesline+1","Cleave"],"picked":"SKIP","floor":41},{"not_picked":["Fire Breathing+1","Pommel Strike+1","Reckless Charge+1"],"picked":"SKIP","floor":44},{"not_picked":["Dark Embrace+1","Dual Wield","Rampage+1"],"picked":"SKIP","floor":45},{"not_picked":["Armaments+1","Impervious","Cleave"],"picked":"SKIP","floor":48},{"not_picked":["Sword Boomerang+1","Body Slam","Thunderclap"],"picked":"SKIP","floor":54}],"player_experience":771149,"relics_obtained":[{"floor":6.0,"key":"Potion Belt"},{"floor":9.0,"key":"Centennial Puzzle"},{"floor":12.0,"key":"Lantern"},{"floor":24,"key":"Happy Flower"},{"floor":27,"key":"CeramicFish"},{"floor":43,"key":"Paper Frog"},{"floor":45,"key":"Dream Catcher"},{"floor":45,"key":"Regal Pillow"},{"floor":54,"key":"Red Skull"},{"floor":54,"key":"Whetstone"}],"event_choices":[{"damage_healed":0.0,"max_hp_gain":0.0,"max_hp_loss":0.0,"gold_gain":75.0,"event_name":"World of Goop","player_choice":"Gather Gold","floor":2.0,"gold_loss":0.0,"damage_taken":11.0},{"cards_removed":["Strike_R"],"damage_healed":0.0,"max_hp_gain":0.0,"max_hp_loss":0.0,"gold_gain":0.0,"event_name":"Living Wall","player_choice":"Forget","floor":4.0,"gold_loss":0.0,"damage_taken":0.0},{"damage_healed":0.0,"max_hp_gain":0.0,"max_hp_loss":0.0,"gold_gain":0.0,"event_name":"Liars Game","player_choice":"Ignored","floor":11.0,"gold_loss":0.0,"damage_taken":0.0},{"cards_removed":["Strike_R"],"damage_healed":0.0,"max_hp_gain":0.0,"max_hp_loss":0.0,"gold_gain":0.0,"event_name":"Back to Basics","player_choice":"Elegance","floor":19.0,"gold_loss":0.0,"damage_taken":0.0},{"damage_healed":0,"gold_gain":0,"player_choice":"Shed Blood","damage_taken":20,"max_hp_gain":5,"max_hp_loss":0,"event_name":"Forgotten Altar","floor":31,"gold_loss":0},{"cards_removed":["Strike_R"],"damage_healed":0,"gold_gain":0,"player_choice":"Removed Attack","damage_taken":0,"max_hp_gain":0,"max_hp_loss":0,"event_name":"Falling","floor":46,"gold_loss":0}],"is_beta":false,"boss_relics":[{"not_picked":["Coffee Dripper","Pandora\u0027s Box"],"picked":"Velvet Choker"},{"not_picked":["Fusion Hammer","Mark of Pain"],"picked":"Black Star"}],"items_purged_floors":[21,37,53],"is_endless":false,"potions_floor_spawned":[5,6,8,12,18,24,27,36,44,45],"ascension_level":0}}