{"host":"sc0o2qwpf9j16a4i","time":1609688593,"event":{"mods":["AchievementEnabler","BaseMod","BetterRewards","Block Reminder","Colored Map","Colored Powertips","Custom Start","Highlight Path","Minty Spire (QoL Compilation)","Relic Stats"],"gold_per_floor":[116,126,139,104,29,29,64,64,90,90,90,116,116,133,133,133,133],"floor_reached":16,"playtime":427,"items_purged":["Strike_P"],"score":216,"play_id":"f6c5d097-525f-4f26-b1d0-5fecacb584ef","local_time":"20210103174313","is_ascension_mode":true,"campfire_choices":[{"data":"FlyingSleeves","floor":6,"key":"SMITH"},{"floor":8,"key":"REST"},{"data":"Wallop","floor":10,"key":"SMITH"},{"floor":15,"key":"REST"}],"circlet_count":0,"master_deck":["AscendersBane","Strike_P","Strike_P","Strike_P+1","Defend_P","Defend_P","Defend_P","Defend_P","Eruption","Vigilance","EmptyMind","Adaptation+1","FlyingSleeves+1","Wallop+1","CutThroughFate","SandsOfTime"],"relics":["VioletLotus","Potion Belt","Centennial Puzzle","Gremlin Horn","Tiny Chest"],"acts_visited":["Exordium"],"potions_floor_usage":[7],"damage_taken":[{"damage":1,"enemies":"Small Slimes","floor":1,"turns":4},{"damage":0,"enemies":"2 Louse","floor":2,"turns":5},{"damage":11,"enemies":"Jaw Worm","floor":3,"turns":4},{"damage":29,"enemies":"3 Sentries","floor":7,"turns":10},{"damage":10,"enemies":"Lagavulin","floor":12,"turns":6},{"damage":0,"enemies":"3 Louse","floor":14,"turns":1},{"damage":62,"enemies":"The Guardian","floor":16,"turns":12}],"seed_played":"-6523526117976210634","potions_obtained":[{"floor":2,"key":"SpeedPotion"},{"floor":3,"key":"Swift Potion"},{"floor":7,"key":"GamblersBrew"},{"floor":14,"key":"SpeedPotion"}],"is_trial":false,"path_per_floor":["M","M","M","?","$","R","E","R","T","R","?","E","?","M","R","B"],"character_chosen":"WATCHER","items_purchased":[],"campfire_rested":2,"item_purchase_floors":[],"current_hp_per_floor":[60,60,49,66,66,66,37,57,57,57,57,47,27,27,47,0,0],"gold":133,"neow_bonus":"BOSS_RELIC","is_daily":false,"chose_seed":false,"campfire_upgraded":2,"win_rate":0.0,"timestamp":1609688593,"path_taken":["M","M","M","?","$","R","E","R","T","R","?","E","?","M","R","BOSS"],"items_purchased_type":[],"build_version":"2020-12-22","purchased_purges":1,"victory":false,"max_hp_per_floor":[68,68,68,68,68,68,68,68,68,68,68,68,68,68,68,68,68],"relic_stats":{"Centennial Puzzle":[6],"Gremlin Horn":[2,2],"counters":[7,42],"Tiny Chest":0,"VioletLotus":[11],"obtain_stats":[{"Potion Belt":7,"Centennial Puzzle":9,"Gremlin Horn":11,"Tiny Chest":12,"VioletLotus":0,"PureWater":0},{"Potion Belt":4,"Centennial Puzzle":4,"Gremlin Horn":4,"Tiny Chest":5,"VioletLotus":0,"PureWater":0},{"Potion Belt":23,"Centennial Puzzle":23,"Gremlin Horn":23,"Tiny Chest":29,"VioletLotus":0,"PureWater":0}]},"card_choices":[{"not_picked":["FlurryOfBlows","Evaluate"],"picked":"EmptyMind","floor":1},{"not_picked":["PathToVictory","SashWhip"],"picked":"Adaptation","floor":2},{"not_picked":["Nirvana","Study"],"picked":"FlyingSleeves","floor":3},{"not_picked":["JustLucky","ClearTheMind"],"picked":"Wallop","floor":7},{"not_picked":["FollowUp","FlyingSleeves"],"picked":"CutThroughFate","floor":12},{"not_picked":["WheelKick","Study"],"picked":"SandsOfTime","floor":14}],"player_experience":541379,"relics_obtained":[{"floor":7,"key":"Potion Belt"},{"floor":9,"key":"Centennial Puzzle"},{"floor":12,"key":"Tiny Chest"}],"event_choices":[{"damage_healed":17,"gold_gain":0,"player_choice":"Healed","damage_taken":0,"max_hp_gain":0,"max_hp_loss":0,"event_name":"The Cleric","floor":4,"gold_loss":35},{"damage_healed":0,"gold_gain":0,"player_choice":"Searched \u00271\u0027 times","damage_taken":0,"relics_obtained":["Gremlin Horn"],"max_hp_gain":0,"max_hp_loss":0,"event_name":"Dead Adventurer","floor":11,"gold_loss":0},{"damage_healed":0,"gold_gain":0,"player_choice":"Entered Light","damage_taken":20,"max_hp_gain":0,"max_hp_loss":0,"event_name":"Shining Light","floor":13,"gold_loss":0,"cards_upgraded":["Strike_P","Adaptation"]}],"is_beta":false,"boss_relics":[],"items_purged_floors":[5],"is_endless":false,"potions_floor_spawned":[2,3,7,14],"killed_by":"The Guardian","ascension_level":20}}