{"host":"w9yruvs4bqht6bhw","time":1609704054,"event":{"mods":["BaseMod","Colored Powertips","Minty Spire (QoL Compilation)"],"gold_per_floor":[215,227,227,242,242,271,271,289,289,289,306,34,63,81,81,178,178,194,174,17,32,51,51,81,81,105,116,126,151,151,166,166,267,267,279,295,295,119,138,138,171,171,243,243,243,257,257,257],"floor_reached":47,"playtime":2127,"items_purged":["Bash","Strike_R"],"score":684,"play_id":"4c32549f-64bf-47f7-87a5-41f9ee3d6304","local_time":"20210103150054","is_ascension_mode":true,"campfire_choices":[{"data":"Clash","floor":7,"key":"SMITH"},{"data":"Uppercut","floor":10,"key":"SMITH"},{"floor":15,"key":"REST"},{"data":"Double Tap","floor":23,"key":"SMITH"},{"data":"Defend_R","floor":25,"key":"SMITH"},{"data":"Clash","floor":32,"key":"SMITH"},{"data":"Madness","floor":40,"key":"SMITH"},{"floor":44,"key":"REST"}],"circlet_count":0,"master_deck":["Strike_R","Strike_R","Strike_R","Defend_R","Defend_R","Defend_R+1","Shrug It Off","Clash+1","Flex+1","Spot Weakness+1","Uppercut+1","Battle Trance","Double Tap+1","Clash+1","Intimidate+1","Clash+1","Pommel Strike+1","Madness","Madness+1","Thinking Ahead"],"relics":["Black Blood","Gremlin Horn","Meat on the Bone","War Paint","InkBottle","DollysMirror","Pantograph","Dream Catcher","Potion Belt","MutagenicStrength","Darkstone Periapt","Ornamental Fan","Mummified Hand"],"acts_visited":["Exordium","TheCity","TheBeyond"],"potions_floor_usage":[6,14,16,16,24,33,33,39,39,41,41,46],"damage_taken":[{"damage":5,"enemies":"Small Slimes","floor":1,"turns":5},{"damage":3,"enemies":"2 Louse","floor":2,"turns":3},{"damage":1,"enemies":"Cultist","floor":4,"turns":3},{"damage":30,"enemies":"Gremlin Nob","floor":6,"turns":5},{"damage":4,"enemies":"2 Fungi Beasts","floor":8,"turns":2},{"damage":13,"enemies":"Exordium Thugs","floor":11,"turns":4},{"damage":30,"enemies":"Lagavulin","floor":13,"turns":4},{"damage":1,"enemies":"Large Slime","floor":14,"turns":4},{"damage":19,"enemies":"Slime Boss","floor":16,"turns":7},{"damage":1,"enemies":"Spheric Guardian","floor":18,"turns":3},{"damage":0,"enemies":"Chosen","floor":21,"turns":4},{"damage":0,"enemies":"3 Cultists","floor":22,"turns":4},{"damage":26,"enemies":"Gremlin Leader","floor":24,"turns":5},{"damage":24,"enemies":"Chosen and Byrds","floor":27,"turns":6},{"damage":21,"enemies":"Snake Plant","floor":28,"turns":4},{"damage":24,"enemies":"Slavers","floor":29,"turns":7},{"damage":0,"enemies":"3 Cultists","floor":31,"turns":4},{"damage":34,"enemies":"Automaton","floor":33,"turns":6},{"damage":38,"enemies":"3 Darklings","floor":35,"turns":6},{"damage":0,"enemies":"Orb Walker","floor":36,"turns":2},{"damage":32,"enemies":"3 Darklings","floor":39,"turns":5},{"damage":45,"enemies":"Giant Head","floor":41,"turns":7},{"damage":69,"enemies":"4 Shapes","floor":46,"turns":9},{"damage":34,"enemies":"Spire Growth","floor":47,"turns":3}],"seed_played":"1547237543411870891","potions_obtained":[{"floor":1,"key":"Dexterity Potion"},{"floor":11,"key":"ElixirPotion"},{"floor":13,"key":"BlessingOfTheForge"},{"floor":16,"key":"BloodPotion"},{"floor":18,"key":"Explosive Potion"},{"floor":19,"key":"CultistPotion"},{"floor":29,"key":"GamblersBrew"},{"floor":31,"key":"SneckoOil"},{"floor":33,"key":"Weak Potion"},{"floor":36,"key":"ColorlessPotion"},{"floor":41,"key":"ColorlessPotion"},{"floor":46,"key":"HeartOfIron"}],"is_trial":false,"path_per_floor":["M","M","?","M","?","E","R","M","T","R","M","$","E","M","R","B",null,"M","?","$","M","M","R","E","R","T","M","M","E","?","M","R","B",null,"M","M","?","$","M","R","E","?","T","R","T","M","M"],"character_chosen":"IRONCLAD","items_purchased":["War Paint","Explosive Potion","DollysMirror","Regen Potion"],"campfire_rested":2,"item_purchase_floors":[12,12,20,38],"current_hp_per_floor":[73,76,76,80,80,56,56,58,58,58,51,51,39,56,80,67,77,80,80,80,80,80,80,66,66,66,54,57,57,57,69,69,58,75,61,73,63,63,57,57,52,52,52,76,76,31,0,0],"gold":257,"neow_bonus":"HUNDRED_GOLD","is_daily":false,"chose_seed":false,"campfire_upgraded":6,"win_rate":0.0,"timestamp":1609704054,"path_taken":["M","M","?","M","?","E","R","M","T","R","M","$","E","?","R","BOSS","M","?","$","?","M","R","E","R","T","M","M","E","?","M","R","BOSS","M","M","?","$","M","R","E","?","T","R","?","M","?"],"items_purchased_type":["Relic","Potion","Relic","Potion"],"build_version":"2020-12-22","purchased_purges":2,"victory":false,"max_hp_per_floor":[80,80,80,80,80,80,80,80,80,80,80,80,80,80,80,80,80,80,80,80,80,80,80,80,80,80,80,80,80,80,80,80,80,80,80,80,80,80,80,80,80,80,80,80,80,80,80,80],"card_choices":[{"not_picked":["Blood for Blood","Sword Boomerang"],"picked":"Shrug It Off","floor":1},{"not_picked":["Shrug It Off","Whirlwind"],"picked":"Clash","floor":2},{"not_picked":["Heavy Blade","Evolve"],"picked":"Flex","floor":4},{"not_picked":["Perfected Strike","Berserk"],"picked":"Spot Weakness","floor":6},{"not_picked":["Pommel Strike","Sever Soul"],"picked":"Uppercut","floor":8},{"not_picked":["Cleave","Heavy Blade","Feel No Pain"],"picked":"SKIP","floor":11},{"not_picked":["Bloodletting","Clothesline","Cleave"],"picked":"SKIP","floor":13},{"not_picked":["Infernal Blade","Warcry"],"picked":"Battle Trance","floor":14},{"not_picked":["Feed","Immolate"],"picked":"Double Tap","floor":16},{"not_picked":["Cleave","Clothesline","Havoc"],"picked":"SKIP","floor":18},{"not_picked":["True Grit","Armaments+1","Wild Strike"],"picked":"SKIP","floor":21},{"not_picked":["Corruption","Perfected Strike","Uppercut"],"picked":"SKIP","floor":22},{"not_picked":["Flex","Armaments+1","Warcry"],"picked":"SKIP","floor":24},{"not_picked":["Shrug It Off","Heavy Blade"],"picked":"Intimidate+1","floor":27},{"not_picked":["Heavy Blade","Iron Wave","Pommel Strike"],"picked":"SKIP","floor":28},{"not_picked":["Offering","Armaments"],"picked":"Clash","floor":29},{"not_picked":["Armaments","Hemokinesis","Anger"],"picked":"SKIP","floor":31},{"not_picked":["Rampage+1","Havoc+1"],"picked":"Pommel Strike+1","floor":35},{"not_picked":["Sword Boomerang","Flex","Armaments+1"],"picked":"SKIP","floor":36},{"not_picked":["Flame Barrier+1","Sword Boomerang","Wild Strike"],"picked":"SKIP","floor":39},{"not_picked":["Immolate","True Grit+1","Havoc"],"picked":"SKIP","floor":41},{"not_picked":["PanicButton","Jack Of All Trades"],"picked":"Thinking Ahead","floor":42},{"not_picked":["Warcry+1","Armaments","Thunderclap+1"],"picked":"SKIP","floor":46}],"player_experience":293998,"relics_obtained":[{"floor":6,"key":"Gremlin Horn"},{"floor":9,"key":"Meat on the Bone"},{"floor":13,"key":"InkBottle"},{"floor":24,"key":"Pantograph"},{"floor":26,"key":"Dream Catcher"},{"floor":29,"key":"Potion Belt"},{"floor":41,"key":"Darkstone Periapt"},{"floor":43,"key":"Ornamental Fan"},{"floor":45,"key":"Mummified Hand"}],"event_choices":[{"cards_removed":["Defend_R"],"damage_healed":0,"gold_gain":0,"player_choice":"Forget","damage_taken":0,"max_hp_gain":0,"max_hp_loss":0,"event_name":"Living Wall","floor":3,"gold_loss":0},{"cards_removed":["Strike_R"],"damage_healed":0,"gold_gain":0,"player_choice":"Offered Basic","damage_taken":0,"max_hp_gain":0,"max_hp_loss":0,"event_name":"Bonfire Elementals","floor":5,"gold_loss":0},{"damage_healed":0,"gold_gain":0,"player_choice":"Bought 1 Potion","damage_taken":0,"max_hp_gain":0,"max_hp_loss":0,"event_name":"The Woman in Blue","floor":19,"gold_loss":0},{"damage_healed":0,"gold_gain":0,"player_choice":"Inject Mutagens","damage_taken":0,"relics_obtained":["MutagenicStrength"],"max_hp_gain":0,"max_hp_loss":0,"event_name":"Drug Dealer","floor":30,"gold_loss":0},{"damage_healed":0,"gold_gain":0,"player_choice":"Embrace Madness","damage_taken":10,"max_hp_gain":0,"max_hp_loss":0,"event_name":"Winding Halls","floor":37,"gold_loss":0,"cards_obtained":["Madness","Madness"]},{"damage_healed":0,"gold_gain":0,"player_choice":"Memory 1","damage_taken":0,"max_hp_gain":0,"max_hp_loss":0,"event_name":"SensoryStone","floor":42,"gold_loss":0}],"is_beta":false,"boss_relics":[{"not_picked":["Runic Dome","Empty Cage"],"picked":"Black Blood"},{"not_picked":["Pandora\u0027s Box","Calling Bell","Coffee Dripper"]}],"items_purged_floors":[12,38],"is_endless":false,"potions_floor_spawned":[1,11,13,16,18,29,31,33,36,41,46],"killed_by":"Spire Growth","ascension_level":7}}