{"host":"15dd7v8o90xso62x","time":1609642608,"event":{"mods":["BaseMod","Minty Spire (QoL Compilation)","Quick Restart","StSLib","SuperFastMode"],"gold_per_floor":[109,34,34,34,47,47,88,88,143,181,181,200,23,50,50,136,181,204,220,220,135,135,174,174,211,211,255,255,280,280,330,330,417,417,430,400,400,413,438,466,466,496,496,496,514,514,540,567,567,567,567],"floor_reached":52,"playtime":2534,"items_purged":["Strike_B","Defend_B"],"score":2465,"play_id":"e37cf20c-4727-4e19-8f3f-05376aef0461","local_time":"20210103115648","is_ascension_mode":true,"campfire_choices":[{"data":"Zap","floor":6.0,"key":"SMITH"},{"data":"Dualcast","floor":8.0,"key":"SMITH"},{"data":"Coolheaded","floor":11.0,"key":"SMITH"},{"data":"Defragment","floor":15.0,"key":"SMITH"},{"floor":24.0,"key":"REST"},{"data":"Buffer","floor":28.0,"key":"SMITH"},{"data":"Buffer","floor":30.0,"key":"SMITH"},{"data":"Turbo","floor":32.0,"key":"SMITH"},{"data":"Heatsinks","floor":41,"key":"SMITH"},{"data":"Skim","floor":46,"key":"SMITH"},{"data":"Seek","floor":49,"key":"SMITH"}],"circlet_count":0,"master_deck":["AscendersBane","Zap+1","Dualcast+1","Compile Driver","Echo Form","Genetic Algorithm","Turbo+1","Coolheaded+1","Glacier","Defragment+1","Seek+1","Buffer+1","Streamline","Buffer+1","Skim+1","Thunder Strike","Go for the Eyes","Storm","Electrodynamics","Heatsinks+1","Biased Cognition","Ball Lightning","Madness","Madness","Capacitor+1"],"relics":["Cracked Core","NeowsBlessing","CeramicFish","Anchor","Question Card","Pandora\u0027s Box","CaptainsWheel","Nilry\u0027s Codex","Juzu Bracelet","Blood Vial","Bottled Tornado","Mango","Torii","SlaversCollar","PreservedInsect","Orichalcum"],"acts_visited":["TheCity","TheBeyond"],"potions_floor_usage":[40,50],"damage_taken":[{"damage":0.0,"enemies":"Cultist","floor":1.0,"turns":1.0},{"damage":0.0,"enemies":"Small Slimes","floor":5.0,"turns":1.0},{"damage":0.0,"enemies":"3 Sentries","floor":7.0,"turns":1.0},{"damage":8.0,"enemies":"Lagavulin","floor":10.0,"turns":7.0},{"damage":2.0,"enemies":"Jaw Worm","floor":12.0,"turns":5.0},{"damage":7.0,"enemies":"2 Fungi Beasts","floor":14.0,"turns":3.0},{"damage":0.0,"enemies":"Slime Boss","floor":16.0,"turns":16.0},{"damage":9.0,"enemies":"3 Byrds","floor":18.0,"turns":5.0},{"damage":1.0,"enemies":"Shell Parasite","floor":19.0,"turns":5.0},{"damage":26.0,"enemies":"Slavers","floor":23.0,"turns":6.0},{"damage":0.0,"enemies":"Gremlin Leader","floor":25.0,"turns":4.0},{"damage":22.0,"enemies":"Slavers","floor":27.0,"turns":4.0},{"damage":0.0,"enemies":"Gremlin Leader","floor":29.0,"turns":5.0},{"damage":0.0,"enemies":"Collector","floor":33.0,"turns":6.0},{"damage":1.0,"enemies":"3 Shapes","floor":35.0,"turns":5.0},{"damage":0.0,"enemies":"3 Darklings","floor":38.0,"turns":4.0},{"damage":1,"enemies":"Writhing Mass","floor":39,"turns":7},{"damage":15,"enemies":"Reptomancer","floor":40,"turns":5},{"damage":0,"enemies":"Giant Head","floor":42,"turns":6},{"damage":0,"enemies":"Reptomancer","floor":47,"turns":5},{"damage":0,"enemies":"Sphere and 2 Shapes","floor":48,"turns":4},{"damage":27,"enemies":"Awakened One","floor":50,"turns":9},{"damage":1,"enemies":"Donu and Deca","floor":51,"turns":5}],"seed_played":"8814392824287598941","potions_obtained":[{"floor":5.0,"key":"Block Potion"},{"floor":10.0,"key":"FocusPotion"},{"floor":16.0,"key":"BlessingOfTheForge"},{"floor":18.0,"key":"EssenceOfSteel"},{"floor":23.0,"key":"EssenceOfSteel"},{"floor":27.0,"key":"EssenceOfDarkness"},{"floor":29.0,"key":"Block Potion"},{"floor":36.0,"key":"Strength Potion"},{"floor":36.0,"key":"GamblersBrew"},{"floor":39,"key":"BlessingOfTheForge"},{"floor":40,"key":"Fruit Juice"},{"floor":44,"key":"FocusPotion"},{"floor":44,"key":"FocusPotion"}],"is_trial":false,"path_per_floor":["M","$","?","?","M","R","E","R","T","E","R","M","$","M","R","B",null,"M","M","?","?","?","E","R","E","T","E","R","E","R","?","R","B",null,"M","?","?","M","M","E","R","E","T","?","?","R","E","M","R","B","B",null],"character_chosen":"DEFECT","items_purchased":["Defragment"],"campfire_rested":1,"item_purchase_floors":[13],"current_hp_per_floor":[64,64,69,69,69,69,69,69,69,61,61,59,59,52,52,52,70,61,60,60,60,39,13,35,35,35,29,29,31,31,31,31,33,76,77,77,77,79,80,72,72,74,74,74,57,57,59,61,61,36,37],"gold":567,"neow_bonus":"THREE_ENEMY_KILL","is_daily":false,"chose_seed":false,"campfire_upgraded":10,"win_rate":0.0,"timestamp":1609642608,"path_taken":["M","?","?","?","M","R","E","R","T","E","R","M","?","M","R","BOSS","M","M","?","?","?","E","R","E","T","E","R","E","R","?","R","BOSS","M","?","?","M","M","E","R","E","T","?","?","R","E","M","R","BOSS","BOSS"],"items_purchased_type":["Card"],"build_version":"2020-12-22","purchased_purges":2,"victory":true,"max_hp_per_floor":[71,71,76,76,76,76,76,76,76,76,76,76,76,76,76,76,76,76,76,76,76,76,76,76,76,76,90,90,90,90,90,90,90,90,90,90,90,90,90,95,95,95,95,95,95,95,95,95,95,95,95],"card_choices":[{"not_picked":["Streamline","Hello World"],"picked":"Compile Driver","floor":1.0},{"not_picked":["Coolheaded","Conserve Battery"],"picked":"Genetic Algorithm","floor":5.0},{"not_picked":["Cold Snap","Beam Cell"],"picked":"Turbo","floor":7.0},{"not_picked":["Compile Driver","Stack"],"picked":"Coolheaded","floor":10.0},{"not_picked":["Beam Cell","Double Energy","White Noise"],"picked":"Glacier","floor":12.0},{"not_picked":["Blizzard","Static Discharge","Leap"],"picked":"Seek","floor":14.0},{"not_picked":["Creative AI","Rainbow","All For One"],"picked":"Buffer","floor":16.0},{"not_picked":["Aggregate","Go for the Eyes","Glacier"],"picked":"Storm","floor":18.0},{"not_picked":["Go for the Eyes","Sweeping Beam","Reinforced Body","Gash"],"picked":"SKIP","floor":19.0},{"not_picked":["White Noise","Conserve Battery","Cold Snap"],"picked":"Electrodynamics","floor":23.0},{"not_picked":["Compile Driver","Conserve Battery","Undo"],"picked":"Heatsinks","floor":25.0},{"not_picked":["Beam Cell","Sweeping Beam","Steam"],"picked":"Ball Lightning","floor":27.0},{"not_picked":["Redo","Beam Cell","Reinforced Body","Turbo"],"picked":"SKIP","floor":29.0},{"not_picked":["Fission","Machine Learning","Rainbow"],"picked":"Biased Cognition","floor":33.0},{"not_picked":["Steam Power","Rebound","Turbo","Melter"],"picked":"SKIP","floor":35.0},{"not_picked":["Fusion","Genetic Algorithm","Hologram","Barrage+1"],"picked":"SKIP","floor":38.0},{"not_picked":["Aggregate","Heatsinks","Darkness"],"picked":"Ball Lightning","floor":39},{"not_picked":["Lockon+1","Turbo","Genetic Algorithm+1","Loop"],"picked":"SKIP","floor":40},{"not_picked":["Steam+1","Hello World","Gash","Beam Cell+1"],"picked":"SKIP","floor":42},{"not_picked":["Double Energy","Recycle","Steam Power","Go for the Eyes"],"picked":"SKIP","floor":47},{"not_picked":["Force Field","Coolheaded+1","Rebound"],"picked":"Capacitor+1","floor":48}],"player_experience":995558,"relics_obtained":[{"floor":7.0,"key":"CeramicFish"},{"floor":9.0,"key":"Anchor"},{"floor":10.0,"key":"Question Card"},{"floor":22.0,"key":"Nilry\u0027s Codex"},{"floor":23.0,"key":"Juzu Bracelet"},{"floor":25.0,"key":"Blood Vial"},{"floor":26.0,"key":"Bottled Tornado"},{"floor":27.0,"key":"Mango"},{"floor":29.0,"key":"Torii"},{"floor":40,"key":"PreservedInsect"},{"floor":42,"key":"Orichalcum"}],"event_choices":[{"damage_healed":0.0,"max_hp_gain":5.0,"max_hp_loss":0.0,"gold_gain":0.0,"event_name":"Big Fish","player_choice":"Donut","floor":3.0,"gold_loss":0.0,"damage_taken":0.0},{"damage_healed":0.0,"max_hp_gain":0.0,"max_hp_loss":0.0,"gold_gain":0.0,"cards_transformed":["Strike_B"],"event_name":"Living Wall","player_choice":"Change","floor":4.0,"gold_loss":0.0,"damage_taken":0.0,"cards_obtained":["Echo Form"]},{"damage_healed":0.0,"max_hp_gain":0.0,"max_hp_loss":0.0,"gold_gain":0.0,"event_name":"Vampires","player_choice":"Ignored","floor":20.0,"gold_loss":0.0,"damage_taken":0.0},{"damage_healed":0.0,"max_hp_gain":0.0,"max_hp_loss":0.0,"gold_gain":0.0,"event_name":"Addict","player_choice":"Obtained Relic","floor":21.0,"gold_loss":85.0,"damage_taken":0.0,"relics_obtained":["CaptainsWheel"]},{"damage_healed":0.0,"max_hp_gain":0.0,"max_hp_loss":0.0,"gold_gain":0.0,"event_name":"Cursed Tome","player_choice":"Obtained Book","floor":22.0,"gold_loss":0.0,"damage_taken":21.0},{"damage_healed":0.0,"max_hp_gain":0.0,"max_hp_loss":0.0,"gold_gain":50.0,"event_name":"Nest","player_choice":"Stole From Cult","floor":31.0,"gold_loss":0.0,"damage_taken":0.0},{"damage_healed":0.0,"max_hp_gain":0.0,"max_hp_loss":0.0,"gold_gain":0.0,"event_name":"The Woman in Blue","player_choice":"Bought 2 Potions","floor":36.0,"gold_loss":0.0,"damage_taken":0.0},{"cards_removed":["Ball Lightning"],"damage_healed":0.0,"max_hp_gain":0.0,"max_hp_loss":0.0,"gold_gain":0.0,"event_name":"Falling","player_choice":"Removed Attack","floor":37.0,"gold_loss":0.0,"damage_taken":0.0},{"damage_healed":0,"gold_gain":0,"player_choice":"Got Potions","damage_taken":0,"max_hp_gain":0,"max_hp_loss":0,"event_name":"Lab","floor":44,"gold_loss":0},{"damage_healed":0,"gold_gain":0,"player_choice":"Embrace Madness","damage_taken":17,"max_hp_gain":0,"max_hp_loss":0,"event_name":"Winding Halls","floor":45,"gold_loss":0,"cards_obtained":["Madness","Madness"]}],"is_beta":false,"boss_relics":[{"not_picked":["FrozenCore","Philosopher\u0027s Stone"],"picked":"Pandora\u0027s Box"},{"not_picked":["Calling Bell","Velvet Choker"],"picked":"SlaversCollar"}],"items_purged_floors":[2,13],"is_endless":false,"potions_floor_spawned":[5,10,16,18,23,27,29,39,40,47,48],"ascension_level":20}}