{"host":"os9owiyb0rak6c8n","time":1609697502,"event":{"mods":["AchievementEnabler","Astrologer","BaseMod","Beaked The Cultist","Better Third Choice","Block Reminder","Colored Map","Colored Powertips","Dio Mod","Minty Spire (QoL Compilation)","Robot Space Explorer","Spicy Shops","StSLib","The Death Knight","The Necromancer"],"gold_per_floor":[115,115,126,301,152,179,179,179,179],"floor_reached":8,"playtime":337,"items_purged":["Doubt"],"score":68,"play_id":"1d3927a2-c422-42e1-86ae-85523c84493d","local_time":"20210103191142","is_ascension_mode":true,"campfire_choices":[{"data":"DeathKnight:Hysteria","floor":7,"key":"SMITH"}],"circlet_count":0,"master_deck":["DeathKnight:Strike_DeathKnight","DeathKnight:Strike_DeathKnight","DeathKnight:Strike_DeathKnight","DeathKnight:Strike_DeathKnight","DeathKnight:Strike_DeathKnight","DeathKnight:Defend_DeathKnight","DeathKnight:Defend_DeathKnight","DeathKnight:Defend_DeathKnight","DeathKnight:Defend_DeathKnight","DeathKnight:Defend_DeathKnight","DeathKnight:RuneTap","DeathKnight:RuneStrike","DeathKnight:BoneShield","DeathKnight:Hysteria+1","DeathKnight:BloodBoil","DeathKnight:IcyTouch"],"relics":["DeathKnight:BrokenRuneblade","Nunchaku","DeathKnight:SindragosasSkull"],"acts_visited":["Exordium"],"potions_floor_usage":[6],"damage_taken":[{"damage":6,"enemies":"Jaw Worm","floor":1,"turns":6},{"damage":0,"enemies":"2 Louse","floor":3,"turns":2},{"damage":33,"enemies":"3 Sentries","floor":6,"turns":13},{"damage":38,"enemies":"Gremlin Nob","floor":8,"turns":5}],"seed_played":"2760897482717687191","potions_obtained":[{"floor":1,"key":"Energy Potion"}],"is_trial":false,"path_per_floor":["M","?","M","?","$","E","R","E"],"character_chosen":"DEATH_KNIGHT","items_purchased":["DeathKnight:BloodBoil"],"campfire_rested":0,"item_purchase_floors":[5],"current_hp_per_floor":[69,69,69,69,69,36,36,0,0],"gold":179,"neow_bonus":"RANDOM_COMMON_RELIC","is_daily":false,"chose_seed":false,"campfire_upgraded":1,"win_rate":0.0,"timestamp":1609697502,"path_taken":["M","?","M","?","$","E","R","E"],"items_purchased_type":["Card"],"build_version":"2020-12-22","purchased_purges":1,"victory":false,"max_hp_per_floor":[75,75,75,75,75,75,75,75,75],"card_choices":[{"not_picked":["DeathKnight:BloodPact","DeathKnight:ShatteringStrikes"],"picked":"DeathKnight:BoneShield","floor":1},{"not_picked":["DeathKnight:PillarOfFrost","DeathKnight:Ossuary"],"picked":"DeathKnight:Hysteria","floor":3},{"not_picked":["DeathKnight:RaiseAlly","DeathKnight:BloodStrike"],"picked":"DeathKnight:IcyTouch","floor":6}],"player_experience":581491,"relics_obtained":[{"floor":6,"key":"DeathKnight:SindragosasSkull"}],"event_choices":[{"damage_healed":0,"gold_gain":0,"player_choice":"Leave","damage_taken":0,"max_hp_gain":0,"max_hp_loss":0,"event_name":"The Cleric","floor":2,"gold_loss":0},{"damage_healed":0,"gold_gain":175,"player_choice":"AGREE","damage_taken":126,"max_hp_gain":0,"max_hp_loss":0,"event_name":"betterThird:BetterSerpent","floor":4,"gold_loss":0}],"is_beta":false,"boss_relics":[],"items_purged_floors":[5],"is_endless":false,"potions_floor_spawned":[1],"killed_by":"Gremlin Nob","ascension_level":5}}