{"host":"ga4s3hj9m6nkn6gp","time":1609715096,"event":{"mods":["BaseMod","Colored Powertips","Minty Spire (QoL Compilation)","Relic Stats"],"gold_per_floor":[113,388,400,412,428,459,474,474,527,538,200,200,15,35,35,112,112,125,144,59,59,59,59,90,90,138,164,164,175,189,213,213,289,289,303,303,303,320,331,360,379,392,419,34,34,34],"floor_reached":45,"playtime":2248,"items_purged":["Regret","Strike_G","Survivor"],"score":974,"play_id":"9247b80a-1ad3-46da-af00-40cc4a2f8ec6","local_time":"20210104000456","is_ascension_mode":true,"campfire_choices":[{"data":"Blade Dance","floor":8.0,"key":"SMITH"},{"floor":12.0,"key":"REST"},{"data":"Leg Sweep","floor":15.0,"key":"SMITH"},{"data":"Tools of the Trade","floor":23.0,"key":"SMITH"},{"floor":25.0,"key":"REST"},{"data":"Neutralize","floor":28.0,"key":"SMITH"},{"floor":32.0,"key":"REST"}],"circlet_count":0,"master_deck":["AscendersBane","Strike_G+1","Strike_G+1","Strike_G+1","Strike_G+1","Defend_G+1","Defend_G+1","Defend_G+1","Defend_G+1","Defend_G+1","Neutralize+1","Underhanded Strike","Dagger Spray+1","Leg Sweep+1","Dash+1","Corpse Explosion","Blade Dance+1","Terror","Tools of the Trade+1","Calculated Gamble","Cloak And Dagger+1","Tactician+1","Adrenaline+1","Dark Shackles+1","Swift Strike","Skewer+1","Blur+1","Cloak And Dagger+1","Noxious Fumes","Deadly Poison+1"],"relics":["Ring of the Snake","NeowsBlessing","Pen Nib","Whetstone","Paper Crane","WristBlade","Pear","Bag of Marbles","Toy Ornithopter","Toxic Egg 2","Busted Crown","Happy Flower","Smiling Mask","Membership Card","Anchor"],"acts_visited":["Exordium","TheCity","TheBeyond"],"potions_floor_usage":[40],"damage_taken":[{"damage":0.0,"enemies":"Small Slimes","floor":1.0,"turns":1.0},{"damage":0.0,"enemies":"Cultist","floor":3.0,"turns":1.0},{"damage":0.0,"enemies":"2 Louse","floor":4.0,"turns":1.0},{"damage":6.0,"enemies":"Looter","floor":5.0,"turns":3.0},{"damage":23.0,"enemies":"3 Sentries","floor":6.0,"turns":10.0},{"damage":13.0,"enemies":"Large Slime","floor":7.0,"turns":8.0},{"damage":0.0,"enemies":"3 Louse","floor":10.0,"turns":2.0},{"damage":0.0,"enemies":"Exordium Wildlife","floor":14.0,"turns":5.0},{"damage":18.0,"enemies":"Slime Boss","floor":16.0,"turns":6.0},{"damage":4.0,"enemies":"Shell Parasite","floor":18.0,"turns":4.0},{"damage":18.0,"enemies":"Spheric Guardian","floor":19.0,"turns":5.0},{"damage":22.0,"enemies":"Book of Stabbing","floor":24.0,"turns":6.0},{"damage":10.0,"enemies":"Gremlin Leader","floor":27.0,"turns":5.0},{"damage":10.0,"enemies":"Shelled Parasite and Fungi","floor":29.0,"turns":6.0},{"damage":0.0,"enemies":"Snecko","floor":30.0,"turns":4.0},{"damage":39.0,"enemies":"Automaton","floor":33.0,"turns":11.0},{"damage":0.0,"enemies":"3 Darklings","floor":35.0,"turns":1.0},{"damage":0,"enemies":"Orb Walker","floor":38,"turns":2},{"damage":0,"enemies":"Jaw Worm Horde","floor":39,"turns":3},{"damage":14,"enemies":"Giant Head","floor":40,"turns":6},{"damage":0,"enemies":"3 Darklings","floor":41,"turns":2},{"damage":2,"enemies":"Spire Growth","floor":42,"turns":4},{"damage":47,"enemies":"Reptomancer","floor":45,"turns":2}],"seed_played":"-8462587137899855258","potions_obtained":[{"floor":1.0,"key":"SkillPotion"},{"floor":3.0,"key":"Swift Potion"},{"floor":6.0,"key":"CunningPotion"},{"floor":18.0,"key":"Explosive Potion"},{"floor":29.0,"key":"EssenceOfSteel"},{"floor":33.0,"key":"ColorlessPotion"},{"floor":38,"key":"Regen Potion"},{"floor":41,"key":"Weak Potion"}],"is_trial":false,"path_per_floor":["M","?","M","M","M","E","M","R","T","M","$","R","$","M","R","B",null,"M","M","?","?","?","R","E","R","T","E","R","M","M","T","R","B",null,"M","?","?","M","M","E","M","M","T","$","E"],"character_chosen":"THE_SILENT","items_purchased":["Paper Crane","Terror","Membership Card","Noxious Fumes","Anchor","Deadly Poison+1","CunningPotion"],"campfire_rested":3,"item_purchase_floors":[11,13,44,44,44,44,44],"current_hp_per_floor":[59,59,59,59,53,30,17,17,17,17,17,36,36,36,36,18,54,50,32,42,42,42,42,20,42,42,37,37,27,27,27,49,15,61,61,61,56,56,56,47,47,45,45,45,0,0],"gold":34,"neow_bonus":"THREE_ENEMY_KILL","is_daily":false,"chose_seed":false,"campfire_upgraded":4,"win_rate":0.0,"timestamp":1609715096,"path_taken":["M","?","?","?","M","E","M","R","T","M","$","R","$","M","R","BOSS","M","M","?","?","?","R","E","R","T","E","R","M","M","?","R","BOSS","M","?","?","M","?","E","?","?","T","$","E"],"items_purchased_type":["Relic","Card","Relic","Card","Relic","Card","Potion"],"build_version":"2020-12-22","purchased_purges":3,"victory":false,"max_hp_per_floor":[66,66,66,66,66,66,66,66,66,66,66,66,66,66,66,66,66,66,66,76,76,76,76,76,76,76,76,76,76,76,76,76,76,76,76,72,72,72,72,72,72,72,72,72,72,72],"relic_stats":{"Busted Crown":16,"Happy Flower":[2],"counters":[23,98],"Pen Nib":[21],"Whetstone":["Dash","Dagger Spray"],"Smiling Mask":13,"obtain_stats":[{"Pear":20,"NeowsBlessing":0,"Happy Flower":40,"Pen Nib":6,"Whetstone":9,"Paper Crane":11,"Smiling Mask":43,"Anchor":44,"Busted Crown":34,"WristBlade":17,"Bag of Marbles":24,"Membership Card":44,"Toxic Egg 2":27,"Toy Ornithopter":26,"Ring of the Snake":0},{"Pear":11,"NeowsBlessing":0,"Happy Flower":20,"Pen Nib":5,"Whetstone":6,"Paper Crane":7,"Smiling Mask":22,"Anchor":22,"Busted Crown":16,"WristBlade":9,"Bag of Marbles":12,"Membership Card":22,"Toxic Egg 2":13,"Toy Ornithopter":12,"Ring of the Snake":0},{"Pear":46,"NeowsBlessing":0,"Happy Flower":90,"Pen Nib":16,"Whetstone":24,"Paper Crane":26,"Smiling Mask":96,"Anchor":96,"Busted Crown":78,"WristBlade":37,"Bag of Marbles":52,"Membership Card":96,"Toxic Egg 2":57,"Toy Ornithopter":52,"Ring of the Snake":0}],"Toy Ornithopter":15,"Ring of the Snake":[46]},"card_choices":[{"not_picked":["Escape Plan","Outmaneuver"],"picked":"Underhanded Strike","floor":1.0},{"not_picked":["Endless Agony","Quick Slash"],"picked":"Dagger Spray","floor":3.0},{"not_picked":["Flechettes","Well Laid Plans"],"picked":"Leg Sweep","floor":4.0},{"not_picked":["Finisher","Flying Knee"],"picked":"Dash","floor":5.0},{"not_picked":["Prepared","Backstab"],"picked":"Corpse Explosion","floor":6.0},{"not_picked":["Caltrops","Backflip"],"picked":"Blade Dance","floor":7.0},{"not_picked":["Prepared","Heel Hook","Sucker Punch"],"picked":"SKIP","floor":10.0},{"not_picked":["Deadly Poison","Sucker Punch","Escape Plan"],"picked":"SKIP","floor":14.0},{"not_picked":["Corpse Explosion","Grand Finale"],"picked":"Tools of the Trade","floor":16.0},{"not_picked":["Dagger Spray","Blur","Underhanded Strike"],"picked":"SKIP","floor":18.0},{"not_picked":["Masterful Stab","Deflect"],"picked":"Calculated Gamble","floor":19.0},{"not_picked":["Quick Slash","Bane","Corpse Explosion"],"picked":"SKIP","floor":24.0},{"not_picked":["Adrenaline+1","Prepared+1"],"picked":"Cloak And Dagger+1","floor":27.0},{"not_picked":["Leg Sweep+1","Prepared+1"],"picked":"Tactician+1","floor":29.0},{"not_picked":["Calculated Gamble+1","Dash","Slice"],"picked":"SKIP","floor":30.0},{"not_picked":["Envenom","Doppelganger+1"],"picked":"Adrenaline+1","floor":33.0},{"not_picked":["Underhanded Strike"],"picked":"SKIP","floor":35.0},{"not_picked":[],"picked":"Dark Shackles+1","floor":37},{"not_picked":[],"picked":"Swift Strike","floor":37},{"not_picked":[],"picked":"Skewer+1","floor":38},{"not_picked":["Setup+1"],"picked":"SKIP","floor":39},{"not_picked":[],"picked":"Blur+1","floor":40},{"not_picked":["Deflect+1"],"picked":"SKIP","floor":41},{"not_picked":["Deflect+1"],"picked":"SKIP","floor":41},{"not_picked":[],"picked":"Cloak And Dagger+1","floor":42}],"player_experience":566392,"relics_obtained":[{"floor":6.0,"key":"Pen Nib"},{"floor":9.0,"key":"Whetstone"},{"floor":24.0,"key":"Bag of Marbles"},{"floor":26.0,"key":"Toy Ornithopter"},{"floor":27.0,"key":"Toxic Egg 2"},{"floor":40,"key":"Happy Flower"},{"floor":43,"key":"Smiling Mask"}],"event_choices":[{"damage_healed":0.0,"max_hp_gain":0.0,"max_hp_loss":0.0,"gold_gain":275.0,"event_name":"Golden Shrine","player_choice":"Desecrate","floor":2.0,"gold_loss":0.0,"damage_taken":0.0,"cards_obtained":["Regret"]},{"damage_healed":0.0,"max_hp_gain":0.0,"max_hp_loss":0.0,"gold_gain":0.0,"event_name":"Addict","player_choice":"Obtained Relic","floor":20.0,"gold_loss":85.0,"damage_taken":0.0,"relics_obtained":["Pear"]},{"damage_healed":0.0,"max_hp_gain":0.0,"max_hp_loss":0.0,"gold_gain":0.0,"event_name":"The Mausoleum","player_choice":"Ignored","floor":21.0,"gold_loss":0.0,"damage_taken":0.0},{"damage_healed":0.0,"max_hp_gain":0.0,"max_hp_loss":0.0,"gold_gain":0.0,"event_name":"Back to Basics","player_choice":"Simplicity","floor":22.0,"gold_loss":0.0,"damage_taken":0.0,"cards_upgraded":["Strike_G","Strike_G","Strike_G","Strike_G","Defend_G","Defend_G","Defend_G","Defend_G","Defend_G"]},{"damage_healed":0.0,"max_hp_gain":0.0,"max_hp_loss":4.0,"gold_gain":0.0,"event_name":"Winding Halls","player_choice":"Max HP","floor":36.0,"gold_loss":0.0,"damage_taken":0.0},{"damage_healed":0,"gold_gain":0,"player_choice":"Memory 2","damage_taken":5,"max_hp_gain":0,"max_hp_loss":0,"event_name":"SensoryStone","floor":37,"gold_loss":0}],"is_beta":false,"boss_relics":[{"not_picked":["Empty Cage","Ectoplasm"],"picked":"WristBlade"},{"not_picked":["Snecko Eye","Ring of the Serpent"],"picked":"Busted Crown"}],"items_purged_floors":[11,13,44],"is_endless":false,"potions_floor_spawned":[1,3,6,7,14,18,29,33,38,41],"killed_by":"Reptomancer","ascension_level":20}}