{"host":"jgqxb38yl0c1w101","time":1609641341,"event":{"mods":["BaseMod","Colored Map","Downfall","Minty Spire (QoL Compilation)","StSLib"],"gold_per_floor":[99,111,121,121,121,139,139,159,191,191,206,206,206,206],"floor_reached":12,"playtime":1025,"items_purged":[],"score":96,"play_id":"3a96e97f-9a70-4fe3-9e4e-938f3a82616d","local_time":"20210102213541","is_ascension_mode":true,"campfire_choices":[{"data":"champ:SkillfulDodge","floor":1,"key":"SMITH"},{"floor":10,"key":"REST"}],"circlet_count":0,"master_deck":["champ:Strike","champ:Strike","champ:Strike","champ:Defend+1","champ:Defend+1","champ:Defend","champ:Execute","champ:Taunt","champ:Haymaker","champ:SkillfulDodge+1","champ:EnGarde+1","champ:FancyFootwork","downfall:Malfunctioning","champ:ArenaPreparation","champ:SetATrap","champ:RageSigil","champ:EnchantShield"],"relics":["champ:ChampionCrown","Bronze Scales","Shuriken","Dream Catcher"],"acts_visited":["Exordium"],"potions_floor_usage":[12],"damage_taken":[{"damage":8,"enemies":"Jaw Worm","floor":2,"turns":5},{"damage":0,"enemies":"Cultist","floor":3,"turns":4},{"damage":6,"enemies":"2 Louse","floor":6,"turns":3},{"damage":15,"enemies":"Exordium Thugs","floor":8,"turns":4},{"damage":36,"enemies":"Lagavulin","floor":9,"turns":7},{"damage":13,"enemies":"3 Louse","floor":11,"turns":4},{"damage":86,"enemies":"Gremlin Nob","floor":12,"turns":4}],"seed_played":"2756837001290839709","potions_obtained":[{"floor":2,"key":"SmokeBomb"},{"floor":3,"key":"SteroidPotion"},{"floor":9,"key":"Slimebound:ThreeZeroPotion"}],"is_trial":false,"path_per_floor":["R","M","M","?","?","M","T","M","E","R","M","E"],"character_chosen":"THE_CHAMP","items_purchased":[],"campfire_rested":1,"item_purchase_floors":[],"current_hp_per_floor":[81,81,81,81,81,75,75,73,45,69,61,0,0,0],"gold":206,"neow_bonus":"TRANSFORM_TWO_CARDS","is_daily":false,"chose_seed":false,"campfire_upgraded":1,"win_rate":0.0,"timestamp":1609641341,"path_taken":["R","M","M","?","?","M","T","M","E","R","?","E"],"items_purchased_type":[],"build_version":"2020-12-22","purchased_purges":0,"victory":false,"max_hp_per_floor":[81,81,81,81,81,81,81,81,81,81,81,81,81,81],"card_choices":[{"not_picked":["champ:ArenaPreparation","champ:BerserkersShout"],"picked":"champ:EnGarde","floor":2},{"not_picked":["champ:GutPunch","champ:EnGarde"],"picked":"champ:FancyFootwork","floor":3},{"not_picked":["champ:FancyFootwork","champ:EnGarde"],"picked":"champ:ArenaPreparation","floor":6},{"not_picked":["champ:BerserkersShout","champ:PreemptiveStrike"],"picked":"champ:SetATrap","floor":8},{"not_picked":["champ:BerserkerStyle","champ:FanOfKnives"],"picked":"champ:RageSigil","floor":9},{"not_picked":["champ:SwordSigil","champ:Circumvent"],"picked":"champ:EnchantShield","floor":10},{"not_picked":["champ:Haymaker","champ:BladeFlurry","champ:FanOfKnives"],"picked":"SKIP","floor":11}],"player_experience":136620,"relics_obtained":[{"floor":5,"key":"Bronze Scales"},{"floor":7,"key":"Shuriken"},{"floor":9,"key":"Dream Catcher"}],"event_choices":[{"damage_healed":0,"gold_gain":0,"player_choice":"Relic","damage_taken":0,"max_hp_gain":0,"max_hp_loss":0,"event_name":"Wheel of Change","floor":5,"gold_loss":0}],"is_beta":false,"boss_relics":[],"items_purged_floors":[],"is_endless":false,"potions_floor_spawned":[2,3,9],"killed_by":"Gremlin Nob","ascension_level":4}}