{"host":"50per11302020","time":1609717423,"event":{"mods":["AchievementEnabler","BaseMod","Colored Map","Minty Spire (QoL Compilation)","Relic Stats","StSLib"],"gold_per_floor":[213,1,56,87,162,162,212,212,212,278,334,36,46,100,100,196,196,235,235,235,41,80,80,147,31,56,56,111,46,46,101,101,229,229,272,272,113,188,188,246,310,310,365,406,31,98,98,142,142,192],"floor_reached":51,"playtime":6036,"items_purged":["Strike_G+1","Dagger Throw"],"score":941,"play_id":"0cb1aa08-b449-47d9-8d81-49f7672ab4cd","local_time":"20210103154343","is_ascension_mode":true,"campfire_choices":[{"data":"HandOfGreed","floor":6.0,"key":"SMITH"},{"floor":8.0,"key":"REST"},{"data":"Strike_G","floor":15.0,"key":"PURGE"},{"data":"Strike_G+1","floor":23.0,"key":"PURGE"},{"floor":27.0,"key":"REST"},{"data":"Noxious Fumes","floor":30.0,"key":"SMITH"},{"data":"Strike_G+1","floor":32,"key":"PURGE"},{"data":"Prepared","floor":42,"key":"PURGE"},{"data":"Well Laid Plans","floor":47,"key":"SMITH"},{"data":"Leg Sweep","floor":49,"key":"SMITH"}],"circlet_count":0,"master_deck":["Defend_G+1","Defend_G+1","Defend_G+1","Defend_G+1","Defend_G+1","Survivor","Neutralize+1","Finisher+1","HandOfGreed+1","Die Die Die","Dodge and Roll","Terror","Blur","Backflip","Phantasmal Killer","Dagger Throw+1","Well Laid Plans+1","Backflip","Noxious Fumes+1","PiercingWail","Calculated Gamble+1","Die Die Die","Dodge and Roll+1","Leg Sweep+1","Blur+1","Blur+1","Sucker Punch+1","Forethought+1","Dodge and Roll+1","Footwork","Backstab+1"],"relics":["Ring of the Snake","Ginger","Peace Pipe","Meat on the Bone","Bag of Marbles","Frozen Eye","Ornamental Fan","Black Star","Membership Card","Sling","Centennial Puzzle","WingedGreaves","Pantograph","Lantern","Whetstone","Velvet Choker","Bag of Preparation","Torii","Toxic Egg 2","Gremlin Horn","Juzu Bracelet","Pear","Blood Vial"],"acts_visited":["Exordium","TheCity","TheBeyond"],"potions_floor_usage":[31,33,50,50],"damage_taken":[{"damage":7.0,"enemies":"Small Slimes","floor":1.0,"turns":8.0},{"damage":1.0,"enemies":"2 Louse","floor":3.0,"turns":4.0},{"damage":0.0,"enemies":"Cultist","floor":4.0,"turns":3.0},{"damage":19.0,"enemies":"Gremlin Gang","floor":5.0,"turns":7.0},{"damage":28.0,"enemies":"Lagavulin","floor":7.0,"turns":6.0},{"damage":0.0,"enemies":"2 Fungi Beasts","floor":10.0,"turns":5.0},{"damage":2.0,"enemies":"3 Sentries","floor":11.0,"turns":5.0},{"damage":0.0,"enemies":"Lots of Slimes","floor":13.0,"turns":1.0},{"damage":0.0,"enemies":"Gremlin Nob","floor":14.0,"turns":2.0},{"damage":32.0,"enemies":"The Guardian","floor":16.0,"turns":14.0},{"damage":18.0,"enemies":"2 Thieves","floor":18.0,"turns":4.0},{"damage":4.0,"enemies":"Chosen","floor":22.0,"turns":4.0},{"damage":20.0,"enemies":"Shelled Parasite and Fungi","floor":24.0,"turns":9.0},{"damage":0.0,"enemies":"Gremlin Leader","floor":28.0,"turns":4.0},{"damage":21,"enemies":"Book of Stabbing","floor":31,"turns":3},{"damage":53,"enemies":"Collector","floor":33,"turns":8},{"damage":0,"enemies":"3 Darklings","floor":35,"turns":3},{"damage":2,"enemies":"Mind Bloom Boss Battle","floor":38,"turns":6},{"damage":12,"enemies":"Reptomancer","floor":40,"turns":4},{"damage":0,"enemies":"3 Shapes","floor":41,"turns":8},{"damage":1,"enemies":"3 Darklings","floor":44,"turns":6},{"damage":1,"enemies":"4 Shapes","floor":46,"turns":4},{"damage":6,"enemies":"Spire Growth","floor":48,"turns":6},{"damage":1,"enemies":"Awakened One","floor":50,"turns":33}],"seed_played":"-7270390870964935909","potions_obtained":[{"floor":1.0,"key":"SteroidPotion"},{"floor":7.0,"key":"SpeedPotion"},{"floor":11.0,"key":"SteroidPotion"},{"floor":13.0,"key":"ColorlessPotion"},{"floor":22.0,"key":"Ancient Potion"},{"floor":24.0,"key":"LiquidMemories"},{"floor":31,"key":"ColorlessPotion"},{"floor":35,"key":"GamblersBrew"},{"floor":40,"key":"SmokeBomb"},{"floor":48,"key":"FearPotion"}],"is_trial":false,"path_per_floor":["M","$","M","M","M","R","E","R","T","M","E","$","M","E","R","B",null,"M","?","?","$","M","R","M","$","T","R","E","$","R","E","R","B",null,"M","?","$","?","?","E","M","R","T","M","$","M","R","M","R","B",null],"character_chosen":"THE_SILENT","items_purchased":["HandOfGreed","Prepared","Bag of Marbles","Frozen Eye","Membership Card","Well Laid Plans","Backflip","Sling","Noxious Fumes","PiercingWail","FairyPotion","Bag of Preparation","Leg Sweep","Forethought+1","Pear","Dexterity Potion","Dodge and Roll+1","Blood Vial","Footwork"],"campfire_rested":2,"item_purchase_floors":[2,2,12,12,21,21,21,25,29,29,37,37,37,45,45,45,45,45,45],"current_hp_per_floor":[63,63,62,62,43,43,15,36,36,36,34,34,46,46,46,26,59,41,41,41,41,37,37,29,29,29,50,50,50,50,41,41,25,59,59,59,59,64,64,52,52,52,52,51,61,62,62,58,58,75],"gold":192,"neow_bonus":"HUNDRED_GOLD","is_daily":false,"chose_seed":false,"campfire_upgraded":4,"win_rate":0.0,"timestamp":1609717423,"path_taken":["M","$","M","M","M","R","E","R","T","M","E","$","M","E","R","BOSS","M","?","?","$","M","R","M","$","T","R","E","$","R","E","R","BOSS","M","?","$","?","?","E","?","R","T","M","$","M","R","M","R","BOSS"],"items_purchased_type":["Card","Card","Relic","Relic","Relic","Card","Card","Relic","Card","Card","Potion","Relic","Card","Card","Relic","Potion","Card","Relic","Card"],"build_version":"2020-12-18","purchased_purges":2,"victory":true,"max_hp_per_floor":[70,70,70,70,70,70,70,70,70,70,70,70,70,70,70,70,70,70,70,70,70,70,70,70,70,70,70,70,70,70,70,70,70,70,70,66,66,66,66,66,66,66,66,66,76,76,76,76,76,76],"relic_stats":{"Torii":2,"Gremlin Horn":[10,10],"counters":[24,157],"Bag of Preparation":[14],"Juzu Bracelet":0,"Ginger":[4],"Whetstone":["Finisher","Neutralize"],"Peace Pipe":5,"Blood Vial":6,"Centennial Puzzle":[24],"Ornamental Fan":[48],"Pantograph":48,"Black Star":3,"obtain_stats":[{"Lantern":31,"Pear":45,"Torii":38,"Gremlin Horn":40,"Velvet Choker":34,"Bag of Preparation":37,"Juzu Bracelet":43,"Ginger":7,"Whetstone":31,"Sling":25,"Peace Pipe":9,"Blood Vial":45,"Frozen Eye":12,"Centennial Puzzle":26,"Ornamental Fan":14,"Pantograph":28,"WingedGreaves":28,"Bag of Marbles":12,"Black Star":17,"Membership Card":21,"Toxic Egg 2":40,"Ring of the Snake":0,"Meat on the Bone":11},{"Lantern":15,"Pear":21,"Torii":18,"Gremlin Horn":19,"Velvet Choker":16,"Bag of Preparation":17,"Juzu Bracelet":20,"Ginger":5,"Whetstone":15,"Sling":13,"Peace Pipe":5,"Blood Vial":21,"Frozen Eye":7,"Centennial Puzzle":13,"Ornamental Fan":9,"Pantograph":14,"WingedGreaves":14,"Bag of Marbles":7,"Black Star":10,"Membership Card":11,"Toxic Egg 2":19,"Ring of the Snake":0,"Meat on the Bone":7},{"Lantern":79,"Pear":114,"Torii":96,"Gremlin Horn":100,"Velvet Choker":87,"Bag of Preparation":90,"Juzu Bracelet":108,"Ginger":28,"Whetstone":79,"Sling":72,"Peace Pipe":28,"Blood Vial":114,"Frozen Eye":38,"Centennial Puzzle":72,"Ornamental Fan":41,"Pantograph":76,"WingedGreaves":76,"Bag of Marbles":38,"Black Star":55,"Membership Card":59,"Toxic Egg 2":100,"Ring of the Snake":0,"Meat on the Bone":38}],"Ring of the Snake":[48],"Meat on the Bone":60},"card_choices":[{"not_picked":["Cloak And Dagger","Deflect"],"picked":"Finisher","floor":1.0},{"not_picked":["Distraction","Blade Dance"],"picked":"Dagger Throw","floor":3.0},{"not_picked":["Dagger Throw","Endless Agony","Prepared"],"picked":"SKIP","floor":4.0},{"not_picked":["Acrobatics","Sucker Punch"],"picked":"Die Die Die","floor":5.0},{"not_picked":["Blade Dance","Prepared","Choke"],"picked":"SKIP","floor":7.0},{"not_picked":["Slice","Quick Slash"],"picked":"Dodge and Roll","floor":10.0},{"not_picked":["Bouncing Flask","Dodge and Roll"],"picked":"Terror","floor":11.0},{"not_picked":["Choke","Riddle With Holes"],"picked":"Blur","floor":13.0},{"not_picked":["Eviscerate","Crippling Poison"],"picked":"Backflip","floor":14.0},{"not_picked":["Adrenaline","Bullet Time"],"picked":"Phantasmal Killer","floor":16.0},{"not_picked":["Dagger Spray","Quick Slash"],"picked":"Dagger Throw+1","floor":18.0},{"not_picked":["Slice","Dagger Throw","Flying Knee"],"picked":"SKIP","floor":22.0},{"not_picked":["Prepared","Accuracy","Acrobatics"],"picked":"SKIP","floor":24.0},{"not_picked":["Crippling Poison","Masterful Stab","Flechettes"],"picked":"SKIP","floor":28.0},{"not_picked":["Bane","Outmaneuver"],"picked":"Calculated Gamble+1","floor":31},{"not_picked":["A Thousand Cuts","Storm of Steel"],"picked":"Die Die Die","floor":33},{"not_picked":["Slice","Backflip+1"],"picked":"Dodge and Roll+1","floor":35},{"not_picked":["Backstab+1","Backflip+1"],"picked":"Blur+1","floor":38},{"not_picked":["Dagger Spray","Eviscerate+1"],"picked":"Blur+1","floor":40},{"not_picked":["Underhanded Strike+1","Acrobatics+1"],"picked":"Sucker Punch+1","floor":41},{"not_picked":["Deflect+1","Riddle With Holes+1","Backstab"],"picked":"SKIP","floor":44},{"not_picked":["Envenom","Outmaneuver+1","Tactician+1"],"picked":"SKIP","floor":46},{"not_picked":["PiercingWail+1","Outmaneuver+1"],"picked":"Backstab+1","floor":48}],"player_experience":63029,"relics_obtained":[{"floor":7.0,"key":"Ginger"},{"floor":9.0,"key":"Peace Pipe"},{"floor":11.0,"key":"Meat on the Bone"},{"floor":14.0,"key":"Ornamental Fan"},{"floor":26.0,"key":"Centennial Puzzle"},{"floor":28.0,"key":"WingedGreaves"},{"floor":28.0,"key":"Pantograph"},{"floor":31,"key":"Lantern"},{"floor":31,"key":"Whetstone"},{"floor":38,"key":"Torii"},{"floor":40,"key":"Toxic Egg 2"},{"floor":40,"key":"Gremlin Horn"},{"floor":43,"key":"Juzu Bracelet"}],"event_choices":[{"damage_healed":0.0,"max_hp_gain":0.0,"max_hp_loss":0.0,"gold_gain":0.0,"event_name":"Back to Basics","player_choice":"Simplicity","floor":19.0,"gold_loss":0.0,"damage_taken":0.0,"cards_upgraded":["Strike_G","Strike_G","Strike_G","Strike_G","Defend_G","Defend_G","Defend_G","Defend_G","Defend_G"]},{"damage_healed":0.0,"max_hp_gain":0.0,"max_hp_loss":0.0,"gold_gain":0.0,"event_name":"Ghosts","player_choice":"Ignored","floor":20.0,"gold_loss":0.0,"damage_taken":0.0},{"damage_healed":0,"gold_gain":0,"player_choice":"Max HP","damage_taken":0,"max_hp_gain":0,"max_hp_loss":4,"event_name":"Winding Halls","floor":36,"gold_loss":0},{"damage_healed":0,"gold_gain":0,"player_choice":"Fight","damage_taken":0,"max_hp_gain":0,"max_hp_loss":0,"event_name":"MindBloom","floor":38,"gold_loss":0},{"cards_removed":["Strike_G"],"damage_healed":0,"gold_gain":0,"player_choice":"Purged","damage_taken":0,"max_hp_gain":0,"max_hp_loss":0,"event_name":"Purifier","floor":39,"gold_loss":0}],"is_beta":true,"boss_relics":[{"not_picked":["Empty Cage","Fusion Hammer"],"picked":"Black Star"},{"not_picked":["Pandora\u0027s Box","Coffee Dripper"],"picked":"Velvet Choker"}],"items_purged_floors":[25,45],"is_endless":false,"potions_floor_spawned":[1,7,11,13,22,24,31,35,40,44,48],"ascension_level":5}}