{"host":"qfskrnw3pl1q86j0","time":1609697742,"event":{"mods":["BaseMod","Block Reminder","Hermit","Marisa????????","Minty Spire (QoL Compilation)","Quick Restart","Random Character Button","Relic Stats","StSLib","The Poker Player","slay the spire mod where everything is the same but ironclad has a cowboy hat"],"gold_per_floor":[117,23,39,56,71,71,103,103,103,103,203,223,242,283,283,388,388,409,419,419,438,452,463,475,489,489,489,433,433,444,459,459,556,556,575,584,596,485,512,512,528,548,548,548,575,575,246,266,266,266,266],"floor_reached":50,"playtime":1982,"items_purged":["Strike_B"],"score":464,"play_id":"e44bbe83-d5d4-4a16-ac46-8f3b9ae2e6d9","local_time":"20210103191542","is_ascension_mode":false,"campfire_choices":[{"data":"Zap","floor":6,"key":"SMITH"},{"data":"Dualcast","floor":8,"key":"SMITH"},{"data":"Doom and Gloom","floor":10,"key":"SMITH"},{"data":"Capacitor","floor":15,"key":"SMITH"},{"data":"Glacier","floor":27,"key":"SMITH"},{"data":"Hologram","floor":29,"key":"SMITH"},{"data":"Beam Cell","floor":32,"key":"SMITH"},{"data":"Thinking Ahead","floor":40,"key":"SMITH"},{"floor":46,"key":"REST"},{"floor":49,"key":"REST"}],"circlet_count":0,"master_deck":["Strike_B","Strike_B","Strike_B","Defend_B","Defend_B","Defend_B","Defend_B","Zap+1","Dualcast+1","Reboot","Coolheaded","Doom and Gloom+1","Hologram+1","Redo","Beam Cell+1","Conserve Battery","Rebound+1","Sweeping Beam+1","Capacitor+1","Streamline+1","Glacier+1","Thinking Ahead+1","Streamline+1","Beam Cell+1","Fusion+1","Defragment","Flash of Steel+1","Ball Lightning+1"],"relics":["Cracked Core","Molten Egg 2","Mercury Hourglass","CeramicFish","Busted Crown","Ornamental Fan","Gremlin Horn","Inserter","Question Card","Akabeko","Regal Pillow"],"acts_visited":["Exordium","TheCity","TheBeyond"],"potions_floor_usage":[14,21,23,23,33,42,50,50,50],"damage_taken":[{"damage":0,"enemies":"Cultist","floor":1,"turns":3},{"damage":3,"enemies":"Small Slimes","floor":3,"turns":3},{"damage":0,"enemies":"2 Louse","floor":4,"turns":4},{"damage":8,"enemies":"Exordium Wildlife","floor":5,"turns":5},{"damage":19,"enemies":"Gremlin Nob","floor":7,"turns":4},{"damage":0,"enemies":"Looter","floor":12,"turns":2},{"damage":0,"enemies":"Gremlin Gang","floor":13,"turns":1},{"damage":17,"enemies":"Lagavulin","floor":14,"turns":6},{"damage":4,"enemies":"Slime Boss","floor":16,"turns":6},{"damage":0,"enemies":"3 Byrds","floor":18,"turns":4},{"damage":3,"enemies":"Shell Parasite","floor":19,"turns":3},{"damage":16,"enemies":"Snake Plant","floor":21,"turns":4},{"damage":0,"enemies":"Sentry and Sphere","floor":22,"turns":3},{"damage":6,"enemies":"Shelled Parasite and Fungi","floor":23,"turns":3},{"damage":5,"enemies":"Centurion and Healer","floor":24,"turns":7},{"damage":7,"enemies":"Snake Plant","floor":25,"turns":3},{"damage":8,"enemies":"Snecko","floor":30,"turns":8},{"damage":0,"enemies":"Centurion and Healer","floor":31,"turns":4},{"damage":14,"enemies":"Automaton","floor":33,"turns":9},{"damage":1,"enemies":"3 Shapes","floor":35,"turns":4},{"damage":5,"enemies":"Orb Walker","floor":37,"turns":3},{"damage":13,"enemies":"Jaw Worm Horde","floor":39,"turns":4},{"damage":0,"enemies":"4 Shapes","floor":41,"turns":5},{"damage":15,"enemies":"Maw","floor":42,"turns":8},{"damage":30,"enemies":"Jaw Worm Horde","floor":45,"turns":4},{"damage":2,"enemies":"Sphere and 2 Shapes","floor":48,"turns":4},{"damage":81,"enemies":"Donu and Deca","floor":50,"turns":7}],"seed_played":"-8676810436093304036","potions_obtained":[{"floor":4,"key":"Dexterity Potion"},{"floor":5,"key":"AttackPotion"},{"floor":13,"key":"Swift Potion"},{"floor":16,"key":"SkillPotion"},{"floor":21,"key":"ColorlessPotion"},{"floor":23,"key":"EssenceOfSteel"},{"floor":30,"key":"Fire Potion"},{"floor":33,"key":"LiquidBronze"},{"floor":45,"key":"FocusPotion"}],"is_trial":false,"path_per_floor":["M","$","M","M","M","R","E","R","T","R","?","M","M","E","R","B",null,"M","M","?","M","M","M","M","M","T","R","?","R","M","M","R","B",null,"M","?","M","$","M","R","M","M","T","T","M","R","$","M","R","B"],"character_chosen":"DEFECT","items_purchased":["Doom and Gloom","Hologram","Streamline+1","Flash of Steel+1","Regal Pillow","Ball Lightning+1","Block Potion"],"campfire_rested":2,"item_purchase_floors":[2,2,38,47,47,47,47],"current_hp_per_floor":[75,75,72,72,64,64,45,45,45,45,45,45,45,28,28,24,75,75,72,72,56,56,50,45,38,38,38,38,38,30,30,30,16,75,74,74,69,69,56,56,56,41,41,41,11,33,33,31,68,0,0],"gold":266,"neow_bonus":"ONE_RANDOM_RARE_CARD","is_daily":false,"chose_seed":false,"campfire_upgraded":8,"win_rate":0.0,"timestamp":1609697742,"path_taken":["M","$","M","M","M","R","E","R","T","R","?","M","?","E","R","BOSS","M","M","?","M","?","M","M","M","T","R","?","R","?","?","R","BOSS","M","?","M","$","M","R","M","M","T","?","M","R","$","M","R","BOSS"],"items_purchased_type":["Card","Card","Card","Card","Relic","Card","Potion"],"build_version":"2020-12-22","purchased_purges":1,"victory":false,"max_hp_per_floor":[75,75,75,75,75,75,75,75,75,75,75,75,75,75,75,75,75,75,75,75,75,75,75,75,75,75,75,75,75,75,75,75,75,75,75,75,75,75,75,75,75,75,75,75,75,75,75,75,75,75,75],"relic_stats":{"Regal Pillow":15,"Busted Crown":36,"Inserter":[19],"Gremlin Horn":[14,14],"counters":[27,119],"Ornamental Fan":[56],"CeramicFish":90,"Question Card":2,"obtain_stats":[{"Regal Pillow":47,"Busted Crown":17,"Inserter":34,"Gremlin Horn":28,"Ornamental Fan":26,"CeramicFish":14,"Molten Egg 2":7,"Cracked Core":0,"Question Card":43,"Akabeko":44,"Mercury Hourglass":9},{"Regal Pillow":25,"Busted Crown":9,"Inserter":19,"Gremlin Horn":16,"Ornamental Fan":16,"CeramicFish":8,"Molten Egg 2":5,"Cracked Core":0,"Question Card":24,"Akabeko":24,"Mercury Hourglass":5},{"Regal Pillow":108,"Busted Crown":34,"Inserter":80,"Gremlin Horn":60,"Ornamental Fan":60,"CeramicFish":28,"Molten Egg 2":19,"Cracked Core":0,"Question Card":104,"Akabeko":104,"Mercury Hourglass":19}],"Mercury Hourglass":[379]},"card_choices":[{"not_picked":["Sweeping Beam","Undo"],"picked":"Coolheaded","floor":1},{"not_picked":["Streamline","Doom and Gloom"],"picked":"Redo","floor":3},{"not_picked":["Coolheaded","Streamline"],"picked":"Beam Cell","floor":4},{"not_picked":["Barrage","Rip and Tear"],"picked":"Conserve Battery","floor":5},{"not_picked":["Hologram","Double Energy"],"picked":"Rebound+1","floor":7},{"not_picked":["Go for the Eyes+1","Turbo","Cold Snap+1"],"picked":"SKIP","floor":12},{"not_picked":["Gash+1","Doom and Gloom+1"],"picked":"Sweeping Beam+1","floor":13},{"not_picked":["Aggregate","Stack"],"picked":"Capacitor","floor":14},{"not_picked":[],"picked":"Streamline+1","floor":18},{"not_picked":["Hologram"],"picked":"SKIP","floor":19},{"not_picked":[],"picked":"Glacier","floor":21},{"not_picked":["Genetic Algorithm"],"picked":"SKIP","floor":22},{"not_picked":["Cold Snap+1"],"picked":"SKIP","floor":23},{"not_picked":["Stack+1"],"picked":"SKIP","floor":24},{"not_picked":["Fusion"],"picked":"SKIP","floor":25},{"not_picked":["Turbo"],"picked":"SKIP","floor":30},{"not_picked":["Hologram"],"picked":"SKIP","floor":31},{"not_picked":["Blizzard+1"],"picked":"SKIP","floor":35},{"not_picked":[],"picked":"Thinking Ahead","floor":36},{"not_picked":["Rebound+1"],"picked":"SKIP","floor":37},{"not_picked":[],"picked":"Beam Cell+1","floor":39},{"not_picked":["Doom and Gloom+1"],"picked":"SKIP","floor":41},{"not_picked":["Fusion+1"],"picked":"SKIP","floor":42},{"not_picked":[],"picked":"Fusion+1","floor":42},{"not_picked":["Steam+1"],"picked":"Defragment","floor":45},{"not_picked":["Coolheaded","Sweeping Beam+1"],"picked":"SKIP","floor":48}],"player_experience":911529,"relics_obtained":[{"floor":7,"key":"Molten Egg 2"},{"floor":9,"key":"Mercury Hourglass"},{"floor":14,"key":"CeramicFish"},{"floor":26,"key":"Ornamental Fan"},{"floor":43,"key":"Question Card"},{"floor":44,"key":"Akabeko"}],"event_choices":[{"damage_healed":0,"gold_gain":100,"player_choice":"Pray","damage_taken":0,"max_hp_gain":0,"max_hp_loss":0,"event_name":"Golden Shrine","floor":11,"gold_loss":0},{"damage_healed":0,"gold_gain":0,"player_choice":"Got Potions","damage_taken":0,"max_hp_gain":0,"max_hp_loss":0,"event_name":"Lab","floor":20,"gold_loss":0},{"damage_healed":0,"gold_gain":0,"player_choice":"Paid Gold","damage_taken":0,"relics_obtained":["Gremlin Horn"],"max_hp_gain":0,"max_hp_loss":0,"event_name":"WeMeetAgain","floor":28,"gold_loss":56},{"damage_healed":0,"gold_gain":0,"player_choice":"Memory 1","damage_taken":0,"max_hp_gain":0,"max_hp_loss":0,"event_name":"SensoryStone","floor":36,"gold_loss":0}],"is_beta":false,"boss_relics":[{"not_picked":["Velvet Choker","Runic Dome"],"picked":"Busted Crown"},{"not_picked":["Tiny House","Black Star"],"picked":"Inserter"}],"items_purged_floors":[38],"is_endless":false,"potions_floor_spawned":[4,5,13,16,21,23,30,31,33,35,39,45],"killed_by":"Donu and Deca","ascension_level":0}}