{"host":"359hz4210ybch7ku","time":1609700323,"event":{"mods":["BaseMod","Block Reminder","Colored Map","Colored Powertips","Highlight Path","Minty Spire (QoL Compilation)","Slay the Relics Exporter","StSLib"],"gold_per_floor":[362,14,26,26,43,43,43,43,70,94,106,98,127,153,165,280,292,349,417,20,57,72,72,97,97],"floor_reached":24,"playtime":2019,"items_purged":["Injury"],"score":216,"play_id":"350de46f-f883-4c93-9636-b885588a73a9","local_time":"20210103105843","is_ascension_mode":true,"campfire_choices":[{"data":"Vigilance","floor":6,"key":"SMITH"},{"data":"Adaptation","floor":8,"key":"SMITH"},{"data":"Protect","floor":11,"key":"SMITH"},{"data":"Consecrate","floor":15,"key":"SMITH"},{"floor":23,"key":"REST"}],"circlet_count":0,"master_deck":["Strike_P","Strike_P","Strike_P","Strike_P","Defend_P","Defend_P","Defend_P","Defend_P","Vigilance+1","Vengeance","Adaptation+1","Protect+1","Consecrate+1","Consecrate","Consecrate","Wish","InnerPeace","Protect","Sanctity"],"relics":["PureWater","Letter Opener","StrikeDummy","MawBank","SacredBark","Red Mask","Thread and Needle"],"acts_visited":["Exordium","TheCity"],"potions_floor_usage":[14,16,16,19,21,22,24],"damage_taken":[{"damage":2,"enemies":"Jaw Worm","floor":1,"turns":4},{"damage":2,"enemies":"Cultist","floor":3,"turns":4},{"damage":3,"enemies":"2 Louse","floor":5,"turns":2},{"damage":4,"enemies":"2 Fungi Beasts","floor":10,"turns":2},{"damage":0,"enemies":"Exordium Wildlife","floor":13,"turns":4},{"damage":3,"enemies":"Exordium Thugs","floor":14,"turns":4},{"damage":1,"enemies":"Hexaghost","floor":16,"turns":7},{"damage":27,"enemies":"2 Thieves","floor":18,"turns":3},{"damage":20,"enemies":"Masked Bandits","floor":19,"turns":3},{"damage":0,"enemies":"Chosen","floor":21,"turns":4},{"damage":7,"enemies":"Shelled Parasite and Fungi","floor":22,"turns":9},{"damage":40,"enemies":"Gremlin Leader","floor":24,"turns":7}],"seed_played":"-8085685743425005921","potions_obtained":[{"floor":1,"key":"LiquidBronze"},{"floor":3,"key":"Block Potion"},{"floor":12,"key":"Block Potion"},{"floor":16,"key":"AttackPotion"},{"floor":18,"key":"Ancient Potion"},{"floor":21,"key":"Ancient Potion"},{"floor":22,"key":"SpeedPotion"}],"is_trial":false,"path_per_floor":["M","$","M","?","M","R","T","R","T","M","R","?","M","M","R","B",null,"M","?","$","M","M","R","E"],"character_chosen":"WATCHER","items_purchased":["Letter Opener","Adaptation","Thread and Needle","Protect","Explosive Potion"],"campfire_rested":1,"item_purchase_floors":[2,2,20,20,20],"current_hp_per_floor":[70,70,68,68,65,65,65,65,65,61,61,61,61,58,58,57,72,45,25,25,25,18,39,0,0],"gold":97,"neow_bonus":"TWO_FIFTY_GOLD","is_daily":false,"chose_seed":false,"campfire_upgraded":4,"win_rate":0.0,"timestamp":1609700323,"path_taken":["M","$","M","?","?","R","?","R","T","M","R","?","?","M","R","BOSS","M","?","$","M","M","R","E"],"items_purchased_type":["Relic","Card","Relic","Card","Potion"],"build_version":"2020-12-22","purchased_purges":1,"victory":false,"max_hp_per_floor":[72,72,72,72,72,72,72,72,72,72,72,72,72,72,72,72,72,72,72,72,72,72,72,72,72],"card_choices":[{"not_picked":["FlurryOfBlows","FollowUp"],"picked":"Vengeance","floor":1},{"not_picked":["CutThroughFate","Evaluate"],"picked":"Protect","floor":3},{"not_picked":["FlyingSleeves","MasterReality"],"picked":"Consecrate","floor":5},{"not_picked":["CutThroughFate","Prostrate"],"picked":"Consecrate","floor":10},{"not_picked":["Prostrate","Meditate"],"picked":"Consecrate","floor":13},{"not_picked":["FollowUp","Indignation","BowlingBash"],"picked":"SKIP","floor":14},{"not_picked":["Brilliance","ConjureBlade"],"picked":"Wish","floor":16},{"not_picked":["Perseverance","EmptyBody"],"picked":"InnerPeace","floor":18},{"not_picked":["SignatureMove+1","CrushJoints"],"picked":"Sanctity","floor":21},{"not_picked":["FlurryOfBlows+1","Evaluate","BowlingBash"],"picked":"SKIP","floor":22}],"player_experience":133885,"relics_obtained":[{"floor":7,"key":"StrikeDummy"},{"floor":9,"key":"MawBank"},{"floor":19,"key":"Red Mask"}],"event_choices":[{"cards_removed":["Eruption"],"damage_healed":0,"gold_gain":0,"player_choice":"Offered Basic","damage_taken":0,"max_hp_gain":0,"max_hp_loss":0,"event_name":"Bonfire Elementals","floor":4,"gold_loss":0},{"damage_healed":0,"gold_gain":0,"player_choice":"Bought 1 Potion","damage_taken":0,"max_hp_gain":0,"max_hp_loss":0,"event_name":"The Woman in Blue","floor":12,"gold_loss":0},{"damage_healed":0,"gold_gain":0,"player_choice":"Fought Bandits","damage_taken":0,"max_hp_gain":0,"max_hp_loss":0,"event_name":"Masked Bandits","floor":19,"gold_loss":0}],"is_beta":false,"boss_relics":[{"not_picked":["Cursed Key","Snecko Eye"],"picked":"SacredBark"}],"items_purged_floors":[2],"is_endless":false,"potions_floor_spawned":[1,3,16,18,21,22],"killed_by":"Gremlin Leader","ascension_level":3}}