{"host":"mbpcepu6ztteuwhq","time":1609646194,"event":{"mods":["AchievementEnabler","BaseMod","Colored Map","DeckTracker","Minty Spire (QoL Compilation)","Rare Cards Sparkle","StSLib","everything is the same but u backflip on backflip"],"gold_per_floor":[118,128,178,196,36,36,56,87,87,97,97,117,267,192,192,192,192],"floor_reached":16,"playtime":235,"items_purged":[],"score":204,"play_id":"d59f74f1-4878-49c2-b762-0aadfda2725b","local_time":"20210103125634","is_ascension_mode":true,"campfire_choices":[{"data":"Dash","floor":6.0,"key":"SMITH"},{"data":"Dagger Throw","floor":11,"key":"SMITH"},{"data":"Corpse Explosion","floor":15,"key":"SMITH"}],"circlet_count":0,"master_deck":["AscendersBane","Strike_G","Strike_G","Strike_G","Strike_G","Strike_G","Defend_G","Defend_G","Defend_G","Defend_G","Defend_G","Survivor","Neutralize","Dagger Throw+1","Dash+1","Corpse Explosion+1","Tactician","Backflip"],"relics":["Ring of the Snake","NeowsBlessing","Mummified Hand","Shuriken"],"acts_visited":["Exordium"],"potions_floor_usage":[],"damage_taken":[{"damage":0.0,"enemies":"Cultist","floor":1.0,"turns":1.0},{"damage":0.0,"enemies":"Jaw Worm","floor":2.0,"turns":1.0},{"damage":0.0,"enemies":"2 Louse","floor":4.0,"turns":1.0},{"damage":0.0,"enemies":"Large Slime","floor":7.0,"turns":4.0},{"damage":36,"enemies":"3 Sentries","floor":8,"turns":6},{"damage":0,"enemies":"Blue Slaver","floor":10,"turns":4},{"damage":14,"enemies":"Exordium Thugs","floor":12,"turns":5},{"damage":0,"enemies":"Slime Boss","floor":16,"turns":1}],"seed_played":"1693466682241741770","potions_obtained":[{"floor":1.0,"key":"Strength Potion"},{"floor":10,"key":"SpeedPotion"}],"is_trial":false,"path_per_floor":["M","M","?","M","$","R","M","E","T","M","R","M","?","?","R","B"],"character_chosen":"THE_SILENT","items_purchased":["Corpse Explosion"],"campfire_rested":0,"item_purchase_floors":[5],"current_hp_per_floor":[59,59,53,53,53,53,53,17,17,17,17,3,3,3,3,3,3],"gold":192,"neow_bonus":"THREE_ENEMY_KILL","is_daily":false,"chose_seed":false,"campfire_upgraded":3,"win_rate":0.0,"timestamp":1609646194,"path_taken":["M","M","?","?","$","R","M","E","T","M","R","M","?","?","R","BOSS"],"items_purchased_type":["Card"],"build_version":"2020-12-22","purchased_purges":0,"victory":false,"max_hp_per_floor":[66,66,66,66,66,66,66,66,66,66,66,66,66,66,66,66,66],"card_choices":[{"not_picked":["Outmaneuver","Bane"],"picked":"Dagger Throw","floor":1.0},{"not_picked":["Night Terror","Bane"],"picked":"Dash","floor":2.0},{"not_picked":["Deadly Poison","Heel Hook","PiercingWail"],"picked":"SKIP","floor":4.0},{"not_picked":["Flying Knee","Caltrops","Footwork"],"picked":"SKIP","floor":7},{"not_picked":["Flying Knee","Outmaneuver"],"picked":"Tactician","floor":8},{"not_picked":["Tactician","Slice","Blur"],"picked":"SKIP","floor":10},{"not_picked":["Prepared","Slice"],"picked":"Backflip","floor":12}],"player_experience":673,"relics_obtained":[{"floor":8,"key":"Mummified Hand"},{"floor":9,"key":"Shuriken"}],"event_choices":[{"damage_healed":0.0,"max_hp_gain":0.0,"max_hp_loss":0.0,"gold_gain":50.0,"event_name":"FaceTrader","player_choice":"Touch","floor":3.0,"gold_loss":0.0,"damage_taken":6.0},{"damage_healed":0,"gold_gain":150,"player_choice":"AGREE","damage_taken":0,"max_hp_gain":0,"max_hp_loss":0,"event_name":"Liars Game","floor":13,"gold_loss":0,"cards_obtained":["Doubt"]},{"cards_removed":["Doubt"],"damage_healed":0,"gold_gain":0,"player_choice":"Card Removal","damage_taken":0,"max_hp_gain":0,"max_hp_loss":0,"event_name":"The Cleric","floor":14,"gold_loss":75}],"is_beta":false,"boss_relics":[],"items_purged_floors":[],"is_endless":false,"potions_floor_spawned":[1,10,12],"killed_by":"Slime Boss","ascension_level":20}}