{"host":"982s3gyyw86tgeig","time":1609670377,"event":{"mods":["AchievementEnabler","Act Like it!","Aspiration","BaseMod","Colored Powertips","Downfall","Evolution","GifTheSpireLib","Hermit","Hubris","Minty Spire (QoL Compilation)","Pale of the Ancients","Rare Cards Sparkle","Relic Stats","Replay The Spire","StSLib","Stuff the Spire","The Cursed","The Disciple","The IronCluck","The Saiyan","vexMod"],"gold_per_floor":[99,99,99,99,99,24,51,79,96,113,213,79,144,161,177,177,177,177],"floor_reached":16,"playtime":2316,"items_purged":[],"score":100,"play_id":"a2e6ec60-87c1-442b-845d-45f74f5ae68e","local_time":"20210103023937","is_ascension_mode":false,"campfire_choices":[{"floor":1,"key":"RECALL"},{"data":"Guardian:WalkerClaw","floor":6,"key":"SMITH"}],"circlet_count":0,"master_deck":["Guardian:Strike_Guardian","Guardian:Strike_Guardian","Guardian:Strike_Guardian","Guardian:Strike_Guardian","Guardian:Defend_Guardian","Guardian:Defend_Guardian","Guardian:Defend_Guardian","Guardian:Defend_Guardian","Guardian:CurlUp","Guardian:WalkerClaw+1","Guardian:Gem_Cyan","Guardian:PrismaticBarrier","Guardian:SphericShield","Guardian:SentryBeam","Guardian:Gem_Lightblue","Guardian:ChargeCore","Guardian:RollAttack","Guardian:Gem_Green","Guardian:TemporalStrike","Guardian:GuardianWhirl","Guardian:PiercingHide","Guardian:Gem_Fragmented"],"relics":["Guardian:ModeShifter","EVO:Axolotl","downfall:HeartsMalice","downfall:HeartBlessingRed","Quantum Egg","downfall:CloakOfManyFaces","CultistMask","FaceOfCleric","NlothsMask","GremlinMask","SsserpentHead"],"acts_visited":["Exordium"],"potions_floor_usage":[11,11,14,16],"damage_taken":[{"damage":0,"enemies":"2 Louse","floor":2,"turns":1},{"damage":0,"enemies":"Cultist","floor":3,"turns":1},{"damage":0,"enemies":"Small Slimes","floor":5,"turns":1},{"damage":39,"enemies":"3 Sentries","floor":8,"turns":9},{"damage":9,"enemies":"Blue Slaver","floor":9,"turns":3},{"damage":3,"enemies":"Large Slime","floor":10,"turns":8},{"damage":20,"enemies":"downfall:FaceTrader","floor":11,"turns":15},{"damage":0,"enemies":"downfall:FleeingMerchant","floor":12,"turns":4},{"damage":0,"enemies":"Exordium Wildlife","floor":13,"turns":4},{"damage":0,"enemies":"3 Louse","floor":14,"turns":3},{"damage":11,"enemies":"Large Slime","floor":15,"turns":6},{"damage":8,"enemies":"downfall:Silent","floor":16,"turns":1}],"seed_played":"-7170478564629815377","potions_obtained":[{"floor":8,"key":"Block Potion"},{"floor":10,"key":"Milkshake"},{"floor":13,"key":"Explosive Potion"},{"floor":14,"key":"Milkshake"},{"floor":15,"key":"Energy Potion"}],"is_trial":false,"path_per_floor":["R","M","M","?","M","R","T","E","M","M","?","$","M","M","M","B"],"character_chosen":"GUARDIAN","items_purchased":["Guardian:RollAttack","Guardian:Gem_Green","Guardian:TemporalStrike"],"campfire_rested":0,"item_purchase_floors":[12,12,12],"current_hp_per_floor":[80,80,80,80,80,80,80,41,32,29,9,10,11,12,2,0,0,0],"gold":177,"neow_bonus":"THREE_ENEMY_KILL","is_daily":false,"chose_seed":false,"campfire_upgraded":1,"win_rate":0.0,"timestamp":1609670377,"path_taken":["R","M","M","?","?","R","T","E","M","M","?","$","?","M","M","BOSS"],"items_purchased_type":["Card","Card","Card"],"build_version":"2020-12-22","purchased_purges":0,"victory":false,"max_hp_per_floor":[80,80,80,80,80,80,80,80,80,80,80,81,82,83,84,84,84,84],"relic_stats":{"SsserpentHead":50,"FaceOfCleric":4,"counters":[12,53],"obtain_stats":[{"SsserpentHead":11,"downfall:HeartBlessingRed":6,"FaceOfCleric":11,"Quantum Egg":8,"Guardian:ModeShifter":0,"downfall:HeartsMalice":0,"GremlinMask":11,"CultistMask":11,"downfall:CloakOfManyFaces":11,"EVO:Axolotl":0,"NlothsMask":11},{"SsserpentHead":7,"downfall:HeartBlessingRed":3,"FaceOfCleric":7,"Quantum Egg":4,"Guardian:ModeShifter":0,"downfall:HeartsMalice":0,"GremlinMask":7,"CultistMask":7,"downfall:CloakOfManyFaces":7,"EVO:Axolotl":0,"NlothsMask":7},{"SsserpentHead":35,"downfall:HeartBlessingRed":0,"FaceOfCleric":35,"Quantum Egg":9,"Guardian:ModeShifter":0,"downfall:HeartsMalice":0,"GremlinMask":35,"CultistMask":35,"downfall:CloakOfManyFaces":35,"EVO:Axolotl":0,"NlothsMask":35}]},"card_choices":[{"not_picked":["Guardian:FloatingOrbs","Guardian:CrystalBeam"],"picked":"Guardian:WalkerClaw","floor":2},{"not_picked":["Guardian:ChargeCore","Guardian:VentSteam"],"picked":"Guardian:Gem_Crimson","floor":3},{"not_picked":["Guardian:Reroute","Guardian:BronzeOrb"],"picked":"Guardian:Gem_Cyan","floor":5},{"not_picked":["Guardian:Emergency","Guardian:Gem_Cyan"],"picked":"Guardian:PrismaticBarrier","floor":8},{"not_picked":["Guardian:BronzeOrb","Guardian:DonusPower"],"picked":"Guardian:SphericShield","floor":9},{"not_picked":["Guardian:Planning","Guardian:ShieldCharger"],"picked":"Guardian:SentryBeam","floor":10},{"not_picked":["Guardian:BronzeOrb","Guardian:Gem_Red"],"picked":"Guardian:Gem_Lightblue","floor":11},{"not_picked":["Guardian:TemporalStrike","Guardian:Clone"],"picked":"Guardian:ChargeCore","floor":12},{"not_picked":["Guardian:TimeCapacitor","Guardian:TimeBomb"],"picked":"Guardian:GuardianWhirl","floor":13},{"not_picked":["Guardian:ChargeCore","Guardian:ShieldCharger"],"picked":"Guardian:PiercingHide","floor":14},{"not_picked":["Guardian:FastForward","Guardian:Gem_Lightblue"],"picked":"Guardian:Gem_Fragmented","floor":15}],"player_experience":63582,"relics_obtained":[{"floor":8,"key":"Quantum Egg"},{"floor":11,"key":"downfall:CloakOfManyFaces"}],"event_choices":[{"cards_removed":["Guardian:TwinSlam"],"damage_healed":0,"gold_gain":0,"player_choice":"Offered Basic","damage_taken":0,"max_hp_gain":0,"max_hp_loss":0,"event_name":"Bonfire Elementals","floor":4,"gold_loss":0}],"is_beta":false,"boss_relics":[],"items_purged_floors":[],"is_endless":false,"potions_floor_spawned":[8,10,13,14,15],"killed_by":"downfall:Silent","ascension_level":0}}