{"host":"j4g6ia6asvpyu2b0","time":1609693908,"event":{"mods":["BaseMod","Colored Map","Minty Spire (QoL Compilation)","Permanent Neow","Quick Restart","Relic Stats","StSLib","Unceasing Turn Reminder"],"gold_per_floor":[361,361,636,648,648,673,673,686,686,686,122,133,145,173,173,278,278,289,301,251,263,280,307,321,354,354,380,396,486,517,68,68,167,167,186,203,478,492,294,321,321,349,349,381,381,409,435,454,454,454,454,454,15,41,41],"floor_reached":56,"playtime":2612,"items_purged":["Regret","Regret","Strike_G"],"score":1742,"play_id":"73c105bf-84a0-4df4-ad11-125308aa2318","local_time":"20210103101148","is_ascension_mode":true,"campfire_choices":[{"floor":7.0,"key":"REST"},{"data":"Wraith Form v2","floor":10.0,"key":"SMITH"},{"data":"Apotheosis","floor":15.0,"key":"SMITH"},{"floor":32,"key":"RECALL"},{"floor":41,"key":"REST"},{"floor":49,"key":"REST"},{"data":"Catalyst","floor":52,"key":"SMITH"}],"circlet_count":0,"master_deck":["Strike_G","Strike_G","Strike_G","Defend_G","Defend_G","Defend_G","Defend_G","Defend_G","Survivor","Neutralize","Poisoned Stab","Footwork","Terror","Wraith Form v2+1","Backflip","Apotheosis+1","Caltrops+1","Deadly Poison","Catalyst+1","After Image+1","Sucker Punch","Bouncing Flask","Distraction+1","Flying Knee+1","Noxious Fumes+1","Prepared","Heel Hook+1","Caltrops+1","Leg Sweep+1","Panacea","Blade Dance","Well Laid Plans+1","After Image+1","Tools of the Trade+1","Deadly Poison","Quick Slash+1","Footwork+1","Acrobatics","After Image+1","Bane+1","Noxious Fumes+1","Reflex+1","Catalyst+1","Caltrops+1","Blind","Well Laid Plans+1","Choke+1"],"relics":["Ring of the Snake","The Specimen","Frozen Egg 2","Bag of Preparation","Sling","Akabeko","Philosopher\u0027s Stone","Pen Nib","Blood Vial","WingedGreaves","Anchor","Shuriken","DollysMirror","Busted Crown","Lantern","Bottled Lightning","Bottled Tornado","Meat on the Bone","Happy Flower","Lizard Tail","Snake Skull","Orichalcum"],"acts_visited":["Exordium","TheCity","TheBeyond","TheEnding"],"potions_floor_usage":[30,38,46,48,55],"damage_taken":[{"damage":0.0,"enemies":"Small Slimes","floor":1.0,"turns":3.0},{"damage":4.0,"enemies":"Cultist","floor":4.0,"turns":4.0},{"damage":62.0,"enemies":"3 Sentries","floor":6.0,"turns":15.0},{"damage":6.0,"enemies":"2 Louse","floor":8.0,"turns":4.0},{"damage":7.0,"enemies":"Gremlin Gang","floor":12.0,"turns":6.0},{"damage":1.0,"enemies":"Blue Slaver","floor":13.0,"turns":4.0},{"damage":7.0,"enemies":"Gremlin Nob","floor":14.0,"turns":4.0},{"damage":1.0,"enemies":"The Guardian","floor":16.0,"turns":8.0},{"damage":0.0,"enemies":"Chosen","floor":18.0,"turns":4.0},{"damage":4.0,"enemies":"3 Byrds","floor":19.0,"turns":3.0},{"damage":9.0,"enemies":"Centurion and Healer","floor":21.0,"turns":6.0},{"damage":9.0,"enemies":"Snake Plant","floor":22.0,"turns":5.0},{"damage":0.0,"enemies":"Slavers","floor":23.0,"turns":3.0},{"damage":10.0,"enemies":"Shelled Parasite and Fungi","floor":24.0,"turns":6.0},{"damage":1.0,"enemies":"Book of Stabbing","floor":25.0,"turns":5.0},{"damage":0.0,"enemies":"Gremlin Leader","floor":27.0,"turns":4.0},{"damage":0.0,"enemies":"Sentry and Sphere","floor":28.0,"turns":5.0},{"damage":3,"enemies":"Slavers","floor":30,"turns":2},{"damage":3,"enemies":"Champ","floor":33,"turns":9},{"damage":0,"enemies":"Orb Walker","floor":35,"turns":4},{"damage":0,"enemies":"3 Shapes","floor":36,"turns":2},{"damage":5,"enemies":"Sphere and 2 Shapes","floor":38,"turns":5},{"damage":16,"enemies":"Reptomancer","floor":40,"turns":6},{"damage":31,"enemies":"Nemesis","floor":42,"turns":5},{"damage":6,"enemies":"Giant Head","floor":44,"turns":6},{"damage":30,"enemies":"Reptomancer","floor":46,"turns":5},{"damage":0,"enemies":"Nemesis","floor":47,"turns":5},{"damage":0,"enemies":"Transient","floor":48,"turns":5},{"damage":41,"enemies":"Awakened One","floor":50,"turns":11},{"damage":8,"enemies":"Shield and Spear","floor":54,"turns":6},{"damage":93,"enemies":"The Heart","floor":55,"turns":7}],"seed_played":"-7945156841142225179","potions_obtained":[{"floor":4.0,"key":"Block Potion"},{"floor":6.0,"key":"SneckoOil"},{"floor":12.0,"key":"GhostInAJar"},{"floor":18.0,"key":"AttackPotion"},{"floor":22.0,"key":"Energy Potion"},{"floor":24.0,"key":"SkillPotion"},{"floor":25.0,"key":"DistilledChaos"},{"floor":28.0,"key":"DuplicationPotion"},{"floor":33,"key":"SpeedPotion"},{"floor":38,"key":"CultistPotion"},{"floor":40,"key":"Energy Potion"},{"floor":46,"key":"ColorlessPotion"},{"floor":48,"key":"FairyPotion"}],"is_trial":false,"path_per_floor":["M","?","?","M","?","E","R","M","T","R","$","M","M","E","R","B",null,"M","M","?","M","M","E","M","E","T","E","M","?","E","$","R","B",null,"M","M","?","M","$","E","R","E","T","E","?","E","E","M","R","B",null,"R","$","E","B",null],"character_chosen":"THE_SILENT","items_purchased":["Apotheosis","Caltrops+1","Bag of Preparation","Sling","Well Laid Plans+1","Shuriken","DollysMirror","Footwork+1","Acrobatics","Snake Skull","Blind","Well Laid Plans+1"],"campfire_rested":3,"item_purchase_floors":[11,11,11,11,31,31,31,39,39,53,53,53],"current_hp_per_floor":[70,70,70,66,66,4,25,19,19,19,19,12,11,4,4,3,70,70,66,66,57,48,48,38,37,37,39,41,23,22,22,22,21,70,70,70,70,65,65,51,70,39,39,35,35,19,33,47,68,41,70,70,70,62,33],"gold":41,"neow_bonus":"TWO_FIFTY_GOLD","is_daily":false,"chose_seed":false,"campfire_upgraded":3,"win_rate":0.0,"timestamp":1609693908,"path_taken":["M","?","?","?","?","E","R","?","T","R","$","M","M","E","R","BOSS","M","M","?","?","M","E","M","E","T","E","?","?","E","$","R","BOSS","M","?","?","?","$","E","R","E","T","E","?","E","E","M","R","BOSS","R","$","E","BOSS"],"items_purchased_type":["Card","Card","Relic","Relic","Card","Relic","Relic","Card","Card","Relic","Card","Card"],"build_version":"2020-12-22","purchased_purges":3,"victory":true,"max_hp_per_floor":[70,70,70,70,70,70,70,70,70,70,70,70,70,70,70,70,70,70,70,70,70,70,70,70,70,70,70,70,70,70,70,70,70,70,70,70,70,70,70,70,70,70,70,70,70,70,70,70,70,70,70,70,70,70,70],"relic_stats":{"Happy Flower":[11],"counters":[31,167],"Pen Nib":[18],"Snake Skull":[27],"Bag of Preparation":[54],"Orichalcum":[0],"Blood Vial":22,"Lizard Tail":0,"Busted Crown":20,"Shuriken":[28],"obtain_stats":[{"Lantern":40,"The Specimen":6,"Happy Flower":46,"Pen Nib":23,"Snake Skull":53,"Bag of Preparation":11,"Frozen Egg 2":9,"Bottled Tornado":43,"Orichalcum":54,"Sling":11,"Akabeko":14,"Blood Vial":25,"Anchor":30,"Lizard Tail":47,"Busted Crown":34,"Shuriken":31,"DollysMirror":31,"Philosopher\u0027s Stone":17,"WingedGreaves":27,"Bottled Lightning":42,"Ring of the Snake":0,"Meat on the Bone":44},{"Lantern":23,"The Specimen":3,"Happy Flower":26,"Pen Nib":13,"Snake Skull":29,"Bag of Preparation":4,"Frozen Egg 2":4,"Bottled Tornado":24,"Orichalcum":30,"Sling":4,"Akabeko":7,"Blood Vial":15,"Anchor":18,"Lizard Tail":27,"Busted Crown":19,"Shuriken":18,"DollysMirror":18,"Philosopher\u0027s Stone":8,"WingedGreaves":16,"Bottled Lightning":24,"Ring of the Snake":0,"Meat on the Bone":25},{"Lantern":117,"The Specimen":22,"Happy Flower":133,"Pen Nib":69,"Snake Skull":154,"Bag of Preparation":26,"Frozen Egg 2":26,"Bottled Tornado":122,"Orichalcum":160,"Sling":26,"Akabeko":40,"Blood Vial":80,"Anchor":91,"Lizard Tail":138,"Busted Crown":100,"Shuriken":91,"DollysMirror":91,"Philosopher\u0027s Stone":48,"WingedGreaves":84,"Bottled Lightning":122,"Ring of the Snake":0,"Meat on the Bone":128}],"Ring of the Snake":[62],"Meat on the Bone":60},"card_choices":[{"not_picked":["Crippling Poison","Sucker Punch"],"picked":"Poisoned Stab","floor":1.0},{"not_picked":["Underhanded Strike","Poisoned Stab"],"picked":"Footwork","floor":4.0},{"not_picked":["Deflect","Quick Slash"],"picked":"Wraith Form v2","floor":6.0},{"not_picked":["Flying Knee","Poisoned Stab"],"picked":"Backflip","floor":8.0},{"not_picked":["Slice","Choke"],"picked":"Deadly Poison","floor":12.0},{"not_picked":["Predator","Quick Slash"],"picked":"Catalyst","floor":13.0},{"not_picked":["Cloak And Dagger","Concentrate"],"picked":"Dagger Spray","floor":14.0},{"not_picked":["Phantasmal Killer","Wraith Form v2+1"],"picked":"After Image+1","floor":16.0},{"not_picked":["Slice","Underhanded Strike"],"picked":"Sucker Punch","floor":18.0},{"not_picked":["Skewer","All Out Attack"],"picked":"Bouncing Flask","floor":19.0},{"not_picked":["Dagger Spray","Skewer"],"picked":"Distraction+1","floor":21.0},{"not_picked":["Quick Slash","Reflex"],"picked":"Flying Knee+1","floor":22.0},{"not_picked":["Adrenaline","Dagger Throw+1"],"picked":"Noxious Fumes+1","floor":23.0},{"not_picked":["Endless Agony","Expertise"],"picked":"Prepared","floor":24.0},{"not_picked":["Prepared","Poisoned Stab"],"picked":"Heel Hook+1","floor":25.0},{"not_picked":["Blade Dance","Escape Plan"],"picked":"Caltrops+1","floor":27.0},{"not_picked":["Bane","Dodge and Roll"],"picked":"Leg Sweep+1","floor":28.0},{"not_picked":["Tactician","All Out Attack"],"picked":"Blade Dance","floor":30},{"not_picked":["Adrenaline","Doppelganger"],"picked":"Tools of the Trade+1","floor":33},{"not_picked":["Slice+1"],"picked":"SKIP","floor":35},{"not_picked":[],"picked":"Deadly Poison","floor":36},{"not_picked":[],"picked":"Quick Slash+1","floor":38},{"not_picked":[],"picked":"After Image+1","floor":40},{"not_picked":[],"picked":"Bane+1","floor":42},{"not_picked":[],"picked":"Noxious Fumes+1","floor":44},{"not_picked":[],"picked":"Reflex+1","floor":46},{"not_picked":[],"picked":"Catalyst+1","floor":47},{"not_picked":[],"picked":"Caltrops+1","floor":48},{"not_picked":[],"picked":"Choke+1","floor":54}],"player_experience":680336,"relics_obtained":[{"floor":6.0,"key":"The Specimen"},{"floor":9.0,"key":"Frozen Egg 2"},{"floor":14.0,"key":"Akabeko"},{"floor":23.0,"key":"Pen Nib"},{"floor":25.0,"key":"Blood Vial"},{"floor":27.0,"key":"WingedGreaves"},{"floor":30,"key":"Anchor"},{"floor":40,"key":"Lantern"},{"floor":42,"key":"Bottled Lightning"},{"floor":43,"key":"Bottled Tornado"},{"floor":44,"key":"Meat on the Bone"},{"floor":46,"key":"Happy Flower"},{"floor":47,"key":"Lizard Tail"},{"floor":54,"key":"Orichalcum"}],"event_choices":[{"cards_removed":["Clumsy"],"damage_healed":0.0,"max_hp_gain":0.0,"max_hp_loss":0.0,"gold_gain":0.0,"event_name":"Living Wall","player_choice":"Forget","floor":2.0,"gold_loss":0.0,"damage_taken":0.0},{"damage_healed":0.0,"max_hp_gain":0.0,"max_hp_loss":0.0,"gold_gain":275.0,"event_name":"Golden Shrine","player_choice":"Desecrate","floor":3.0,"gold_loss":0.0,"damage_taken":0.0,"cards_obtained":["Regret"]},{"damage_healed":0.0,"max_hp_gain":0.0,"max_hp_loss":0.0,"gold_gain":0.0,"cards_transformed":["Strike_G"],"event_name":"Transmorgrifier","player_choice":"Transformed","floor":5.0,"gold_loss":0.0,"damage_taken":0.0,"cards_obtained":["Terror"]},{"damage_healed":0.0,"max_hp_gain":0.0,"max_hp_loss":0.0,"gold_gain":0.0,"event_name":"The Joust","player_choice":"Bet on Owner","floor":20.0,"gold_loss":50.0,"damage_taken":0.0},{"damage_healed":0.0,"max_hp_gain":0.0,"max_hp_loss":0.0,"gold_gain":90.0,"event_name":"Knowing Skull","player_choice":"GOLD CARD ","floor":29.0,"potions_obtained":[],"gold_loss":0.0,"damage_taken":18.0,"cards_obtained":["Panacea"]},{"damage_healed":0,"gold_gain":275,"player_choice":"Desecrate","damage_taken":0,"max_hp_gain":0,"max_hp_loss":0,"event_name":"Golden Shrine","floor":37,"gold_loss":0,"cards_obtained":["Regret"]},{"cards_removed":["Dagger Spray"],"damage_healed":0,"gold_gain":0,"player_choice":"Removed Attack","damage_taken":0,"max_hp_gain":0,"max_hp_loss":0,"event_name":"Falling","floor":45,"gold_loss":0}],"is_beta":false,"boss_relics":[{"not_picked":["Ectoplasm","Ring of the Serpent"],"picked":"Philosopher\u0027s Stone"},{"not_picked":["Sozu","Runic Pyramid"],"picked":"Busted Crown"}],"items_purged_floors":[11,39,53],"is_endless":false,"potions_floor_spawned":[4,6,12,18,22,24,25,28,33,38,40,46,48],"ascension_level":4}}