{"host":"r5d2dd2phecx262s","time":1609646325,"event":{"mods":["2.2 Compatiblity","AchievementEnabler","BaseMod","Curses Come First","Minty Spire (QoL Compilation)","StSLib"],"gold_per_floor":[14,14,114,128,153,153,172,172,225,243,243,273,273,296,296,427,427,440,440,539,396,396,396,421,456,456,456,474,474,492,507,507,602,602,622,635,314,325,325,325,325],"floor_reached":40,"playtime":1537,"items_purged":["Strike_G"],"score":577,"play_id":"5a2c806e-d6c7-4085-a10b-8eb4a9018422","local_time":"20210103005845","is_ascension_mode":true,"campfire_choices":[{"data":"Noxious Fumes","floor":6.0,"key":"SMITH"},{"data":"Blur","floor":8.0,"key":"SMITH"},{"floor":13.0,"key":"REST"},{"data":"Neutralize","floor":15.0,"key":"SMITH"},{"data":"Bouncing Flask","floor":23.0,"key":"SMITH"},{"floor":29.0,"key":"REST"},{"floor":32.0,"key":"REST"}],"circlet_count":0,"master_deck":["Strike_G","Strike_G","Defend_G","Defend_G","Defend_G","Defend_G","Survivor","Neutralize+1","Blade Dance","Noxious Fumes+1","Dagger Throw","Blur+1","Caltrops","Blade Dance","Adrenaline","Underhanded Strike+1","Bouncing Flask+1","Backflip","Die Die Die","Leg Sweep","Heel Hook","Infinite Blades","A Thousand Cuts","Envenom+1","Storm of Steel+1","Distraction+1","Poisoned Stab","Flying Knee+1","Mayhem","Accuracy","Cloak And Dagger","Dodge and Roll+1"],"relics":["Ring of the Serpent","Torii","Bloody Idol","Juzu Bracelet","Omamori","Necronomicon","Regal Pillow","Ginger","Astrolabe"],"acts_visited":["Exordium","TheCity","TheBeyond"],"potions_floor_usage":[38,40],"damage_taken":[{"damage":1.0,"enemies":"2 Louse","floor":1.0,"turns":3.0},{"damage":1.0,"enemies":"Small Slimes","floor":4.0,"turns":3.0},{"damage":1.0,"enemies":"Cultist","floor":5.0,"turns":3.0},{"damage":2.0,"enemies":"Large Slime","floor":7.0,"turns":7.0},{"damage":9.0,"enemies":"3 Louse","floor":10.0,"turns":3.0},{"damage":2.0,"enemies":"Looter","floor":14.0,"turns":3.0},{"damage":9.0,"enemies":"Hexaghost","floor":16.0,"turns":10.0},{"damage":9.0,"enemies":"Shell Parasite","floor":18.0,"turns":6.0},{"damage":20.0,"enemies":"2 Thieves","floor":24.0,"turns":4.0},{"damage":35.0,"enemies":"Slavers","floor":25.0,"turns":6.0},{"damage":13.0,"enemies":"Snake Plant","floor":28.0,"turns":3.0},{"damage":10.0,"enemies":"Cultist and Chosen","floor":30.0,"turns":5.0},{"damage":4.0,"enemies":"Chosen and Byrds","floor":31.0,"turns":7.0},{"damage":59.0,"enemies":"Champ","floor":33.0,"turns":13.0},{"damage":12.0,"enemies":"Orb Walker","floor":35.0,"turns":4.0},{"damage":43.0,"enemies":"3 Darklings","floor":36.0,"turns":6.0},{"damage":17,"enemies":"Jaw Worm Horde","floor":38,"turns":2},{"damage":1,"enemies":"Reptomancer","floor":40,"turns":2}],"seed_played":"-8793097667233492854","potions_obtained":[{"floor":10.0,"key":"Fire Potion"},{"floor":14.0,"key":"FairyPotion"},{"floor":16.0,"key":"Block Potion"},{"floor":28.0,"key":"Ancient Potion"},{"floor":30.0,"key":"SkillPotion"},{"floor":33.0,"key":"Strength Potion"},{"floor":35.0,"key":"Regen Potion"}],"is_trial":false,"path_per_floor":["M","?","?","M","M","R","M","R","T","M","?","?","R","M","R","B",null,"M","?","?","$","?","R","M","E","T","?","M","R","M","M","R","B",null,"M","M","$","M","?","E"],"character_chosen":"THE_SILENT","items_purchased":["Bouncing Flask","Mayhem","Accuracy","Cloak And Dagger"],"campfire_rested":3,"item_purchase_floors":[21,37,37,37],"current_hp_per_floor":[62,45,45,44,43,43,41,41,41,32,37,37,59,57,57,48,68,59,59,59,59,43,43,23,14,14,14,6,43,38,39,75,21,62,55,31,31,19,19,18,18],"gold":325,"neow_bonus":"ONE_RARE_RELIC","is_daily":false,"chose_seed":false,"campfire_upgraded":4,"win_rate":0.0,"timestamp":1609646325,"path_taken":["M","?","?","M","?","R","M","R","T","M","?","?","R","M","R","BOSS","M","?","?","$","?","R","M","E","T","?","M","R","M","M","R","BOSS","M","M","$","M","?","E"],"items_purchased_type":["Card","Card","Card","Card"],"build_version":"2020-12-22","purchased_purges":1,"victory":false,"max_hp_per_floor":[70,70,70,70,70,70,70,70,70,70,75,75,75,75,75,75,75,75,75,75,75,75,75,75,75,75,75,75,75,75,75,75,75,75,75,75,75,75,75,75,75],"card_choices":[{"not_picked":["Bane","Quick Slash"],"picked":"Blade Dance","floor":1.0},{"not_picked":["Slice","Backflip"],"picked":"Noxious Fumes","floor":4.0},{"not_picked":["Phantasmal Killer","Expertise"],"picked":"Dagger Throw","floor":5.0},{"not_picked":["Riddle With Holes","Expertise"],"picked":"Blur","floor":7.0},{"not_picked":["Outmaneuver","Dodge and Roll"],"picked":"Caltrops","floor":10.0},{"not_picked":["Flechettes","Masterful Stab"],"picked":"Blade Dance","floor":14.0},{"not_picked":["Grand Finale","Wraith Form v2"],"picked":"Adrenaline","floor":16.0},{"not_picked":["Dagger Throw","Flechettes"],"picked":"Underhanded Strike+1","floor":18.0},{"not_picked":["Bane","Tactician"],"picked":"Backflip","floor":24.0},{"not_picked":["Terror+1","Concentrate"],"picked":"Die Die Die","floor":25.0},{"not_picked":["Blur","Dagger Throw+1"],"picked":"Leg Sweep","floor":28.0},{"not_picked":["Backflip","Quick Slash"],"picked":"Heel Hook","floor":30.0},{"not_picked":["Deflect","Bouncing Flask+1"],"picked":"Infinite Blades","floor":31.0},{"not_picked":["Glass Knife","Burst"],"picked":"A Thousand Cuts","floor":33.0},{"not_picked":["PiercingWail+1","Underhanded Strike+1"],"picked":"Poisoned Stab","floor":35.0},{"not_picked":["Deflect+1","Outmaneuver"],"picked":"Flying Knee+1","floor":36.0},{"not_picked":["Bane","Blade Dance"],"picked":"Dodge and Roll+1","floor":38}],"player_experience":1572205,"relics_obtained":[{"floor":9.0,"key":"Juzu Bracelet"},{"floor":22.0,"key":"Necronomicon"},{"floor":25.0,"key":"Regal Pillow"},{"floor":26.0,"key":"Ginger"}],"event_choices":[{"damage_healed":0.0,"max_hp_gain":0.0,"max_hp_loss":0.0,"gold_gain":0.0,"event_name":"Golden Idol","player_choice":"Take Damage","floor":2.0,"gold_loss":0.0,"damage_taken":17.0,"relics_obtained":["Golden Idol"]},{"damage_healed":0.0,"max_hp_gain":0.0,"max_hp_loss":0.0,"gold_gain":100.0,"event_name":"Wheel of Change","player_choice":"Gold","floor":3.0,"gold_loss":0.0,"damage_taken":0.0},{"damage_healed":0.0,"max_hp_gain":5.0,"max_hp_loss":0.0,"gold_gain":0.0,"event_name":"Big Fish","player_choice":"Donut","floor":11.0,"gold_loss":0.0,"damage_taken":0.0},{"damage_healed":0.0,"max_hp_gain":0.0,"max_hp_loss":0.0,"gold_gain":30.0,"event_name":"Dead Adventurer","player_choice":"Searched \u00271\u0027 times","floor":12.0,"gold_loss":0.0,"damage_taken":0.0},{"damage_healed":0.0,"max_hp_gain":0.0,"max_hp_loss":0.0,"gold_gain":0.0,"event_name":"The Mausoleum","player_choice":"Opened","floor":19.0,"gold_loss":0.0,"damage_taken":0.0,"relics_obtained":["Omamori"]},{"damage_healed":0.0,"max_hp_gain":0.0,"max_hp_loss":0.0,"gold_gain":99.0,"event_name":"Nest","player_choice":"Stole From Cult","floor":20.0,"gold_loss":0.0,"damage_taken":0.0},{"damage_healed":0.0,"max_hp_gain":0.0,"max_hp_loss":0.0,"gold_gain":0.0,"event_name":"Cursed Tome","player_choice":"Obtained Book","floor":22.0,"gold_loss":0.0,"damage_taken":16.0},{"damage_healed":0.0,"max_hp_gain":0.0,"max_hp_loss":0.0,"gold_gain":0.0,"event_name":"Forgotten Altar","player_choice":"Gave Idol","floor":27.0,"relics_lost":["Golden Idol"],"gold_loss":0.0,"damage_taken":0.0,"relics_obtained":["Bloody Idol"]},{"damage_healed":0,"gold_gain":0,"player_choice":"Ignored","damage_taken":0,"max_hp_gain":0,"max_hp_loss":0,"event_name":"Mysterious Sphere","floor":39,"gold_loss":0}],"is_beta":false,"boss_relics":[{"not_picked":["Ectoplasm","HoveringKite"],"picked":"Ring of the Serpent"},{"not_picked":["Coffee Dripper","Runic Pyramid"],"picked":"Astrolabe"}],"items_purged_floors":[21],"is_endless":false,"potions_floor_spawned":[10,14,16,18,28,30,33,35],"killed_by":"Reptomancer","ascension_level":9}}