{"host":"lvhfn8l5bvc4nolx","time":1609645457,"event":{"mods":["AchievementEnabler","BaseMod","Colored Map","Keyboard Shortcuts","Minty Spire (QoL Compilation)","Permanent Neow","Quick Restart","SuperFastMode"],"gold_per_floor":[111,2,2,15,29,29,60,60,85,35,50,50,68,79,79,79,79],"floor_reached":16,"playtime":331,"items_purged":["Strike_P","Strike_P"],"score":198,"play_id":"c88430b3-7937-46c1-a760-52d0d6af773d","local_time":"20210103124417","is_ascension_mode":true,"campfire_choices":[{"floor":6.0,"key":"REST"},{"data":"Eruption","floor":12.0,"key":"SMITH"},{"data":"TalkToTheHand","floor":15,"key":"SMITH"}],"circlet_count":0,"master_deck":["Strike_P+1","Strike_P","Defend_P","Defend_P+1","Defend_P","Defend_P","Eruption+1","Vigilance+1","LessonLearned","Adaptation+1","InnerPeace+1","CrushJoints+1","TalkToTheHand+1"],"relics":["PureWater","Strawberry","Smiling Mask"],"acts_visited":["Exordium"],"potions_floor_usage":[16,16,16,16,16],"damage_taken":[{"damage":8.0,"enemies":"Jaw Worm","floor":1.0,"turns":4.0},{"damage":14.0,"enemies":"Small Slimes","floor":4.0,"turns":3.0},{"damage":6.0,"enemies":"Cultist","floor":5.0,"turns":3.0},{"damage":0.0,"enemies":"Lagavulin","floor":7.0,"turns":2.0},{"damage":9.0,"enemies":"2 Fungi Beasts","floor":11.0,"turns":4.0},{"damage":2.0,"enemies":"Large Slime","floor":13.0,"turns":6.0},{"damage":3.0,"enemies":"Looter","floor":14.0,"turns":3.0},{"damage":30,"enemies":"Hexaghost","floor":16,"turns":9}],"seed_played":"-7820282134660771217","potions_obtained":[{"floor":5.0,"key":"LiquidBronze"},{"floor":7.0,"key":"Regen Potion"},{"floor":8.0,"key":"Fruit Juice"},{"floor":8.0,"key":"EntropicBrew"},{"floor":8.0,"key":"CultistPotion"}],"is_trial":false,"path_per_floor":["M","$","?","M","M","R","E","?","T","$","M","R","M","M","R","B"],"character_chosen":"WATCHER","items_purchased":["InnerPeace"],"campfire_rested":1,"item_purchase_floors":[2],"current_hp_per_floor":[39,39,25,11,5,26,33,38,38,38,29,29,27,24,24,0,0],"gold":79,"neow_bonus":"THREE_RARE_CARDS","is_daily":false,"chose_seed":false,"campfire_upgraded":2,"win_rate":0.0,"timestamp":1609645457,"path_taken":["M","$","?","M","M","R","E","?","T","$","M","R","?","M","R","BOSS"],"items_purchased_type":["Card"],"build_version":"2020-12-22","purchased_purges":2,"victory":false,"max_hp_per_floor":[72,72,72,72,72,72,79,84,84,84,84,84,84,84,84,84,84],"card_choices":[{"not_picked":["SpiritShield","Judgement"],"picked":"LessonLearned","floor":0.0},{"not_picked":["ClearTheMind","Protect"],"picked":"Adaptation","floor":1.0},{"not_picked":["Halt","ThirdEye"],"picked":"CrushJoints","floor":4.0},{"not_picked":["CutThroughFate","ReachHeaven","SashWhip"],"picked":"SKIP","floor":5.0},{"not_picked":["CutThroughFate","FlurryOfBlows","Blasphemy"],"picked":"SKIP","floor":7.0},{"not_picked":["EmptyFist","Meditate","EmptyMind"],"picked":"SKIP","floor":11.0},{"not_picked":["Crescendo","Consecrate"],"picked":"TalkToTheHand","floor":13.0},{"not_picked":["ThirdEye","PathToVictory","Crescendo"],"picked":"SKIP","floor":14.0}],"player_experience":370774,"relics_obtained":[{"floor":7.0,"key":"Strawberry"},{"floor":9.0,"key":"Smiling Mask"}],"event_choices":[{"damage_healed":0.0,"max_hp_gain":0.0,"max_hp_loss":0.0,"gold_gain":0.0,"event_name":"Shining Light","player_choice":"Entered Light","floor":3.0,"gold_loss":0.0,"damage_taken":14.0,"cards_upgraded":["Adaptation","Strike_P"]},{"damage_healed":0.0,"max_hp_gain":0.0,"max_hp_loss":0.0,"gold_gain":0.0,"event_name":"Lab","player_choice":"Got Potions","floor":8.0,"gold_loss":0.0,"damage_taken":0.0}],"is_beta":false,"boss_relics":[],"items_purged_floors":[2,10],"is_endless":false,"potions_floor_spawned":[5,7],"killed_by":"Hexaghost","ascension_level":6}}