{"host":"t5h83eruwt5lxl3o","time":1609658054,"event":{"mods":["AchievementEnabler","Act Like it!","BaseMod","CapriCore","Colored Map","DeckTracker","Hermit","Highlight Path","Koishi","Marisa£¨Ùöéë¡¡Øª×âÞÞ£©","Minty Spire (QoL Compilation)","Permanent Neow","Quick Restart","StSLib","SuperFastMode","The Cursed","The Immortal","everything is the same but u backflip on backflip"],"gold_per_floor":[111,126,141,141,158,158,187,187,187,187,36,70,82,100,100,173,173,185,203,223,234,247,280,280,280,280,30,30,30,30,62,62,135,135,154,168,182,92,102,132,132,164,209,209,84,84,138,138,138,138,138,138,41,70,70],"floor_reached":56,"playtime":2299,"items_purged":["Strike_G","Defend_G","Defend_G"],"score":2051,"play_id":"a95adeb3-2115-40b2-8b0a-65a20aa58b5a","local_time":"20210103161414","is_ascension_mode":true,"campfire_choices":[{"data":"Skewer","floor":6.0,"key":"SMITH"},{"data":"Neutralize","floor":8.0,"key":"SMITH"},{"data":"1","floor":10.0,"key":"LIFT"},{"data":"2","floor":15.0,"key":"LIFT"},{"data":"3","floor":24.0,"key":"LIFT"},{"data":"Phantasmal Killer","floor":29.0,"key":"SMITH"},{"data":"Choke","floor":32.0,"key":"SMITH"},{"data":"Blade Dance","floor":41.0,"key":"SMITH"},{"data":"PiercingWail","floor":44.0,"key":"SMITH"},{"data":"Wraith Form v2","floor":46.0,"key":"SMITH"},{"floor":49.0,"key":"RECALL"},{"data":"PiercingWail","floor":52.0,"key":"SMITH"}],"circlet_count":0,"master_deck":["AscendersBane","Strike_G+1","Defend_G","Defend_G","Survivor","Neutralize+1","PiercingWail+1","Dagger Spray+1","Skewer+1","Choke+1","Blade Dance+1","Riddle With Holes","Dagger Spray","Phantasmal Killer+1","Backstab","Wraith Form v2+1","PiercingWail+1","Riddle With Holes+1","Backflip"],"relics":["Ring of the Snake","Mercury Hourglass","Girya","Mango","Busted Crown","TungstenRod","StrikeDummy","Lee\u0027s Waffle","Ornamental Fan","Runic Pyramid","Orichalcum","Bottled Flame","Pocketwatch","Lizard Tail"],"acts_visited":["Exordium","TheCity","TheBeyond","TheEnding"],"potions_floor_usage":[55,55],"damage_taken":[{"damage":7.0,"enemies":"2 Louse","floor":1.0,"turns":3.0},{"damage":0.0,"enemies":"Cultist","floor":2.0,"turns":5.0},{"damage":0.0,"enemies":"Jaw Worm","floor":3.0,"turns":4.0},{"damage":1.0,"enemies":"Large Slime","floor":5.0,"turns":5.0},{"damage":28.0,"enemies":"Gremlin Nob","floor":7.0,"turns":4.0},{"damage":10.0,"enemies":"3 Sentries","floor":12.0,"turns":4.0},{"damage":0.0,"enemies":"Exordium Wildlife","floor":13.0,"turns":2.0},{"damage":0.0,"enemies":"3 Louse","floor":14.0,"turns":2.0},{"damage":0.0,"enemies":"Slime Boss","floor":16.0,"turns":4.0},{"damage":2.0,"enemies":"Chosen","floor":18.0,"turns":3.0},{"damage":0.0,"enemies":"2 Thieves","floor":19.0,"turns":2.0},{"damage":0.0,"enemies":"Snake Plant","floor":20.0,"turns":2.0},{"damage":0.0,"enemies":"Snecko","floor":21.0,"turns":3.0},{"damage":0.0,"enemies":"Chosen and Byrds","floor":22.0,"turns":3.0},{"damage":17.0,"enemies":"Book of Stabbing","floor":23.0,"turns":6.0},{"damage":7.0,"enemies":"Slavers","floor":31.0,"turns":3.0},{"damage":13.0,"enemies":"Collector","floor":33.0,"turns":5.0},{"damage":0.0,"enemies":"3 Darklings","floor":35.0,"turns":2.0},{"damage":5.0,"enemies":"3 Shapes","floor":36.0,"turns":2.0},{"damage":0.0,"enemies":"3 Darklings","floor":37.0,"turns":2.0},{"damage":2.0,"enemies":"Spire Growth","floor":39.0,"turns":3.0},{"damage":0.0,"enemies":"Reptomancer","floor":40.0,"turns":3.0},{"damage":4.0,"enemies":"Nemesis","floor":42.0,"turns":4.0},{"damage":4.0,"enemies":"2 Orb Walkers","floor":47.0,"turns":2.0},{"damage":14.0,"enemies":"Time Eater","floor":50.0,"turns":5.0},{"damage":0.0,"enemies":"Shield and Spear","floor":54.0,"turns":5.0},{"damage":116,"enemies":"The Heart","floor":55,"turns":12}],"seed_played":"6715811438746647208","potions_obtained":[{"floor":2.0,"key":"Fire Potion"},{"floor":14.0,"key":"Ancient Potion"},{"floor":16.0,"key":"CunningPotion"},{"floor":21.0,"key":"ColorlessPotion"},{"floor":23.0,"key":"Regen Potion"},{"floor":35.0,"key":"EssenceOfSteel"},{"floor":37.0,"key":"SkillPotion"},{"floor":42.0,"key":"Regen Potion"},{"floor":54.0,"key":"Block Potion"}],"is_trial":false,"path_per_floor":["M","M","M","?","M","R","E","R","T","R","$","E","M","M","R","B",null,"M","M","M","M","M","E","R","?","T","$","?","R","$","E","R","B",null,"M","M","M","?","M","E","R","E","T","R","$","R","?","?","R","B",null,"R","$","E","B",null],"character_chosen":"THE_SILENT","items_purchased":["Riddle With Holes","Lee\u0027s Waffle","GhostInAJar"],"campfire_rested":0,"item_purchase_floors":[11,27,53],"current_hp_per_floor":[52,52,52,52,51,51,23,23,23,23,23,27,27,27,27,27,62,60,60,60,60,60,43,43,43,43,81,81,81,81,74,74,73,79,79,74,74,74,72,72,72,68,68,68,68,68,64,64,64,64,77,77,77,77,1],"gold":70,"neow_bonus":"REMOVE_TWO","is_daily":false,"chose_seed":false,"campfire_upgraded":8,"win_rate":0.0,"timestamp":1609658054,"path_taken":["M","M","M","?","?","R","E","R","T","R","$","E","M","?","R","BOSS","M","M","M","?","M","E","R","?","T","$","?","R","?","E","R","BOSS","M","M","M","?","?","E","R","E","T","R","$","R","?","?","R","BOSS","R","$","E","BOSS"],"items_purchased_type":["Card","Relic","Potion"],"build_version":"2020-12-22","purchased_purges":3,"victory":true,"max_hp_per_floor":[60,60,60,60,60,60,60,60,60,60,60,74,74,74,74,74,74,74,74,74,74,74,74,74,74,74,81,81,81,81,81,81,81,81,81,81,81,81,81,81,81,81,81,81,81,81,81,81,81,81,81,81,81,81,81],"card_choices":[{"not_picked":["Poisoned Stab","Sucker Punch"],"picked":"PiercingWail","floor":1.0},{"not_picked":["Slice","Dodge and Roll"],"picked":"Dagger Spray","floor":2.0},{"not_picked":["PiercingWail","Backflip"],"picked":"Skewer","floor":3.0},{"not_picked":["Dodge and Roll","Deadly Poison"],"picked":"Choke","floor":5.0},{"not_picked":["Accuracy","Caltrops"],"picked":"Blade Dance","floor":7.0},{"not_picked":["Blade Dance","Flying Knee"],"picked":"Dagger Spray","floor":12.0},{"not_picked":["Heel Hook","Underhanded Strike"],"picked":"Phantasmal Killer","floor":13.0},{"not_picked":["Sucker Punch","Prepared"],"picked":"Backstab","floor":14.0},{"not_picked":["Doppelganger","Unload"],"picked":"Wraith Form v2","floor":16.0},{"not_picked":[],"picked":"PiercingWail","floor":18.0},{"not_picked":["PiercingWail"],"picked":"SKIP","floor":19.0},{"not_picked":["Concentrate"],"picked":"SKIP","floor":20.0},{"not_picked":[],"picked":"Riddle With Holes+1","floor":21.0},{"not_picked":["Finisher"],"picked":"SKIP","floor":22.0},{"not_picked":["Poisoned Stab+1"],"picked":"SKIP","floor":23.0},{"not_picked":["PiercingWail"],"picked":"SKIP","floor":31.0},{"not_picked":[],"picked":"Backflip","floor":35.0},{"not_picked":["Sucker Punch+1"],"picked":"SKIP","floor":36.0},{"not_picked":["Eviscerate"],"picked":"SKIP","floor":37.0},{"not_picked":["Backflip"],"picked":"SKIP","floor":39.0},{"not_picked":["Deflect"],"picked":"SKIP","floor":40.0},{"not_picked":["Quick Slash"],"picked":"SKIP","floor":42.0},{"not_picked":["Backflip"],"picked":"SKIP","floor":54.0}],"player_experience":648490,"relics_obtained":[{"floor":7.0,"key":"Mercury Hourglass"},{"floor":9.0,"key":"Girya"},{"floor":12.0,"key":"Mango"},{"floor":23.0,"key":"TungstenRod"},{"floor":26.0,"key":"StrikeDummy"},{"floor":31.0,"key":"Ornamental Fan"},{"floor":40.0,"key":"Orichalcum"},{"floor":42.0,"key":"Bottled Flame"},{"floor":47.0,"key":"Pocketwatch"},{"floor":54.0,"key":"Lizard Tail"}],"event_choices":[{"damage_healed":0.0,"max_hp_gain":0.0,"max_hp_loss":0.0,"gold_gain":0.0,"event_name":"Upgrade Shrine","player_choice":"Upgraded","floor":4.0,"gold_loss":0.0,"damage_taken":0.0,"cards_upgraded":["Dagger Spray"]},{"cards_removed":["Strike_G"],"damage_healed":0.0,"max_hp_gain":0.0,"max_hp_loss":0.0,"gold_gain":0.0,"event_name":"Back to Basics","player_choice":"Elegance","floor":25.0,"gold_loss":0.0,"damage_taken":0.0},{"damage_healed":0.0,"max_hp_gain":0.0,"max_hp_loss":0.0,"gold_gain":0.0,"event_name":"The Mausoleum","player_choice":"Ignored","floor":28.0,"gold_loss":0.0,"damage_taken":0.0},{"cards_removed":["Strike_G"],"damage_healed":0.0,"max_hp_gain":0.0,"max_hp_loss":0.0,"gold_gain":0.0,"event_name":"Designer","player_choice":"Upgrade and Remove","floor":38.0,"gold_loss":90.0,"damage_taken":0.0,"cards_upgraded":["Strike_G"]},{"damage_healed":0.0,"max_hp_gain":0.0,"max_hp_loss":0.0,"gold_gain":0.0,"event_name":"Mysterious Sphere","player_choice":"Fight","floor":47.0,"gold_loss":0.0,"damage_taken":0.0},{"damage_healed":0.0,"max_hp_gain":0.0,"max_hp_loss":0.0,"gold_gain":0.0,"event_name":"SensoryStone","player_choice":"Memory 1","floor":48.0,"gold_loss":0.0,"damage_taken":0.0}],"is_beta":false,"boss_relics":[{"not_picked":["SacredBark","Calling Bell"],"picked":"Busted Crown"},{"not_picked":["Snecko Eye","Sozu"],"picked":"Runic Pyramid"}],"items_purged_floors":[11,27,45],"is_endless":false,"potions_floor_spawned":[2,14,16,21,23,31,35,37,42,54],"ascension_level":14}}