{"host":"ymmeoa1x24ihslbm","time":1609677659,"event":{"mods":["AchievementEnabler","BaseMod","Colored Map","Colored Powertips","Defuse TimeMaze Blight","Highlight Path","Minty Spire (QoL Compilation)","Permanent Neow","Quick Restart","StSLib","Unceasing Turn Reminder"],"gold_per_floor":[119,119,119,129,154,183,35,35,116,116,132,82,407,422,422,521,571,586,586,599,196,209,209,308,308,308,308,334,349,349,376,376,376,376],"floor_reached":33,"playtime":1216,"items_purged":[],"score":458,"play_id":"3f50e283-0647-49f0-bbb4-faaa4b3cf591","local_time":"20210103134059","is_ascension_mode":true,"campfire_choices":[{"data":"PathToVictory","floor":8.0,"key":"SMITH"},{"data":"Consecrate","floor":10.0,"key":"SMITH"},{"floor":15,"key":"REST"},{"data":"SignatureMove","floor":23,"key":"SMITH"},{"data":"Defend_P","floor":25,"key":"SMITH"},{"data":"Defend_P","floor":30,"key":"SMITH"},{"data":"Judgement","floor":32,"key":"SMITH"}],"circlet_count":0,"master_deck":["Strike_P","Strike_P","Strike_P","Strike_P","Defend_P+1","Defend_P+1","Defend_P","Defend_P","Eruption+1","Vigilance+1","Consecrate+1","PathToVictory+1","SignatureMove+1","DeusExMachina","Vault+1","Indignation+1","Judgement+1"],"relics":["PureWater","Vajra","Letter Opener","Lantern","Blue Candle","Old Coin","Tiny House","ClockworkSouvenir","HornCleat","Mercury Hourglass","Bronze Scales","Singing Bowl"],"acts_visited":["Exordium","TheCity"],"potions_floor_usage":[16,18,18,20,22,22,28,29,31,33],"damage_taken":[{"damage":1.0,"enemies":"2 Louse","floor":1.0,"turns":4.0},{"damage":0.0,"enemies":"Small Slimes","floor":4.0,"turns":2.0},{"damage":44.0,"enemies":"Lagavulin","floor":6.0,"turns":7.0},{"damage":7.0,"enemies":"Cultist","floor":11.0,"turns":3.0},{"damage":0.0,"enemies":"Gremlin Nob","floor":13.0,"turns":3.0},{"damage":17,"enemies":"Exordium Thugs","floor":14,"turns":2},{"damage":6,"enemies":"Hexaghost","floor":16,"turns":6},{"damage":9,"enemies":"2 Thieves","floor":18,"turns":4},{"damage":0,"enemies":"Spheric Guardian","floor":20,"turns":4},{"damage":0,"enemies":"Snecko","floor":22,"turns":3},{"damage":0,"enemies":"Slavers","floor":28,"turns":3},{"damage":14,"enemies":"Snake Plant","floor":29,"turns":3},{"damage":14,"enemies":"Book of Stabbing","floor":31,"turns":5},{"damage":14,"enemies":"Automaton","floor":33,"turns":5}],"seed_played":"-71987605233147072","potions_obtained":[{"floor":1.0,"key":"Strength Potion"},{"floor":13.0,"key":"Energy Potion"},{"floor":14,"key":"Weak Potion"},{"floor":17,"key":"EntropicBrew"},{"floor":22,"key":"Dexterity Potion"},{"floor":28,"key":"LiquidBronze"},{"floor":31,"key":"CultistPotion"}],"is_trial":false,"path_per_floor":["M","?","?","M","T","E","$","R","T","R","M","?","E","M","R","B",null,"M","?","M","$","M","R","?","R","T","?","E","M","R","E","R","B"],"character_chosen":"WATCHER","items_purchased":["Lantern","ClockworkSouvenir","HornCleat"],"campfire_rested":1,"item_purchase_floors":[7,21,21],"current_hp_per_floor":[71,71,71,71,71,27,27,27,27,27,20,20,20,3,24,18,64,55,55,55,55,55,55,55,55,55,41,41,27,27,13,13,0,0],"gold":376,"neow_bonus":"UPGRADE_CARD","is_daily":false,"chose_seed":false,"campfire_upgraded":6,"win_rate":0.0,"timestamp":1609677659,"path_taken":["M","?","?","?","?","E","$","R","T","R","M","?","E","M","R","BOSS","M","?","M","$","M","R","?","R","T","?","E","M","R","E","R","BOSS"],"items_purchased_type":["Relic","Relic","Relic"],"build_version":"2020-12-22","purchased_purges":0,"victory":false,"max_hp_per_floor":[72,72,72,72,72,72,72,72,72,72,72,72,72,72,72,72,77,77,77,77,77,77,77,77,77,77,82,82,82,82,82,82,82,82],"card_choices":[{"not_picked":["WaveOfTheHand","CrushJoints"],"picked":"Consecrate","floor":1.0},{"not_picked":["EmptyMind","Vengeance","InnerPeace"],"picked":"SKIP","floor":4.0},{"not_picked":["BattleHymn","Tantrum"],"picked":"PathToVictory","floor":6.0},{"not_picked":["FlyingSleeves","EmptyBody","Consecrate"],"picked":"SKIP","floor":11.0},{"not_picked":["Swivel","TalkToTheHand"],"picked":"SignatureMove","floor":13.0},{"not_picked":["ReachHeaven","Perseverance"],"picked":"DeusExMachina","floor":14},{"not_picked":["ConjureBlade","Omniscience"],"picked":"Vault","floor":16},{"not_picked":["SignatureMove","Nirvana+1","Crescendo"],"picked":"SKIP","floor":18},{"not_picked":["Crescendo","SashWhip"],"picked":"Indignation+1","floor":20},{"not_picked":["SandsOfTime+1","Protect","EmptyBody"],"picked":"SKIP","floor":22},{"not_picked":["Prostrate","FlyingSleeves","Study+1"],"picked":"SKIP","floor":28},{"not_picked":["FearNoEvil","EmptyBody","Protect"],"picked":"SKIP","floor":29},{"not_picked":["BowlingBash","Collect"],"picked":"Judgement","floor":31}],"player_experience":693020,"relics_obtained":[{"floor":5.0,"key":"Vajra"},{"floor":6.0,"key":"Letter Opener"},{"floor":9.0,"key":"Blue Candle"},{"floor":13.0,"key":"Old Coin"},{"floor":26,"key":"Mercury Hourglass"},{"floor":28,"key":"Bronze Scales"},{"floor":31,"key":"Singing Bowl"}],"event_choices":[{"damage_healed":0.0,"max_hp_gain":0.0,"max_hp_loss":0.0,"gold_gain":0.0,"event_name":"Living Wall","player_choice":"Grow","floor":2.0,"gold_loss":0.0,"damage_taken":0.0,"cards_upgraded":["Vigilance"]},{"damage_healed":0.0,"max_hp_gain":0.0,"max_hp_loss":0.0,"gold_gain":0.0,"event_name":"Wheel of Change","player_choice":"Cursed","floor":3.0,"gold_loss":0.0,"damage_taken":0.0,"cards_obtained":["Decay"]},{"cards_removed":["Decay"],"damage_healed":0.0,"max_hp_gain":0.0,"max_hp_loss":0.0,"gold_gain":0.0,"event_name":"The Cleric","player_choice":"Card Removal","floor":12.0,"gold_loss":50.0,"damage_taken":0.0},{"damage_healed":0,"gold_gain":0,"player_choice":"Ignored","damage_taken":0,"max_hp_gain":0,"max_hp_loss":0,"event_name":"Ghosts","floor":19,"gold_loss":0},{"damage_healed":0,"gold_gain":99,"player_choice":"Stole From Cult","damage_taken":0,"max_hp_gain":0,"max_hp_loss":0,"event_name":"Nest","floor":24,"gold_loss":0},{"damage_healed":0,"gold_gain":0,"player_choice":"Shed Blood","damage_taken":19,"max_hp_gain":5,"max_hp_loss":0,"event_name":"Forgotten Altar","floor":27,"gold_loss":0}],"is_beta":false,"boss_relics":[{"not_picked":["Velvet Choker","SacredBark"],"picked":"Tiny House"}],"items_purged_floors":[],"is_endless":false,"potions_floor_spawned":[1,13,14,22,28,31],"killed_by":"Automaton","ascension_level":5}}