{"host":"60d5wzi2cpvs73ka","time":1609677882,"event":{"mods":["AchievementEnabler","Act Like it!","Arknights The Spire","BaseMod","Friendly Minions","Infinite Spire","Minty Spire (QoL Compilation)","Shop Mod","StSLib"],"gold_per_floor":[114,133,133,76,91,91,91],"floor_reached":6,"playtime":566,"items_purged":[],"score":36,"play_id":"9d8d8122-4625-4681-8ee9-e89e4b5bdc1c","local_time":"20210103214442","is_ascension_mode":false,"campfire_choices":[],"circlet_count":0,"master_deck":["ats:Strike C","ats:Strike G","ats:Strike S","ats:Strike V","ats:Armor Crushing Shot","ats:Defend","ats:Defend","ats:Defend","ats:Defend","ats:Emotion Absorption","ats:Shadow Raid","ats:Apocalypse","ats:Hammer On"],"relics":["ats:Sanity","NeowsBlessing","Potion Belt","Art of War"],"acts_visited":["Exordium"],"potions_floor_usage":[6],"damage_taken":[{"damage":0,"enemies":"Jaw Worm","floor":1,"turns":1},{"damage":0,"enemies":"2 Louse","floor":2,"turns":1},{"damage":0,"enemies":"Cultist","floor":5,"turns":1},{"damage":79,"enemies":"Lagavulin","floor":6,"turns":9}],"seed_played":"6069704432548698866","potions_obtained":[{"floor":1,"key":"Regen Potion"}],"is_trial":false,"path_per_floor":["M","M","?","?","M","E"],"character_chosen":"DOCTOR_CLASS","items_purchased":[],"campfire_rested":0,"item_purchase_floors":[],"current_hp_per_floor":[72,72,39,39,43,0,0],"gold":91,"neow_bonus":"THREE_ENEMY_KILL","is_daily":false,"chose_seed":false,"campfire_upgraded":0,"win_rate":0.0,"timestamp":1609677882,"path_taken":["M","M","?","?","?","E"],"items_purchased_type":[],"build_version":"2020-12-22","purchased_purges":0,"victory":false,"max_hp_per_floor":[72,72,72,72,72,72,72],"card_choices":[{"not_picked":["ats:Sunburst","ats:Childhood Dance"],"picked":"ats:Shadow Raid","floor":1},{"not_picked":["ats:Revitalization","ats:Poison Spread"],"picked":"ats:Apocalypse","floor":2},{"not_picked":["ats:Childhood Dance","ats:Encircling Forest"],"picked":"ats:Hammer On","floor":5}],"player_experience":209211,"relics_obtained":[],"event_choices":[{"damage_healed":0,"gold_gain":0,"player_choice":"Success","damage_taken":33,"relics_obtained":["Potion Belt"],"max_hp_gain":0,"max_hp_loss":0,"event_name":"Scrap Ooze","floor":3,"gold_loss":0},{"damage_healed":0,"gold_gain":0,"player_choice":"Paid Gold","damage_taken":0,"relics_obtained":["Art of War"],"max_hp_gain":0,"max_hp_loss":0,"event_name":"WeMeetAgain","floor":4,"gold_loss":57}],"is_beta":false,"boss_relics":[],"items_purged_floors":[],"is_endless":false,"potions_floor_spawned":[1],"killed_by":"Lagavulin","ascension_level":0}}