{"host":"wy23tj84iquxuyyu","time":1609657420,"event":{"mods":["Aspiration","BaseMod","Better Note","Colored Map","Fireblade Mod","Hermit","Marked Mod","Minty Spire (QoL Compilation)","Random Character Button","Rare Cards Sparkle","Relic Stats","Replay The Spire","Retaliation","Shade Mod","Spicy Shops","StSLib","The Cursed","The Death Knight","The Necromancer","Trackpad"],"gold_per_floor":[119,139,139,139,65,65,65,65,65,68,98,109,122,152,152,254,254,265,265,284,284,340,371,371,382,407,407,417,442,442,461,461,557,557,568,582,582,582],"floor_reached":37,"playtime":1584,"items_purged":["Regret"],"score":472,"play_id":"bb91242c-11d3-48bb-b055-e6856a7fa533","local_time":"20210103020340","is_ascension_mode":false,"campfire_choices":[{"data":"FireBladeMod:SoulSword","floor":6,"key":"SMITH"},{"data":"FireBladeMod:FlamingSword","floor":8,"key":"SMITH"},{"floor":15,"key":"REST"},{"floor":24,"key":"REST"},{"floor":30,"key":"REST"},{"floor":32,"key":"REST"}],"circlet_count":0,"master_deck":["FireBladeMod:DefendFireBlade","FireBladeMod:DefendFireBlade","FireBladeMod:DefendFireBlade","FireBladeMod:DefendFireBlade","FireBladeMod:FlamingSword+1","FireBladeMod:FireBarrier","FireBladeMod:SoulSword+1","FireBladeMod:FlashBang","FireBladeMod:ThirdDegree","FireBladeMod:SoulStrike","FireBladeMod:PyromancerForm","FireBladeMod:Ember","FireBladeMod:Ember","FireBladeMod:Ember","FireBladeMod:Ember","FireBladeMod:Ember","Terror+1","FireBladeMod:SoulStrike+1","FireBladeMod:EruptionSlash","FireBladeMod:Arson"],"relics":["FireBladeMod:DuelistLocket","NeowsBlessing","Regal Pillow","Centennial Puzzle","Ice Cream","ReplayTheSpireMod:CursedCoin","Oddly Smooth Stone","Happy Flower","trackpad:Compendium","FireBladeMod:InnerFlame","trackpad:IceCube","Simple Rune","ReplayTheSpireMod:TigerMarble","Red Mask"],"acts_visited":["Exordium","TheCity","TheBeyond"],"potions_floor_usage":[16,18,23,23,28,33,35],"damage_taken":[{"damage":0,"enemies":"Small Slimes","floor":1,"turns":1},{"damage":0,"enemies":"Jaw Worm","floor":2,"turns":1},{"damage":0,"enemies":"Gremlin Nob","floor":11,"turns":1},{"damage":0,"enemies":"2 Louse","floor":12,"turns":3},{"damage":6,"enemies":"Gremlin Gang","floor":13,"turns":3},{"damage":9,"enemies":"Replay:BlueRogue","floor":14,"turns":4},{"damage":4,"enemies":"Fading Forest","floor":16,"turns":11},{"damage":14,"enemies":"2 Thieves","floor":18,"turns":5},{"damage":4,"enemies":"Shell Parasite","floor":20,"turns":4},{"damage":14,"enemies":"Slavers","floor":23,"turns":6},{"damage":26,"enemies":"Centurion and Healer","floor":25,"turns":4},{"damage":25,"enemies":"Shelled Parasite and Fungi","floor":28,"turns":4},{"damage":16,"enemies":"Masked Bandits","floor":29,"turns":5},{"damage":15,"enemies":"Snake Plant","floor":31,"turns":3},{"damage":42,"enemies":"Collector","floor":33,"turns":6},{"damage":18,"enemies":"Orb Walker","floor":35,"turns":5},{"damage":41,"enemies":"3 Darklings","floor":36,"turns":6},{"damage":12,"enemies":"Writhing Mass","floor":37,"turns":2}],"seed_played":"7018850404282957687","potions_obtained":[{"floor":1,"key":"DDmod:CleansePotion"},{"floor":12,"key":"Explosive Potion"},{"floor":13,"key":"SpeedPotion"},{"floor":20,"key":"FireBladeMod:NapalmFlask"},{"floor":22,"key":"Block Potion"},{"floor":22,"key":"Adrenaline Potion"},{"floor":31,"key":"Explosive Potion"},{"floor":33,"key":"SkillPotion"},{"floor":36,"key":"BlessingOfTheForge"}],"is_trial":false,"path_per_floor":["M","M","?","?","$","R","$","R","T","$","E","M","M","E","R","B",null,"M","?","M","?","?","E","R","M","T","?","M","?","R","M","R","B",null,"M","M","M"],"character_chosen":"THE_FIREBLADE","items_purchased":["Centennial Puzzle","ReplayTheSpireMod:CursedCoin","Oddly Smooth Stone"],"campfire_rested":4,"item_purchase_floors":[5,10,10],"current_hp_per_floor":[70,70,67,67,67,67,67,67,67,67,67,67,61,52,70,66,70,56,56,52,52,52,38,70,44,44,51,26,10,46,31,67,25,70,52,11,0,0],"gold":582,"neow_bonus":"THREE_ENEMY_KILL","is_daily":false,"chose_seed":false,"campfire_upgraded":2,"win_rate":0.0,"timestamp":1609657420,"path_taken":["M","M","?","?","$","R","$","R","T","$","E","M","M","E","R","BOSS","M","?","M","?","?","E","R","?","T","?","M","?","R","M","R","BOSS","M","M","M"],"items_purchased_type":["Relic","Relic","Relic"],"build_version":"2020-12-22","purchased_purges":1,"victory":false,"max_hp_per_floor":[70,70,70,70,70,70,70,70,70,70,70,70,70,70,70,70,70,70,70,70,70,70,70,70,70,70,70,70,70,70,70,70,70,70,70,70,70,70],"relic_stats":{"Regal Pillow":41,"Centennial Puzzle":[39],"Happy Flower":[23],"counters":[18,74],"obtain_stats":[{"Ice Cream":9,"Regal Pillow":3,"NeowsBlessing":0,"Happy Flower":11,"trackpad:IceCube":22,"FireBladeMod:DuelistLocket":0,"ReplayTheSpireMod:CursedCoin":10,"Oddly Smooth Stone":10,"Centennial Puzzle":5,"FireBladeMod:InnerFlame":17,"Simple Rune":23,"trackpad:Compendium":14,"ReplayTheSpireMod:TigerMarble":26,"Red Mask":29},{"Ice Cream":2,"Regal Pillow":2,"NeowsBlessing":0,"Happy Flower":3,"trackpad:IceCube":9,"FireBladeMod:DuelistLocket":0,"ReplayTheSpireMod:CursedCoin":2,"Oddly Smooth Stone":2,"Centennial Puzzle":2,"FireBladeMod:InnerFlame":7,"Simple Rune":10,"trackpad:Compendium":6,"ReplayTheSpireMod:TigerMarble":11,"Red Mask":13},{"Ice Cream":2,"Regal Pillow":2,"NeowsBlessing":0,"Happy Flower":3,"trackpad:IceCube":33,"FireBladeMod:DuelistLocket":0,"ReplayTheSpireMod:CursedCoin":2,"Oddly Smooth Stone":2,"Centennial Puzzle":2,"FireBladeMod:InnerFlame":24,"Simple Rune":39,"trackpad:Compendium":13,"ReplayTheSpireMod:TigerMarble":43,"Red Mask":52}]},"card_choices":[{"not_picked":["FireBladeMod:ScorchingStrike","FireBladeMod:SpinningSmash"],"picked":"FireBladeMod:SoulSword","floor":1},{"not_picked":["FireBladeMod:SpiritEndurance","FireBladeMod:SpinningSmash"],"picked":"FireBladeMod:FlashBang","floor":2},{"not_picked":["FireBladeMod:Robust","FireBladeMod:BasicSmash"],"picked":"FireBladeMod:ThirdDegree","floor":11},{"not_picked":["FireBladeMod:BasicSmash","FireBladeMod:BackhandSwing","FireBladeMod:Shove"],"picked":"SKIP","floor":12},{"not_picked":["FireBladeMod:Robust","FireBladeMod:ComboCleave","FireBladeMod:DoubleDash"],"picked":"SKIP","floor":13},{"not_picked":["FireBladeMod:Shove","FireBladeMod:BackhandSwing"],"picked":"FireBladeMod:SoulStrike","floor":14},{"not_picked":["FireBladeMod:LayeredDefense","FireBladeMod:Blitzkreig"],"picked":"FireBladeMod:PyromancerForm","floor":16},{"not_picked":["FireBladeMod:Feint","FireBladeMod:SmashingEndurance","FireBladeMod:OverCharge"],"picked":"SKIP","floor":18},{"not_picked":["FireBladeMod:SteadyEndurance+1","FireBladeMod:Reposition"],"picked":"FireBladeMod:SoulStrike+1","floor":20},{"not_picked":["FireBladeMod:Improvise","FireBladeMod:ComboSlashes"],"picked":"FireBladeMod:EruptionSlash","floor":23},{"not_picked":["FireBladeMod:SpinningSmash","FireBladeMod:Reposition","FireBladeMod:WellPrepared"],"picked":"SKIP","floor":25},{"not_picked":["FireBladeMod:WellPrepared","FireBladeMod:ComplexAttack","FireBladeMod:IronEndurance"],"picked":"SKIP","floor":28},{"not_picked":["FireBladeMod:FerventSlash","FireBladeMod:SpiritEndurance","FireBladeMod:Robust"],"picked":"SKIP","floor":31},{"not_picked":["FireBladeMod:StingingSlash","FireBladeMod:BackhandSwing"],"picked":"FireBladeMod:Arson","floor":35},{"not_picked":["FireBladeMod:Flames+1","FireBladeMod:WellPrepared","FireBladeMod:SoulStrike+1"],"picked":"SKIP","floor":36}],"player_experience":881740,"relics_obtained":[{"floor":9,"key":"Ice Cream"},{"floor":11,"key":"Happy Flower"},{"floor":14,"key":"trackpad:Compendium"},{"floor":22,"key":"trackpad:IceCube"},{"floor":23,"key":"Simple Rune"},{"floor":26,"key":"ReplayTheSpireMod:TigerMarble"},{"floor":29,"key":"Red Mask"}],"event_choices":[{"damage_healed":0,"gold_gain":0,"player_choice":"Success","damage_taken":3,"relics_obtained":["Regal Pillow"],"max_hp_gain":0,"max_hp_loss":0,"event_name":"Scrap Ooze","floor":3,"gold_loss":0},{"cards_removed":["FireBladeMod:FireBarrier"],"damage_healed":0,"gold_gain":0,"player_choice":"Take \u0026 Give","damage_taken":0,"max_hp_gain":0,"max_hp_loss":0,"event_name":"betterNote:BetterNote","floor":19,"gold_loss":0,"cards_obtained":["Terror"]},{"damage_healed":0,"gold_gain":0,"player_choice":"Ignored","damage_taken":0,"max_hp_gain":0,"max_hp_loss":0,"event_name":"Ghosts","floor":21,"gold_loss":0},{"damage_healed":0,"gold_gain":0,"player_choice":"Fought Bandits","damage_taken":0,"max_hp_gain":0,"max_hp_loss":0,"event_name":"Masked Bandits","floor":29,"gold_loss":0}],"is_beta":false,"boss_relics":[{"not_picked":["Empty Cage","Replay:Ancient Bell"],"picked":"FireBladeMod:InnerFlame"},{"not_picked":["Replay:Drink Me","aspiration:PoetsPen_weak","ReplayTheSpireMod:DimensionalGlitch"]}],"items_purged_floors":[10],"is_endless":false,"potions_floor_spawned":[1,12,13,20,31,33,36],"killed_by":"Writhing Mass","ascension_level":0}}