{"host":"73u9ojxmo0iakdto","time":1609639792,"event":{"mods":["BaseMod","Better Third Choice","Downfall","Minty Spire (QoL Compilation)","Permanent Neow","StSLib"],"gold_per_floor":[156,156,306,231,231,360,340,439,439,462,525,636,711,834,834,1098,1098,1188,313,322,322,371,371,464,464,464,554,566,566,566],"floor_reached":28,"playtime":1913,"items_purged":["Doubt"],"score":895,"play_id":"a6f310b0-d401-45e4-a733-82d5546024d9","local_time":"20210102200952","daily_mods":["SealedDeck","Vintage","Heirloom","Time Dilation","Flight","downfall:Lament","DeadlyEvents","Elite Swarm","Midas"],"is_ascension_mode":true,"campfire_choices":[{"floor":15,"key":"REST"},{"floor":23,"key":"REST"},{"floor":25,"key":"REST"}],"circlet_count":0,"master_deck":["AscendersBane","hexamod:Again+1","hexamod:SpectralSpark","hexamod:SpectralSpark+1","hexamod:BacktrackSmack","hexamod:BurningTouch+1","hexamod:BurningTouch","hexamod:Firestarter","hexamod:EmpoweredFlame","hexamod:SecondSeal","hexamod:EmpoweringStance+1","hexamod:GhostflameInferno","hexamod:TimeOfNeed","hexamod:FifthSeal","hexamod:GhostflameInferno","hexamod:SixthSeal","Necronomicurse","hexamod:ThirdSeal","hexamod:GhostOfSpirePast+1"],"relics":["hexamod:SpiritBrand","NeowsBlessing","champ:DeflectingBracers","Boot","hexamod:BolsterEngine","Anchor","Gremlin Horn","Ancient Tea Set","Dream Catcher","Matryoshka","The Courier","CeramicFish","sneckomod:SneckoTalon","Guardian:PocketSentry","Potion Belt","Lizard Tail","Unceasing Top","Medical Kit","Nunchaku","Necronomicon","Lantern","Vajra","War Paint","MawBank","Blue Candle","Centennial Puzzle"],"acts_visited":["Exordium","TheCity"],"potions_floor_usage":[6,14,16,18],"damage_taken":[{"damage":0,"enemies":"Cultist","floor":1,"turns":2},{"damage":0,"enemies":"Gremlin Nob","floor":6,"turns":2},{"damage":0,"enemies":"Lagavulin","floor":8,"turns":2},{"damage":0,"enemies":"2 Louse","floor":11,"turns":3},{"damage":11,"enemies":"Gremlin Nob","floor":12,"turns":3},{"damage":0,"enemies":"Small Slimes","floor":13,"turns":3},{"damage":14,"enemies":"Lagavulin","floor":14,"turns":3},{"damage":42,"enemies":"The Guardian","floor":16,"turns":6},{"damage":9,"enemies":"Shell Parasite","floor":18,"turns":4},{"damage":72,"enemies":"Book of Stabbing","floor":24,"turns":6},{"damage":3,"enemies":"Chosen","floor":27,"turns":3},{"damage":16,"enemies":"Centurion and Healer","floor":28,"turns":4}],"seed_played":"4877681935109995837","potions_obtained":[{"floor":1,"key":"Explosive Potion"},{"floor":7,"key":"Dexterity Potion"},{"floor":8,"key":"Regen Potion"},{"floor":11,"key":"SkillPotion"},{"floor":16,"key":"AttackPotion"},{"floor":27,"key":"LiquidBronze"}],"is_trial":true,"path_per_floor":["M","?","?","$","$","E","?","E","T","T","M","E","M","E","R","B",null,"M","$","?","?","T","R","E","R","T","M","M"],"character_chosen":"THE_SPIRIT","items_purchased":["Potion Belt","Lizard Tail","Unceasing Top","Medical Kit","Nunchaku"],"campfire_rested":3,"item_purchase_floors":[19,19,19,19,19],"current_hp_per_floor":[57,57,57,57,57,57,57,57,57,57,57,46,46,32,50,23,53,44,44,23,23,23,41,1,19,19,16,0,0,0],"gold":566,"neow_bonus":"","is_daily":false,"chose_seed":false,"campfire_upgraded":0,"win_rate":0.0,"timestamp":1609639792,"path_taken":["M","?","?","$","$","E","?","?","T","?","?","E","?","?","R","BOSS","M","$","?","?","?","R","E","R","T","M","?"],"items_purchased_type":["Relic","Relic","Relic","Relic","Relic"],"build_version":"2020-12-22","purchased_purges":1,"victory":false,"max_hp_per_floor":[63,63,63,63,63,63,63,63,63,63,63,63,63,63,63,63,63,63,63,63,63,63,63,63,63,63,63,63,63,63],"card_choices":[{"not_picked":["hexamod:CrushingStance","hexamod:SearingWound"],"picked":"hexamod:EmpoweringStance","floor":6},{"not_picked":["hexamod:Toasty","hexamod:SearingWound"],"picked":"hexamod:GhostflameInferno","floor":8},{"not_picked":["hexamod:ParanormalForm","hexamod:SearingWound"],"picked":"hexamod:TimeOfNeed","floor":12},{"not_picked":["hexamod:TimeOfNeed","hexamod:SixthSeal"],"picked":"hexamod:FifthSeal","floor":14},{"not_picked":["hexamod:ParanormalForm","hexamod:SearingWound"],"picked":"hexamod:GhostflameInferno","floor":16},{"not_picked":["hexamod:FirstSeal","hexamod:ThirdSeal"],"picked":"hexamod:SixthSeal","floor":18},{"not_picked":["hexamod:SecondSeal","hexamod:FirstSeal"],"picked":"hexamod:ThirdSeal","floor":24},{"not_picked":["hexamod:Toasty","hexamod:TurnItUp","hexamod:WildfireWeapon"],"picked":"SKIP","floor":24},{"not_picked":["hexamod:NightmareGuise","hexamod:Hexaguard"],"picked":"hexamod:GhostOfSpirePast+1","floor":27}],"player_experience":217881,"relics_obtained":[{"floor":1,"key":"Boot"},{"floor":6,"key":"hexamod:BolsterEngine"},{"floor":8,"key":"Anchor"},{"floor":9,"key":"Gremlin Horn"},{"floor":10,"key":"Ancient Tea Set"},{"floor":11,"key":"Dream Catcher"},{"floor":12,"key":"Matryoshka"},{"floor":13,"key":"The Courier"},{"floor":14,"key":"CeramicFish"},{"floor":18,"key":"Guardian:PocketSentry"},{"floor":20,"key":"Necronomicon"},{"floor":22,"key":"Lantern"},{"floor":22,"key":"Vajra"},{"floor":24,"key":"War Paint"},{"floor":26,"key":"MawBank"},{"floor":26,"key":"Blue Candle"},{"floor":27,"key":"Centennial Puzzle"}],"event_choices":[{"cards_removed":["hexamod:SwordOfDarkness"],"damage_healed":0,"gold_gain":0,"player_choice":"Forget","damage_taken":0,"max_hp_gain":0,"max_hp_loss":0,"event_name":"Living Wall","floor":2,"gold_loss":0},{"damage_healed":0,"gold_gain":150,"player_choice":"AGREE","damage_taken":156,"max_hp_gain":0,"max_hp_loss":0,"event_name":"betterThird:BetterSerpent","floor":3,"gold_loss":0},{"damage_healed":0,"gold_gain":0,"player_choice":"Bought 1 Potion","damage_taken":0,"max_hp_gain":0,"max_hp_loss":0,"event_name":"The Woman in Blue","floor":7,"gold_loss":0},{"damage_healed":0,"gold_gain":0,"player_choice":"Obtained Book","damage_taken":21,"max_hp_gain":0,"max_hp_loss":0,"event_name":"Cursed Tome","floor":20,"gold_loss":0},{"damage_healed":0,"gold_gain":0,"player_choice":"Ignored","damage_taken":0,"max_hp_gain":0,"max_hp_loss":0,"event_name":"Vampires","floor":21,"gold_loss":0}],"is_beta":false,"boss_relics":[{"not_picked":["Runic Dome","Calling Bell"],"picked":"sneckomod:SneckoTalon"}],"items_purged_floors":[4],"is_endless":true,"potions_floor_spawned":[1,8,11,16,27],"killed_by":"Centurion and Healer","ascension_level":20}}