{"host":"ktg5lwritr12xyhv","time":1609670851,"event":{"mods":["ATMod(阿瑾Mod)","Aspiration","BaseMod","Challenge The Spire","Conspire","Downfall","Hermit","Minty Spire (QoL Compilation)","Quick Restart","Relic Stats","Replay The Spire","Robot Space Explorer","RumiaBox-露米娅的神秘盒子","SIMod","Spicy Shops","StSLib","The Alterego","The Dragon Tamer","vexMod","篝火指南"],"gold_per_floor":[99,99,99,99,24,42,42,42,77,77,87,119,119,150,167,263,263,188,201,215,318,28,28,28,28,84,9,10,95,95,246,306,436,436,436,480,625,720,207,207,231,287,287,382,494,494,537,682,719,844],"floor_reached":51,"playtime":3860,"items_purged":["Regret","Languid","Pride"],"score":1182,"play_id":"2576cb9b-ce62-4a1d-80ae-d6ae3e5360ae","local_time":"20210103184731","is_ascension_mode":true,"campfire_choices":[{"data":"RobotSpaceExplorer:MiniLasers","floor":1,"key":"SMITH"},{"data":"RobotSpaceExplorer:Pulsar","floor":10,"key":"SMITH"},{"data":"RobotSpaceExplorer:PowerCollector","floor":13,"key":"SMITH"},{"floor":18,"key":"RECALL"},{"data":"Apotheosis","floor":23,"key":"SMITH"},{"data":"ReplayTheSpireMod:Private Reserves","floor":27,"key":"SMITH"},{"data":"RobotSpaceExplorer:Accelerator","floor":30,"key":"SMITH"},{"data":"RobotSpaceExplorer:Arsenal","floor":35,"key":"SMITH"},{"data":"RobotSpaceExplorer:MiniBoosters","floor":40,"key":"SMITH"}],"circlet_count":0,"master_deck":["RobotSpaceExplorer:Strike","RobotSpaceExplorer:Strike","RobotSpaceExplorer:Strike","RobotSpaceExplorer:Defend","RobotSpaceExplorer:Defend","RobotSpaceExplorer:Defend","RobotSpaceExplorer:Defend","RobotSpaceExplorer:Scan","RobotSpaceExplorer:MiniLasers+1","AT_Desolate","RobotSpaceExplorer:Calculate+1","RobotSpaceExplorer:Ammunition","RobotSpaceExplorer:Ammunition","RobotSpaceExplorer:ScrapToss","RobotSpaceExplorer:Pulsar+1","RobotSpaceExplorer:ImprovisedAttack","RobotSpaceExplorer:PowerCollector+1","RobotSpaceExplorer:DroneSwarm","RobotSpaceExplorer:SwiftStep","RobotSpaceExplorer:Accelerator+1","RobotSpaceExplorer:FreezeRay","RobotSpaceExplorer:Probe","RobotSpaceExplorer:MiniDrones","RobotSpaceExplorer:Counterblock+1","Apotheosis+1","ReplayTheSpireMod:Private Reserves+1","RobotSpaceExplorer:PowerCollector+1","RobotSpaceExplorer:SwiftStep+1","RobotSpaceExplorer:StarDust","RobotSpaceExplorer:PlasmaMissile+1","RobotSpaceExplorer:Arsenal+1","RobotSpaceExplorer:ScrapMissile+1","RobotSpaceExplorer:Discharger+1","RobotSpaceExplorer:FranticSearch+1","RobotSpaceExplorer:MiniBoosters+1","RobotSpaceExplorer:SelfCleaning","expansioncontent:DecasProtection","RobotSpaceExplorer:StunGrenade+1","RobotSpaceExplorer:MiniBoosters"],"relics":["RobotSpaceExplorer:TurboCore","AT_ATBox","downfall:HeartsMalice","Anchor","AT_GuinsooRageblade","aspiration:HatOfInfinitePower","Nunchaku","AT_GoldPhoenixTree","downfall:HeartBlessingGreen","AT_MibuBalloonWealth","ReplayTheSpireMod:ShopPack","InkBottle","Singing Bowl","downfall:HeartBlessingRed","ReplayTheSpireMod:CursedCoin","Durian","Quantum Egg","vexMod:CursedCompass","Shuriken","RobotSpaceExplorer:FoglandsKnife","AT_TheCollector"],"acts_visited":["Exordium","TheCity","TheBeyond"],"potions_floor_usage":[14,16,22,33,33,50],"damage_taken":[{"damage":0,"enemies":"Jaw Worm","floor":2,"turns":1},{"damage":0,"enemies":"conspire:RoseBush","floor":3,"turns":1},{"damage":0,"enemies":"downfall:FleeingMerchant","floor":5,"turns":1},{"damage":2,"enemies":"Small Slimes","floor":6,"turns":4},{"damage":18,"enemies":"3 Sentries","floor":9,"turns":7},{"damage":0,"enemies":"conspire:2 RoseBushes","floor":11,"turns":5},{"damage":6,"enemies":"Replay:BlueRogue","floor":12,"turns":5},{"damage":0,"enemies":"Gremlin Nob","floor":14,"turns":2},{"damage":0,"enemies":"Blue Slaver","floor":15,"turns":2},{"damage":17,"enemies":"downfall:Ironclad","floor":16,"turns":6},{"damage":0,"enemies":"Spheric Guardian","floor":19,"turns":3},{"damage":0,"enemies":"3 Byrds","floor":20,"turns":4},{"damage":0,"enemies":"downfall:FleeingMerchant","floor":22,"turns":4},{"damage":0,"enemies":"Replay:Snechameleon","floor":26,"turns":3},{"damage":0,"enemies":"downfall:FleeingMerchant","floor":28,"turns":3},{"damage":0,"enemies":"3 Cultists","floor":29,"turns":3},{"damage":0,"enemies":"conspire:Head Lice","floor":31,"turns":4},{"damage":0,"enemies":"Sentry and Sphere","floor":32,"turns":3},{"damage":0,"enemies":"downfall:Defect","floor":33,"turns":4},{"damage":0,"enemies":"Orb Walker","floor":36,"turns":2},{"damage":0,"enemies":"3 Darklings","floor":37,"turns":3},{"damage":0,"enemies":"Sphere and 2 Shapes","floor":38,"turns":2},{"damage":0,"enemies":"conspire:MimicChest","floor":42,"turns":3},{"damage":17,"enemies":"Jaw Worm Horde","floor":44,"turns":3},{"damage":0,"enemies":"4 Shapes","floor":45,"turns":3},{"damage":0,"enemies":"Maw","floor":47,"turns":5},{"damage":0,"enemies":"3 Darklings","floor":48,"turns":3},{"damage":0,"enemies":"Transient","floor":49,"turns":4},{"damage":3,"enemies":"downfall:Silent","floor":50,"turns":3}],"seed_played":"983351660407128994","potions_obtained":[{"floor":6,"key":"Swift Potion"},{"floor":11,"key":"AttackPotion"},{"floor":12,"key":"Explosive Potion"},{"floor":14,"key":"BlessingOfTheForge"},{"floor":19,"key":"SteroidPotion"},{"floor":26,"key":"Swift Potion"},{"floor":29,"key":"SkillPotion"},{"floor":36,"key":"Block Potion"},{"floor":48,"key":"DuplicationPotion"}],"is_trial":false,"path_per_floor":["R","M","M","?","$","M","T","?","E","R","M","E","R","E","M","B",null,"R","M","M","?","$","R","T","?","E","R","$","M","R","E","M","B",null,"R","M","M","M","$","R","T","?","?","M","M","?","M","M","M","B",null],"character_chosen":"RobotSpaceExplorer","items_purchased":["AT_MibuBalloonWealth","ReplayTheSpireMod:ShopPack","ReplayTheSpireMod:CursedCoin","RobotSpaceExplorer:StarDust","Durian","RobotSpaceExplorer:MiniBoosters","Shuriken","RobotSpaceExplorer:FoglandsKnife"],"campfire_rested":0,"item_purchase_floors":[22,22,28,28,28,39,39,39],"current_hp_per_floor":[75,75,75,75,75,73,73,73,55,55,55,49,49,49,49,32,75,75,75,75,55,55,55,55,55,55,55,60,62,62,64,64,64,84,84,84,84,84,84,84,84,84,84,67,69,69,69,71,73,70],"gold":844,"neow_bonus":"THREE_ENEMY_KILL","is_daily":false,"chose_seed":false,"campfire_upgraded":8,"win_rate":0.0,"timestamp":1609670851,"path_taken":["R","M","M","?","$","M","T","?","E","R","M","E","R","E","M","BOSS","R","M","M","?","$","R","T","?","E","R","$","M","R","E","M","BOSS","R","M","M","M","$","R","T","?","?","M","M","?","M","M","M","BOSS"],"items_purchased_type":["Relic","Relic","Relic","Card","Relic","Card","Relic","Relic"],"build_version":"2020-12-22","purchased_purges":3,"victory":true,"max_hp_per_floor":[75,75,75,75,75,75,75,75,75,75,75,75,75,75,75,75,75,75,75,75,75,75,75,75,75,75,75,80,82,82,84,84,84,84,84,84,84,84,84,84,84,84,84,84,86,86,86,88,90,90],"relic_stats":{"Nunchaku":[13],"Singing Bowl":10,"counters":[29,93],"Shuriken":[3],"obtain_stats":[{"AT_ATBox":0,"Singing Bowl":26,"downfall:HeartBlessingRed":27,"ReplayTheSpireMod:CursedCoin":28,"AT_MibuBalloonWealth":22,"Quantum Egg":31,"AT_GoldPhoenixTree":14,"RobotSpaceExplorer:RoboCore":0,"downfall:HeartsMalice":0,"downfall:HeartBlessingGreen":18,"RobotSpaceExplorer:TurboCore":17,"RobotSpaceExplorer:FoglandsKnife":39,"Anchor":4,"Nunchaku":12,"Shuriken":39,"AT_TheCollector":42,"Durian":28,"vexMod:CursedCompass":34,"AT_GuinsooRageblade":7,"aspiration:HatOfInfinitePower":9,"InkBottle":24,"ReplayTheSpireMod:ShopPack":22},{"AT_ATBox":0,"Singing Bowl":14,"downfall:HeartBlessingRed":14,"ReplayTheSpireMod:CursedCoin":15,"AT_MibuBalloonWealth":13,"Quantum Egg":17,"AT_GoldPhoenixTree":8,"RobotSpaceExplorer:RoboCore":0,"downfall:HeartsMalice":0,"downfall:HeartBlessingGreen":10,"RobotSpaceExplorer:TurboCore":10,"RobotSpaceExplorer:FoglandsKnife":22,"Anchor":2,"Nunchaku":7,"Shuriken":22,"AT_TheCollector":23,"Durian":15,"vexMod:CursedCompass":19,"AT_GuinsooRageblade":4,"aspiration:HatOfInfinitePower":5,"InkBottle":13,"ReplayTheSpireMod:ShopPack":13},{"AT_ATBox":0,"Singing Bowl":45,"downfall:HeartBlessingRed":45,"ReplayTheSpireMod:CursedCoin":48,"AT_MibuBalloonWealth":42,"Quantum Egg":55,"AT_GoldPhoenixTree":23,"RobotSpaceExplorer:RoboCore":0,"downfall:HeartsMalice":0,"downfall:HeartBlessingGreen":31,"RobotSpaceExplorer:TurboCore":31,"RobotSpaceExplorer:FoglandsKnife":69,"Anchor":0,"Nunchaku":21,"Shuriken":69,"AT_TheCollector":72,"Durian":48,"vexMod:CursedCompass":62,"AT_GuinsooRageblade":4,"aspiration:HatOfInfinitePower":11,"InkBottle":42,"ReplayTheSpireMod:ShopPack":42}],"InkBottle":[28]},"card_choices":[{"not_picked":["RobotSpaceExplorer:PlasmaMissile","RobotSpaceExplorer:FranticSearch"],"picked":"RobotSpaceExplorer:Calculate","floor":2},{"not_picked":["RobotSpaceExplorer:Probe","RobotSpaceExplorer:ImprovisedAttack"],"picked":"RobotSpaceExplorer:Ammunition","floor":3},{"not_picked":["RobotSpaceExplorer:FrostMissile","RobotSpaceExplorer:BlastShield"],"picked":"RobotSpaceExplorer:Ammunition","floor":5},{"not_picked":["RobotSpaceExplorer:StunGrenade","RobotSpaceExplorer:Smokescreen"],"picked":"RobotSpaceExplorer:ScrapToss","floor":6},{"not_picked":["RobotSpaceExplorer:Probe","RobotSpaceExplorer:FrostMissile"],"picked":"RobotSpaceExplorer:Pulsar","floor":9},{"not_picked":["RobotSpaceExplorer:Electroshield","RobotSpaceExplorer:ShovelStrike"],"picked":"RobotSpaceExplorer:ImprovisedAttack","floor":11},{"not_picked":["RobotSpaceExplorer:ChargingLaser","RobotSpaceExplorer:Probe"],"picked":"RobotSpaceExplorer:PowerCollector","floor":12},{"not_picked":["RobotSpaceExplorer:FrostMissile","RobotSpaceExplorer:SurgingShield"],"picked":"RobotSpaceExplorer:DroneSwarm","floor":14},{"not_picked":["RobotSpaceExplorer:BigMissile","RobotSpaceExplorer:Pulsar"],"picked":"RobotSpaceExplorer:SwiftStep","floor":15},{"not_picked":["RobotSpaceExplorer:Exploration","RobotSpaceExplorer:BlastShield"],"picked":"RobotSpaceExplorer:Accelerator","floor":16},{"not_picked":["RobotSpaceExplorer:ImprovisedAttack+1","RobotSpaceExplorer:SurgingStrike","RobotSpaceExplorer:GlueSpray+1"],"picked":"SKIP","floor":19},{"not_picked":["RobotSpaceExplorer:SlimeMissile","RobotSpaceExplorer:TurboDodge","RobotSpaceExplorer:MakeshiftVolley"],"picked":"SKIP","floor":20},{"not_picked":["RobotSpaceExplorer:SlimeMissile+1","RobotSpaceExplorer:Counterblock"],"picked":"RobotSpaceExplorer:FreezeRay","floor":21},{"not_picked":["RobotSpaceExplorer:GlueSpray","RobotSpaceExplorer:Reload+1"],"picked":"RobotSpaceExplorer:Probe","floor":21},{"not_picked":["RobotSpaceExplorer:FranticSearch","RobotSpaceExplorer:Ammunition"],"picked":"RobotSpaceExplorer:MiniDrones","floor":21},{"not_picked":["RobotSpaceExplorer:Pulsar","RobotSpaceExplorer:ShockKick"],"picked":"RobotSpaceExplorer:Counterblock+1","floor":22},{"not_picked":["Mayhem","HandOfGreed"],"picked":"Apotheosis","floor":22},{"not_picked":["expansioncontent:DecasProtection","expansioncontent:ChargeUp"],"picked":"ReplayTheSpireMod:Private Reserves","floor":22},{"not_picked":["RobotSpaceExplorer:SwiftStep","RobotSpaceExplorer:ScrapMissile"],"picked":"RobotSpaceExplorer:PowerCollector+1","floor":26},{"not_picked":["RobotSpaceExplorer:BigMissile","RobotSpaceExplorer:Pulsar+1"],"picked":"RobotSpaceExplorer:SwiftStep+1","floor":28},{"not_picked":["RobotSpaceExplorer:StunGrenade","RobotSpaceExplorer:FranticSearch","RobotSpaceExplorer:Probe"],"picked":"Singing Bowl","floor":29},{"not_picked":["RobotSpaceExplorer:ShockMissile","RobotSpaceExplorer:SlimeMissile","RobotSpaceExplorer:LaserBurst"],"picked":"Singing Bowl","floor":31},{"not_picked":["RobotSpaceExplorer:MakeshiftVolley","RobotSpaceExplorer:Discharger"],"picked":"RobotSpaceExplorer:PlasmaMissile+1","floor":32},{"not_picked":["RobotSpaceExplorer:Exploration","RobotSpaceExplorer:HighVoltage"],"picked":"RobotSpaceExplorer:Arsenal","floor":33},{"not_picked":["RobotSpaceExplorer:ExhaustFan","RobotSpaceExplorer:Counterblock"],"picked":"RobotSpaceExplorer:ScrapMissile+1","floor":36},{"not_picked":["RobotSpaceExplorer:ExhaustFan+1","RobotSpaceExplorer:SlimeMissile+1"],"picked":"RobotSpaceExplorer:Discharger+1","floor":37},{"not_picked":["RobotSpaceExplorer:Counterblock+1","RobotSpaceExplorer:SwiftStep"],"picked":"RobotSpaceExplorer:FranticSearch+1","floor":38},{"not_picked":["RobotSpaceExplorer:PlasmaMissile+1","RobotSpaceExplorer:MiniDrones+1"],"picked":"RobotSpaceExplorer:SelfCleaning","floor":42},{"not_picked":["expansioncontent:SuperHexaguard","expansioncontent:ManipulateTime"],"picked":"expansioncontent:DecasProtection","floor":43},{"not_picked":["RobotSpaceExplorer:MetalStrike+1","RobotSpaceExplorer:TurboDodge"],"picked":"RobotSpaceExplorer:StunGrenade+1","floor":44},{"not_picked":["RobotSpaceExplorer:GearShield+1","RobotSpaceExplorer:ShovelStrike","RobotSpaceExplorer:SlimeMissile+1"],"picked":"Singing Bowl","floor":45},{"not_picked":["RobotSpaceExplorer:MiniDrones","RobotSpaceExplorer:ShovelStrike+1"],"picked":"RobotSpaceExplorer:MiniBoosters","floor":47},{"not_picked":["RobotSpaceExplorer:FrostMissile+1","RobotSpaceExplorer:FranticSearch+1","RobotSpaceExplorer:RigExplosive"],"picked":"Singing Bowl","floor":48},{"not_picked":["RobotSpaceExplorer:Pulsar+1","RobotSpaceExplorer:Smokescreen","RobotSpaceExplorer:SwiftStep"],"picked":"Singing Bowl","floor":49}],"player_experience":215865,"relics_obtained":[{"floor":7,"key":"AT_GuinsooRageblade"},{"floor":9,"key":"aspiration:HatOfInfinitePower"},{"floor":12,"key":"Nunchaku"},{"floor":14,"key":"AT_GoldPhoenixTree"},{"floor":24,"key":"InkBottle"},{"floor":26,"key":"Singing Bowl"},{"floor":31,"key":"Quantum Egg"},{"floor":42,"key":"AT_TheCollector"}],"event_choices":[{"damage_healed":0,"gold_gain":0,"player_choice":"Box","damage_taken":0,"relics_obtained":["Anchor"],"max_hp_gain":0,"max_hp_loss":0,"event_name":"Big Fish","floor":4,"gold_loss":0,"cards_obtained":["Regret"]},{"damage_healed":0,"gold_gain":0,"player_choice":"Forge","damage_taken":0,"max_hp_gain":0,"max_hp_loss":0,"event_name":"Accursed Blacksmith","floor":8,"gold_loss":0,"cards_upgraded":["RobotSpaceExplorer:Calculate"]},{"damage_healed":0,"gold_gain":0,"player_choice":"Leave","damage_taken":0,"max_hp_gain":0,"max_hp_loss":0,"event_name":"conspire:Investor","floor":25,"gold_loss":0},{"cards_removed":["RobotSpaceExplorer:Strike"],"damage_healed":0,"gold_gain":0,"player_choice":"Card Removal","damage_taken":0,"max_hp_gain":0,"max_hp_loss":0,"event_name":"Wheel of Change","floor":46,"gold_loss":0}],"is_beta":false,"boss_relics":[{"not_picked":["conspire:SpecialSausage","vexMod:EndlessSickness"],"picked":"RobotSpaceExplorer:TurboCore"},{"not_picked":["Replay:Grab Bag","aspiration:SilentSkillbook"],"picked":"vexMod:CursedCompass"}],"items_purged_floors":[5,28,39],"is_endless":false,"potions_floor_spawned":[6,11,12,14,19,26,29,31,32,36,44,48,49],"ascension_level":1}}