{"host":"lpogke4cwz8zw1ju","time":1609707489,"event":{"mods":["Always Whale","BaseMod","Minty Spire (QoL Compilation)","Permanent Neow"],"gold_per_floor":[118,118,118,64,139,139,163,197,197,220,220,220,239,113,113,239,239,259,280,280,280,23,62,75,75,120,120,139,482,507,532,532,532,532],"floor_reached":33,"playtime":1568,"items_purged":["Defend_P","Defend_P"],"score":283,"play_id":"5ccbc14b-cb72-4866-8cb4-409f0afcd085","local_time":"20210103215809","is_ascension_mode":false,"campfire_choices":[{"floor":6,"key":"REST"},{"floor":12,"key":"REST"},{"floor":15,"key":"REST"},{"floor":25,"key":"REST"},{"data":"Tantrum","floor":27,"key":"SMITH"},{"floor":32,"key":"REST"}],"circlet_count":0,"master_deck":["Strike_P","Strike_P+1","Strike_P+1","Defend_P+1","Defend_P","Eruption+1","Vigilance","Tantrum+1","CutThroughFate","FlyingSleeves","FlurryOfBlows","FlurryOfBlows","FollowUp","Halt+1","DeusExMachina","Indignation+1","InnerPeace","EmptyMind","Flash of Steel","Crescendo+1","CutThroughFate","FollowUp","Halt","FollowUp+1"],"relics":["PureWater","Regal Pillow","Golden Idol","Tiny Chest","Bag of Marbles","Black Star","MutagenicStrength","Strawberry","War Paint","Pen Nib","Happy Flower","Old Coin","Potion Belt"],"acts_visited":["Exordium","TheCity"],"potions_floor_usage":[13,16,23,33],"damage_taken":[{"damage":10,"enemies":"Jaw Worm","floor":1,"turns":3},{"damage":0,"enemies":"Small Slimes","floor":7,"turns":2},{"damage":36,"enemies":"Lagavulin","floor":8,"turns":5},{"damage":0,"enemies":"2 Louse","floor":10,"turns":1},{"damage":0,"enemies":"Gremlin Gang","floor":13,"turns":3},{"damage":63,"enemies":"Hexaghost","floor":16,"turns":9},{"damage":0,"enemies":"Spheric Guardian","floor":18,"turns":1},{"damage":20,"enemies":"3 Byrds","floor":19,"turns":4},{"damage":20,"enemies":"Slavers","floor":23,"turns":2},{"damage":0,"enemies":"Snecko","floor":24,"turns":2},{"damage":2,"enemies":"Sentry and Sphere","floor":28,"turns":3},{"damage":34,"enemies":"Book of Stabbing","floor":29,"turns":3},{"damage":0,"enemies":"Centurion and Healer","floor":31,"turns":3},{"damage":79,"enemies":"Champ","floor":33,"turns":6}],"seed_played":"9097803441739077154","potions_obtained":[{"floor":7,"key":"Explosive Potion"},{"floor":13,"key":"Energy Potion"},{"floor":16,"key":"SmokeBomb"},{"floor":18,"key":"EssenceOfSteel"},{"floor":31,"key":"AttackPotion"}],"is_trial":false,"path_per_floor":["M","?","?","$","?","R","M","E","T","M","?","R","M","$","R","B",null,"M","M","?","?","$","E","M","R","T","R","M","E","T","M","R","B"],"character_chosen":"WATCHER","items_purchased":["CutThroughFate","Halt","EmptyMind","Flash of Steel"],"campfire_rested":5,"item_purchase_floors":[4,14,22,22],"current_hp_per_floor":[62,55,37,37,26,62,62,26,26,26,12,48,48,48,72,9,72,72,52,52,52,52,39,39,77,77,77,75,41,41,41,79,0,0],"gold":532,"neow_bonus":"UPGRADE_CARD","is_daily":false,"chose_seed":false,"campfire_upgraded":1,"win_rate":0.0,"timestamp":1609707489,"path_taken":["M","?","?","$","?","R","?","E","T","M","?","R","M","$","R","BOSS","M","M","?","?","$","E","M","R","T","R","M","E","?","M","R","BOSS"],"items_purchased_type":["Card","Card","Card","Card"],"build_version":"2020-12-22","purchased_purges":2,"victory":false,"max_hp_per_floor":[72,72,72,72,72,72,72,72,72,72,72,72,72,72,72,72,72,72,72,72,72,72,79,79,79,79,79,79,79,79,79,79,79,79],"card_choices":[{"not_picked":["SashWhip","FlyingSleeves"],"picked":"Tantrum","floor":1},{"not_picked":["Halt","EmptyBody"],"picked":"FlyingSleeves","floor":7},{"not_picked":["Tantrum","Weave"],"picked":"FlurryOfBlows","floor":8},{"not_picked":["Protect","Nirvana"],"picked":"FlurryOfBlows","floor":10},{"not_picked":["Consecrate","Swivel"],"picked":"FollowUp","floor":13},{"not_picked":["Omniscience","MasterReality"],"picked":"DeusExMachina","floor":16},{"not_picked":["Weave","BattleHymn"],"picked":"Indignation+1","floor":18},{"not_picked":["Protect","WreathOfFlame","Evaluate"],"picked":"SKIP","floor":19},{"not_picked":["Conclude","Protect+1"],"picked":"Crescendo+1","floor":23},{"not_picked":["Study","WheelKick+1"],"picked":"CutThroughFate","floor":24},{"not_picked":["Nirvana","FlurryOfBlows"],"picked":"FollowUp","floor":28},{"not_picked":["Nirvana","Omniscience"],"picked":"Halt","floor":29},{"not_picked":["ClearTheMind","Tantrum"],"picked":"FollowUp+1","floor":31}],"player_experience":138444,"relics_obtained":[{"floor":8,"key":"Tiny Chest"},{"floor":9,"key":"Bag of Marbles"},{"floor":23,"key":"Strawberry"},{"floor":23,"key":"War Paint"},{"floor":26,"key":"Pen Nib"},{"floor":29,"key":"Happy Flower"},{"floor":29,"key":"Old Coin"},{"floor":30,"key":"Potion Belt"}],"event_choices":[{"damage_healed":0,"gold_gain":0,"player_choice":"Success","damage_taken":7,"relics_obtained":["Regal Pillow"],"max_hp_gain":0,"max_hp_loss":0,"event_name":"Scrap Ooze","floor":2,"gold_loss":0},{"damage_healed":0,"gold_gain":0,"player_choice":"Take Damage","damage_taken":18,"relics_obtained":["Golden Idol"],"max_hp_gain":0,"max_hp_loss":0,"event_name":"Golden Idol","floor":3,"gold_loss":0},{"damage_healed":0,"gold_gain":75,"player_choice":"Gather Gold","damage_taken":11,"max_hp_gain":0,"max_hp_loss":0,"event_name":"World of Goop","floor":5,"gold_loss":0},{"damage_healed":0,"gold_gain":0,"player_choice":"Entered Light","damage_taken":14,"max_hp_gain":0,"max_hp_loss":0,"event_name":"Shining Light","floor":11,"gold_loss":0,"cards_upgraded":["Strike_P","Strike_P"]},{"damage_healed":0,"gold_gain":0,"player_choice":"Inject Mutagens","damage_taken":0,"relics_obtained":["MutagenicStrength"],"max_hp_gain":0,"max_hp_loss":0,"event_name":"Drug Dealer","floor":20,"gold_loss":0},{"damage_healed":0,"gold_gain":0,"cards_transformed":["Strike_P"],"player_choice":"Transformed","damage_taken":0,"max_hp_gain":0,"max_hp_loss":0,"event_name":"Transmorgrifier","floor":21,"gold_loss":0,"cards_obtained":["InnerPeace"]}],"is_beta":false,"boss_relics":[{"not_picked":["Busted Crown","Pandora\u0027s Box"],"picked":"Black Star"}],"items_purged_floors":[14,22],"is_endless":false,"potions_floor_spawned":[7,13,16,18,31],"killed_by":"Champ","ascension_level":0}}