{"host":"g01l53quoe6lrer0","time":1609653077,"event":{"mods":["2.2 Compatiblity","AchievementEnabler","BaseMod","Colored Map","Highlight Path","Keyboard Shortcuts","Minty Spire (QoL Compilation)","Permanent Neow","Quick Restart","StSLib","SuperFastMode","everything is the same but u backflip on backflip"],"gold_per_floor":[111,122,134,134,149,149,177,5,5,5,17,17,51,51,51,153,153,166,91,91,101,118,118,83,83,136,136,156,156,156,171,171,273,273,285,285,285,285,285],"floor_reached":38,"playtime":1265,"items_purged":["Strike_G"],"score":608,"play_id":"1a453af4-a365-45b5-9eab-8d6872edb63c","local_time":"20210103145117","is_ascension_mode":true,"campfire_choices":[{"data":"Neutralize","floor":6.0,"key":"SMITH"},{"data":"A Thousand Cuts","floor":10,"key":"SMITH"},{"data":"Footwork","floor":15,"key":"SMITH"},{"data":"Burst","floor":23,"key":"SMITH"},{"data":"Infinite Blades","floor":25,"key":"SMITH"},{"data":"Footwork","floor":27,"key":"SMITH"},{"data":"Blade Dance","floor":29,"key":"SMITH"},{"data":"Blade Dance","floor":32,"key":"SMITH"}],"circlet_count":0,"master_deck":["Strike_G+1","Defend_G","Defend_G","Defend_G","Survivor+1","Neutralize+1","PiercingWail+1","Endless Agony+1","Blade Dance+1","Footwork+1","A Thousand Cuts+1","Footwork+1","Blade Dance+1","Masterful Stab","Burst+1","Backstab","Prepared+1","Infinite Blades+1","Adrenaline","Backstab+1","Deflect+1","Tools of the Trade+1","Riddle With Holes+1"],"relics":["WristBlade","Tough Bandages","Eternal Feather","Pantograph","Runic Pyramid","Whetstone","Astrolabe"],"acts_visited":["Exordium","TheCity","TheBeyond"],"potions_floor_usage":[7,16,31,33,35,35],"damage_taken":[{"damage":2.0,"enemies":"2 Louse","floor":1.0,"turns":4.0},{"damage":0.0,"enemies":"Cultist","floor":2.0,"turns":4.0},{"damage":0.0,"enemies":"Small Slimes","floor":3.0,"turns":3.0},{"damage":3.0,"enemies":"Blue Slaver","floor":5.0,"turns":4.0},{"damage":23,"enemies":"Gremlin Nob","floor":7,"turns":5},{"damage":0,"enemies":"2 Fungi Beasts","floor":11,"turns":3},{"damage":0,"enemies":"Lagavulin","floor":13,"turns":6},{"damage":0,"enemies":"Slime Boss","floor":16,"turns":4},{"damage":2,"enemies":"Shell Parasite","floor":18,"turns":5},{"damage":0,"enemies":"Chosen","floor":21,"turns":3},{"damage":15,"enemies":"Snecko","floor":22,"turns":8},{"damage":21,"enemies":"Centurion and Healer","floor":28,"turns":4},{"damage":8,"enemies":"Shelled Parasite and Fungi","floor":31,"turns":5},{"damage":0,"enemies":"Champ","floor":33,"turns":9},{"damage":57,"enemies":"3 Shapes","floor":35,"turns":4},{"damage":0,"enemies":"3 Darklings","floor":38,"turns":1}],"seed_played":"-6352349842796603588","potions_obtained":[{"floor":3.0,"key":"Block Potion"},{"floor":7,"key":"PowerPotion"},{"floor":13,"key":"CunningPotion"},{"floor":16,"key":"PowerPotion"},{"floor":20,"key":"CultistPotion"},{"floor":28,"key":"SteroidPotion"},{"floor":33,"key":"SteroidPotion"}],"is_trial":false,"path_per_floor":["M","M","M","?","M","R","E","$","T","R","M","?","E","?","R","B",null,"M","?","?","M","M","R","$","R","T","R","M","R","?","M","R","B",null,"M","?","?","M"],"character_chosen":"THE_SILENT","items_purchased":["Footwork","Blade Dance","Infinite Blades"],"campfire_rested":0,"item_purchase_floors":[8,8,24],"current_hp_per_floor":[68,68,68,68,65,65,42,42,42,51,51,51,51,37,46,70,70,68,68,68,68,53,65,65,70,70,70,49,61,48,40,52,75,75,18,66,66,66,66],"gold":285,"neow_bonus":"BOSS_RELIC","is_daily":false,"chose_seed":false,"campfire_upgraded":8,"win_rate":0.0,"timestamp":1609653077,"path_taken":["M","M","M","?","?","R","E","$","T","R","M","?","E","?","R","BOSS","M","?","?","?","M","R","$","R","T","R","M","R","?","M","R","BOSS","M","?","?","?"],"items_purchased_type":["Card","Card","Card"],"build_version":"2020-12-22","purchased_purges":1,"victory":false,"max_hp_per_floor":[70,70,70,70,70,70,70,70,70,70,70,70,70,70,70,70,70,70,70,70,70,70,70,70,70,70,70,70,70,75,75,75,75,75,75,66,66,66,66],"card_choices":[{"not_picked":["Prepared","Expertise"],"picked":"PiercingWail","floor":1.0},{"not_picked":["Deflect","Dagger Throw"],"picked":"Endless Agony","floor":2.0},{"not_picked":["Deadly Poison","Deflect"],"picked":"Blade Dance","floor":3.0},{"not_picked":["Poisoned Stab","Backflip"],"picked":"Footwork","floor":5.0},{"not_picked":["Quick Slash","Sucker Punch"],"picked":"A Thousand Cuts","floor":7},{"not_picked":["PiercingWail","Flying Knee","Dodge and Roll"],"picked":"SKIP","floor":11},{"not_picked":["Poisoned Stab","All Out Attack"],"picked":"Masterful Stab","floor":13},{"not_picked":["Bullet Time","A Thousand Cuts"],"picked":"Burst","floor":16},{"not_picked":["Poisoned Stab","Quick Slash","Flying Knee+1"],"picked":"SKIP","floor":18},{"not_picked":["Terror","Underhanded Strike+1"],"picked":"Backstab","floor":21},{"not_picked":["Deadly Poison","Quick Slash+1"],"picked":"Prepared+1","floor":22},{"not_picked":["Quick Slash","Skewer","Caltrops"],"picked":"SKIP","floor":28},{"not_picked":["Endless Agony","Underhanded Strike","Deadly Poison"],"picked":"SKIP","floor":31},{"not_picked":["Doppelganger","Wraith Form v2"],"picked":"Adrenaline","floor":33},{"not_picked":["Tactician+1","Blade Dance+1"],"picked":"Riddle With Holes+1","floor":35}],"player_experience":43513,"relics_obtained":[{"floor":7,"key":"Tough Bandages"},{"floor":9,"key":"Eternal Feather"},{"floor":13,"key":"Pantograph"},{"floor":26,"key":"Whetstone"}],"event_choices":[{"cards_removed":["Strike_G"],"damage_healed":0.0,"max_hp_gain":0.0,"max_hp_loss":0.0,"gold_gain":0.0,"event_name":"Purifier","player_choice":"Purged","floor":4.0,"gold_loss":0.0,"damage_taken":0.0},{"damage_healed":0,"gold_gain":0,"player_choice":"Ignored","damage_taken":0,"max_hp_gain":0,"max_hp_loss":0,"event_name":"Liars Game","floor":12,"gold_loss":0},{"damage_healed":0,"gold_gain":0,"player_choice":"Entered Light","damage_taken":14,"max_hp_gain":0,"max_hp_loss":0,"event_name":"Shining Light","floor":14,"gold_loss":0,"cards_upgraded":["Survivor","PiercingWail"]},{"cards_removed":["Strike_G"],"damage_healed":0,"gold_gain":0,"player_choice":"Gave Gold","damage_taken":0,"max_hp_gain":0,"max_hp_loss":0,"event_name":"Beggar","floor":19,"gold_loss":75},{"damage_healed":0,"gold_gain":0,"player_choice":"Got Potions","damage_taken":0,"max_hp_gain":0,"max_hp_loss":0,"event_name":"Lab","floor":20,"gold_loss":0},{"damage_healed":0,"gold_gain":0,"player_choice":"Shed Blood","damage_taken":18,"max_hp_gain":5,"max_hp_loss":0,"event_name":"Forgotten Altar","floor":30,"gold_loss":0},{"damage_healed":66,"gold_gain":0,"player_choice":"Heal","damage_taken":0,"max_hp_gain":0,"max_hp_loss":9,"event_name":"The Moai Head","floor":36,"gold_loss":0},{"damage_healed":0,"gold_gain":0,"player_choice":"Ignored","damage_taken":0,"max_hp_gain":0,"max_hp_loss":0,"event_name":"Mysterious Sphere","floor":37,"gold_loss":0}],"is_beta":false,"boss_relics":[{"not_picked":["Fusion Hammer","Ectoplasm"],"picked":"Runic Pyramid"},{"not_picked":["Coffee Dripper","HoveringKite"],"picked":"Astrolabe"}],"items_purged_floors":[8],"is_endless":false,"potions_floor_spawned":[3,7,13,16,28,33],"killed_by":"3 Darklings","ascension_level":4}}