{"host":"a1u4jo6xlg3w0wsm","time":1609658428,"event":{"mods":["BaseMod","Better Third Choice","DeckTracker","Downfall","Hermit","Hubris","Minty Spire (QoL Compilation)","Replay The Spire","StSLib"],"gold_per_floor":[116,116,18,18,0,0,15,45,45,45,45,87,87,87,87,87,87],"floor_reached":16,"playtime":712,"items_purged":[],"score":120,"play_id":"e6ffcac7-600d-4207-a3e9-321935023b09","local_time":"20210103202028","is_ascension_mode":true,"campfire_choices":[{"data":"hermit:Determination","floor":6,"key":"SMITH"},{"floor":11,"key":"REST"},{"floor":15,"key":"REST"}],"circlet_count":0,"master_deck":["hermit:Strike_Hermit","hermit:Strike_Hermit","hermit:Strike_Hermit","hermit:Strike_Hermit","hermit:Defend_Hermit","hermit:Defend_Hermit","hermit:Defend_Hermit","hermit:Defend_Hermit","hermit:Snapshot","hermit:Covet","hermit:ShadowCloak+1","hermit:Showdown","hubris:Wrath","hermit:Determination+1","hermit:Glare","Caltrops","hermit:Maintenance","Doubt","hermit:SprayPray"],"relics":["hermit:Momento","hubris:DisguiseKit","hubris:Towel","Nunchaku","hubris:Spice","ReplayTheSpireMod:Ring of Challenge","Bronze Scales","hubris:CrystalStatue"],"acts_visited":["Exordium"],"potions_floor_usage":[8,16],"damage_taken":[{"damage":7,"enemies":"Small Slimes","floor":1,"turns":5},{"damage":14,"enemies":"2 Louse","floor":7,"turns":3},{"damage":39,"enemies":"Lagavulin","floor":8,"turns":7},{"damage":32,"enemies":"3 Sentries","floor":12,"turns":9},{"damage":21,"enemies":"The Guardian","floor":16,"turns":4}],"seed_played":"4991347287272606126","potions_obtained":[{"floor":1,"key":"Regen Potion"},{"floor":8,"key":"Toxic Potion"}],"is_trial":false,"path_per_floor":["M","?","$","?","?","R","M","E","T","?","R","E","?","?","R","B"],"character_chosen":"HERMIT","items_purchased":["hermit:Determination","hermit:Glare"],"campfire_rested":2,"item_purchase_floors":[3,3],"current_hp_per_floor":[68,68,68,68,68,68,54,30,38,38,62,30,30,18,42,21,21],"gold":87,"neow_bonus":"RANDOM_EVENT","is_daily":false,"chose_seed":false,"campfire_upgraded":1,"win_rate":0.0,"timestamp":1609658428,"path_taken":["M","?","$","?","?","R","?","E","T","?","R","E","?","?","R","BOSS"],"items_purchased_type":["Card","Card"],"build_version":"2020-12-13","purchased_purges":0,"victory":false,"max_hp_per_floor":[75,75,75,75,75,75,75,75,83,83,83,83,83,83,83,83,83],"card_choices":[{"not_picked":["hermit:Coalescence","hermit:FullyLoaded"],"picked":"hermit:Showdown","floor":1},{"not_picked":["hermit:OverwhelmingPower","hermit:LowProfile","hermit:Shortfuse"],"picked":"Caltrops","floor":7},{"not_picked":["hermit:TrackingShot","hermit:Enervate","Skewer"],"picked":"hermit:Maintenance","floor":8},{"not_picked":["hermit:Magnum","hermit:Vantage","ReplayTheSpireMod:From All Sides"],"picked":"hermit:SprayPray","floor":12}],"player_experience":288518,"relics_obtained":[{"floor":8,"key":"Nunchaku"},{"floor":9,"key":"hubris:Spice"},{"floor":10,"key":"ReplayTheSpireMod:Ring of Challenge"},{"floor":12,"key":"Bronze Scales"}],"event_choices":[{"damage_healed":0,"gold_gain":0,"player_choice":"Left","damage_taken":0,"max_hp_gain":0,"max_hp_loss":0,"event_name":"betterThird:BetterGoop","floor":5,"gold_loss":18},{"damage_healed":0,"gold_gain":0,"player_choice":"Relic ","damage_taken":12,"max_hp_gain":0,"max_hp_loss":0,"event_name":"betterThird:BetterScrap","floor":14,"gold_loss":0,"cards_obtained":["Eviscerate"]}],"is_beta":false,"boss_relics":[],"items_purged_floors":[],"is_endless":false,"potions_floor_spawned":[1,8],"killed_by":"The Guardian","ascension_level":3}}