{"host":"Fun","time":1609701885,"event":{"mods":["BaseMod","Colored Map","Filter the Spire","Minty Spire (QoL Compilation)","Relic Stats","StSLib"],"gold_per_floor":[114,125,140,159,177,177,203,7,7,36,36,64,74,74,74,205,205,219,233,133,157,157,157,196,196,196,232,232,331,331,354,354,485,485,500,110,126,141,37,71,89,89,89,132,0,0,0,31,31,31],"floor_reached":51,"playtime":2327,"items_purged":["Strike_P","Strike_P","Strike_P+1"],"score":1133,"play_id":"4c7162e0-44b9-4185-98f3-c64b58528b03","local_time":"20210103142445","is_ascension_mode":true,"campfire_choices":[{"data":"Eruption","floor":6.0,"key":"SMITH"},{"data":"LikeWater","floor":11.0,"key":"SMITH"},{"data":"Tantrum","floor":15,"key":"SMITH"},{"floor":23,"key":"REST"},{"data":"WaveOfTheHand","floor":25,"key":"SMITH"},{"data":"DeceiveReality","floor":28,"key":"SMITH"},{"floor":32,"key":"REST"},{"floor":42,"key":"REST"},{"data":"Fasting2","floor":47,"key":"SMITH"},{"floor":49,"key":"REST"}],"circlet_count":0,"master_deck":["Strike_P+1","Defend_P+1","Defend_P+1","Defend_P+1","Defend_P+1","Eruption+1","Vigilance+1","BattleHymn","FlurryOfBlows+1","WaveOfTheHand+1","FollowUp+1","BowlingBash+1","Tantrum+1","Evaluate","LikeWater+1","ClearTheMind","EmptyBody","DeceiveReality+1","LessonLearned+1","ThirdEye+1","Protect+1","Wallop+1","Establishment+1","TalkToTheHand+1","Adaptation","CutThroughFate+1","Halt+1","Fasting2+1","Meditate","TalkToTheHand+1","Meditate+1","Evaluate+1"],"relics":["PureWater","WarpedTongs","Omamori","Pantograph","Sundial","Odd Mushroom","Golden Idol","Cursed Key","Bottled Lightning","Thread and Needle","NlothsMask","Philosopher\u0027s Stone","PreservedInsect","Bronze Scales","Whetstone","Red Mask","Bag of Marbles"],"acts_visited":["Exordium","TheCity","TheBeyond"],"potions_floor_usage":[18,18,31,40,41,50,50,50],"damage_taken":[{"damage":0.0,"enemies":"Cultist","floor":1.0,"turns":3.0},{"damage":0.0,"enemies":"Jaw Worm","floor":2.0,"turns":4.0},{"damage":0.0,"enemies":"2 Louse","floor":3.0,"turns":2.0},{"damage":7.0,"enemies":"Exordium Wildlife","floor":4.0,"turns":3.0},{"damage":13.0,"enemies":"Blue Slaver","floor":5.0,"turns":3.0},{"damage":10.0,"enemies":"Gremlin Nob","floor":7.0,"turns":3.0},{"damage":12.0,"enemies":"Lagavulin","floor":10.0,"turns":6.0},{"damage":0,"enemies":"The Mushroom Lair","floor":12,"turns":3},{"damage":0,"enemies":"Large Slime","floor":13,"turns":3},{"damage":0,"enemies":"Slime Boss","floor":16,"turns":3},{"damage":5,"enemies":"Chosen","floor":18,"turns":6},{"damage":8,"enemies":"Shell Parasite","floor":19,"turns":8},{"damage":12,"enemies":"Snake Plant","floor":21,"turns":4},{"damage":16,"enemies":"Book of Stabbing","floor":24,"turns":9},{"damage":4,"enemies":"Gremlin Leader","floor":27,"turns":9},{"damage":16,"enemies":"Shelled Parasite and Fungi","floor":31,"turns":5},{"damage":3,"enemies":"Automaton","floor":33,"turns":9},{"damage":0,"enemies":"3 Darklings","floor":35,"turns":8},{"damage":0,"enemies":"3 Shapes","floor":37,"turns":9},{"damage":13,"enemies":"Maw","floor":38,"turns":10},{"damage":14,"enemies":"Nemesis","floor":40,"turns":5},{"damage":31,"enemies":"Writhing Mass","floor":41,"turns":6},{"damage":0,"enemies":"Giant Head","floor":44,"turns":6},{"damage":0,"enemies":"Nemesis","floor":48,"turns":7},{"damage":19,"enemies":"Time Eater","floor":50,"turns":9}],"seed_played":"-1522184115428592868","potions_obtained":[{"floor":3.0,"key":"SmokeBomb"},{"floor":4.0,"key":"Energy Potion"},{"floor":5.0,"key":"LiquidMemories"},{"floor":10.0,"key":"SkillPotion"},{"floor":21,"key":"Ancient Potion"},{"floor":27,"key":"Explosive Potion"},{"floor":33,"key":"Regen Potion"},{"floor":41,"key":"Weak Potion"},{"floor":46,"key":"PowerPotion"},{"floor":46,"key":"CultistPotion"}],"is_trial":false,"path_per_floor":["M","M","M","M","M","R","E","$","T","E","R","?","M","?","R","B",null,"M","M","$","M","?","R","E","R","T","E","R","?","?","M","R","B",null,"M","$","M","M","$","E","M","R","T","E","?","?","R","E","R","B",null],"character_chosen":"WATCHER","items_purchased":["LikeWater","ClearTheMind","PreservedInsect","Adaptation","CutThroughFate","Fasting2","Meditate"],"campfire_rested":4,"item_purchase_floors":[8,8,36,36,36,39,39],"current_hp_per_floor":[65,65,65,58,45,45,35,35,35,23,23,23,23,23,23,48,62,57,49,49,37,37,57,41,41,41,37,37,37,37,21,41,63,66,66,66,66,53,53,51,20,40,40,40,40,40,40,40,60,48],"gold":31,"neow_bonus":"THREE_CARDS","is_daily":false,"chose_seed":false,"campfire_upgraded":6,"win_rate":0.0,"timestamp":1609701885,"path_taken":["M","M","?","?","M","R","E","$","T","E","R","?","M","?","R","BOSS","M","M","$","M","?","R","E","R","T","E","R","?","?","?","R","BOSS","M","$","M","M","$","E","M","R","T","E","?","?","R","E","R","BOSS"],"items_purchased_type":["Card","Card","Relic","Card","Card","Card","Card"],"build_version":"2020-12-18","purchased_purges":3,"victory":true,"max_hp_per_floor":[72,72,72,72,72,72,72,72,72,72,72,72,72,67,67,67,67,67,67,67,67,67,67,67,67,67,67,67,67,67,67,67,67,67,67,67,67,67,67,67,67,67,67,67,67,67,67,67,67,67],"relic_stats":{"counters":[25,143],"Sundial":[12],"Golden Idol":142,"Pantograph":57,"Bronze Scales":[67],"PreservedInsect":219,"Whetstone":["LessonLearned"],"Cursed Key":0,"obtain_stats":[{"Golden Idol":14,"Thread and Needle":27,"PreservedInsect":36,"Omamori":7,"Whetstone":44,"Odd Mushroom":12,"Cursed Key":17,"WarpedTongs":0,"Sundial":10,"Pantograph":9,"Bronze Scales":40,"Philosopher\u0027s Stone":34,"Red Mask":45,"Bag of Marbles":48,"Bottled Lightning":24,"PureWater":0,"NlothsMask":30},{"Golden Idol":9,"Thread and Needle":15,"PreservedInsect":18,"Omamori":6,"Whetstone":23,"Odd Mushroom":8,"Cursed Key":10,"WarpedTongs":0,"Sundial":7,"Pantograph":6,"Bronze Scales":21,"Philosopher\u0027s Stone":17,"Red Mask":23,"Bag of Marbles":24,"Bottled Lightning":14,"PureWater":0,"NlothsMask":15},{"Golden Idol":30,"Thread and Needle":69,"PreservedInsect":91,"Omamori":18,"Whetstone":127,"Odd Mushroom":27,"Cursed Key":33,"WarpedTongs":0,"Sundial":24,"Pantograph":18,"Bronze Scales":115,"Philosopher\u0027s Stone":83,"Red Mask":127,"Bag of Marbles":134,"Bottled Lightning":60,"PureWater":0,"NlothsMask":69}],"WarpedTongs":[143]},"card_choices":[{"not_picked":["ThirdEye","Halt"],"picked":"BattleHymn","floor":0.0},{"not_picked":["Prostrate","JustLucky"],"picked":"FlurryOfBlows","floor":1.0},{"not_picked":["ReachHeaven","Vengeance"],"picked":"WaveOfTheHand","floor":2.0},{"not_picked":["Indignation","WreathOfFlame"],"picked":"FollowUp","floor":3.0},{"not_picked":["FollowUp","WreathOfFlame"],"picked":"BowlingBash","floor":4.0},{"not_picked":["FlyingSleeves","JustLucky"],"picked":"Tantrum","floor":5.0},{"not_picked":["ThirdEye","BattleHymn"],"picked":"Evaluate","floor":7.0},{"not_picked":["Adaptation","Worship"],"picked":"EmptyBody","floor":10.0},{"not_picked":["Evaluate","Prostrate"],"picked":"DeceiveReality","floor":13},{"not_picked":["Vault","Wish"],"picked":"LessonLearned","floor":16},{"not_picked":["BowlingBash","FlyingSleeves","WindmillStrike+1"],"picked":"SKIP","floor":18},{"not_picked":["EmptyMind","JustLucky"],"picked":"ThirdEye+1","floor":19},{"not_picked":["EmptyBody","Evaluate","ForeignInfluence"],"picked":"SKIP","floor":21},{"not_picked":["BowlingBash","Nirvana","CarveReality+1"],"picked":"SKIP","floor":24},{"not_picked":["CrushJoints","MentalFortress"],"picked":"Protect","floor":27},{"not_picked":["Halt","Blasphemy"],"picked":"Wallop","floor":31},{"not_picked":["Omniscience","DeusExMachina"],"picked":"Establishment","floor":33},{"not_picked":["ClearTheMind","Evaluate"],"picked":"TalkToTheHand+1","floor":35},{"not_picked":["PathToVictory","Perseverance"],"picked":"Halt+1","floor":37},{"not_picked":["BowlingBash+1","EmptyFist+1","FlurryOfBlows+1"],"picked":"SKIP","floor":38},{"not_picked":["PathToVictory","MentalFortress"],"picked":"TalkToTheHand+1","floor":40},{"not_picked":["DeusExMachina","Consecrate"],"picked":"Meditate+1","floor":41},{"not_picked":["Brilliance","Tantrum","Consecrate"],"picked":"SKIP","floor":44},{"not_picked":["ReachHeaven","SashWhip+1"],"picked":"Evaluate+1","floor":48}],"player_experience":140134,"relics_obtained":[{"floor":7.0,"key":"Omamori"},{"floor":9.0,"key":"Pantograph"},{"floor":10.0,"key":"Sundial"},{"floor":12,"key":"Odd Mushroom"},{"floor":24,"key":"Bottled Lightning"},{"floor":27,"key":"Thread and Needle"},{"floor":40,"key":"Bronze Scales"},{"floor":44,"key":"Whetstone"},{"floor":48,"key":"Bag of Marbles"}],"event_choices":[{"damage_healed":0,"gold_gain":0,"player_choice":"Fought Mushrooms","damage_taken":0,"max_hp_gain":0,"max_hp_loss":0,"event_name":"Mushrooms","floor":12,"gold_loss":0},{"damage_healed":0,"gold_gain":0,"player_choice":"Lose Max HP","damage_taken":0,"relics_obtained":["Golden Idol"],"max_hp_gain":0,"max_hp_loss":5,"event_name":"Golden Idol","floor":14,"gold_loss":0},{"damage_healed":0,"gold_gain":0,"player_choice":"Simplicity","damage_taken":0,"max_hp_gain":0,"max_hp_loss":0,"event_name":"Back to Basics","floor":22,"gold_loss":0,"cards_upgraded":["Strike_P","Defend_P","Defend_P","Defend_P"]},{"damage_healed":0,"gold_gain":99,"player_choice":"Stole From Cult","damage_taken":0,"max_hp_gain":0,"max_hp_loss":0,"event_name":"Nest","floor":29,"gold_loss":0},{"damage_healed":0,"gold_gain":0,"player_choice":"Trade","damage_taken":0,"relics_obtained":["NlothsMask"],"max_hp_gain":0,"max_hp_loss":0,"event_name":"FaceTrader","floor":30,"gold_loss":0},{"damage_healed":0,"gold_gain":0,"player_choice":"Paid","damage_taken":0,"relics_obtained":["Red Mask"],"max_hp_gain":0,"max_hp_loss":0,"event_name":"Tomb of Lord Red Mask","floor":45,"gold_loss":132},{"damage_healed":0,"gold_gain":0,"player_choice":"Got Potions","damage_taken":0,"max_hp_gain":0,"max_hp_loss":0,"event_name":"Lab","floor":46,"gold_loss":0}],"is_beta":true,"boss_relics":[{"not_picked":["SlaversCollar","Runic Pyramid"],"picked":"Cursed Key"},{"not_picked":["Sozu","Black Star"],"picked":"Philosopher\u0027s Stone"}],"items_purged_floors":[8,20,36],"is_endless":false,"potions_floor_spawned":[3,4,5,10,21,27,33,37,41],"ascension_level":6}}