{"host":"792mtbovsoa03nb3","time":1609642059,"event":{"mods":["BaseMod","Colored Map","Curses Come First","Dota2Spire","Downfall","Ekko","Evolution","Hubris","Infinite Spire","Minty Spire (QoL Compilation)","Replay The Spire","Spicy Shops","StSLib","The Blue Laboratory","The Jungle","??????REMEMod"],"gold_per_floor":[112,3,3,3,3,3,37,37,61,95,106,135,152,152,152,257,257,270,280,294,29,29,60,60,60,60],"floor_reached":25,"playtime":877,"items_purged":["Regret"],"score":330,"play_id":"f2408b2e-4311-40fd-b17b-b1ec4887d9f9","local_time":"20210102184739","is_ascension_mode":true,"campfire_choices":[{"data":"Flechettes","floor":6,"key":"SMITH"},{"data":"Neutralize","floor":8,"key":"SMITH"},{"data":"Flechettes","floor":15,"key":"SMITH"},{"floor":24,"key":"REST"}],"circlet_count":0,"master_deck":["Strike_G","Strike_G","Strike_G","Strike_G","Strike_G","Defend_G","Defend_G","Defend_G","Defend_G","Defend_G","Survivor+1","Neutralize+1","Swivel","Flechettes+1","Blade Dance","Backflip","Flying Knee","A Thousand Cuts+1","Dodge and Roll","Flechettes+1","Envenom","Cloak And Dagger+1","Accuracy","Dark Shackles+1","Replay:Poison Smokescreen","Finisher+1"],"relics":["Ring of the Snake","EVO:Axolotl","REME_ComplimentaryCards","NeowsBlessing","Gremlin Food","Dota2Spire:LinkenSphere","Ornamental Fan","Dota2Spire:PowerTreads","Dota2Spire:BattleFury","Dota2Spire:EchoSabre","REME_LowDesire","Dota2Spire:ArmletOfMordiggian","Replay:Rubber Ducky","Dota2Spire:BladeMail","Potion Belt"],"acts_visited":["Exordium","TheCity"],"potions_floor_usage":[16,23],"damage_taken":[{"damage":0,"enemies":"Cultist","floor":1,"turns":1},{"damage":0,"enemies":"Lagavulin","floor":7,"turns":1},{"damage":0,"enemies":"3 Sentries","floor":10,"turns":1},{"damage":8,"enemies":"Jaw Worm","floor":11,"turns":3},{"damage":35,"enemies":"Gremlin Nob","floor":12,"turns":4},{"damage":7,"enemies":"Small Slimes","floor":13,"turns":3},{"damage":25,"enemies":"Fading Forest","floor":16,"turns":11},{"damage":15,"enemies":"Spheric Guardian","floor":18,"turns":4},{"damage":8,"enemies":"2 Thieves","floor":19,"turns":4},{"damage":27,"enemies":"Centurion and Healer","floor":20,"turns":6},{"damage":15,"enemies":"Nightmare","floor":23,"turns":7},{"damage":26,"enemies":"Slavers","floor":25,"turns":3}],"seed_played":"-5413084444387505817","potions_obtained":[{"floor":13,"key":"Dota2Spire:HealingSalve"},{"floor":16,"key":"DuplicationPotion"}],"is_trial":false,"path_per_floor":["M","$","?","T","$","R","E","R","T","E","M","E","M","?","R","B",null,"M","M","M","$","?","NM","R","E"],"character_chosen":"THE_SILENT","items_purchased":["Blade Dance","Backflip","Dota2Spire:BladeMail","Replay:Poison Smokescreen"],"campfire_rested":1,"item_purchase_floors":[2,2,21,21],"current_hp_per_floor":[70,70,70,70,70,70,70,70,70,70,62,27,20,20,20,31,70,55,47,20,20,20,5,26,0,0],"gold":60,"neow_bonus":"THREE_ENEMY_KILL","is_daily":false,"chose_seed":false,"campfire_upgraded":3,"win_rate":0.0,"timestamp":1609642059,"path_taken":["M","?","?","?","$","R","E","R","T","E","M","E","?","?","R","BOSS","M","M","M","$","?","NM","R","E"],"items_purchased_type":["Card","Card","Relic","Card"],"build_version":"2020-12-22","purchased_purges":1,"victory":false,"max_hp_per_floor":[70,70,70,70,70,70,70,70,70,70,70,70,70,70,70,70,70,70,70,70,70,70,70,70,70,70],"card_choices":[{"not_picked":["Quick Slash","Calculated Gamble"],"picked":"Flechettes","floor":1},{"not_picked":["Dodge and Roll","Quick Slash"],"picked":"Flying Knee","floor":7},{"not_picked":["ReplayTheSpireMod:The Works","Leg Sweep"],"picked":"A Thousand Cuts","floor":10},{"not_picked":["Dagger Throw","REME_GreenPollution"],"picked":"Dodge and Roll","floor":11},{"not_picked":["Backflip","ReplayTheSpireMod:Scrap Shanks"],"picked":"Flechettes","floor":12},{"not_picked":["Sucker Punch","Tactician","hubris:SlightOfHand"],"picked":"SKIP","floor":13},{"not_picked":["Doppelganger","Tools of the Trade"],"picked":"Envenom","floor":16},{"not_picked":["Catalyst","PiercingWail","expansioncontent:Corrupt"],"picked":"Cloak And Dagger+1","floor":18},{"not_picked":["Deflect","All Out Attack+1","expansioncontent:DefensiveMode+1"],"picked":"Accuracy","floor":19},{"not_picked":["Dagger Throw","Acrobatics+1","Eviscerate+1"],"picked":"Dark Shackles+1","floor":20},{"not_picked":["Sucker Punch","Bane","expansioncontent:Corrupt"],"picked":"Finisher+1","floor":23}],"player_experience":837977,"relics_obtained":[{"floor":4,"key":"Dota2Spire:LinkenSphere"},{"floor":7,"key":"Ornamental Fan"},{"floor":9,"key":"Dota2Spire:PowerTreads"},{"floor":10,"key":"Dota2Spire:BattleFury"},{"floor":12,"key":"Dota2Spire:EchoSabre"},{"floor":17,"key":"Dota2Spire:ArmletOfMordiggian"},{"floor":17,"key":"Replay:Rubber Ducky"},{"floor":23,"key":"Potion Belt"}],"event_choices":[{"damage_healed":0,"gold_gain":0,"player_choice":"Box","damage_taken":0,"relics_obtained":["Gremlin Food"],"max_hp_gain":0,"max_hp_loss":0,"event_name":"Big Fish","floor":3,"gold_loss":0,"cards_obtained":["Regret"]},{"damage_healed":0,"gold_gain":0,"player_choice":"Ignored","damage_taken":0,"max_hp_gain":0,"max_hp_loss":0,"event_name":"Vampires","floor":22,"gold_loss":0}],"is_beta":false,"boss_relics":[{"not_picked":["SlaversCollar","ChewingGum"],"picked":"REME_LowDesire"}],"items_purged_floors":[21],"is_endless":false,"potions_floor_spawned":[13,16],"killed_by":"Slavers","ascension_level":3}}