{"host":"zpo0s982nnba8fjk","time":1609698094,"event":{"mods":["Act Like it!","BaseMod","Downfall","GifTheSpireLib","Hubris","Infinite Spire","Minty Spire (QoL Compilation)","Replay The Spire","StSLib"],"gold_per_floor":[99,99,158,158,174,186,186,186,27,27,27],"floor_reached":10,"playtime":674,"items_purged":["Pain"],"score":54,"play_id":"cac8cb0d-b578-49e0-af9d-149ab80071b2","local_time":"20210103192134","is_ascension_mode":false,"campfire_choices":[{"floor":8,"key":"REST"}],"circlet_count":0,"master_deck":["sneckomod:Strike","sneckomod:Strike","sneckomod:Strike","sneckomod:Defend","sneckomod:Defend","sneckomod:Defend","sneckomod:TailWhip","sneckomod:Unknown+1","sneckomod:Unknown+1","sneckomod:DiceBlock","sneckomod:ImprovisedAttack","sneckomod:ImprovisedGuard","sneckomod:CheapStock"],"relics":["sneckomod:SneckoSoul","Ice Cream","Replay:Bottled Eggs","WarpedTongs","hubris:MobiusCoin"],"acts_visited":["Exordium"],"potions_floor_usage":[3,3,10],"damage_taken":[{"damage":39,"enemies":"3 Sentries","floor":3,"turns":7},{"damage":3,"enemies":"Small Slimes","floor":5,"turns":2},{"damage":4,"enemies":"Cultist","floor":6,"turns":5},{"damage":4,"enemies":"downfall:FleeingMerchant","floor":9,"turns":4},{"damage":68,"enemies":"Gremlin Nob","floor":10,"turns":4}],"seed_played":"3788281974407533898","potions_obtained":[{"floor":1,"key":"SteroidPotion"},{"floor":1,"key":"PowerPotion"},{"floor":6,"key":"Adrenaline Potion"}],"is_trial":false,"path_per_floor":["R","?","?","?","M","M","T","R","$","E"],"character_chosen":"THE_SNECKO","items_purchased":["sneckomod:CheapStock"],"campfire_rested":1,"item_purchase_floors":[9],"current_hp_per_floor":[63,63,24,24,21,17,17,44,40,0,0],"gold":27,"neow_bonus":"ONE_RARE_RELIC","is_daily":false,"chose_seed":false,"campfire_upgraded":0,"win_rate":0.0,"timestamp":1609698094,"path_taken":["R","?","?","?","?","M","T","R","?","E"],"items_purchased_type":["Card"],"build_version":"2020-12-22","purchased_purges":1,"victory":false,"max_hp_per_floor":[90,90,90,90,90,90,90,90,90,90,90],"card_choices":[{"not_picked":["sneckomod:UnknownCommonAttack","sneckomod:UnknownVulnerable"],"picked":"sneckomod:DiceBlock","floor":3},{"not_picked":["sneckomod:Nope","sneckomod:IronFang","sneckomod:UnknownCommonAttack"],"picked":"SKIP","floor":5},{"not_picked":["sneckomod:UnknownClassINFINITE_BLACK","sneckomod:Nope"],"picked":"sneckomod:ImprovisedAttack","floor":6},{"not_picked":["sneckomod:UnknownCommonAttack","sneckomod:QuickBite"],"picked":"sneckomod:ImprovisedGuard","floor":9}],"player_experience":281876,"relics_obtained":[{"floor":7,"key":"hubris:MobiusCoin"}],"event_choices":[{"cards_removed":["sneckomod:SnekBite"],"damage_healed":0,"gold_gain":0,"player_choice":"Card Removal","damage_taken":0,"max_hp_gain":0,"max_hp_loss":0,"event_name":"The Cleric","floor":2,"gold_loss":0},{"damage_healed":0,"gold_gain":0,"player_choice":"Rummage","damage_taken":0,"relics_obtained":["WarpedTongs"],"max_hp_gain":0,"max_hp_loss":0,"event_name":"Accursed Blacksmith","floor":4,"gold_loss":0,"cards_obtained":["Pain"]}],"is_beta":false,"boss_relics":[],"items_purged_floors":[9],"is_endless":false,"potions_floor_spawned":[6],"killed_by":"Gremlin Nob","ascension_level":0}}