{"host":"951sez6ulsv0fw1i","time":1609632348,"event":{"mods":["2.2 Compatiblity","Act Like it!","Aspiration","BaseMod","Better Third Choice","BetterRewards","CCEM","CapriCore","Conspire","Downfall","Gensokyo","Googly Eyes","Hermit","Infinite Spire","JesterMod","Luminous","Marisa????????","Minty Spire (QoL Compilation)","Potionbrewer","Reimu??????","Spicy Shops","StSLib","The Cursed","The Immortal","The Marked","The Runesmith","The Servant 0.9.4","TheVacant"],"gold_per_floor":[99,99,99,99,99,50,50,83,33,33,75,75,92,92,125,237,237,237,266,292,308,416,416,416,341,390,315,415,45,78,98,142,254,254,179,197,197,236,349,377,431,468,31,77,97,159,197,224,243,364,391,391,12,13,22,22,22,22,39,39,50,50,62,62,86,88,199,199,199,362,399,349,749,749,775,775,775,806,179,204,220,260,285,366,366,366,380,437,444,452,0,0,27,38,38,47,28,28,28,36,143,143,143,143],"floor_reached":102,"playtime":6002,"items_purged":["Heatsinks","champ:FlashCut"],"score":2235,"play_id":"a9e371c7-5a21-4764-bdf8-062136e91ce7","local_time":"20210103010548","is_ascension_mode":false,"campfire_choices":[{"data":"champ:Execute","floor":1.0,"key":"SMITH"},{"data":"champ:Taunt","floor":10.0,"key":"SMITH"},{"data":"champ:Lariat","floor":12.0,"key":"SMITH"},{"data":"champ:StrikeOfGenius","floor":18.0,"key":"SMITH"},{"data":"champ:Lariat","floor":23.0,"key":"SMITH"},{"floor":25.0,"key":"RECALL"},{"data":"champ:ShieldWall","floor":27.0,"key":"SMITH"},{"data":"J.A.X.","floor":35.0,"key":"SMITH"},{"data":"conspire:SpireCoStock","floor":52.0,"key":"SMITH"},{"data":"expansioncontent:DefensiveStance","floor":64,"key":"SMITH"},{"data":"champ:HeavySlash","floor":69,"key":"SMITH"},{"data":"champ:Improvising","floor":77,"key":"SMITH"},{"data":"champ:ArenaPreparation","floor":98,"key":"SMITH"}],"circlet_count":0,"master_deck":["champ:Execute+1","champ:Taunt+1","champ:VampiricStrike+1","champ:Lariat+1","champ:Haymaker+1","champ:MurderStrike","conspire:SpireCoStock+1","champ:CrookedStrike","champ:Lariat+1","champ:StrikeOfGenius+1","champ:BringItOn","champ:FocusedDefense+1","J.A.X.+1","champ:SkillfulDodge+1","champ:HeartStrike","champ:ShieldWall+1","champ:EndlessRage+1","champ:Backstep+1","champ:TornadoPunch","champ:AdrenalArmor","champ:RecklessLeap","champ:TornadoPunch+1","champ:MurderStrike","champ:GladiatorsShout+1","champ:ArenaPreparation","champ:Encircle+1","champ:CalledShot","champ:GutPunch","Finesse","champ:Riposte+1","champ:FanOfKnives+1","champ:Haymaker+1","champ:GladiatorsShout+1","expansioncontent:DefensiveStance+1","expansioncontent:DonusPower","expansioncontent:ChargeUp","champ:Improvising+1","champ:GladiatorStyle+1","champ:BerserkerStyle+1","champ:FalseCounter+1","champ:Lariat+1","champ:TornadoPunch","champ:RisingSlash","champ:HeavySlash+1","champ:RapidStrikes","champ:LastStand","champ:Devastate","champ:Duel+1","champ:Circumvent+1","champ:DefensiveShout+1","champ:ArenaPreparation+1","champ:ShieldThrow","champ:ShieldSlam"],"relics":["champ:ChampionCrownUpgraded","downfall:HeartsMalice","infinitespire:Beetle Shell","aspiration:HatOfInfinitePower","aspiration:Lifesprig","aspiration:FrozenJewel","aspiration:RitualDagger","MutagenicStrength","downfall:HeartBlessingBlue","infinitespire:Golems Mask","downfall:HeartBlessingRed","champ:BlackKnightHelmet","infinitespire:EmpoweringShard","CeramicFish","CCEMRelics:JestersCrown","PureWhite:ReiMu","aspiration:FetidBarrel","aspiration:MobileForge","downfall:HeartBlessingGreen","aspiration:AnachronicSnailShell","Whetstone","infinitespire:Magic Flask","Shuriken","Potion Belt","HandDrill","CatCart","potionbrewer:RamsHorn","Astrolabe","conspire:TreasureMap","CCEMRelics:WrappedPresent","infinitespire:Satchel","CCEMRelics:GrapeVine","Meat on the Bone","potionbrewer:MortarAndPestle","Gambling Chip","champ:DefensiveTrainingManual","Black Star","potionbrewer:ToyAutogyro","Mercury Hourglass","White Beast Statue","aspiration:TomeofQuesting","Pen Nib","aspiration:ArtOfWarUpgrade","conspire:TopHat","champ:GladiatorsBookOfMartialProwess","infinitespire:Lucky Rock","Chemical X","Strawberry","Nunchaku","CCEMRelics:SpiritsEdge","CCEMRelics:DerglesHeadphones","potionbrewer:Torch","Cursed Key"],"acts_visited":["Exordium","TheCity","TheBeyond","TheBeyond","Gensokyo:Gensokyo","TheBeyond","TheBeyond"],"potions_floor_usage":[81,82,83,84,89,101],"damage_taken":[{"damage":0.0,"enemies":"Jaw Worm","floor":2.0,"turns":1.0},{"damage":0.0,"enemies":"infinitespire:Voidling","floor":4.0,"turns":1.0},{"damage":0.0,"enemies":"downfall:FleeingMerchant","floor":6.0,"turns":1.0},{"damage":63.0,"enemies":"3 Sentries","floor":8.0,"turns":12.0},{"damage":72.0,"enemies":"Lagavulin","floor":11.0,"turns":8.0},{"damage":5.0,"enemies":"2 Louse","floor":13.0,"turns":2.0},{"damage":9.0,"enemies":"Gremlin Gang","floor":15.0,"turns":3.0},{"damage":25.0,"enemies":"downfall:Watcher","floor":16.0,"turns":7.0},{"damage":50.0,"enemies":"Chosen","floor":19.0,"turns":5.0},{"damage":49.0,"enemies":"Centurion and Healer","floor":20.0,"turns":6.0},{"damage":33.0,"enemies":"Shelled Parasite and Fungi","floor":21.0,"turns":5.0},{"damage":36.0,"enemies":"downfall:Augmenter","floor":22.0,"turns":6.0},{"damage":71.0,"enemies":"Nightmare","floor":26.0,"turns":8.0},{"damage":46.0,"enemies":"Nightmare","floor":28.0,"turns":5.0},{"damage":33.0,"enemies":"downfall:FleeingMerchant","floor":29.0,"turns":4.0},{"damage":69.0,"enemies":"Gremlin Leader","floor":30.0,"turns":7.0},{"damage":39.0,"enemies":"Snake Plant","floor":31.0,"turns":3.0},{"damage":14.0,"enemies":"Snecko","floor":32.0,"turns":3.0},{"damage":92.0,"enemies":"downfall:Silent","floor":33.0,"turns":6.0},{"damage":8.0,"enemies":"3 Shapes","floor":36.0,"turns":2.0},{"damage":24.0,"enemies":"Orb Walker","floor":38.0,"turns":2.0},{"damage":40.0,"enemies":"infinitespire:Three Voidlings","floor":39.0,"turns":4.0},{"damage":81.0,"enemies":"Nightmare_Alpha","floor":39.0,"turns":7.0},{"damage":37.0,"enemies":"Spire Growth","floor":40.0,"turns":4.0},{"damage":6.0,"enemies":"Nemesis","floor":42.0,"turns":2.0},{"damage":54.0,"enemies":"downfall:FleeingMerchant","floor":43.0,"turns":4.0},{"damage":15.0,"enemies":"Sphere and 2 Shapes","floor":44.0,"turns":4.0},{"damage":9.0,"enemies":"Jaw Worm Horde","floor":45.0,"turns":2.0},{"damage":45.0,"enemies":"Orin","floor":46.0,"turns":3.0},{"damage":46.0,"enemies":"Giant Head","floor":47.0,"turns":6.0},{"damage":28.0,"enemies":"Writhing Mass","floor":49.0,"turns":4.0},{"damage":64.0,"enemies":"downfall:Ironclad","floor":50.0,"turns":5.0},{"damage":15.0,"enemies":"Gensokyo:3_Fairies","floor":54.0,"turns":3.0},{"damage":3.0,"enemies":"Gensokyo:2_Kodama","floor":55.0,"turns":1.0},{"damage":205,"enemies":"Nightmare_Alpha","floor":59,"turns":8},{"damage":9,"enemies":"Gensokyo:Gryphon","floor":61,"turns":3},{"damage":67,"enemies":"Gensokyo:Cirno","floor":63,"turns":6},{"damage":29,"enemies":"Gensokyo:VengefulSpirit","floor":66,"turns":2},{"damage":32,"enemies":"Gensokyo:Reimu","floor":67,"turns":3},{"damage":17,"enemies":"Gensokyo:2_Gloops","floor":70,"turns":3},{"damage":27,"enemies":"Gensokyo:3_Dogs","floor":71,"turns":4},{"damage":61,"enemies":"Gensokyo:3_Gloops","floor":78,"turns":4},{"damage":20,"enemies":"Gensokyo:Swordslinger","floor":80,"turns":1},{"damage":26,"enemies":"Gensokyo:Slime_Group","floor":81,"turns":3},{"damage":24,"enemies":"Gensokyo:Reisen","floor":82,"turns":3},{"damage":24,"enemies":"Gensokyo:Chomper_and_Gloop","floor":83,"turns":2},{"damage":31,"enemies":"Gensokyo:Eiki","floor":84,"turns":5},{"damage":51,"enemies":"3 Shapes","floor":87,"turns":3},{"damage":12,"enemies":"Orb Walker","floor":88,"turns":1},{"damage":22,"enemies":"Writhing Mass","floor":89,"turns":3},{"damage":19,"enemies":"Spire Growth","floor":90,"turns":2},{"damage":23,"enemies":"Reptomancer","floor":93,"turns":2},{"damage":26,"enemies":"3 Darklings","floor":94,"turns":2},{"damage":82,"enemies":"Transient","floor":97,"turns":5},{"damage":12,"enemies":"Jaw Worm Horde","floor":100,"turns":2},{"damage":148,"enemies":"conspire:OrnateMirror","floor":101,"turns":3}],"seed_played":"-9060064602180009352","potions_obtained":[{"floor":13.0,"key":"potionbrewer:DiscountPotion"},{"floor":15.0,"key":"FearPotion"},{"floor":16.0,"key":"potionbrewer:ToxicPotion"},{"floor":19.0,"key":"Weak Potion"},{"floor":20.0,"key":"AttackPotion"},{"floor":30.0,"key":"SteroidPotion"},{"floor":38.0,"key":"Explosive Potion"},{"floor":39.0,"key":"hexamod:EctoCoolerPotion"},{"floor":45.0,"key":"DuplicationPotion"},{"floor":46.0,"key":"Explosive Potion"},{"floor":50.0,"key":"Dexterity Potion"},{"floor":61,"key":"potionbrewer:MidasPotion"},{"floor":63,"key":"PowerPotion"},{"floor":80,"key":"potionbrewer:BlacksmithPotion"},{"floor":81,"key":"Strength Potion"},{"floor":82,"key":"SpeedPotion"},{"floor":83,"key":"SneckoOil"},{"floor":84,"key":"Guardian:BlockOnCardUsePotion"},{"floor":87,"key":"BlessingOfTheForge"},{"floor":89,"key":"ColorlessPotion"},{"floor":90,"key":"potionbrewer:NoxiousPotion"},{"floor":101,"key":"SpeedPotion"}],"is_trial":false,"path_per_floor":["R","M","?","M","?","$","T","E","?","R","E","R","M","?","M","B",null,"R","M","M","M","?","R","T","R","NM","R","?","$","E","M","M","B",null,"R","M","?","M","?","M","T","E","$","M","M","?","E","?","M","B",null,"R","COS","M","M","?","?","T","NM","T","M","?","E","R","T","M","B",null,"R","M","M","?","?","AVR","T","?","R","M","$","M","M","E","M","B",null,"R","M","M","M","M","$","T","E","M","R","?","M","R","$","M","B",null],"character_chosen":"THE_CHAMP","items_purchased":["champ:Haymaker","CeramicFish","CCEMRelics:JestersCrown","PureWhite:ReiMu","champ:AdrenalArmor","champ:CalledShot","Shuriken","Potion Belt","HandDrill","champ:GutPunch","Finesse","Pen Nib","Art of War","conspire:TopHat","Chemical X","Strawberry","Nunchaku"],"campfire_rested":0,"item_purchase_floors":[6,29,29,29,29,43,43,43,43,43,43,79,79,79,91,91,91],"current_hp_per_floor":[90,90,90,90,69,69,69,54,54,54,28,28,28,13,17,28,90,90,90,89,61,37,37,37,47,105,105,105,89,98,68,91,72,105,105,103,103,93,105,101,101,96,105,105,105,105,105,95,101,105,105,105,110,110,110,88,110,110,84,84,82,38,110,110,110,110,110,110,110,110,110,117,117,117,117,108,108,104,104,108,108,108,108,108,108,108,102,108,108,108,115,115,106,115,115,115,115,115,115,115,115,115,115,115],"gold":143,"neow_bonus":"THREE_ENEMY_KILL","is_daily":false,"chose_seed":false,"campfire_upgraded":12,"win_rate":0.0,"timestamp":1609632348,"path_taken":["R","M","?","?","?","$","T","E","?","R","E","R","M","?","M","BOSS","R","?","M","M","?","R","T","R","NM","R","?","$","E","M","M","BOSS","R","M","?","M","?","M","T","E","?","?","M","?","E","?","M","BOSS","R","COS","M","M","?","?","T","NM","?","M","?","E","R","?","M","BOSS","R","M","M","?","?","AVR","T","?","R","M","?","M","M","E","M","BOSS","R","M","M","M","?","$","T","E","M","R","?","?","R","?","M","BOSS"],"items_purchased_type":["Card","Relic","Relic","Relic","Card","Card","Relic","Relic","Relic","Card","Card","Relic","Relic","Relic","Relic","Relic","Relic"],"build_version":"2020-12-22","purchased_purges":2,"victory":false,"max_hp_per_floor":[90,90,90,90,90,90,90,90,90,90,90,90,90,90,90,90,90,90,95,95,95,95,95,95,105,105,105,105,105,105,105,105,105,105,105,105,105,105,105,105,105,105,105,105,105,105,105,105,105,105,105,105,110,110,110,110,110,110,110,110,110,110,110,110,110,110,110,110,110,110,110,117,117,117,117,108,108,108,108,108,108,108,108,108,108,108,108,108,108,108,115,115,115,115,115,115,115,115,115,115,115,115,115,115],"card_choices":[{"not_picked":["champ:Riposte","champ:FlashCut"],"picked":"champ:EnragedBash","floor":2.0},{"not_picked":["champ:BringItOn","champ:IronFortress"],"picked":"champ:FightOn","floor":4.0},{"not_picked":["champ:GladiatorsShout","champ:DefensiveStyle"],"picked":"champ:Lariat","floor":6.0},{"not_picked":["champ:FightOn","champ:BringItOn"],"picked":"champ:MurderStrike","floor":8.0},{"not_picked":["champ:BladeFlurry","champ:DefensiveShout"],"picked":"champ:CrookedStrike","floor":11.0},{"not_picked":["champ:DefensiveStyle","champ:BladeFlurry"],"picked":"champ:FlashCut","floor":13.0},{"not_picked":["champ:Haymaker","champ:Circumvent"],"picked":"champ:Lariat","floor":15.0},{"not_picked":["champ:DancingMaster","champ:PerfectForm"],"picked":"champ:StrikeOfGenius","floor":16.0},{"not_picked":["champ:Haymaker","champ:BladeFlurry"],"picked":"champ:BringItOn","floor":19.0},{"not_picked":["champ:CrookedStrike+1","champ:BerserkersShout","champ:Circumvent"],"picked":"SKIP","floor":20.0},{"not_picked":["champ:BerserkersShout","champ:CrookedStrike"],"picked":"champ:FocusedDefense+1","floor":21.0},{"not_picked":[],"picked":"J.A.X.","floor":22.0},{"not_picked":["champ:Haymaker","champ:CrookedStrike"],"picked":"champ:SkillfulDodge+1","floor":22.0},{"not_picked":["champ:BerserkersShout","champ:FocusedGladiator"],"picked":"champ:EndlessRage+1","floor":26.0},{"not_picked":["champ:PerfectedStrike","champ:FlashCut+1"],"picked":"champ:Backstep+1","floor":28.0},{"not_picked":["champ:BladeFlurry","champ:PreciseThrust"],"picked":"champ:TornadoPunch","floor":29.0},{"not_picked":["champ:Backstep","champ:SwordThrow","champ:BerserkersShout"],"picked":"SKIP","floor":30.0},{"not_picked":["champ:FlashCut","champ:AdrenalArmor"],"picked":"champ:RecklessLeap","floor":31.0},{"not_picked":["champ:BerserkersShout","champ:FlashCut"],"picked":"champ:TornadoPunch","floor":32.0},{"not_picked":["champ:DancingMaster","champ:HeavySlash"],"picked":"champ:MurderStrike","floor":33.0},{"not_picked":["champ:BringItOn","champ:BerserkerStyle","champ:Circumvent"],"picked":"SKIP","floor":36.0},{"not_picked":["champ:Haymaker+1","champ:EnragedBash+1","champ:ViciousMockery"],"picked":"SKIP","floor":38.0},{"not_picked":["infinitespire:Collect","infinitespire:Execution"],"picked":"infinitespire:SealOfDarkness+","floor":39.0},{"not_picked":["champ:PerfectedStrike","champ:Circumvent+1"],"picked":"champ:GladiatorsShout+1","floor":40.0},{"not_picked":["champ:CrookedStrike+1","champ:ShieldSlam"],"picked":"champ:ArenaPreparation","floor":42.0},{"not_picked":["champ:GladiatorsShout","champ:BerserkersShout+1"],"picked":"champ:Encircle+1","floor":43.0},{"not_picked":["champ:BringItOn","champ:CrookedStrike"],"picked":"champ:Riposte+1","floor":44.0},{"not_picked":["champ:GladiatorsShout","champ:Shatter"],"picked":"champ:FanOfKnives+1","floor":45.0},{"not_picked":["champ:PreciseThrust","champ:AdrenalArmor"],"picked":"champ:Haymaker+1","floor":46.0},{"not_picked":["champ:MurderStrike","champ:Backstep+1"],"picked":"champ:GladiatorsShout+1","floor":47.0},{"not_picked":["expansioncontent:GuardianWhirl","expansioncontent:TimeRipple"],"picked":"expansioncontent:DefensiveStance","floor":48.0},{"not_picked":["expansioncontent:Chronoboost","expansioncontent:DefensiveStance"],"picked":"expansioncontent:DonusPower","floor":48.0},{"not_picked":["expansioncontent:LastStand","expansioncontent:Sear"],"picked":"expansioncontent:ChargeUp","floor":48.0},{"not_picked":["champ:PreciseThrust","champ:DefensiveShout","champ:PerfectedStrike"],"picked":"SKIP","floor":49.0},{"not_picked":["champ:PerfectForm","champ:VampiricStrike"],"picked":"champ:Improvising","floor":50.0},{"not_picked":["champ:DefensiveShout","champ:EndlessRage","champ:FocusedGladiator"],"picked":"SKIP","floor":54.0},{"not_picked":["champ:BerserkerStyle","champ:FightOn","champ:FocusedGladiator"],"picked":"SKIP","floor":55.0},{"not_picked":["champ:PreciseThrust+1","champ:RecklessLeap+1"],"picked":"champ:Lariat+1","floor":59},{"not_picked":["champ:Riposte","champ:FanOfKnives","champ:BerserkersShout"],"picked":"SKIP","floor":59},{"not_picked":["champ:CrookedStrike","champ:FanOfKnives"],"picked":"champ:TornadoPunch","floor":61},{"not_picked":["champ:DeathBlow","champ:EnGarde"],"picked":"champ:RisingSlash","floor":63},{"not_picked":["champ:Haymaker","champ:CrookedStrike","champ:TornadoPunch"],"picked":"SKIP","floor":66},{"not_picked":["champ:ShieldThrow","champ:Improvising"],"picked":"champ:HeavySlash","floor":67},{"not_picked":["champ:Backstep","champ:Circumvent"],"picked":"champ:RapidStrikes","floor":70},{"not_picked":["champ:GutPunch+1","champ:GladiatorStyle","champ:BerserkersShout+1"],"picked":"SKIP","floor":71},{"not_picked":["champ:AdrenalArmor","champ:FlashCut","champ:Haymaker"],"picked":"SKIP","floor":78},{"not_picked":["champ:PerfectedStrike","champ:BladeFlurry+1","champ:Backstep"],"picked":"SKIP","floor":80},{"not_picked":["champ:CrookedStrike","champ:Shatter+1"],"picked":"champ:Devastate","floor":81},{"not_picked":["champ:FocusedGladiator","champ:Backstep"],"picked":"champ:LastStand","floor":82},{"not_picked":["champ:GladiatorStyle","champ:CrookedStrike","champ:Backstep"],"picked":"SKIP","floor":83},{"not_picked":["champ:SwordThrow","champ:HoldFirm"],"picked":"champ:Devastate","floor":84},{"not_picked":["champ:Haymaker","champ:GladiatorStyle"],"picked":"champ:Duel+1","floor":87},{"not_picked":["infinitespire:DeathsTouch","infinitespire:TheBestDefense"],"picked":"infinitespire:SealOfDarkness+","floor":88},{"not_picked":["champ:GladiatorsShout+1","champ:AdrenalArmor"],"picked":"champ:Circumvent+1","floor":88},{"not_picked":["champ:PerfectedStrike+1","champ:StanceDance"],"picked":"champ:DefensiveShout+1","floor":89},{"not_picked":["champ:DefensiveShout","champ:Haymaker+1","champ:Circumvent"],"picked":"SKIP","floor":90},{"not_picked":["champ:DefensiveShout+1","champ:PreciseThrust","champ:StanceDance+1"],"picked":"SKIP","floor":93},{"not_picked":["champ:CrookedStrike","champ:Circumvent"],"picked":"champ:ArenaPreparation","floor":94},{"not_picked":["champ:GladiatorsShout","champ:PerfectedStrike+1","champ:RisingSlash+1"],"picked":"SKIP","floor":97},{"not_picked":["champ:TornadoPunch","champ:FightOn","champ:FalseCounter"],"picked":"SKIP","floor":100},{"not_picked":["champ:LastStand","champ:CheapShot"],"picked":"champ:ShieldSlam","floor":101}],"player_experience":553216,"relics_obtained":[{"floor":7.0,"key":"aspiration:HatOfInfinitePower"},{"floor":8.0,"key":"aspiration:Lifesprig"},{"floor":11.0,"key":"aspiration:FrozenJewel"},{"floor":22.0,"key":"MutagenicStrength"},{"floor":26.0,"key":"infinitespire:Golems Mask"},{"floor":28.0,"key":"champ:BlackKnightHelmet"},{"floor":28.0,"key":"infinitespire:EmpoweringShard"},{"floor":30.0,"key":"aspiration:FetidBarrel"},{"floor":39.0,"key":"aspiration:AnachronicSnailShell"},{"floor":41.0,"key":"Whetstone"},{"floor":42.0,"key":"infinitespire:Magic Flask"},{"floor":46.0,"key":"CatCart"},{"floor":47.0,"key":"potionbrewer:RamsHorn"},{"floor":53.0,"key":"Turnip"},{"floor":58.0,"key":"CCEMRelics:GrapeVine"},{"floor":59,"key":"Meat on the Bone"},{"floor":60,"key":"potionbrewer:MortarAndPestle"},{"floor":63,"key":"Gambling Chip"},{"floor":65,"key":"champ:DefensiveTrainingManual"},{"floor":75,"key":"White Beast Statue"},{"floor":82,"key":"champ:GladiatorsBookOfMartialProwess"},{"floor":82,"key":"infinitespire:Lucky Rock"},{"floor":92,"key":"CCEMRelics:SpiritsEdge"},{"floor":93,"key":"CCEMRelics:DerglesHeadphones"},{"floor":93,"key":"potionbrewer:Torch"}],"event_choices":[{"damage_healed":0.0,"max_hp_gain":0.0,"max_hp_loss":0.0,"gold_gain":0.0,"cards_transformed":["champ:Strike"],"event_name":"Transmorgrifier","player_choice":"Transformed","floor":3.0,"gold_loss":0.0,"damage_taken":0.0,"cards_obtained":["champ:VampiricStrike"]},{"damage_healed":0.0,"max_hp_gain":0.0,"max_hp_loss":0.0,"gold_gain":0.0,"event_name":"conspire:Investor","player_choice":"Invest 1","floor":9.0,"gold_loss":0.0,"damage_taken":0.0},{"damage_healed":0.0,"max_hp_gain":0.0,"max_hp_loss":0.0,"gold_gain":0.0,"event_name":"conspire:Investor","player_choice":"Leave","floor":39.0,"gold_loss":0.0,"damage_taken":0.0},{"damage_healed":0.0,"max_hp_gain":0.0,"max_hp_loss":0.0,"gold_gain":0.0,"event_name":"OrinTheCat","player_choice":"Fight","floor":46.0,"gold_loss":0.0,"damage_taken":0.0},{"damage_healed":0,"gold_gain":0,"cards_transformed":["champ:Devastate"],"player_choice":"Transformed","damage_taken":0,"max_hp_gain":0,"max_hp_loss":0,"event_name":"Transmorgrifier","floor":96,"gold_loss":0,"cards_obtained":["champ:ShieldThrow"]}],"is_beta":false,"boss_relics":[{"not_picked":["Tiny House","Sozu"],"picked":"aspiration:RitualDagger"},{"not_picked":["RedLine:ReiMu","Philosopher\u0027s Stone"],"picked":"aspiration:MobileForge"},{"not_picked":["Coffee Dripper","jesterMod:MachoBrace"],"picked":"Astrolabe"},{"not_picked":["Snecko Eye","conspire:SeveredTorchhead"],"picked":"Black Star"},{"not_picked":["conspire:SpecialSausage","CCEMRelics:TransientCore"],"picked":"champ:ChampionCrownUpgraded"},{"not_picked":["aspiration:RunicSpoon","aspiration:SilentSkillbook"],"picked":"Cursed Key"}],"items_purged_floors":[79,79],"is_endless":true,"potions_floor_spawned":[13,15,16,19,20,30,38,39,42,45,46,50,61,63,67,78,80,81,82,83,84,87,88,89,90,93,94,97,100,101],"ascension_level":0}}