{"host":"mitsb0f2d3kywzzp","time":1609685816,"event":{"mods":["AchievementEnabler","BaseMod","Colored Map","Colored Powertips","Downfall","Hermit","Highlight Path","Marisa????????","Minty Spire (QoL Compilation)","READ ME - Guardian Mod","Rare Cards Sparkle","Replay The Spire","StSLib","SuperFastMode","The Cursed","The Necromancer","The Servant 0.9.4"],"gold_per_floor":[117,117,117,128,2,28,38,38,91,20,36,36,36,48,48,150,250,270,170,170,170],"floor_reached":20,"playtime":787,"items_purged":["Strike_P","Strike_P"],"score":247,"play_id":"46e061a7-91f7-444c-94f1-37f6243b68e9","local_time":"20210103095656","is_ascension_mode":false,"campfire_choices":[{"data":"Vigilance","floor":15,"key":"SMITH"}],"circlet_count":0,"master_deck":["Strike_P","Defend_P","Defend_P","Defend_P","Eruption+1","Vigilance+1","FlurryOfBlows","JustLucky","FlurryOfBlows","FlurryOfBlows","MentalFortress","FollowUp","DeusExMachina","Adaptation"],"relics":["PureWater","NeowsBlessing","Replay:Baseball","MealTicket","Replay:Wanted Poster"],"acts_visited":["Exordium","TheCity"],"potions_floor_usage":[14,16],"damage_taken":[{"damage":0,"enemies":"Cultist","floor":1,"turns":1},{"damage":0,"enemies":"2 Louse","floor":4,"turns":1},{"damage":0,"enemies":"3 Sentries","floor":6,"turns":1},{"damage":0,"enemies":"Small Slimes","floor":7,"turns":2},{"damage":6,"enemies":"3 Louse","floor":11,"turns":3},{"damage":0,"enemies":"Gremlin Gang","floor":14,"turns":4},{"damage":0,"enemies":"Slime Boss","floor":16,"turns":7},{"damage":46,"enemies":"2 Thieves","floor":18,"turns":4},{"damage":12,"enemies":"Chosen","floor":20,"turns":2}],"seed_played":"6053627586582702437","potions_obtained":[{"floor":4,"key":"Block Potion"},{"floor":6,"key":"Fire Potion"},{"floor":14,"key":"Swift Potion"}],"is_trial":false,"path_per_floor":["M","?","?","M","$","E","M","?","T","$","M","$","?","M","R","B",null,"M","$","M"],"character_chosen":"WATCHER","items_purchased":["FlurryOfBlows","MentalFortress"],"campfire_rested":0,"item_purchase_floors":[5,10],"current_hp_per_floor":[72,72,72,72,72,72,72,72,72,72,66,72,72,72,72,72,72,26,41,29,29],"gold":170,"neow_bonus":"THREE_ENEMY_KILL","is_daily":false,"chose_seed":false,"campfire_upgraded":1,"win_rate":0.0,"timestamp":1609685816,"path_taken":["M","?","?","?","?","E","?","?","T","$","M","$","?","M","R","BOSS","M","$","?"],"items_purchased_type":["Card","Card"],"build_version":"2020-12-22","purchased_purges":2,"victory":false,"max_hp_per_floor":[72,72,72,72,72,72,72,72,72,72,72,72,72,72,72,72,72,72,72,72,72],"card_choices":[{"not_picked":["Study","Protect"],"picked":"FlurryOfBlows","floor":1},{"not_picked":["Worship","Replay:Vibes"],"picked":"JustLucky","floor":4},{"not_picked":["Halt","DevaForm","Wallop"],"picked":"SKIP","floor":6},{"not_picked":["Conclude","EmptyMind"],"picked":"FlurryOfBlows","floor":7},{"not_picked":["CrushJoints","Replay:Cycle","EmptyBody"],"picked":"SKIP","floor":11},{"not_picked":["Replay:BluntJabs","BowlingBash","LikeWater"],"picked":"SKIP","floor":14},{"not_picked":["Establishment","Blasphemy"],"picked":"DeusExMachina","floor":16},{"not_picked":["Nirvana","InnerPeace"],"picked":"Adaptation","floor":18}],"player_experience":334147,"relics_obtained":[{"floor":6,"key":"Replay:Baseball"},{"floor":9,"key":"MealTicket"}],"event_choices":[{"cards_removed":["Strike_P"],"damage_healed":0,"gold_gain":0,"player_choice":"Forget","damage_taken":0,"max_hp_gain":0,"max_hp_loss":0,"event_name":"Living Wall","floor":2,"gold_loss":0},{"damage_healed":0,"gold_gain":0,"player_choice":"Upgraded","damage_taken":0,"max_hp_gain":0,"max_hp_loss":0,"event_name":"Upgrade Shrine","floor":3,"gold_loss":0,"cards_upgraded":["Eruption"]},{"damage_healed":0,"gold_gain":0,"player_choice":"Ignored","damage_taken":0,"max_hp_gain":0,"max_hp_loss":0,"event_name":"Liars Game","floor":8,"gold_loss":0},{"damage_healed":0,"gold_gain":0,"cards_transformed":["Defend_P"],"player_choice":"Transformed","damage_taken":0,"max_hp_gain":0,"max_hp_loss":0,"event_name":"Transmorgrifier","floor":13,"gold_loss":0,"cards_obtained":["FollowUp"]}],"is_beta":false,"boss_relics":[{"not_picked":["Runic Dome","Tiny House"],"picked":"Replay:Wanted Poster"}],"items_purged_floors":[5,19],"is_endless":false,"potions_floor_spawned":[4,6,14],"killed_by":"Chosen","ascension_level":0}}