{"host":"df48i9djcn92c5sx","time":1609654920,"event":{"mods":["BaseMod","Downfall","Marisa£®ÏF”Í°°ƒß¿Ì…≥£©","Minty Spire (QoL Compilation)","READ ME - Guardian Mod","READ ME - Snecko Mod","Reimu£®≤©¿ˆ¡È√Œ£©","Remilia£®¿Ÿ√◊¿Ú—«£©","Replay The Spire","Shop Mod","StSLib","The Jungle","The Servant 0.9.4"],"gold_per_floor":[112,112,112,112,112,112,32,32,85,85,110,125,140,155,155,232,232,242,242,259,278,288,288,208,208,208,133,144,144,44,75,75,146,146,161,175,175,175,193,193,193,193,193,193,36,36,46,73,73,73],"floor_reached":51,"playtime":4241,"items_purged":["ReplayTheSpireMod:Doomed","Strike_G"],"score":1244,"play_id":"10543765-4ebb-4e01-a1bc-05eaf020d772","local_time":"20210103142200","is_ascension_mode":true,"campfire_choices":[{"data":"Neutralize","floor":6.0,"key":"SMITH"},{"data":"Dash","floor":8.0,"key":"SMITH"},{"data":"Survivor","floor":10.0,"key":"SMITH"},{"data":"Crippling Poison","floor":15.0,"key":"SMITH"},{"data":"Poison Darts","floor":23,"key":"SMITH"},{"data":"ZunPunch:ReiMu","floor":25,"key":"SMITH"},{"data":"Dagger Spray","floor":29,"key":"SMITH"},{"data":"Blur","floor":32,"key":"SMITH"},{"data":"Envenom","floor":40,"key":"SMITH"},{"data":"Adrenaline","floor":42,"key":"SMITH"},{"data":"Deadly Poison","floor":46,"key":"SMITH"},{"floor":49,"key":"REST"}],"circlet_count":0,"master_deck":["AscendersBane","Strike_G","Strike_G","Strike_G","Strike_G","Defend_G+1","Defend_G","Defend_G","Defend_G","Defend_G","Survivor+1","Neutralize+1","Noxious Fumes+1","Crippling Poison+1","Blur+1","PiercingWail","Poisoned Stab","Envenom+1","Dagger Spray+1","Bane","Poison Darts+1","ZunPunch:ReiMu+1","Backstab","Adrenaline+1","Deadly Poison+1","Caltrops+1","Madness","Madness","hexamod:Haunted","Toxin Wave+1"],"relics":["Ring of the Snake","Akabeko","Snack Pack","Replay:Grab Bag","Cursed Key","Sozu","Snecko Scales","Snecko Heart","Garlic","Nunchaku","RedLine:ReiMu","White Beast Statue","Lee\u0027s Waffle","Durian"],"acts_visited":["Exordium","TheCity","TheBeyond"],"potions_floor_usage":[16],"damage_taken":[{"damage":2.0,"enemies":"Jaw Worm","floor":1.0,"turns":5.0},{"damage":6.0,"enemies":"3 Sentries","floor":11.0,"turns":6.0},{"damage":0.0,"enemies":"2 Louse","floor":12.0,"turns":3.0},{"damage":2.0,"enemies":"Small Slimes","floor":13.0,"turns":4.0},{"damage":5.0,"enemies":"2 Fungi Beasts","floor":14.0,"turns":4.0},{"damage":0,"enemies":"Hexaghost","floor":16,"turns":9},{"damage":0,"enemies":"3 Byrds","floor":18,"turns":4},{"damage":0,"enemies":"Shell Parasite","floor":20,"turns":5},{"damage":22,"enemies":"Sentry and Sphere","floor":21,"turns":6},{"damage":0,"enemies":"Snecko","floor":22,"turns":4},{"damage":0,"enemies":"Chosen and Byrds","floor":28,"turns":5},{"damage":1,"enemies":"Replay:Snechameleon","floor":31,"turns":4},{"damage":19,"enemies":"Collector","floor":33,"turns":5},{"damage":0,"enemies":"Orb Walker","floor":35,"turns":2},{"damage":8,"enemies":"3 Shapes","floor":36,"turns":2},{"damage":0,"enemies":"Writhing Mass","floor":39,"turns":4},{"damage":4,"enemies":"Jaw Worm Horde","floor":47,"turns":2},{"damage":18,"enemies":"Reptomancer","floor":48,"turns":6},{"damage":73,"enemies":"Donu and Deca","floor":50,"turns":8}],"seed_played":"4958010513351765155","potions_obtained":[{"floor":1.0,"key":"BlessingOfTheForge"},{"floor":13.0,"key":"hexamod:EctoCoolerPotion"}],"is_trial":false,"path_per_floor":["M","?","?","?","?","R","$","R","T","R","E","M","M","M","R","B",null,"M","?","M","M","M","R","?","R","T","$","M","R","$","E","R","B",null,"M","M","?","?","M","R","?","R","T","?","$","R","M","E","R","B",null],"character_chosen":"THE_SILENT","items_purchased":["Dash","Lee\u0027s Waffle"],"campfire_rested":1,"item_purchase_floors":[7,45],"current_hp_per_floor":[57,57,57,62,62,62,62,62,62,62,56,56,54,51,51,59,68,71,71,71,51,55,55,55,55,55,55,61,61,61,64,64,55,67,71,65,52,52,58,58,58,58,58,58,78,78,74,65,83,14],"gold":73,"neow_bonus":"RANDOM_EVENT","is_daily":false,"chose_seed":false,"campfire_upgraded":11,"win_rate":0.0,"timestamp":1609654920,"path_taken":["M","?","?","?","?","R","$","R","T","R","E","M","M","M","R","BOSS","M","?","M","M","M","R","?","R","T","?","M","R","$","E","R","BOSS","M","M","?","?","M","R","?","R","T","?","$","R","M","E","R","BOSS"],"items_purchased_type":["Card","Relic"],"build_version":"2020-12-22","purchased_purges":2,"victory":true,"max_hp_per_floor":[66,66,66,71,71,71,71,71,71,71,71,71,71,71,71,71,71,71,71,71,71,71,71,71,71,71,71,71,71,71,71,71,71,71,71,71,71,71,71,71,71,71,71,71,78,78,78,83,83,83],"card_choices":[{"not_picked":["Dodge and Roll","Underhanded Strike"],"picked":"Noxious Fumes","floor":1.0},{"not_picked":["Choke","Endless Agony"],"picked":"Crippling Poison","floor":11.0},{"not_picked":["Setup","Calculated Gamble"],"picked":"Blur","floor":12.0},{"not_picked":["Tactician","Dagger Throw"],"picked":"PiercingWail","floor":13.0},{"not_picked":["Infinite Blades","Flying Knee"],"picked":"Poisoned Stab","floor":14.0},{"not_picked":["Phantasmal Killer","Wraith Form v2"],"picked":"Envenom","floor":16},{"not_picked":["Cloak And Dagger","Heel Hook"],"picked":"Dagger Spray","floor":18},{"not_picked":["Flechettes","Outmaneuver","Poisoned Stab"],"picked":"SKIP","floor":20},{"not_picked":["Blade Dance","Dodge and Roll"],"picked":"Bane","floor":21},{"not_picked":["PiercingWail+1","ReplayTheSpireMod:Scrap Shanks"],"picked":"Poison Darts","floor":22},{"not_picked":["Bane+1","Setup"],"picked":"Backstab","floor":28},{"not_picked":["Skewer","Outmaneuver","Dodge and Roll"],"picked":"SKIP","floor":31},{"not_picked":["ReplayTheSpireMod:Necrosis","Atom Bomb"],"picked":"Adrenaline","floor":33},{"not_picked":["Predator+1","Escape Plan"],"picked":"Deadly Poison","floor":35},{"not_picked":["Blur","Accuracy"],"picked":"Caltrops+1","floor":36},{"not_picked":["Outmaneuver","ReplayTheSpireMod:Tripwire","Acrobatics"],"picked":"SKIP","floor":39},{"not_picked":["Sucker Punch","Doppelganger","Noxious Fumes"],"picked":"SKIP","floor":47},{"not_picked":["Tactician","Expertise"],"picked":"Toxin Wave+1","floor":48}],"player_experience":1391940,"relics_obtained":[{"floor":9.0,"key":"Akabeko"},{"floor":11.0,"key":"Snack Pack"},{"floor":26,"key":"Garlic"},{"floor":31,"key":"Nunchaku"},{"floor":43,"key":"White Beast Statue"},{"floor":48,"key":"Durian"}],"event_choices":[{"damage_healed":0.0,"max_hp_gain":0.0,"max_hp_loss":0.0,"gold_gain":0.0,"event_name":"Shining Light","player_choice":"Ignored","floor":2.0,"gold_loss":0.0,"damage_taken":0.0},{"damage_healed":0.0,"max_hp_gain":0.0,"max_hp_loss":0.0,"gold_gain":0.0,"event_name":"Liars Game","player_choice":"Ignored","floor":3.0,"gold_loss":0.0,"damage_taken":0.0},{"damage_healed":0.0,"max_hp_gain":5.0,"max_hp_loss":0.0,"gold_gain":0.0,"event_name":"Big Fish","player_choice":"Donut","floor":4.0,"gold_loss":0.0,"damage_taken":0.0},{"damage_healed":0.0,"max_hp_gain":0.0,"max_hp_loss":0.0,"gold_gain":0.0,"event_name":"Living Wall","player_choice":"Grow","floor":5.0,"gold_loss":0.0,"damage_taken":0.0,"cards_upgraded":["Noxious Fumes"]},{"damage_healed":0,"gold_gain":0,"player_choice":"Ωª≥ˆ…Òæ∆","damage_taken":0,"max_hp_gain":0,"max_hp_loss":0,"event_name":"ZunEvent","floor":24,"relics_lost":["ZunR:ReiMu"],"gold_loss":0,"cards_obtained":["ZunPunch:ReiMu"]},{"damage_healed":0,"gold_gain":0,"player_choice":"Embrace Madness","damage_taken":13,"max_hp_gain":0,"max_hp_loss":0,"event_name":"Winding Halls","floor":37,"gold_loss":0,"cards_obtained":["Madness","Madness"]},{"damage_healed":0,"gold_gain":0,"player_choice":"Memory 1","damage_taken":0,"max_hp_gain":0,"max_hp_loss":0,"event_name":"SensoryStone","floor":38,"gold_loss":0},{"damage_healed":0,"gold_gain":0,"player_choice":"Ignored","damage_taken":0,"max_hp_gain":0,"max_hp_loss":0,"event_name":"Tomb of Lord Red Mask","floor":41,"gold_loss":0},{"cards_removed":["Dash"],"damage_healed":0,"gold_gain":0,"player_choice":"Removed Attack","damage_taken":0,"max_hp_gain":0,"max_hp_loss":0,"event_name":"Falling","floor":44,"gold_loss":0}],"is_beta":false,"boss_relics":[{"not_picked":["ChewingGum","HoveringKite"],"picked":"Replay:Grab Bag"},{"not_picked":["Velvet Choker","Fusion Hammer"],"picked":"Cursed Key"},{"not_picked":["Busted Crown","Coffee Dripper"],"picked":"Sozu"},{"not_picked":["Black Star","Honey Jar"],"picked":"Snecko Scales"},{"not_picked":["SacredBark","Tiny House"],"picked":"Snecko Heart"},{"not_picked":["Replay:Bronze Core","Replay:Wanted Poster"],"picked":"RedLine:ReiMu"}],"items_purged_floors":[27,30],"is_endless":false,"potions_floor_spawned":[1,13,20,21,22,35,36,47,48],"ascension_level":16}}