{"host":"rmsq46plbpwfbxcc","time":1609665629,"event":{"mods":["AchievementEnabler","BaseMod","Colored Map","Colored Powertips","DeckTracker","KOR Keyword Fix","Minty Spire (QoL Compilation)","Permanent Neow","Quick Restart","SuperFastMode"],"gold_per_floor":[110,122,47,65,80,80,118,118,118,160,160,176,76,103,103,212,239,263,283,283,28,37,37,60,91,115,115,137,163,181,181,181,289,289,311,331,192,192,192,219,219,258,258,299,399,417,417,443,443,443,443,443,13,41,41],"floor_reached":56,"playtime":2115,"items_purged":["Grand Finale","Bane","Flechettes"],"score":1464,"play_id":"1b49b1eb-dced-4181-8c1f-8e54bec7b099","local_time":"20210103182029","is_ascension_mode":true,"campfire_choices":[{"data":"After Image","floor":6.0,"key":"SMITH"},{"data":"Blade Dance","floor":8.0,"key":"SMITH"},{"data":"A Thousand Cuts","floor":11.0,"key":"SMITH"},{"data":"Terror","floor":15.0,"key":"SMITH"},{"data":"Footwork","floor":23,"key":"SMITH"},{"data":"Phantasmal Killer","floor":27,"key":"SMITH"},{"floor":32,"key":"REST"},{"data":"Burst","floor":41,"key":"SMITH"},{"data":"Cloak And Dagger","floor":47,"key":"SMITH"},{"floor":49,"key":"RECALL"},{"data":"PiercingWail","floor":52,"key":"SMITH"}],"circlet_count":0,"master_deck":["Survivor","Neutralize","Dagger Spray+1","Finisher+1","After Image+1","Tactician","Deflect","Terror+1","Footwork+1","Blade Dance+1","A Thousand Cuts+1","Escape Plan","Phantasmal Killer+1","Accuracy+1","Die Die Die+1","Adrenaline+1","Deflect+1","Acrobatics+1","Cloak And Dagger+1","Burst+1","Footwork+1","Blade Dance+1","PiercingWail+1","Bullet Time+1","Escape Plan+1","Choke+1","Well Laid Plans+1","Expertise","Venomology"],"relics":["Pandora\u0027s Box","CeramicFish","Centennial Puzzle","Eternal Feather","Astrolabe","MutagenicStrength","Ornamental Fan","WarpedTongs","Vajra","Juzu Bracelet","Tough Bandages","Empty Cage","Whetstone","War Paint","Potion Belt","Orrery","Oddly Smooth Stone","Bag of Preparation"],"acts_visited":["Exordium","TheCity","TheBeyond","TheEnding"],"potions_floor_usage":[28,54,55,55,55,55,55],"damage_taken":[{"damage":4.0,"enemies":"Cultist","floor":1.0,"turns":3.0},{"damage":3.0,"enemies":"2 Louse","floor":2.0,"turns":2.0},{"damage":3.0,"enemies":"Jaw Worm","floor":4.0,"turns":2.0},{"damage":7.0,"enemies":"Exordium Thugs","floor":5.0,"turns":4.0},{"damage":14.0,"enemies":"Lagavulin","floor":7.0,"turns":7.0},{"damage":10.0,"enemies":"3 Sentries","floor":10.0,"turns":6.0},{"damage":0.0,"enemies":"Large Slime","floor":12.0,"turns":2.0},{"damage":0.0,"enemies":"3 Louse","floor":14.0,"turns":2.0},{"damage":11.0,"enemies":"The Guardian","floor":16.0,"turns":10.0},{"damage":0.0,"enemies":"Shell Parasite","floor":18.0,"turns":2.0},{"damage":1.0,"enemies":"Chosen","floor":19.0,"turns":2.0},{"damage":10,"enemies":"Centurion and Healer","floor":24,"turns":3},{"damage":1,"enemies":"Book of Stabbing","floor":25,"turns":3},{"damage":6,"enemies":"Cultist and Chosen","floor":28,"turns":6},{"damage":28,"enemies":"Slavers","floor":29,"turns":3},{"damage":12,"enemies":"Snecko","floor":30,"turns":5},{"damage":13,"enemies":"Champ","floor":33,"turns":7},{"damage":0,"enemies":"Orb Walker","floor":35,"turns":2},{"damage":5,"enemies":"3 Shapes","floor":36,"turns":4},{"damage":0,"enemies":"Giant Head","floor":40,"turns":5},{"damage":0,"enemies":"Nemesis","floor":42,"turns":5},{"damage":9,"enemies":"Reptomancer","floor":44,"turns":4},{"damage":2,"enemies":"Sphere and 2 Shapes","floor":46,"turns":3},{"damage":17,"enemies":"4 Shapes","floor":48,"turns":4},{"damage":58,"enemies":"Time Eater","floor":50,"turns":11},{"damage":0,"enemies":"Shield and Spear","floor":54,"turns":5},{"damage":35,"enemies":"The Heart","floor":55,"turns":8}],"seed_played":"-2981065552704215299","potions_obtained":[{"floor":2.0,"key":"EssenceOfSteel"},{"floor":7.0,"key":"Fire Potion"},{"floor":10.0,"key":"BlessingOfTheForge"},{"floor":14.0,"key":"Block Potion"},{"floor":16.0,"key":"Fruit Juice"},{"floor":19.0,"key":"Ancient Potion"},{"floor":28,"key":"DuplicationPotion"},{"floor":30,"key":"SteroidPotion"}],"is_trial":false,"path_per_floor":["M","M","$","M","M","R","E","R","T","E","R","M","$","M","R","B",null,"M","M","?","$","?","R","M","E","T","R","M","E","M","?","R","B",null,"M","M","$","?","?","E","R","E","T","E","?","M","R","M","R","B",null,"R","$","E","B",null],"character_chosen":"THE_SILENT","items_purchased":["Ornamental Fan","PiercingWail","Orrery","Oddly Smooth Stone","Venomology"],"campfire_rested":1,"item_purchase_floors":[21,37,53,53,53],"current_hp_per_floor":[66,63,63,60,53,53,39,39,39,29,38,38,38,38,47,36,75,75,74,74,74,74,75,65,64,64,75,69,41,29,15,51,38,80,80,75,75,75,75,75,80,80,80,71,71,69,80,63,78,20,80,80,80,80,45],"gold":41,"neow_bonus":"BOSS_RELIC","is_daily":false,"chose_seed":false,"campfire_upgraded":9,"win_rate":0.0,"timestamp":1609665629,"path_taken":["M","?","$","M","M","R","E","R","T","E","R","M","$","M","R","BOSS","M","M","?","$","?","R","M","E","T","R","M","E","M","?","R","BOSS","M","M","$","?","?","E","R","E","T","E","?","M","R","M","R","BOSS","R","$","E","BOSS"],"items_purchased_type":["Relic","Card","Relic","Relic","Card"],"build_version":"2020-12-22","purchased_purges":3,"victory":true,"max_hp_per_floor":[70,70,70,70,70,70,70,70,70,70,70,70,70,70,70,70,75,75,75,75,75,75,75,75,75,75,75,75,75,75,80,80,80,80,80,80,80,80,80,80,80,80,80,80,80,80,80,80,80,80,80,80,80,80,80],"card_choices":[{"not_picked":["Sucker Punch","Acrobatics"],"picked":"Deflect","floor":1.0},{"not_picked":["Well Laid Plans","Quick Slash"],"picked":"Terror","floor":2.0},{"not_picked":["Caltrops","Dagger Spray"],"picked":"Calculated Gamble","floor":4.0},{"not_picked":["Flying Knee","Well Laid Plans"],"picked":"Footwork","floor":5.0},{"not_picked":["Masterful Stab","Quick Slash"],"picked":"Blade Dance","floor":7.0},{"not_picked":["Calculated Gamble","Sucker Punch"],"picked":"A Thousand Cuts","floor":10.0},{"not_picked":["Quick Slash","Outmaneuver","Blade Dance"],"picked":"SKIP","floor":12.0},{"not_picked":["Concentrate","Finisher"],"picked":"Escape Plan","floor":14.0},{"not_picked":["Night Terror","Tools of the Trade"],"picked":"Phantasmal Killer","floor":16.0},{"not_picked":["Dagger Throw","Eviscerate"],"picked":"Deflect+1","floor":18.0},{"not_picked":["Endless Agony+1","Prepared","Skewer"],"picked":"SKIP","floor":19.0},{"not_picked":["Dodge and Roll+1","Heel Hook"],"picked":"Acrobatics","floor":24},{"not_picked":["Endless Agony","Caltrops","Flechettes"],"picked":"SKIP","floor":25},{"not_picked":["Outmaneuver","Deadly Poison"],"picked":"Cloak And Dagger","floor":28},{"not_picked":["Night Terror","Dagger Spray","Flying Knee"],"picked":"SKIP","floor":29},{"not_picked":["Dodge and Roll+1","Distraction","Infinite Blades"],"picked":"SKIP","floor":30},{"not_picked":["Adrenaline","Unload"],"picked":"Burst","floor":33},{"not_picked":["Dodge and Roll","Dagger Throw"],"picked":"Footwork+1","floor":35},{"not_picked":["Predator","Crippling Poison"],"picked":"Blade Dance+1","floor":36},{"not_picked":["Backflip","Riddle With Holes+1","Poisoned Stab"],"picked":"SKIP","floor":40},{"not_picked":["Slice","Bane+1"],"picked":"Bullet Time","floor":42},{"not_picked":["Dagger Throw","Quick Slash"],"picked":"Escape Plan+1","floor":44},{"not_picked":["Eviscerate+1","Flying Knee+1","Prepared+1"],"picked":"SKIP","floor":46},{"not_picked":["Blade Dance+1","Sucker Punch+1"],"picked":"Choke+1","floor":48},{"not_picked":["Expertise","Slice"],"picked":"Well Laid Plans+1","floor":53},{"not_picked":["Dagger Throw","Riddle With Holes"],"picked":"Expertise","floor":53},{"not_picked":["Flying Knee","Sucker Punch","Underhanded Strike+1"],"picked":"SKIP","floor":54}],"player_experience":631383,"relics_obtained":[{"floor":7.0,"key":"CeramicFish"},{"floor":9.0,"key":"Centennial Puzzle"},{"floor":10.0,"key":"Eternal Feather"},{"floor":25,"key":"Vajra"},{"floor":26,"key":"Juzu Bracelet"},{"floor":29,"key":"Tough Bandages"},{"floor":40,"key":"Whetstone"},{"floor":42,"key":"War Paint"},{"floor":44,"key":"Potion Belt"},{"floor":54,"key":"Bag of Preparation"}],"event_choices":[{"damage_healed":0,"gold_gain":0,"player_choice":"Inject Mutagens","damage_taken":0,"relics_obtained":["MutagenicStrength"],"max_hp_gain":0,"max_hp_loss":0,"event_name":"Drug Dealer","floor":20,"gold_loss":0},{"damage_healed":0,"gold_gain":0,"player_choice":"Rummage","damage_taken":0,"relics_obtained":["WarpedTongs"],"max_hp_gain":0,"max_hp_loss":0,"event_name":"Accursed Blacksmith","floor":22,"gold_loss":0,"cards_obtained":["Pain"]},{"damage_healed":0,"gold_gain":0,"player_choice":"Shed Blood","damage_taken":19,"max_hp_gain":5,"max_hp_loss":0,"event_name":"Forgotten Altar","floor":31,"gold_loss":0},{"damage_healed":0,"gold_gain":0,"player_choice":"Ignored","damage_taken":0,"max_hp_gain":0,"max_hp_loss":0,"event_name":"Tomb of Lord Red Mask","floor":38,"gold_loss":0},{"damage_healed":0,"gold_gain":0,"player_choice":"0 cards matched","damage_taken":0,"max_hp_gain":0,"max_hp_loss":0,"event_name":"Match and Keep!","floor":39,"gold_loss":0,"cards_obtained":[]},{"damage_healed":0,"gold_gain":100,"player_choice":"Pray","damage_taken":0,"max_hp_gain":0,"max_hp_loss":0,"event_name":"Golden Shrine","floor":45,"gold_loss":0}],"is_beta":false,"boss_relics":[{"not_picked":["Sozu","Ectoplasm"],"picked":"Astrolabe"},{"not_picked":["Velvet Choker","Black Star"],"picked":"Empty Cage"}],"items_purged_floors":[3,13,37],"is_endless":false,"potions_floor_spawned":[2,7,10,14,16,19,28,30,33,36,40],"ascension_level":1}}