{"host":"m2aw30g9f05gqalt","time":1609679661,"event":{"mods":["Ascension Reborn","BaseMod","Beaked The Cultist","BetterRewards","Card Forge","Conspire","Defuse TimeMaze Blight","Downfall","Duelist Mod","Gremlin Mod","Hermit","Hubris","Infinite Spire","Jorbs\u0027s Wanderer Trilogy","Lobotomy","Mimic Mod","Minty Spire (QoL Compilation)","Replay The Spire","Shop Mod","StSLib","The Animator","The Bladedancer","The Cursed","The Disciple","The Exalted","The Factory","The Florist","The Hierophant","The Jungle","The Necromancer","The Poker Player","The Runesmith","The Servant 0.9.4"],"gold_per_floor":[141,154,182,193,193,227,245,278,316,316,316,349,362,362,362,457,457,473,473,249,264,283,283,309,324,363,363,380,395,407,442,442,442,442],"floor_reached":33,"playtime":6394,"items_purged":[],"score":309,"play_id":"980e3307-653b-4247-864e-04a2bee4aed5","local_time":"20210103071421","is_ascension_mode":true,"campfire_choices":[{"floor":10,"key":"RECALL"},{"floor":15,"key":"REST"},{"floor":23,"key":"REST"},{"floor":27,"key":"REST"},{"floor":32,"key":"REST"}],"circlet_count":0,"master_deck":["theDuelist:CastleWalls+1","theDuelist:CastleWalls+1","theDuelist:DarkMagician+1","theDuelist:MysticalElf+1","theDuelist:MysticalElf+1","theDuelist:NeoMagic+1","theDuelist:NeoMagic+1","theDuelist:Sparks+1","theDuelist:Sparks+1","theDuelist:RainbowDarkDragon+1","theDuelist:LordD+1","theDuelist:InjectionFairy+1","theDuelist:DarkMagicianGirl+1","theDuelist:ThousandEyesRestrict+1","theDuelist:FogKing+1","theDuelist:Mudballman+1","theDuelist:RockSunrise+1","theDuelist:MagiciansRobe+1","theDuelist:SangaThunder+1","theDuelist:IrisEarthMother+1","theDuelist:FrontierWiseman+1","theDuelist:BookSecret+1","theDuelist:OnslaughtFireKings+1","theDuelist:FairyBox+1","theDuelist:InariFire+1","theDuelist:GateGuardian+1","theDuelist:SkilledDarkMagician+1","theDuelist:FrontierWiseman+1","theDuelist:ThousandEyesIdol+1"],"relics":["theDuelist:MillenniumPuzzle","theDuelist:CardPoolRelic","theDuelist:CardPoolBasicRelic","theDuelist:BoosterPackPoolRelic","theDuelist:CardPoolAddRelic","theDuelist:CardPoolMinusRelic","theDuelist:CardPoolSaveRelic","theDuelist:CardPoolOptionsRelic","Hammer of Thor","Seething Fire","Anvil of the Gods","hubris:SlimyHat","Whetstone","Kunai","conspire:SpecialSausage","MerchantsRug","theDuelist:ResummonBranch","ReplayTheSpireMod:Shallot","theDuelist:AeroRelic"],"acts_visited":["Exordium","TheCity"],"potions_floor_usage":[29,31],"damage_taken":[{"damage":3,"enemies":"Jaw Worm","floor":1,"turns":2},{"damage":0,"enemies":"conspire:RoseBush","floor":2,"turns":4},{"damage":0,"enemies":"conspire:MimicChest","floor":3,"turns":5},{"damage":2,"enemies":"Cultist","floor":4,"turns":4},{"damage":25,"enemies":"Gremlin Nob","floor":6,"turns":7},{"damage":0,"enemies":"Exordium Wildlife","floor":7,"turns":4},{"damage":8,"enemies":"Replay:BlueRogue","floor":8,"turns":5},{"damage":0,"enemies":"Exordium Thugs","floor":9,"turns":5},{"damage":2,"enemies":"Gremlin Nob","floor":12,"turns":3},{"damage":14,"enemies":"Exordium Thugs","floor":13,"turns":5},{"damage":8,"enemies":"Fading Forest","floor":16,"turns":11},{"damage":22,"enemies":"2 Thieves","floor":18,"turns":3},{"damage":0,"enemies":"Spheric Guardian","floor":21,"turns":3},{"damage":16,"enemies":"3 Cultists","floor":22,"turns":5},{"damage":39,"enemies":"Replay:Snechameleon","floor":24,"turns":6},{"damage":7,"enemies":"Chosen and Byrds","floor":25,"turns":5},{"damage":2,"enemies":"Snake Plant","floor":26,"turns":4},{"damage":11,"enemies":"Snake Plant","floor":28,"turns":5},{"damage":0,"enemies":"Centurion and Healer","floor":29,"turns":5},{"damage":3,"enemies":"Cultist and Chosen","floor":30,"turns":3},{"damage":22,"enemies":"Slavers","floor":31,"turns":5},{"damage":41,"enemies":"Pondfish","floor":33,"turns":10}],"seed_played":"3582745293765839498","potions_obtained":[{"floor":4,"key":"Flashbang"},{"floor":5,"key":"theDuelist:MillenniumElixir"}],"is_trial":false,"path_per_floor":["M","M","?","M","?","E","M","E","MIM","R","?","E","M","?","R","B",null,"M","?","$","M","M","R","E","M","MIM","R","M","M","M","E","R","B"],"character_chosen":"THE_DUELIST","items_purchased":["MerchantsRug","theDuelist:BookSecret"],"campfire_rested":4,"item_purchase_floors":[20,20],"current_hp_per_floor":[77,77,77,80,80,55,60,57,62,62,62,65,51,51,75,72,80,58,58,58,58,42,66,27,20,22,46,35,35,36,14,38,0,0],"gold":442,"neow_bonus":"ONE_RANDOM_RARE_CARD","is_daily":false,"chose_seed":false,"campfire_upgraded":0,"win_rate":0.0,"timestamp":1609679661,"path_taken":["M","M","?","?","?","E","?","E","MIM","R","?","E","M","?","R","BOSS","M","?","$","?","M","R","E","M","MIM","R","M","M","M","E","R","BOSS"],"items_purchased_type":["Relic","Card"],"build_version":"2020-12-22","purchased_purges":0,"victory":false,"max_hp_per_floor":[80,80,80,80,80,80,80,80,80,80,80,80,80,80,80,80,80,80,80,80,80,80,80,80,80,80,80,80,80,80,80,80,80,80],"card_choices":[{"not_picked":["theDuelist:DarkMagician","theDuelist:FlyingSaucer","theDuelist:NeoMagic","theDuelist:WhiteHowling"],"picked":"theDuelist:LordD","floor":1},{"not_picked":["theDuelist:SpellShatteringArrow","theDuelist:BlizzardWarrior","theDuelist:NeoMagic","theDuelist:ExodiaLA"],"picked":"theDuelist:InjectionFairy","floor":2},{"not_picked":["theDuelist:NeoMagic","theDuelist:LordD","theDuelist:PowerKaishin","theDuelist:Mudballman"],"picked":"theDuelist:DarkMagicianGirl","floor":3},{"not_picked":["theDuelist:GrandSpellbookTower","theDuelist:DarkPaladin"],"picked":"theDuelist:ThousandEyesRestrict","floor":4},{"not_picked":["theDuelist:DoomShaman","theDuelist:MindAir","theDuelist:SangaEarth","theDuelist:GuardianAngel"],"picked":"theDuelist:FogKing","floor":6},{"not_picked":["theDuelist:NeoMagic","theDuelist:SpiritHarp","theDuelist:ThousandEyesIdol","theDuelist:GoblinSecret"],"picked":"theDuelist:Mudballman","floor":7},{"not_picked":["theDuelist:ExodiaHead","theDuelist:QueenDragunDjinn","theDuelist:SwordsRevealing","theDuelist:ThousandEyesRestrict","theDuelist:SwordsBurning"],"picked":"SKIP","floor":8},{"not_picked":["theDuelist:PowerGiant","theDuelist:StrayLambs","theDuelist:MillenniumScorpion","theDuelist:BigEye"],"picked":"theDuelist:RockSunrise","floor":9},{"not_picked":["theDuelist:WhiteHowling","theDuelist:StatueAnguishPattern","theDuelist:DarkHorizon","theDuelist:AltarTribute","theDuelist:IcyCrevasse"],"picked":"SKIP","floor":12},{"not_picked":["theDuelist:VoidExpansion","theDuelist:Yami","theDuelist:BadReaction","theDuelist:StatueAnguishPattern"],"picked":"theDuelist:MagiciansRobe","floor":13},{"not_picked":["theDuelist:GrandSpellbookTower","theDuelist:SwordsRevealing","theDuelist:DarkPaladin","theDuelist:SwordsBurning"],"picked":"theDuelist:IrisEarthMother","floor":16},{"not_picked":["theDuelist:LegendaryExodia+1","theDuelist:BlueDragonSummoner+1","theDuelist:WitchBlackRose","theDuelist:WhiteHowling"],"picked":"theDuelist:FrontierWiseman","floor":18},{"not_picked":["theDuelist:DoomShaman+1","theDuelist:ThousandEyesIdol","theDuelist:Illusionist","theDuelist:QueenDragunDjinn"],"picked":"theDuelist:OnslaughtFireKings","floor":21},{"not_picked":["theDuelist:AltarTribute+1","theDuelist:IcyCrevasse","theDuelist:Graverobber","theDuelist:BadReaction+1"],"picked":"theDuelist:FairyBox","floor":22},{"not_picked":["theDuelist:CosmoBrain","theDuelist:WhiteMagicalHat","theDuelist:FrontierWiseman","theDuelist:SpiritHarp","theDuelist:ThousandEyesRestrict"],"picked":"SKIP","floor":24},{"not_picked":["theDuelist:MagiciansRod","theDuelist:MagiciansRobe+1","theDuelist:StatueAnguishPattern","theDuelist:GoblinSecret+1"],"picked":"SKIP","floor":25},{"not_picked":["theDuelist:SpellShatteringArrow+1","theDuelist:ThousandEyesIdol","theDuelist:DarkMagicianGirl","theDuelist:GeminiElf"],"picked":"theDuelist:InariFire","floor":26},{"not_picked":["theDuelist:CosmicHorrorGangiel","theDuelist:SangaEarth"],"picked":"theDuelist:GateGuardian+1","floor":28},{"not_picked":["theDuelist:SpellShatteringArrow","theDuelist:BlizzardWarrior","theDuelist:SangaThunder","theDuelist:NeoMagic"],"picked":"theDuelist:SkilledDarkMagician","floor":29},{"not_picked":["theDuelist:BlackPendant","theDuelist:PotDichotomy","theDuelist:PreventRat","theDuelist:GilfordLegend"],"picked":"theDuelist:FrontierWiseman+1","floor":30},{"not_picked":["theDuelist:NeoMagic","theDuelist:DarkMagician","theDuelist:Mudballman","theDuelist:ExodiaLA+1"],"picked":"theDuelist:ThousandEyesIdol+1","floor":31}],"player_experience":929846,"relics_obtained":[{"floor":3,"key":"hubris:SlimyHat"},{"floor":8,"key":"Whetstone"},{"floor":12,"key":"Kunai"},{"floor":24,"key":"theDuelist:ResummonBranch"},{"floor":26,"key":"ReplayTheSpireMod:Shallot"},{"floor":31,"key":"theDuelist:AeroRelic"}],"event_choices":[{"damage_healed":0,"gold_gain":0,"player_choice":"Got Potions","damage_taken":0,"max_hp_gain":0,"max_hp_loss":0,"event_name":"Lab","floor":5,"gold_loss":0},{"damage_healed":0,"gold_gain":0,"player_choice":"Ignored","damage_taken":0,"max_hp_gain":0,"max_hp_loss":0,"event_name":"Shining Light","floor":11,"gold_loss":0},{"damage_healed":0,"gold_gain":0,"cards_transformed":["theDuelist:Sparks"],"player_choice":"Transformed","damage_taken":0,"max_hp_gain":0,"max_hp_loss":0,"event_name":"Transmorgrifier","floor":14,"gold_loss":0,"cards_obtained":["theDuelist:SangaThunder"]},{"damage_healed":0,"gold_gain":0,"player_choice":"Leave","duelist":true,"damage_taken":0,"max_hp_gain":0,"max_hp_loss":0,"event_name":"Relic Duplicator","floor":19,"gold_loss":0}],"is_beta":false,"boss_relics":[{"not_picked":["Runic Pyramid","Replay:Grab Bag"],"picked":"conspire:SpecialSausage"}],"items_purged_floors":[],"is_endless":false,"potions_floor_spawned":[1,4,12,16,22,25,28,29],"killed_by":"Pondfish","ascension_level":0}}