{"host":"05f2hnymw1jwv8z0","time":1609649397,"event":{"mods":["BaseMod","Downfall","Minty Spire (QoL Compilation)","StSLib"],"gold_per_floor":[111,111,121,138,149,176,176,195,195,225,225,258,258,275,275,376,376,388,313,86,86,86,86,101,128,128,154,254,292,317,332,332,446,446,464,9,29,0,0,27,27,58,58,74,107,57,107,33,33,33],"floor_reached":51,"playtime":2106,"items_purged":["Defend_P","Defend_P","LessonLearned+1"],"score":1229,"play_id":"0afa42fc-48f3-473d-b7a8-36d90e619474","local_time":"20210103124957","is_ascension_mode":true,"campfire_choices":[{"data":"Vault","floor":7.0,"key":"SMITH"},{"floor":11.0,"key":"REST"},{"data":"Eruption","floor":13.0,"key":"SMITH"},{"floor":15.0,"key":"REST"},{"data":"LessonLearned","floor":23.0,"key":"SMITH"},{"data":"FollowUp","floor":32,"key":"SMITH"},{"data":"FlurryOfBlows","floor":41,"key":"SMITH"},{"data":"expansioncontent:DefensiveStance","floor":49,"key":"SMITH"}],"circlet_count":0,"master_deck":["Strike_P+1","Strike_P+1","Defend_P+1","Eruption+1","Vigilance+1","ClearTheMind+1","Prostrate+1","Fasting2+1","Vault+1","CutThroughFate+1","Vault+1","FollowUp+1","FlurryOfBlows+1","FlurryOfBlows+1","Consecrate+1","Omniscience+1","Adaptation+1","expansioncontent:DefensiveStance+1"],"relics":["VioletLotus","Lantern","Thread and Needle","StoneCalendar","Runic Pyramid","Pocketwatch","Bag of Marbles","CeramicFish","Happy Flower","Eternal Feather","Black Star","Akabeko","HandDrill","Red Mask","Spirit Poop","Centennial Puzzle","Smiling Mask","Oddly Smooth Stone","Gremlin Horn","TungstenRod","White Beast Statue","Letter Opener","Dead Branch"],"acts_visited":["Exordium","TheCity","TheBeyond"],"potions_floor_usage":[50,50],"damage_taken":[{"damage":0.0,"enemies":"Small Slimes","floor":1.0,"turns":2.0},{"damage":2.0,"enemies":"Cultist","floor":3.0,"turns":6.0},{"damage":1.0,"enemies":"2 Louse","floor":4.0,"turns":3.0},{"damage":16.0,"enemies":"Large Slime","floor":5.0,"turns":7.0},{"damage":41.0,"enemies":"Gremlin Nob","floor":6.0,"turns":4.0},{"damage":0.0,"enemies":"Looter","floor":8.0,"turns":1.0},{"damage":21.0,"enemies":"Lagavulin","floor":12.0,"turns":6.0},{"damage":10.0,"enemies":"Exordium Thugs","floor":14.0,"turns":5.0},{"damage":0.0,"enemies":"The Guardian","floor":16.0,"turns":9.0},{"damage":0.0,"enemies":"Chosen","floor":18.0,"turns":5.0},{"damage":0.0,"enemies":"3 Byrds","floor":24.0,"turns":5.0},{"damage":8,"enemies":"Gremlin Leader","floor":25,"turns":6},{"damage":1,"enemies":"Book of Stabbing","floor":27,"turns":5},{"damage":0,"enemies":"Gremlin Leader","floor":29,"turns":6},{"damage":6,"enemies":"Centurion and Healer","floor":30,"turns":4},{"damage":2,"enemies":"Snake Plant","floor":31,"turns":4},{"damage":0,"enemies":"Collector","floor":33,"turns":5},{"damage":0,"enemies":"3 Shapes","floor":35,"turns":4},{"damage":0,"enemies":"Orb Walker","floor":37,"turns":3},{"damage":5,"enemies":"Nemesis","floor":40,"turns":5},{"damage":0,"enemies":"Reptomancer","floor":42,"turns":3},{"damage":8,"enemies":"4 Shapes","floor":44,"turns":3},{"damage":0,"enemies":"Nemesis","floor":45,"turns":3},{"damage":0,"enemies":"Mind Bloom Boss Battle","floor":47,"turns":4},{"damage":0,"enemies":"Donu and Deca","floor":50,"turns":9}],"seed_played":"7173584378224536968","potions_obtained":[{"floor":5.0,"key":"Ambrosia"},{"floor":8.0,"key":"Strength Potion"},{"floor":14.0,"key":"hexamod:EctoCoolerPotion"},{"floor":16.0,"key":"Energy Potion"},{"floor":24.0,"key":"BlessingOfTheForge"},{"floor":31,"key":"BottledMiracle"}],"is_trial":false,"path_per_floor":["M","?","M","M","M","E","R","M","T","?","R","E","R","M","R","B",null,"M","?","$","?","?","R","M","E","T","E","?","E","M","M","R","B",null,"M","$","M","?","?","E","R","E","T","M","E","$","?","$","R","B",null],"character_chosen":"WATCHER","items_purchased":["FairyPotion","FlurryOfBlows","Adaptation","Akabeko","HandDrill","expansioncontent:DefensiveStance"],"campfire_rested":2,"item_purchase_floors":[20,20,36,36,36,48],"current_hp_per_floor":[72,72,70,69,53,12,12,12,12,12,33,12,12,2,23,23,72,72,72,72,72,72,72,72,64,64,63,63,63,57,55,64,64,72,72,72,72,72,72,67,72,72,72,64,64,64,64,64,72,72],"gold":33,"neow_bonus":"BOSS_RELIC","is_daily":false,"chose_seed":false,"campfire_upgraded":6,"win_rate":0.0,"timestamp":1609649397,"path_taken":["M","?","?","M","M","E","R","M","T","?","R","E","R","M","R","BOSS","M","?","$","?","?","R","M","E","T","E","?","E","M","M","R","BOSS","M","$","M","?","?","E","R","E","T","?","E","?","?","$","R","BOSS"],"items_purchased_type":["Potion","Card","Card","Relic","Relic","Card"],"build_version":"2020-12-22","purchased_purges":3,"victory":true,"max_hp_per_floor":[72,72,72,72,72,72,72,72,72,72,72,72,72,72,72,72,72,72,72,72,72,72,72,72,72,72,72,72,72,72,72,72,72,72,72,72,72,72,72,72,72,72,72,72,72,72,72,72,72,72],"card_choices":[{"not_picked":["EmptyBody","SashWhip"],"picked":"ClearTheMind","floor":1.0},{"not_picked":["Sanctity","Nirvana"],"picked":"Fasting2","floor":3.0},{"not_picked":["Halt","Worship","Evaluate"],"picked":"SKIP","floor":4.0},{"not_picked":["BowlingBash","SashWhip"],"picked":"Vault","floor":5.0},{"not_picked":["CrushJoints","Wireheading","Halt"],"picked":"SKIP","floor":6.0},{"not_picked":["Collect","Perseverance","Evaluate"],"picked":"SKIP","floor":8.0},{"not_picked":["Prostrate","FlyingSleeves"],"picked":"CutThroughFate","floor":12.0},{"not_picked":["Collect","Consecrate"],"picked":"Vault","floor":14.0},{"not_picked":["ConjureBlade","SpiritShield"],"picked":"LessonLearned","floor":16.0},{"not_picked":["Crescendo+1","CutThroughFate"],"picked":"FollowUp","floor":18.0},{"not_picked":["DeceiveReality","CrushJoints+1","Evaluate"],"picked":"SKIP","floor":24.0},{"not_picked":["CrushJoints","Sanctity+1","Devotion"],"picked":"SKIP","floor":25},{"not_picked":["Protect+1","PathToVictory","Indignation+1"],"picked":"SKIP","floor":27},{"not_picked":["Fasting2","FearNoEvil+1"],"picked":"FlurryOfBlows","floor":29},{"not_picked":["Halt","PathToVictory"],"picked":"Consecrate+1","floor":30},{"not_picked":["ReachHeaven+1","JustLucky","InnerPeace"],"picked":"SKIP","floor":31},{"not_picked":["LessonLearned","Devotion"],"picked":"Omniscience","floor":33},{"not_picked":["EmptyFist+1","MentalFortress+1","Fasting2"],"picked":"SKIP","floor":35},{"not_picked":["FlurryOfBlows","WreathOfFlame","SashWhip+1"],"picked":"SKIP","floor":37},{"not_picked":["SashWhip+1","ReachHeaven","JustLucky"],"picked":"SKIP","floor":40},{"not_picked":["BattleHymn+1","Judgement","Wireheading"],"picked":"SKIP","floor":42},{"not_picked":["FollowUp","Prostrate+1","JustLucky+1"],"picked":"SKIP","floor":44},{"not_picked":["SashWhip+1","Meditate+1","DeusExMachina"],"picked":"SKIP","floor":45}],"player_experience":101043,"relics_obtained":[{"floor":6.0,"key":"Lantern"},{"floor":9.0,"key":"Thread and Needle"},{"floor":12.0,"key":"StoneCalendar"},{"floor":25,"key":"Bag of Marbles"},{"floor":26,"key":"CeramicFish"},{"floor":27,"key":"Happy Flower"},{"floor":29,"key":"Eternal Feather"},{"floor":40,"key":"Centennial Puzzle"},{"floor":40,"key":"Smiling Mask"},{"floor":42,"key":"Oddly Smooth Stone"},{"floor":42,"key":"Gremlin Horn"},{"floor":43,"key":"TungstenRod"},{"floor":45,"key":"White Beast Statue"},{"floor":45,"key":"Letter Opener"},{"floor":47,"key":"Dead Branch"}],"event_choices":[{"damage_healed":0.0,"max_hp_gain":0.0,"max_hp_loss":0.0,"gold_gain":0.0,"cards_transformed":["Defend_P"],"event_name":"Transmorgrifier","player_choice":"Transformed","floor":2.0,"gold_loss":0.0,"damage_taken":0.0,"cards_obtained":["Prostrate"]},{"damage_healed":0.0,"max_hp_gain":0.0,"max_hp_loss":0.0,"gold_gain":30.0,"event_name":"Dead Adventurer","player_choice":"Searched \u00271\u0027 times","floor":10.0,"gold_loss":0.0,"damage_taken":0.0},{"cards_removed":["Strike_P"],"damage_healed":0.0,"max_hp_gain":0.0,"max_hp_loss":0.0,"gold_gain":0.0,"event_name":"Beggar","player_choice":"Gave Gold","floor":19.0,"gold_loss":75.0,"damage_taken":0.0},{"cards_removed":["Strike_P"],"damage_healed":0.0,"max_hp_gain":0.0,"max_hp_loss":0.0,"gold_gain":0.0,"event_name":"Back to Basics","player_choice":"Elegance","floor":21.0,"gold_loss":0.0,"damage_taken":0.0},{"damage_healed":0.0,"max_hp_gain":0.0,"max_hp_loss":0.0,"gold_gain":0.0,"event_name":"The Mausoleum","player_choice":"Opened","floor":22.0,"gold_loss":0.0,"damage_taken":0.0,"relics_obtained":["Pocketwatch"],"cards_obtained":["Writhe"]},{"damage_healed":0,"gold_gain":100,"player_choice":"Pray","damage_taken":0,"max_hp_gain":0,"max_hp_loss":0,"event_name":"Golden Shrine","floor":28,"gold_loss":0},{"damage_healed":0,"gold_gain":0,"player_choice":"Paid","damage_taken":0,"relics_obtained":["Red Mask"],"max_hp_gain":0,"max_hp_loss":0,"event_name":"Tomb of Lord Red Mask","floor":38,"gold_loss":29},{"cards_removed":["Writhe"],"damage_healed":0,"gold_gain":0,"player_choice":"Offered Curse","damage_taken":0,"relics_obtained":["Spirit Poop"],"max_hp_gain":0,"max_hp_loss":0,"event_name":"Bonfire Elementals","floor":39,"gold_loss":0},{"damage_healed":0,"gold_gain":0,"player_choice":"Fight","damage_taken":0,"max_hp_gain":0,"max_hp_loss":0,"event_name":"MindBloom","floor":47,"gold_loss":0}],"is_beta":false,"boss_relics":[{"not_picked":["Ectoplasm","Cursed Key"],"picked":"Runic Pyramid"},{"not_picked":["Runic Dome","SacredBark"],"picked":"Black Star"}],"items_purged_floors":[20,36,46],"is_endless":false,"potions_floor_spawned":[5,8,14,16,24,29,31,33,35,42,44,45,47],"ascension_level":3}}