{"host":"ayh4nqhr0ddw4ozv","time":1609647937,"event":{"mods":["BaseMod","Minty Spire (QoL Compilation)","Relic Stats","Replay The Spire","Robot Space Explorer","StSLib"],"gold_per_floor":[119,119,136,152,172,172,201,201,201,236,236,236,30,59,59,59,59],"floor_reached":16,"playtime":670,"items_purged":[],"score":212,"play_id":"a1fcadf9-5118-4cf2-9cfd-e926dea7a327","local_time":"20210102202537","is_ascension_mode":true,"campfire_choices":[{"data":"RobotSpaceExplorer:SlimeMissile","floor":6,"key":"SMITH"},{"floor":8,"key":"REST"},{"floor":12,"key":"REST"},{"data":"RobotSpaceExplorer:HighVoltage","floor":15,"key":"SMITH"}],"circlet_count":0,"master_deck":["AscendersBane","RobotSpaceExplorer:Strike","RobotSpaceExplorer:Strike","RobotSpaceExplorer:Strike","RobotSpaceExplorer:Strike","RobotSpaceExplorer:Defend","RobotSpaceExplorer:Defend","RobotSpaceExplorer:Defend+1","RobotSpaceExplorer:Defend","RobotSpaceExplorer:Scan","RobotSpaceExplorer:MiniLasers","RobotSpaceExplorer:Explosion+1","RobotSpaceExplorer:SurgingShield","RobotSpaceExplorer:Jetpack","RobotSpaceExplorer:Jetpack","RobotSpaceExplorer:SlimeMissile+1","RobotSpaceExplorer:HighVoltage+1","RobotSpaceExplorer:JunkDive","RobotSpaceExplorer:ChargingLaser","RobotSpaceExplorer:LuckyStrike"],"relics":["RobotSpaceExplorer:RoboCore","Dream Catcher","Centennial Puzzle","Kunai","Iron Hammer"],"acts_visited":["Exordium"],"potions_floor_usage":[7,16,16],"damage_taken":[{"damage":1,"enemies":"Jaw Worm","floor":1,"turns":6},{"damage":1,"enemies":"Small Slimes","floor":3,"turns":5},{"damage":2,"enemies":"2 Louse","floor":4,"turns":3},{"damage":2,"enemies":"Large Slime","floor":5,"turns":5},{"damage":16,"enemies":"Gremlin Nob","floor":7,"turns":3},{"damage":30,"enemies":"Lagavulin","floor":10,"turns":8},{"damage":22,"enemies":"Gremlin Nob","floor":14,"turns":4},{"damage":42,"enemies":"Slime Boss","floor":16,"turns":5}],"seed_played":"2696579297125048652","potions_obtained":[{"floor":1,"key":"Elixir"},{"floor":5,"key":"Energy Potion"},{"floor":14,"key":"Adrenaline Potion"}],"is_trial":false,"path_per_floor":["M","?","M","M","M","R","E","R","T","E","?","R","$","E","R","B"],"character_chosen":"RobotSpaceExplorer","items_purchased":["RobotSpaceExplorer:ChargingLaser","RobotSpaceExplorer:LuckyStrike"],"campfire_rested":2,"item_purchase_floors":[13,13],"current_hp_per_floor":[63,42,41,39,37,37,21,42,42,12,35,56,56,34,34,0,0],"gold":59,"neow_bonus":"ONE_RANDOM_RARE_CARD","is_daily":false,"chose_seed":false,"campfire_upgraded":2,"win_rate":0.0,"timestamp":1609647937,"path_taken":["M","?","M","M","M","R","E","R","T","E","?","R","$","E","R","BOSS"],"items_purchased_type":["Card","Card"],"build_version":"2020-12-22","purchased_purges":0,"victory":false,"max_hp_per_floor":[71,71,71,71,71,71,71,71,71,71,71,71,71,71,71,71,71],"relic_stats":{"Dream Catcher":2,"Centennial Puzzle":[9],"counters":[8,39],"Kunai":[7],"obtain_stats":[{"Dream Catcher":7,"Centennial Puzzle":9,"RobotSpaceExplorer:RoboCore":0,"Iron Hammer":14,"Kunai":10},{"Dream Catcher":5,"Centennial Puzzle":5,"RobotSpaceExplorer:RoboCore":0,"Iron Hammer":7,"Kunai":6},{"Dream Catcher":22,"Centennial Puzzle":22,"RobotSpaceExplorer:RoboCore":0,"Iron Hammer":34,"Kunai":30}]},"card_choices":[{"not_picked":["RobotSpaceExplorer:Pulsar","RobotSpaceExplorer:FranticSearch"],"picked":"RobotSpaceExplorer:SurgingShield","floor":1},{"not_picked":["RobotSpaceExplorer:ImprovisedAttack","RobotSpaceExplorer:Discharger"],"picked":"RobotSpaceExplorer:Jetpack","floor":3},{"not_picked":["RobotSpaceExplorer:Pulsar","RobotSpaceExplorer:GlueSpray"],"picked":"RobotSpaceExplorer:Jetpack","floor":4},{"not_picked":["RobotSpaceExplorer:MetalStrike","RobotSpaceExplorer:SwiftStep"],"picked":"RobotSpaceExplorer:SlimeMissile","floor":5},{"not_picked":["RobotSpaceExplorer:Pulsar","RobotSpaceExplorer:Electroshield"],"picked":"RobotSpaceExplorer:HighVoltage","floor":7},{"not_picked":["RobotSpaceExplorer:Pulsar","RobotSpaceExplorer:Counterblock"],"picked":"RobotSpaceExplorer:JunkDive","floor":10},{"not_picked":["RobotSpaceExplorer:Discharger","RobotSpaceExplorer:Blitz","RobotSpaceExplorer:Pulsar"],"picked":"SKIP","floor":14}],"player_experience":282783,"relics_obtained":[{"floor":7,"key":"Dream Catcher"},{"floor":9,"key":"Centennial Puzzle"},{"floor":10,"key":"Kunai"},{"floor":14,"key":"Iron Hammer"}],"event_choices":[{"damage_healed":0,"gold_gain":0,"player_choice":"Entered Light","damage_taken":21,"max_hp_gain":0,"max_hp_loss":0,"event_name":"Shining Light","floor":2,"gold_loss":0,"cards_upgraded":["RobotSpaceExplorer:Defend","RobotSpaceExplorer:Explosion"]},{"damage_healed":23,"gold_gain":0,"player_choice":"Banana","damage_taken":0,"max_hp_gain":0,"max_hp_loss":0,"event_name":"Big Fish","floor":11,"gold_loss":0}],"is_beta":false,"boss_relics":[],"items_purged_floors":[],"is_endless":false,"potions_floor_spawned":[1,5,14],"killed_by":"Slime Boss","ascension_level":16}}