{"host":"rolltorest","time":1609717099,"event":{"mods":["BaseMod","Minty Spire (QoL Compilation)","Relic Stats","Slay the Relics Exporter","StSLib","The Marked"],"gold_per_floor":[113,67,67,87,106,138,138,165,211,229,229,229,304,330,330,431,431,450,365,290,320,334,334,361,379,379,407,421,421,434,448,448,448,448],"floor_reached":33,"playtime":878,"items_purged":["theMarked:Strike"],"score":380,"play_id":"7fb4b1b7-e05a-4829-841b-08242f249d79","local_time":"20210103153819","is_ascension_mode":false,"campfire_choices":[{"data":"theMarked:BanishingStrike","floor":7,"key":"SMITH"},{"data":"theMarked:ParalyzingBlade","floor":11,"key":"SMITH"},{"floor":15,"key":"REST"},{"data":"theMarked:SoldierForm","floor":23,"key":"SMITH"},{"data":"theMarked:MysticalArsenal","floor":32,"key":"SMITH"}],"circlet_count":0,"master_deck":["theMarked:Strike","theMarked:Strike","theMarked:Strike","theMarked:Strike","theMarked:Defend","theMarked:Defend","theMarked:Defend+1","theMarked:Defend","theMarked:SoldierOfQuellstein+1","theMarked:SuspiciousRaven","theMarked:BanishingStrike+1","theMarked:SwordAndMagic","theMarked:ChainLightning","theMarked:BanishingStrike+1","theMarked:ResourceFulStrike","theMarked:ParalyzingBlade+1","theMarked:WardOff","theMarked:SoldierForm+1","theMarked:Parry","theMarked:ParalyzingBlade+1","theMarked:Overcharge","Panacea","theMarked:ChainLightning","theMarked:WardOff+1","theMarked:MysticalArsenal+1"],"relics":["theMarked:ArtifactOfAir","Matryoshka","Toy Ornithopter","Akabeko","PreservedInsect","Gremlin Horn","Philosopher\u0027s Stone","Eternal Feather","Red Mask","War Paint","Bottled Flame","Pear","Bronze Scales"],"acts_visited":["Exordium","TheCity"],"potions_floor_usage":[8,33,33,33],"damage_taken":[{"damage":5,"enemies":"Cultist","floor":1,"turns":4},{"damage":1,"enemies":"Jaw Worm","floor":4,"turns":3},{"damage":0,"enemies":"Small Slimes","floor":5,"turns":2},{"damage":13,"enemies":"3 Sentries","floor":6,"turns":7},{"damage":6,"enemies":"Gremlin Nob","floor":8,"turns":3},{"damage":0,"enemies":"3 Louse","floor":10,"turns":2},{"damage":18,"enemies":"Lagavulin","floor":14,"turns":4},{"damage":0,"enemies":"Slime Boss","floor":16,"turns":4},{"damage":3,"enemies":"Chosen","floor":18,"turns":3},{"damage":5,"enemies":"Masked Bandits","floor":21,"turns":3},{"damage":9,"enemies":"Shell Parasite","floor":22,"turns":3},{"damage":0,"enemies":"Gremlin Leader","floor":24,"turns":4},{"damage":15,"enemies":"Snake Plant","floor":25,"turns":4},{"damage":16,"enemies":"Book of Stabbing","floor":27,"turns":4},{"damage":0,"enemies":"Cultist and Chosen","floor":28,"turns":3},{"damage":10,"enemies":"Shelled Parasite and Fungi","floor":30,"turns":3},{"damage":0,"enemies":"3 Cultists","floor":31,"turns":4},{"damage":67,"enemies":"Collector","floor":33,"turns":5}],"seed_played":"2893791841162520373","potions_obtained":[{"floor":1,"key":"ColorlessPotion"},{"floor":4,"key":"AttackPotion"},{"floor":8,"key":"Dexterity Potion"},{"floor":14,"key":"GamblersBrew"},{"floor":18,"key":"Fire Potion"},{"floor":30,"key":"Ancient Potion"}],"is_trial":false,"path_per_floor":["M","$","?","M","M","E","R","E","T","M","R","?","?","E","R","B",null,"M","?","$","?","M","R","E","M","T","E","M","?","M","M","R","B"],"character_chosen":"THE_DEFAULT","items_purchased":["theMarked:SwordAndMagic"],"campfire_rested":1,"item_purchase_floors":[2],"current_hp_per_floor":[65,65,65,64,64,51,51,45,45,45,45,38,27,9,30,30,70,67,67,67,62,53,65,65,50,60,44,44,44,34,34,49,0,0],"gold":448,"neow_bonus":"ONE_RANDOM_RARE_CARD","is_daily":false,"chose_seed":false,"campfire_upgraded":4,"win_rate":0.0,"timestamp":1609717099,"path_taken":["M","?","?","M","M","E","R","E","T","M","R","?","?","E","R","BOSS","M","?","$","?","M","R","E","M","T","E","M","?","?","M","R","BOSS"],"items_purchased_type":["Card"],"build_version":"2020-12-18","purchased_purges":1,"victory":false,"max_hp_per_floor":[70,70,70,70,70,70,70,70,70,70,70,70,70,70,70,70,70,70,70,70,70,70,70,70,70,80,80,80,80,80,80,80,80,80],"relic_stats":{"Gremlin Horn":[13,13],"counters":[18,65],"Bronze Scales":[36],"Eternal Feather":27,"PreservedInsect":113,"War Paint":["theMarked:SoldierOfQuellstein","theMarked:Defend"],"obtain_stats":[{"Pear":26,"Gremlin Horn":14,"Eternal Feather":19,"PreservedInsect":12,"War Paint":24,"Akabeko":9,"theMarked:ArtifactOfAir":0,"Bottled Flame":26,"Matryoshka":6,"Bronze Scales":27,"Philosopher\u0027s Stone":17,"Red Mask":21,"Toy Ornithopter":8},{"Pear":13,"Gremlin Horn":7,"Eternal Feather":9,"PreservedInsect":6,"War Paint":12,"Akabeko":5,"theMarked:ArtifactOfAir":0,"Bottled Flame":13,"Matryoshka":4,"Bronze Scales":14,"Philosopher\u0027s Stone":8,"Red Mask":10,"Toy Ornithopter":5},{"Pear":46,"Gremlin Horn":25,"Eternal Feather":32,"PreservedInsect":21,"War Paint":42,"Akabeko":19,"theMarked:ArtifactOfAir":0,"Bottled Flame":46,"Matryoshka":16,"Bronze Scales":50,"Philosopher\u0027s Stone":29,"Red Mask":35,"Toy Ornithopter":19}],"Toy Ornithopter":15},"card_choices":[{"not_picked":["theMarked:TunnelVision","theMarked:Static"],"picked":"theMarked:BanishingStrike","floor":1},{"not_picked":["theMarked:SwordAndMagic","theMarked:Panic"],"picked":"theMarked:ChainLightning","floor":4},{"not_picked":["theMarked:Parkour","theMarked:Aftermath"],"picked":"theMarked:BanishingStrike","floor":5},{"not_picked":["theMarked:ChainLightning","theMarked:Indomitable"],"picked":"theMarked:ResourceFulStrike","floor":6},{"not_picked":["theMarked:DeterminationOfTheMarked","theMarked:Static"],"picked":"theMarked:ParalyzingBlade","floor":8},{"not_picked":["theMarked:Static","theMarked:SwordAndMagic"],"picked":"theMarked:WardOff","floor":10},{"not_picked":["theMarked:WastefulAttack","theMarked:StartUp","theMarked:Indomitable"],"picked":"SKIP","floor":14},{"not_picked":["theMarked:UnarmedFury","theMarked:SummonStrength"],"picked":"theMarked:SoldierForm","floor":16},{"not_picked":["theMarked:Aftermath","theMarked:TakeCover","theMarked:StartUp"],"picked":"SKIP","floor":18},{"not_picked":["theMarked:RogueSparks","theMarked:WastefulDefense"],"picked":"theMarked:Parry","floor":21},{"not_picked":["theMarked:Electrocute","theMarked:Reabsorb+1"],"picked":"theMarked:ParalyzingBlade+1","floor":22},{"not_picked":["theMarked:HeightenedSenses","theMarked:WastefulAttack+1"],"picked":"theMarked:Overcharge","floor":24},{"not_picked":["theMarked:Seal","theMarked:Frustration","theMarked:SwordAndMagic+1"],"picked":"SKIP","floor":25},{"not_picked":["theMarked:SwordAndMagic","theMarked:ElectricStrings+1","theMarked:LightningStrikesTwice"],"picked":"SKIP","floor":27},{"not_picked":["theMarked:ChainLightning+1","theMarked:ResourceFulStrike","theMarked:ElectricStrings"],"picked":"SKIP","floor":28},{"not_picked":["theMarked:WastefulDefense+1","theMarked:Panic+1"],"picked":"theMarked:WardOff+1","floor":30},{"not_picked":["theMarked:Standoff","theMarked:EnhanceMovement"],"picked":"theMarked:MysticalArsenal","floor":31}],"player_experience":1720348,"relics_obtained":[{"floor":6,"key":"Matryoshka"},{"floor":8,"key":"Toy Ornithopter"},{"floor":9,"key":"Akabeko"},{"floor":14,"key":"Gremlin Horn"},{"floor":21,"key":"Red Mask"},{"floor":24,"key":"War Paint"},{"floor":26,"key":"Bottled Flame"},{"floor":26,"key":"Pear"},{"floor":27,"key":"Bronze Scales"}],"event_choices":[{"damage_healed":0,"gold_gain":0,"player_choice":"Grow","damage_taken":0,"max_hp_gain":0,"max_hp_loss":0,"event_name":"Living Wall","floor":3,"gold_loss":0,"cards_upgraded":["theMarked:BanishingStrike"]},{"damage_healed":0,"gold_gain":0,"player_choice":"Success","damage_taken":7,"relics_obtained":["PreservedInsect"],"max_hp_gain":0,"max_hp_loss":0,"event_name":"Scrap Ooze","floor":12,"gold_loss":0},{"damage_healed":0,"gold_gain":75,"player_choice":"Gather Gold","damage_taken":11,"max_hp_gain":0,"max_hp_loss":0,"event_name":"World of Goop","floor":13,"gold_loss":0},{"damage_healed":0,"gold_gain":0,"player_choice":"Obtained Relic","damage_taken":0,"relics_obtained":["Eternal Feather"],"max_hp_gain":0,"max_hp_loss":0,"event_name":"Addict","floor":19,"gold_loss":85},{"damage_healed":0,"gold_gain":0,"player_choice":"Fought Bandits","damage_taken":0,"max_hp_gain":0,"max_hp_loss":0,"event_name":"Masked Bandits","floor":21,"gold_loss":0},{"damage_healed":0,"gold_gain":0,"player_choice":"2 cards matched","damage_taken":0,"max_hp_gain":0,"max_hp_loss":0,"event_name":"Match and Keep!","floor":29,"gold_loss":0,"cards_obtained":["Panacea","theMarked:ChainLightning"]}],"is_beta":true,"boss_relics":[{"not_picked":["Snecko Eye","Black Star"],"picked":"Philosopher\u0027s Stone"}],"items_purged_floors":[20],"is_endless":false,"potions_floor_spawned":[1,4,8,14,18,25,28,30],"killed_by":"Collector","ascension_level":0}}