{"host":"jpzdg3po3tjxdjri","time":1609712480,"event":{"mods":["BaseMod","Better Third Choice","Colored Map","Colored Powertips","Minty Spire (QoL Compilation)","StSLib"],"gold_per_floor":[110,110,126,145,165,194,3,30,30,65,123,141,316,19,19,91,91,109,121,68,68,80,80,80],"floor_reached":23,"playtime":1463,"items_purged":["Doubt"],"score":359,"play_id":"d5f2509a-0d63-49de-8d9c-b0a0552be519","local_time":"20210103222120","is_ascension_mode":true,"campfire_choices":[{"floor":15,"key":"REST"}],"circlet_count":0,"master_deck":["AscendersBane","Strike_R","Strike_R+1","Strike_R+1","Strike_R","Strike_R","Defend_R","Defend_R","Defend_R","Defend_R","Bash","Headbutt","Armaments","Battle Trance","Iron Wave","Flame Barrier","Double Tap","Hemokinesis","Flex","Perfected Strike","Rupture","Sword Boomerang","Flex","Brutality","Perfected Strike","Twin Strike","Twin Strike","Twin Strike+1"],"relics":["Black Blood","Whetstone","Paper Frog","Boot","Happy Flower","White Beast Statue","Strawberry"],"acts_visited":["Exordium","TheCity"],"potions_floor_usage":[3,6,10,16,16,19,23,23],"damage_taken":[{"damage":7,"enemies":"Jaw Worm","floor":1,"turns":3},{"damage":6,"enemies":"Cultist","floor":3,"turns":3},{"damage":1,"enemies":"2 Louse","floor":4,"turns":3},{"damage":2,"enemies":"2 Fungi Beasts","floor":5,"turns":5},{"damage":40,"enemies":"Lagavulin","floor":6,"turns":7},{"damage":27,"enemies":"3 Sentries","floor":8,"turns":8},{"damage":14,"enemies":"Lagavulin","floor":10,"turns":4},{"damage":5,"enemies":"Red Slaver","floor":12,"turns":3},{"damage":24,"enemies":"Hexaghost","floor":16,"turns":8},{"damage":37,"enemies":"2 Thieves","floor":18,"turns":5},{"damage":4,"enemies":"Chosen","floor":19,"turns":3},{"damage":50,"enemies":"Shelled Parasite and Fungi","floor":22,"turns":4},{"damage":25,"enemies":"Gremlin Leader","floor":23,"turns":4}],"seed_played":"3567452579784941076","potions_obtained":[{"floor":3,"key":"EntropicBrew"},{"floor":6,"key":"FearPotion"},{"floor":10,"key":"SkillPotion"},{"floor":16,"key":"FearPotion"},{"floor":18,"key":"Dexterity Potion"},{"floor":19,"key":"GamblersBrew"}],"is_trial":false,"path_per_floor":["M","?","M","M","M","E","$","E","T","E","?","M","?","$","R","B",null,"M","M","$","?","M","E"],"character_chosen":"IRONCLAD","items_purchased":["Double Tap","Hemokinesis","Flex","Strawberry","Wild Strike","Flex","Twin Strike"],"campfire_rested":1,"item_purchase_floors":[7,7,7,14,14,14,20],"current_hp_per_floor":[67,67,67,72,75,41,41,20,20,12,12,13,13,20,44,26,68,43,51,51,56,18,0,0],"gold":80,"neow_bonus":"RANDOM_COMMON_RELIC","is_daily":false,"chose_seed":false,"campfire_upgraded":0,"win_rate":0.0,"timestamp":1609712480,"path_taken":["M","?","M","?","M","E","$","E","T","E","?","M","?","$","R","BOSS","M","M","$","?","?","E"],"items_purchased_type":["Card","Card","Card","Relic","Card","Card","Card"],"build_version":"2020-12-22","purchased_purges":1,"victory":false,"max_hp_per_floor":[75,75,75,75,75,75,75,75,75,75,75,75,75,82,82,82,82,82,82,82,82,82,82,82],"card_choices":[{"not_picked":["Twin Strike","Flex"],"picked":"Headbutt","floor":1},{"not_picked":["Body Slam","True Grit"],"picked":"Armaments","floor":3},{"not_picked":["Intimidate","Sever Soul"],"picked":"Battle Trance","floor":4},{"not_picked":["Entrench","Armaments"],"picked":"Iron Wave","floor":5},{"not_picked":["Wild Strike","Seeing Red"],"picked":"Flame Barrier","floor":6},{"not_picked":["Thunderclap","Clash"],"picked":"Perfected Strike","floor":8},{"not_picked":["Disarm","Intimidate"],"picked":"Rupture","floor":10},{"not_picked":["Berserk","Clothesline"],"picked":"Sword Boomerang","floor":12},{"not_picked":["Exhume","Barricade"],"picked":"Brutality","floor":16},{"not_picked":["Dual Wield","Havoc"],"picked":"Perfected Strike","floor":18},{"not_picked":["Cleave","Anger"],"picked":"Twin Strike","floor":19},{"not_picked":["Flex","Headbutt"],"picked":"Twin Strike+1","floor":22}],"player_experience":821716,"relics_obtained":[{"floor":6,"key":"Paper Frog"},{"floor":8,"key":"Boot"},{"floor":9,"key":"Happy Flower"},{"floor":10,"key":"White Beast Statue"}],"event_choices":[{"damage_healed":0,"gold_gain":0,"player_choice":"Bought 0 Potions","damage_taken":0,"max_hp_gain":0,"max_hp_loss":0,"event_name":"The Woman in Blue","floor":2,"gold_loss":0},{"damage_healed":0,"gold_gain":58,"player_choice":"Gained Gold","damage_taken":0,"max_hp_gain":0,"max_hp_loss":0,"event_name":"Golden Wing","floor":11,"gold_loss":0},{"damage_healed":0,"gold_gain":175,"player_choice":"AGREE","damage_taken":141,"max_hp_gain":0,"max_hp_loss":0,"event_name":"betterThird:BetterSerpent","floor":13,"gold_loss":0},{"cards_removed":["Wild Strike"],"damage_healed":5,"gold_gain":0,"player_choice":"Offered Common","damage_taken":0,"max_hp_gain":0,"max_hp_loss":0,"event_name":"Bonfire Elementals","floor":21,"gold_loss":0},{"cards_removed":["Wild Strike"],"damage_healed":5,"gold_gain":0,"player_choice":"Offered Special","damage_taken":0,"max_hp_gain":0,"max_hp_loss":0,"event_name":"Bonfire Elementals","floor":21,"gold_loss":0}],"is_beta":false,"boss_relics":[{"not_picked":["Snecko Eye","Tiny House"],"picked":"Black Blood"}],"items_purged_floors":[14],"is_endless":false,"potions_floor_spawned":[3,4,6,10,12,16,18,19,22],"killed_by":"Gremlin Leader","ascension_level":14}}