{"host":"d1za9dvx43o9v494","time":1609681508,"event":{"mods":["2.2 Compatiblity","BaseMod","Better-Laid Plans","Colored Map","Downfall","Emptier Cage","Minty Spire (QoL Compilation)","Permanent Neow","StSLib"],"gold_per_floor":[117,67,84,84,84,112,112,37,119,68,82,82,82,114,114,219,219,236,236,236,186,101,131,131,163,211,239,45,45,64,74,74,179,179,192,192,192,192,192,226,226,253,253,303,303,178,212,263,263,263,263,263,112,144,144],"floor_reached":56,"playtime":4441,"items_purged":["Parasite","ConjureBlade","Defend_P"],"score":1572,"play_id":"0b381bb3-a0ca-415a-86d6-19736bf48e13","local_time":"20210103164508","is_ascension_mode":true,"campfire_choices":[{"data":"SignatureMove","floor":13,"key":"SMITH"},{"data":"Prostrate","floor":15,"key":"SMITH"},{"data":"Establishment","floor":24,"key":"SMITH"},{"data":"DeceiveReality","floor":29,"key":"SMITH"},{"data":"PathToVictory","floor":32,"key":"SMITH"},{"data":"Mayhem","floor":41,"key":"SMITH"},{"data":"Prostrate","floor":45,"key":"SMITH"},{"floor":49,"key":"RECALL"},{"data":"PathToVictory","floor":52,"key":"SMITH"}],"circlet_count":0,"master_deck":["Defend_P","Vigilance","SignatureMove+1","PathToVictory+1","Establishment+1","Prostrate+1","EmptyFist+1","FearNoEvil+1","Wallop+1","SandsOfTime+1","Protect","TalkToTheHand+1","DeceiveReality+1","PathToVictory+1","Prostrate+1","Brilliance+1","Prostrate+1","Mayhem+1","Bandage Up","CarveReality+1","PathToVictory+1","PathToVictory+1"],"relics":["Juzu Bracelet","Damaru","Yang","GoldenEye","HolyWater","VioletLotus","Melange","TeardropLocket","sneckomod:LoadedDie","Du-Vu Doll","Lantern","Matryoshka","Vajra","Oddly Smooth Stone","Astrolabe","champ:DeflectingBracers","Regal Pillow","Calipers","Pantograph","Anchor","Pen Nib","Coffee Dripper","Akabeko","Centennial Puzzle","Whetstone","Mango","Damaru","CloakClasp","hexamod:BolsterEngine","Orichalcum"],"acts_visited":["Exordium","TheCity","TheBeyond","TheEnding"],"potions_floor_usage":[27,27,33,54,54,54,55],"damage_taken":[{"damage":0,"enemies":"Small Slimes","floor":1,"turns":1},{"damage":0,"enemies":"2 Louse","floor":3,"turns":2},{"damage":26,"enemies":"Gremlin Nob","floor":6,"turns":4},{"damage":0,"enemies":"Cultist","floor":11,"turns":3},{"damage":0,"enemies":"Lagavulin","floor":14,"turns":3},{"damage":0,"enemies":"Slime Boss","floor":16,"turns":6},{"damage":0,"enemies":"Spheric Guardian","floor":18,"turns":2},{"damage":10,"enemies":"Slavers","floor":23,"turns":5},{"damage":12,"enemies":"Book of Stabbing","floor":25,"turns":3},{"damage":0,"enemies":"Slavers","floor":27,"turns":5},{"damage":0,"enemies":"3 Byrds","floor":30,"turns":4},{"damage":0,"enemies":"3 Cultists","floor":31,"turns":4},{"damage":45,"enemies":"Champ","floor":33,"turns":7},{"damage":0,"enemies":"3 Shapes","floor":35,"turns":4},{"damage":0,"enemies":"Giant Head","floor":40,"turns":7},{"damage":0,"enemies":"Reptomancer","floor":42,"turns":5},{"damage":0,"enemies":"Mind Bloom Boss Battle","floor":44,"turns":5},{"damage":0,"enemies":"Giant Head","floor":47,"turns":5},{"damage":0,"enemies":"2 Orb Walkers","floor":48,"turns":3},{"damage":2,"enemies":"Donu and Deca","floor":50,"turns":5},{"damage":11,"enemies":"Shield and Spear","floor":54,"turns":4},{"damage":20,"enemies":"The Heart","floor":55,"turns":6}],"seed_played":"8199296108294941105","potions_obtained":[{"floor":3,"key":"sneckomod:MuddlingPotion"},{"floor":6,"key":"BlessingOfTheForge"},{"floor":25,"key":"Swift Potion"},{"floor":30,"key":"Block Potion"},{"floor":33,"key":"LiquidMemories"},{"floor":40,"key":"Swift Potion"},{"floor":54,"key":"Fruit Juice"}],"is_trial":false,"path_per_floor":["M","?","M","?","?","E","?","$","T","$","M","?","R","E","R","B",null,"M","?","?","$","?","E","R","E","T","E","$","R","M","M","R","B",null,"M","?","?","?","?","E","R","E","T","?","R","$","E","?","R","B",null,"R","$","E","B",null],"character_chosen":"WATCHER","items_purchased":["Prostrate","Protect","PathToVictory","Prostrate","hexamod:BolsterEngine"],"campfire_rested":0,"item_purchase_floors":[10,21,28,28,53],"current_hp_per_floor":[72,72,72,72,72,46,39,39,39,39,39,27,27,27,27,27,69,69,69,69,69,69,59,59,47,47,47,47,47,47,47,47,24,69,69,69,69,66,61,65,65,66,66,80,80,80,80,80,80,80,80,80,80,78,69],"gold":144,"neow_bonus":"RANDOM_COMMON_RELIC","is_daily":false,"chose_seed":false,"campfire_upgraded":8,"win_rate":0.0,"timestamp":1609681508,"path_taken":["M","?","M","?","?","E","?","$","T","?","M","?","R","E","R","BOSS","M","?","?","$","?","E","R","E","T","E","$","R","M","M","R","BOSS","M","?","?","?","?","E","R","E","T","?","R","$","E","?","R","BOSS","R","$","E","BOSS"],"items_purchased_type":["Card","Card","Card","Card","Relic"],"build_version":"2020-12-22","purchased_purges":3,"victory":true,"max_hp_per_floor":[72,72,72,72,72,72,72,69,69,69,69,69,69,69,69,69,69,69,69,69,69,69,69,69,69,69,69,69,69,69,69,69,69,69,69,69,69,66,66,66,66,66,66,80,80,80,80,80,80,80,80,80,80,85,85],"card_choices":[{"not_picked":["Halt","Conclude"],"picked":"SignatureMove","floor":1},{"not_picked":["Protect","ClearTheMind"],"picked":"PathToVictory","floor":3},{"not_picked":["ClearTheMind","SashWhip","Scrawl"],"picked":"SKIP","floor":6},{"not_picked":["FearNoEvil","Wireheading","Consecrate"],"picked":"SKIP","floor":11},{"not_picked":["FlurryOfBlows","CutThroughFate","WheelKick"],"picked":"SKIP","floor":14},{"not_picked":["FearNoEvil+1","Nirvana"],"picked":"SandsOfTime","floor":18},{"not_picked":["Nirvana","CutThroughFate","Collect+1"],"picked":"SKIP","floor":23},{"not_picked":["ThirdEye+1","Crescendo"],"picked":"TalkToTheHand+1","floor":25},{"not_picked":["Tantrum","FollowUp"],"picked":"DeceiveReality","floor":27},{"not_picked":["ThirdEye","FollowUp+1","EmptyBody+1"],"picked":"SKIP","floor":30},{"not_picked":["ThirdEye","Consecrate+1","EmptyBody"],"picked":"SKIP","floor":31},{"not_picked":["Scrawl","Establishment"],"picked":"Brilliance","floor":33},{"not_picked":["Crescendo","WindmillStrike+1"],"picked":"Prostrate+1","floor":35},{"not_picked":["expansioncontent:DefensiveStance","Magnetism"],"picked":"Mayhem","floor":39},{"not_picked":["Swift Strike","Secret Weapon"],"picked":"Bandage Up","floor":39},{"not_picked":["ThirdEye","Wish"],"picked":"CarveReality+1","floor":40},{"not_picked":["ClearTheMind+1","Sanctity+1","SashWhip+1"],"picked":"SKIP","floor":42},{"not_picked":["Vault","Crescendo+1","Consecrate+1"],"picked":"SKIP","floor":47},{"not_picked":["SashWhip+1","JustLucky"],"picked":"PathToVictory+1","floor":48},{"not_picked":["Prostrate+1","CrushJoints"],"picked":"PathToVictory+1","floor":54}],"player_experience":620268,"relics_obtained":[{"floor":6,"key":"Lantern"},{"floor":9,"key":"Matryoshka"},{"floor":14,"key":"Oddly Smooth Stone"},{"floor":23,"key":"Regal Pillow"},{"floor":25,"key":"Calipers"},{"floor":26,"key":"Pantograph"},{"floor":26,"key":"Anchor"},{"floor":27,"key":"Pen Nib"},{"floor":40,"key":"Akabeko"},{"floor":42,"key":"Centennial Puzzle"},{"floor":43,"key":"Whetstone"},{"floor":44,"key":"Mango"},{"floor":47,"key":"Damaru"},{"floor":48,"key":"CloakClasp"},{"floor":54,"key":"Orichalcum"}],"event_choices":[{"cards_removed":["Strike_P"],"damage_healed":0,"gold_gain":0,"player_choice":"Card Removal","damage_taken":0,"max_hp_gain":0,"max_hp_loss":0,"event_name":"The Cleric","floor":2,"gold_loss":50},{"cards_removed":["Doubt"],"damage_healed":0,"gold_gain":0,"player_choice":"Forget","damage_taken":0,"max_hp_gain":0,"max_hp_loss":0,"event_name":"Living Wall","floor":5,"gold_loss":0},{"cards_removed":["Writhe"],"damage_healed":0,"gold_gain":0,"player_choice":"Card Removal","damage_taken":7,"max_hp_gain":0,"max_hp_loss":0,"event_name":"Golden Wing","floor":7,"gold_loss":0},{"damage_healed":0,"gold_gain":0,"player_choice":"Success","damage_taken":12,"relics_obtained":["Vajra"],"max_hp_gain":0,"max_hp_loss":0,"event_name":"Scrap Ooze","floor":12,"gold_loss":0},{"damage_healed":0,"gold_gain":0,"cards_transformed":["Strike_P"],"player_choice":"Transformed","damage_taken":0,"max_hp_gain":0,"max_hp_loss":0,"event_name":"Transmorgrifier","floor":19,"gold_loss":0,"cards_obtained":["ConjureBlade"]},{"cards_removed":["Defend_P"],"damage_healed":0,"gold_gain":0,"player_choice":"Elegance","damage_taken":0,"max_hp_gain":0,"max_hp_loss":0,"event_name":"Back to Basics","floor":20,"gold_loss":0},{"damage_healed":0,"gold_gain":0,"player_choice":"Obtained Relic","damage_taken":0,"relics_obtained":["champ:DeflectingBracers"],"max_hp_gain":0,"max_hp_loss":0,"event_name":"Addict","floor":22,"gold_loss":85},{"damage_healed":0,"gold_gain":0,"player_choice":"Ignored","damage_taken":0,"max_hp_gain":0,"max_hp_loss":0,"event_name":"Tomb of Lord Red Mask","floor":36,"gold_loss":0},{"cards_removed":["Eruption"],"damage_healed":0,"gold_gain":0,"player_choice":"Removed Attack","damage_taken":0,"max_hp_gain":0,"max_hp_loss":0,"event_name":"Falling","floor":37,"gold_loss":0},{"damage_healed":0,"gold_gain":0,"player_choice":"Max HP","damage_taken":0,"max_hp_gain":0,"max_hp_loss":3,"event_name":"Winding Halls","floor":38,"gold_loss":0},{"damage_healed":0,"gold_gain":0,"player_choice":"Memory 2","damage_taken":5,"max_hp_gain":0,"max_hp_loss":0,"event_name":"SensoryStone","floor":39,"gold_loss":0},{"damage_healed":0,"gold_gain":0,"player_choice":"Fight","damage_taken":0,"max_hp_gain":0,"max_hp_loss":0,"event_name":"MindBloom","floor":44,"gold_loss":0},{"damage_healed":0,"gold_gain":0,"player_choice":"Fight","damage_taken":0,"max_hp_gain":0,"max_hp_loss":0,"event_name":"Mysterious Sphere","floor":48,"gold_loss":0}],"is_beta":false,"boss_relics":[{"not_picked":["Velvet Choker","bronze:MakeshiftBattery"],"picked":"Astrolabe"},{"not_picked":["VioletLotus","SacredBark"],"picked":"Coffee Dripper"}],"items_purged_floors":[8,28,46],"is_endless":false,"potions_floor_spawned":[3,6,25,30,33,40,44,54],"ascension_level":1}}