{"host":"p4yrwepmrl4g8pul","time":1609646478,"event":{"mods":["Act Like it!","BaseMod","BetterRewards","Colored Map","Custom Start","Gensokyo","Marisa£®ÏF”Í°°ƒß¿Ì…≥£©","Minty Spire (QoL Compilation)","Quick Restart","Rare Cards Sparkle","Reimu£®≤©¿ˆ¡È√Œ£©","Remilia£®¿Ÿ√◊¿Ú—«£©","Shop Mod","StSLib","The Jungle"],"gold_per_floor":[109,284,234,259,64,64,64,83,83,83,110,127,127,127],"floor_reached":13,"playtime":367,"items_purged":["Defend_G"],"score":117,"play_id":"27625247-946c-480d-be47-96bd5ab87fd4","local_time":"20210103120118","daily_mods":["Cursed Run","Purple Cards","Elite Swarm"],"is_ascension_mode":true,"campfire_choices":[{"data":"Concentrate","floor":6,"key":"SMITH"},{"data":"Neutralize","floor":10,"key":"SMITH"}],"circlet_count":0,"master_deck":["Strike_G","Strike_G","Strike_G","Strike_G","Strike_G","Defend_G","Defend_G","Defend_G","Defend_G","Survivor","Neutralize+1","Deflect","Injury","Concentrate+1","Evaluate","Bullet Time","FollowUp"],"relics":["Cursed Key","Darkstone Periapt","Du-Vu Doll","Omamori","Boot","Tiny Chest"],"acts_visited":["Exordium"],"potions_floor_usage":[11],"damage_taken":[{"damage":0,"enemies":"2 Louse","floor":1,"turns":3},{"damage":5,"enemies":"Cultist","floor":8,"turns":4},{"damage":37,"enemies":"3 Sentries","floor":11,"turns":13},{"damage":9,"enemies":"Jaw Worm","floor":12,"turns":4},{"damage":38,"enemies":"Gremlin Nob","floor":13,"turns":4}],"seed_played":"-4149079250986313376","potions_obtained":[{"floor":1,"key":"Weak Potion"}],"is_trial":true,"path_per_floor":["M","?","?","T","$","R","?","M","T","R","E","M","E"],"character_chosen":"THE_SILENT","items_purchased":["Concentrate","Evaluate"],"campfire_rested":0,"item_purchase_floors":[5,5],"current_hp_per_floor":[63,69,69,75,75,75,82,77,77,77,40,31,0,0],"gold":127,"neow_bonus":"","is_daily":false,"chose_seed":false,"campfire_upgraded":2,"win_rate":0.0,"timestamp":1609646478,"path_taken":["M","?","?","?","$","R","?","M","T","R","E","?","E"],"items_purchased_type":["Card","Card"],"build_version":"2020-12-22","purchased_purges":1,"victory":false,"max_hp_per_floor":[70,76,76,82,82,82,82,82,82,82,82,82,82,82],"card_choices":[{"not_picked":["TalkToTheHand","Crescendo"],"picked":"Deflect","floor":1},{"not_picked":["Flechettes","PathToVictory","TalkToTheHand"],"picked":"SKIP","floor":8},{"not_picked":["Blasphemy","Night Terror"],"picked":"Bullet Time","floor":11},{"not_picked":["Dash","Catalyst"],"picked":"FollowUp","floor":12}],"player_experience":769751,"relics_obtained":[{"floor":4,"key":"Omamori"},{"floor":9,"key":"Boot"},{"floor":11,"key":"Tiny Chest"}],"event_choices":[{"damage_healed":0,"gold_gain":175,"player_choice":"AGREE","damage_taken":0,"max_hp_gain":0,"max_hp_loss":0,"event_name":"Liars Game","floor":2,"gold_loss":0,"cards_obtained":["Doubt"]},{"cards_removed":["Doubt"],"damage_healed":0,"gold_gain":0,"player_choice":"Card Removal","damage_taken":0,"max_hp_gain":0,"max_hp_loss":0,"event_name":"The Cleric","floor":3,"gold_loss":50},{"damage_healed":20,"gold_gain":0,"player_choice":"Healed and dodged fight","damage_taken":0,"max_hp_gain":0,"max_hp_loss":0,"event_name":"Mushrooms","floor":7,"gold_loss":0,"cards_obtained":["Parasite"]}],"is_beta":false,"boss_relics":[],"items_purged_floors":[5],"is_endless":false,"potions_floor_spawned":[1],"killed_by":"Gremlin Nob","ascension_level":9}}