{"host":"126yiuos2nq86se7","time":1609650068,"event":{"mods":["AchievementEnabler","Act Like it!","BaseMod","Colored Map","Colored Powertips","Downfall","Friendly Minions","Halation","Highlight Path","Minty Spire (QoL Compilation)","StSLib","SuperFastMode","The Animator"],"gold_per_floor":[364,8,8,8,28,28,63,63,90,90,168,186,186,8,8,127,127,145,145,70,83,97,97,107,206,282,282,207,207,207,207],"floor_reached":30,"playtime":794,"items_purged":["Strike_R","Parasite"],"score":224,"play_id":"3cd475b3-b74d-4a30-b9c5-140a16fbeaf2","local_time":"20210103160108","is_ascension_mode":false,"campfire_choices":[{"floor":6,"key":"REST"},{"data":"Rupture","floor":13,"key":"SMITH"},{"data":"Fire Breathing","floor":15,"key":"SMITH"},{"data":"Armaments","floor":27,"key":"SMITH"},{"data":"Feed","floor":29,"key":"SMITH"}],"circlet_count":0,"master_deck":["Strike_R","Strike_R","Defend_R","Defend_R","Defend_R","Defend_R","Bash","Rupture+1","Fire Breathing+1","Heavy Blade","Blood for Blood","Feed+1","Sword Boomerang","Metallicize","Exhume","Armaments+1","Ghostly Armor+1","Heavy Blade+1"],"relics":["Black Blood","Orichalcum","Bloody Idol","Self Forming Clay","Blood Vial","halation:EternalFortune","Bottled Flame","The Courier"],"acts_visited":["Exordium","TheCity"],"potions_floor_usage":[16],"damage_taken":[{"damage":0,"enemies":"Small Slimes","floor":1,"turns":5},{"damage":1,"enemies":"2 Louse","floor":5,"turns":4},{"damage":18,"enemies":"3 Sentries","floor":7,"turns":5},{"damage":0,"enemies":"Cultist","floor":12,"turns":3},{"damage":59,"enemies":"The Guardian","floor":16,"turns":16},{"damage":37,"enemies":"Chosen","floor":18,"turns":7},{"damage":21,"enemies":"2 Thieves","floor":20,"turns":5},{"damage":21,"enemies":"Cultist and Chosen","floor":21,"turns":7},{"damage":29,"enemies":"Chosen and Byrds","floor":22,"turns":8},{"damage":12,"enemies":"Snecko","floor":24,"turns":6},{"damage":93,"enemies":"3 Cultists","floor":30,"turns":7}],"seed_played":"3583887407551504810","potions_obtained":[{"floor":12,"key":"BlessingOfTheForge"},{"floor":16,"key":"LiquidBronze"},{"floor":18,"key":"Energy Potion"},{"floor":21,"key":"Explosive Potion"},{"floor":24,"key":"Explosive Potion"}],"is_trial":false,"path_per_floor":["M","$","?","?","M","R","E","?","T","?","T","M","R","$","R","B",null,"M","?","M","M","M","?","M","?","T","R","?","R","M"],"character_chosen":"IRONCLAD","items_purchased":["Orichalcum","Fire Breathing","Heavy Blade","Metallicize"],"campfire_rested":1,"item_purchase_floors":[2,2,2,14],"current_hp_per_floor":[62,62,42,35,40,64,52,72,72,75,75,83,83,80,80,30,83,58,58,51,49,39,66,76,81,86,86,86,86,0,0],"gold":207,"neow_bonus":"TWO_FIFTY_GOLD","is_daily":false,"chose_seed":false,"campfire_upgraded":4,"win_rate":0.0,"timestamp":1609650068,"path_taken":["M","$","?","?","M","R","E","?","T","?","?","M","R","$","R","BOSS","M","?","M","M","M","?","M","?","T","R","?","R","M"],"items_purchased_type":["Relic","Card","Card","Card"],"build_version":"2020-12-22","purchased_purges":2,"victory":false,"max_hp_per_floor":[80,80,80,80,80,80,80,80,80,83,83,83,83,80,80,83,83,83,83,83,83,83,83,86,86,86,86,86,86,86,86],"card_choices":[{"not_picked":["Perfected Strike","Seeing Red"],"picked":"Rupture","floor":1},{"not_picked":["Body Slam","Havoc"],"picked":"Blood for Blood","floor":5},{"not_picked":["Wild Strike","Second Wind"],"picked":"Feed","floor":7},{"not_picked":["Rampage","Heavy Blade"],"picked":"Sword Boomerang","floor":12},{"not_picked":["Immolate","Impervious"],"picked":"Exhume","floor":16},{"not_picked":["Flex","Sentinel","Dual Wield+1"],"picked":"SKIP","floor":18},{"not_picked":["Sword Boomerang","Sentinel"],"picked":"Armaments","floor":20},{"not_picked":["Shockwave","Flex+1"],"picked":"Ghostly Armor+1","floor":21},{"not_picked":["Havoc+1","Rage+1","Cleave+1"],"picked":"SKIP","floor":22},{"not_picked":["True Grit","Sword Boomerang"],"picked":"Heavy Blade+1","floor":24}],"player_experience":1594504,"relics_obtained":[{"floor":7,"key":"Self Forming Clay"},{"floor":9,"key":"Blood Vial"},{"floor":11,"key":"Bottled Flame"},{"floor":16,"key":"halation:EternalFortune"},{"floor":26,"key":"The Courier"}],"event_choices":[{"damage_healed":0,"gold_gain":0,"player_choice":"Take Damage","damage_taken":20,"relics_obtained":["Golden Idol"],"max_hp_gain":0,"max_hp_loss":0,"event_name":"Golden Idol","floor":3,"gold_loss":0},{"cards_removed":["Strike_R"],"damage_healed":0,"gold_gain":0,"player_choice":"Card Removal","damage_taken":7,"max_hp_gain":0,"max_hp_loss":0,"event_name":"Golden Wing","floor":4,"gold_loss":0},{"damage_healed":20,"gold_gain":0,"player_choice":"Healed and dodged fight","damage_taken":0,"max_hp_gain":0,"max_hp_loss":0,"event_name":"Mushrooms","floor":8,"gold_loss":0,"cards_obtained":["Parasite"]},{"damage_healed":0,"gold_gain":0,"player_choice":"Gave Idol","damage_taken":0,"relics_obtained":["Bloody Idol"],"max_hp_gain":0,"max_hp_loss":0,"event_name":"Forgotten Altar","floor":19,"relics_lost":["Golden Idol"],"gold_loss":0},{"damage_healed":27,"gold_gain":0,"player_choice":"Heal","damage_taken":0,"max_hp_gain":0,"max_hp_loss":0,"event_name":"The Library","floor":23,"gold_loss":0},{"damage_healed":0,"gold_gain":99,"player_choice":"Stole From Cult","damage_taken":0,"max_hp_gain":0,"max_hp_loss":0,"event_name":"Nest","floor":25,"gold_loss":0},{"cards_removed":["Strike_R"],"damage_healed":0,"gold_gain":0,"player_choice":"Gave Gold","damage_taken":0,"max_hp_gain":0,"max_hp_loss":0,"event_name":"Beggar","floor":28,"gold_loss":75}],"is_beta":false,"boss_relics":[{"not_picked":["halation:PlatinumPhoenix","Pandora\u0027s Box"],"picked":"Black Blood"}],"items_purged_floors":[2,14],"is_endless":false,"potions_floor_spawned":[12,16,18,21,24],"killed_by":"3 Cultists","ascension_level":0}}