{"host":"51fyd6gkml7xavq8","time":1609705797,"event":{"mods":["BaseMod","BetterRewards","Colored Map","Energized Spire","Infinite Spire","Minty Spire (QoL Compilation)","Replay The Spire","Shop Mod","Spicy Shops","StSLib","The Blue Laboratory","[IsaacMod]????"],"gold_per_floor":[113,113,113,63,88,88,13,52,52,85,105,105,105,142,142,150,150],"floor_reached":16,"playtime":674,"items_purged":["Dualcast","Strike_B"],"score":199,"play_id":"41712fab-dd7b-4fe1-96e8-6d935736cdb8","local_time":"20210103172957","is_ascension_mode":true,"campfire_choices":[{"data":"Zap","floor":6,"key":"SMITH"},{"floor":12,"key":"REST"},{"floor":15,"key":"REST"}],"circlet_count":0,"master_deck":["Strike_B","Strike_B","Defend_B","Defend_B","Defend_B","Defend_B","Zap+1","Panacea","Panacea","ReplayTheSpireMod:Calculation Training","Streamline"],"relics":["Cracked Core","HushsDoor","BookOfRevelations","MerchantsRug","Replay:Bandana","Diplopia","Oddly Smooth Stone","Bag of Preparation","infinitespire:Beetle Shell","Golden Egg","Replay:Mystery Machine"],"acts_visited":["Exordium"],"potions_floor_usage":[10,16],"damage_taken":[{"damage":2,"enemies":"Jaw Worm","floor":1,"turns":5},{"damage":0,"enemies":"Small Slimes","floor":5,"turns":3},{"damage":43,"enemies":"Gremlin Nob","floor":8,"turns":5},{"damage":12,"enemies":"Lagavulin","floor":10,"turns":6},{"damage":0,"enemies":"2 Louse","floor":11,"turns":3},{"damage":16,"enemies":"Gremlin Nob","floor":14,"turns":4},{"damage":39,"enemies":"Fading Forest","floor":16,"turns":7}],"seed_played":"7539046986090367950","potions_obtained":[{"floor":5,"key":"SteroidPotion"},{"floor":8,"key":"blueLaboratory:CoolantVial"},{"floor":10,"key":"Strength Potion"}],"is_trial":false,"path_per_floor":["M","?","?","?","M","R","$","E","T","E","M","R","T","E","R","B"],"character_chosen":"DEFECT","items_purchased":["MerchantsRug","Replay:Bandana","Panacea","DollysMirror"],"campfire_rested":2,"item_purchase_floors":[0,0,0,0],"current_hp_per_floor":[65,65,58,58,58,58,58,15,15,3,3,25,25,9,31,0,0],"gold":150,"neow_bonus":"","is_daily":false,"chose_seed":false,"campfire_upgraded":1,"win_rate":0.0,"timestamp":1609705797,"path_taken":["M","?","?","?","?","R","$","E","T","E","M","R","?","E","R","BOSS"],"items_purchased_type":["Relic","Relic","Card","Relic"],"build_version":"2020-12-22","purchased_purges":2,"victory":false,"max_hp_per_floor":[75,75,75,75,75,75,75,75,75,75,75,75,75,75,75,75,75],"card_choices":[{"not_picked":["Go for the Eyes","Steam Power","BasicCrystalCard"],"picked":"SKIP","floor":1},{"not_picked":["Barrage","Glacier","BasicCrystalCard"],"picked":"SKIP","floor":5},{"not_picked":["Stack","Leap"],"picked":"Bomb","floor":8},{"not_picked":["Fan","Reboot"],"picked":"ReplayTheSpireMod:Calculation Training","floor":10},{"not_picked":["Hologram","Aggregate"],"picked":"Streamline","floor":11},{"not_picked":["Glacier","Rebound","Sweeping Beam"],"picked":"SKIP","floor":14}],"player_experience":456708,"relics_obtained":[{"floor":8,"key":"Oddly Smooth Stone"},{"floor":9,"key":"Bag of Preparation"},{"floor":10,"key":"infinitespire:Beetle Shell"},{"floor":13,"key":"Golden Egg"},{"floor":14,"key":"Replay:Mystery Machine"}],"event_choices":[{"damage_healed":0,"gold_gain":0,"player_choice":"Success","damage_taken":7,"relics_obtained":["Diplopia"],"max_hp_gain":0,"max_hp_loss":0,"event_name":"Scrap Ooze","floor":3,"gold_loss":0},{"cards_removed":["Strike_B"],"damage_healed":0,"gold_gain":0,"player_choice":"Card Removal","damage_taken":0,"max_hp_gain":0,"max_hp_loss":0,"event_name":"The Cleric","floor":4,"gold_loss":50}],"is_beta":false,"boss_relics":[],"items_purged_floors":[0,7],"is_endless":false,"potions_floor_spawned":[5,8,10],"killed_by":"Fading Forest","ascension_level":4}}