{"host":"0ydzwspkajt4brzd","time":1609656465,"event":{"mods":["AchievementEnabler","BaseMod","Colored Map","DeckTracker","Highlight Path","Minty Spire (QoL Compilation)","Quick Restart","Random Character Button","Rare Cards Sparkle"],"gold_per_floor":[113,129,142,162,162,189,209,209,289,289,319,319,339,339,339,339,339],"floor_reached":16,"playtime":1144,"items_purged":[],"score":189,"play_id":"9ac51e2f-108e-469f-bf91-a8f9b5d6b029","local_time":"20210102224745","is_ascension_mode":true,"campfire_choices":[{"floor":10,"key":"REST"},{"data":"Entrench","floor":12,"key":"SMITH"},{"floor":15,"key":"REST"}],"circlet_count":0,"master_deck":["AscendersBane","Strike_R","Strike_R","Strike_R","Defend_R","Defend_R","Defend_R","Defend_R","Bash","Shockwave","Pummel","Burning Pact","Blood for Blood+1","Spot Weakness","Disarm","Entrench+1"],"relics":["Burning Blood","Tiny Chest","White Beast Statue","Ice Cream","Golden Idol"],"acts_visited":["Exordium"],"potions_floor_usage":[4,6,8,8,16,16],"damage_taken":[{"damage":23,"enemies":"Cultist","floor":1,"turns":6},{"damage":10,"enemies":"Small Slimes","floor":2,"turns":5},{"damage":7,"enemies":"2 Louse","floor":3,"turns":3},{"damage":7,"enemies":"Exordium Wildlife","floor":4,"turns":7},{"damage":18,"enemies":"Gremlin Nob","floor":6,"turns":4},{"damage":6,"enemies":"Looter","floor":7,"turns":3},{"damage":33,"enemies":"3 Sentries","floor":8,"turns":7},{"damage":11,"enemies":"Lagavulin","floor":11,"turns":7},{"damage":5,"enemies":"3 Louse","floor":13,"turns":5},{"damage":35,"enemies":"Slime Boss","floor":16,"turns":9}],"seed_played":"3670468105402589533","potions_obtained":[{"floor":3,"key":"HeartOfIron"},{"floor":4,"key":"SteroidPotion"},{"floor":6,"key":"Energy Potion"},{"floor":7,"key":"SmokeBomb"},{"floor":11,"key":"FearPotion"},{"floor":13,"key":"Fire Potion"}],"is_trial":false,"path_per_floor":["M","M","M","M","?","E","M","E","T","R","E","R","M","?","R","B"],"character_chosen":"IRONCLAD","items_purchased":[],"campfire_rested":2,"item_purchase_floors":[],"current_hp_per_floor":[55,51,50,49,49,37,37,10,10,31,26,26,27,27,47,12,12],"gold":339,"neow_bonus":"REMOVE_TWO","is_daily":false,"chose_seed":false,"campfire_upgraded":1,"win_rate":0.0,"timestamp":1609656465,"path_taken":["M","M","M","M","?","E","M","E","T","R","E","R","M","?","R","BOSS"],"items_purchased_type":[],"build_version":"2020-12-22","purchased_purges":0,"victory":false,"max_hp_per_floor":[72,72,72,72,72,72,72,72,72,72,72,72,72,67,67,67,67],"card_choices":[{"not_picked":["Body Slam","True Grit"],"picked":"Shockwave","floor":1},{"not_picked":["Entrench","Rage"],"picked":"Pummel","floor":2},{"not_picked":["Evolve","Sever Soul"],"picked":"Burning Pact","floor":3},{"not_picked":["Entrench","Clash"],"picked":"Blood for Blood","floor":4},{"not_picked":["Sword Boomerang","Reckless Charge"],"picked":"Spot Weakness","floor":6},{"not_picked":["Sever Soul","Cleave"],"picked":"Disarm","floor":7},{"not_picked":["Havoc","Brutality"],"picked":"Entrench","floor":11},{"not_picked":["Carnage","Flex","Wild Strike"],"picked":"SKIP","floor":13}],"player_experience":426982,"relics_obtained":[{"floor":6,"key":"Tiny Chest"},{"floor":9,"key":"White Beast Statue"},{"floor":11,"key":"Ice Cream"}],"event_choices":[{"damage_healed":0,"gold_gain":0,"player_choice":"Grow","damage_taken":0,"max_hp_gain":0,"max_hp_loss":0,"event_name":"Living Wall","floor":5,"gold_loss":0,"cards_upgraded":["Blood for Blood"]},{"damage_healed":0,"gold_gain":0,"player_choice":"Lose Max HP","damage_taken":0,"relics_obtained":["Golden Idol"],"max_hp_gain":0,"max_hp_loss":5,"event_name":"Golden Idol","floor":14,"gold_loss":0}],"is_beta":false,"boss_relics":[],"items_purged_floors":[],"is_endless":false,"potions_floor_spawned":[3,4,6,7,11,13],"killed_by":"Slime Boss","ascension_level":11}}