{"host":"htqwg582tjjtn9p7","time":1609680195,"event":{"mods":["2.2 Compatiblity","AchievementEnabler","Act Like it!","Aspiration","BaseMod","Better Third Choice","Colored Map","Conspire","Curses Come First","Displayed Cursed Tome","Energized Spire","Force Act Four","GifTheSpireLib","Hermit","Highlight Path","JesterMod","Mad Scientist","Minty Spire (QoL Compilation)","Pale of the Ancients","Permanent Neow","Random Character Button","Relic Stats","Replay The Spire","Robot Space Explorer","Somnambulant","Spicy Shops","Spikes Relics","StSLib","Stuff the Spire","The Blue Laboratory","The Disciple","The Dragon Tamer","The Forsaken","The Gatherer","The Judge","The Jungle","The Marked","The Runesmith","The Servant 0.9.4","Uncapped"],"gold_per_floor":[110,124,124,174,6,33,53,82,82,82,94,112,37,49,49,126,126,140,193,56,56,71,105,30,30,30,30,41,41,75,98,98,170,170,187,103,115,132,145,177,189,64,118,118,137,137,165,165,165,165,183,193,193,43,43,54,54,54,54,54],"floor_reached":61,"playtime":3058,"items_purged":["theForsaken:TheForsaken_Strike","Pain","Spin","theForsaken:Penitence"],"score":2411,"play_id":"ccf6b435-f990-411a-b074-9dd32a6e3136","local_time":"20210103142315","is_ascension_mode":true,"campfire_choices":[{"floor":10,"key":"REST"},{"floor":15,"key":"DIG"},{"data":"theForsaken:NobleSacrifice","floor":25,"key":"SMITH"},{"data":"theForsaken:ShieldBash","floor":27,"key":"SMITH"},{"floor":32,"key":"DIG"},{"data":"theForsaken:StoreUp","floor":44,"key":"SMITH"},{"data":"theForsaken:ShieldBash","floor":46,"key":"SMITH"},{"data":"theForsaken:ShieldBash","floor":49,"key":"SMITH"},{"data":"Embodiment","floor":55,"key":"SMITH"},{"data":"theForsaken:Prudence","floor":57,"key":"SMITH"}],"circlet_count":0,"master_deck":["theForsaken:Smite","theForsaken:ShieldBash+1","Flying Knee","Eviscerate","Survivor","theForsaken:BountifulSunlight","theForsaken:StoreUp+1","theForsaken:Prudence+1","theForsaken:NobleSacrifice+1","theForsaken:ShieldBash+1","FastForward+1","theForsaken:Confusion","theForsaken:Bolster","InstantArmor","Embodiment+1","MoonPhase","theForsaken:ShieldBash+1","theForsaken:NobleSacrifice+1","theForsaken:ShieldBash+1"],"relics":["theForsaken:JudgementScales","Bird Faced Urn","OrangePellets","Replay:Towering Pillar of Hats","Art of War","ReplayTheSpireMod:Ninjato","StuffTheSpire:Gunfinga","aspiration:ServantSkillbook","Sundial","Replay:Ringing Soul","StuffTheSpire:Rhapsscallions","Omamori","Akabeko","BrokenLever","aspiration:MobileForge","RollingBoulder","Dream Catcher","Divine Protection","paleoftheancients:Timepiece","paleoftheancients:KeyRelic","Ice Cream","Gremlin Horn","paleoftheancients:SoulOfTheWokeBloke"],"acts_visited":["Exordium","TheCity","TheBeyond","TheBeyond"],"potions_floor_usage":[6,7,8,16,22,40,41,45,47,50,56],"damage_taken":[{"damage":2,"enemies":"2 Louse","floor":1,"turns":5},{"damage":5,"enemies":"Cultist","floor":2,"turns":5},{"damage":12,"enemies":"Lagavulin","floor":6,"turns":7},{"damage":8,"enemies":"Jaw Worm","floor":7,"turns":7},{"damage":64,"enemies":"Gremlin Nob","floor":8,"turns":6},{"damage":12,"enemies":"Exordium Wildlife","floor":11,"turns":8},{"damage":38,"enemies":"Large Slime","floor":12,"turns":12},{"damage":15,"enemies":"2 Fungi Beasts","floor":14,"turns":11},{"damage":39,"enemies":"Fading Forest","floor":16,"turns":11},{"damage":31,"enemies":"Shell Parasite","floor":18,"turns":9},{"damage":0,"enemies":"3 Byrds","floor":22,"turns":7},{"damage":1,"enemies":"conspire:SneckoGhost","floor":23,"turns":11},{"damage":16,"enemies":"Centurion and Healer","floor":28,"turns":7},{"damage":15,"enemies":"Replay:Snechameleon","floor":30,"turns":10},{"damage":12,"enemies":"Champ","floor":33,"turns":11},{"damage":13,"enemies":"3 Darklings","floor":35,"turns":5},{"damage":4,"enemies":"Orb Walker","floor":37,"turns":4},{"damage":4,"enemies":"Sphere and 2 Shapes","floor":38,"turns":6},{"damage":1,"enemies":"Spire Growth","floor":39,"turns":5},{"damage":11,"enemies":"Nemesis","floor":40,"turns":7},{"damage":37,"enemies":"Transient","floor":41,"turns":6},{"damage":8,"enemies":"4 Shapes","floor":45,"turns":6},{"damage":0,"enemies":"Reptomancer","floor":47,"turns":9},{"damage":8,"enemies":"Awakened One","floor":50,"turns":9},{"damage":0,"enemies":"Awakened One","floor":51,"turns":8},{"damage":0,"enemies":"Awakened One","floor":52,"turns":4},{"damage":0,"enemies":"Awakened One","floor":56,"turns":4},{"damage":0,"enemies":"paleoftheancients:N","floor":60,"turns":5}],"seed_played":"7337298697074595238","potions_obtained":[{"floor":2,"key":"Strength Potion"},{"floor":6,"key":"SpeedPotion"},{"floor":7,"key":"BlessingOfTheForge"},{"floor":14,"key":"Energy Potion"},{"floor":16,"key":"Reflective Coating"},{"floor":18,"key":"blueLaboratory:FruitPunch"},{"floor":33,"key":"blueLaboratory:HorrorPotion"},{"floor":38,"key":"Swift Potion"},{"floor":41,"key":"SkillPotion"},{"floor":45,"key":"Fire Potion"},{"floor":47,"key":"FearPotion"},{"floor":51,"key":"SkillPotion"}],"is_trial":false,"path_per_floor":["M","M","?","?","$","E","M","E","T","R","M","M","$","M","R_BF","B",null,"M","?","$","?","M","E","?","R","T","R","M","?","E","T","R_BF","B",null,"M","$","M","M","M","E","M","$","T","R","M","R","E","?","R","B","M","M","?","$","R","M","R","T","?","B",null],"character_chosen":"THE_FORSAKEN","items_purchased":["OrangePellets","FastForward+1","MoonPhase"],"campfire_rested":1,"item_purchase_floors":[5,20,36],"current_hp_per_floor":[55,51,51,46,46,37,53,12,12,28,33,34,34,49,49,52,54,55,55,55,55,57,57,57,57,60,60,60,63,66,66,66,69,69,68,71,72,75,75,69,55,55,55,55,66,66,81,81,81,81,81,81,76,76,76,81,81,81,81,81],"gold":54,"neow_bonus":"ONE_RARE_RELIC","is_daily":false,"chose_seed":false,"campfire_upgraded":7,"win_rate":0.0,"timestamp":1609680195,"path_taken":["M","M","?","?","$","E","M","E","T","R","M","?","?","M","R_BF","BOSS","M","?","$","?","M","E","?","R","T","R","M","?","E","?","R_BF","BOSS","M","$","?","M","M","E","?","$","T","R","M","R","E","?","R","BOSS","M","M","?","$","R","M","R","T","?","BOSS"],"items_purchased_type":["Relic","Card","Card"],"build_version":"2020-12-22","purchased_purges":4,"victory":true,"max_hp_per_floor":[55,55,55,55,55,55,55,55,55,55,55,55,55,55,55,55,55,55,55,55,55,57,57,57,57,60,60,60,63,66,66,66,69,69,69,72,72,75,75,75,78,78,78,78,81,81,81,81,81,81,81,81,81,81,81,81,81,81,81,81],"relic_stats":{"OrangePellets":[12],"Dream Catcher":0,"Gremlin Horn":[21,21],"counters":[28,205],"Sundial":[32],"Bird Faced Urn":[56],"Art of War":[35],"obtain_stats":[{"Ice Cream":50,"Divine Protection":47,"paleoftheancients:KeyRelic":50,"ReplayTheSpireMod:Ninjato":9,"Replay:Towering Pillar of Hats":6,"Gremlin Horn":50,"StuffTheSpire:Rhapsscallions":26,"BrokenLever":32,"Omamori":30,"Akabeko":31,"paleoftheancients:Timepiece":50,"OrangePellets":5,"Replay:Ringing Soul":23,"StuffTheSpire:Gunfinga":15,"Dream Catcher":43,"Sundial":19,"aspiration:MobileForge":34,"paleoftheancients:SoulOfTheWokeBloke":51,"Bird Faced Urn":0,"aspiration:ServantSkillbook":17,"RollingBoulder":40,"Art of War":8,"theForsaken:JudgementScales":0},{"Ice Cream":24,"Divine Protection":23,"paleoftheancients:KeyRelic":24,"ReplayTheSpireMod:Ninjato":5,"Replay:Towering Pillar of Hats":3,"Gremlin Horn":24,"StuffTheSpire:Rhapsscallions":12,"BrokenLever":14,"Omamori":14,"Akabeko":14,"paleoftheancients:Timepiece":24,"OrangePellets":2,"Replay:Ringing Soul":12,"StuffTheSpire:Gunfinga":8,"Dream Catcher":21,"Sundial":10,"aspiration:MobileForge":15,"paleoftheancients:SoulOfTheWokeBloke":25,"Bird Faced Urn":0,"aspiration:ServantSkillbook":9,"RollingBoulder":20,"Art of War":5,"theForsaken:JudgementScales":0},{"Ice Cream":184,"Divine Protection":175,"paleoftheancients:KeyRelic":184,"ReplayTheSpireMod:Ninjato":30,"Replay:Towering Pillar of Hats":17,"Gremlin Horn":184,"StuffTheSpire:Rhapsscallions":99,"BrokenLever":116,"Omamori":116,"Akabeko":116,"paleoftheancients:Timepiece":184,"OrangePellets":10,"Replay:Ringing Soul":99,"StuffTheSpire:Gunfinga":61,"Dream Catcher":160,"Sundial":81,"aspiration:MobileForge":127,"paleoftheancients:SoulOfTheWokeBloke":192,"Bird Faced Urn":0,"aspiration:ServantSkillbook":72,"RollingBoulder":154,"Art of War":30,"theForsaken:JudgementScales":0}]},"card_choices":[{"not_picked":["theForsaken:Thunderbolt","theForsaken:Enfeeble","theForsaken:HymnOfPatience"],"picked":"SKIP","floor":1},{"not_picked":["theForsaken:CorruptedWord","theForsaken:ShieldCharge"],"picked":"theForsaken:ShieldBash","floor":2},{"not_picked":["theForsaken:FuryStrikes","theForsaken:ChargeAttack"],"picked":"theForsaken:BountifulSunlight","floor":6},{"not_picked":["theForsaken:PowerUp","theForsaken:WordsOfMight"],"picked":"theForsaken:StoreUp","floor":7},{"not_picked":["theForsaken:Parry","theForsaken:PanicDive","theForsaken:LightRoll"],"picked":"SKIP","floor":8},{"not_picked":["theForsaken:BlindFaith","theForsaken:WordOfPower","theForsaken:ShieldCharge"],"picked":"SKIP","floor":11},{"not_picked":["theForsaken:HorrifyingStrike","theForsaken:BattleHymn","theForsaken:PreciseStrike"],"picked":"SKIP","floor":12},{"not_picked":["theForsaken:Riposte","theForsaken:Terrorize","theForsaken:DarkBargain"],"picked":"SKIP","floor":14},{"not_picked":["theForsaken:Purification","theForsaken:SacrificeSoul"],"picked":"theForsaken:Prudence","floor":16},{"not_picked":["theForsaken:HymnOfPatience","Unruled","theForsaken:WordsOfMight"],"picked":"theForsaken:NobleSacrifice","floor":18},{"not_picked":["theForsaken:WrathOfGod","SpecialFormula","theForsaken:ScorchingSunlight"],"picked":"theForsaken:ShieldBash","floor":19},{"not_picked":["Alleviate","theForsaken:Tranquility","theForsaken:Parry"],"picked":"theForsaken:Confusion","floor":22},{"not_picked":["theForsaken:WordOfPower","theForsaken:Eulogy","Starlight","RealityMarble"],"picked":"SKIP","floor":23},{"not_picked":["theForsaken:Thunderbolt","theForsaken:PanicDive","Hightail","Unruled"],"picked":"SKIP","floor":28},{"not_picked":["Ricochet","theForsaken:BindingThorns","TimeWarp"],"picked":"InstantArmor","floor":30},{"not_picked":["FlawlessForm","theForsaken:Retribution","theForsaken:CorruptDeck"],"picked":"Embodiment","floor":33},{"not_picked":["theForsaken:CreepingInfection+1","Rewind+1","Deadline","Starlight+1"],"picked":"SKIP","floor":35},{"not_picked":["theForsaken:RainingSunlight","theForsaken:Parry","theForsaken:WardingHymn","theForsaken:ShieldCharge"],"picked":"SKIP","floor":37},{"not_picked":["Replace","WasteNot","theForsaken:Backlash+1"],"picked":"theForsaken:ShieldBash","floor":38},{"not_picked":["theForsaken:Parry","theForsaken:BlessedWeapon","Starlight","theForsaken:Backlash"],"picked":"SKIP","floor":39},{"not_picked":["theForsaken:LightRoll","SpecialFormula+1","theForsaken:CorruptedWord","theForsaken:ChargeAttack"],"picked":"SKIP","floor":40},{"not_picked":["theForsaken:TearsOfSunlight","theForsaken:BlightOfFamine","Potential+1"],"picked":"theForsaken:NobleSacrifice+1","floor":41},{"not_picked":["theForsaken:Eulogy","theForsaken:ShieldCharge+1","theForsaken:BlindFaith"],"picked":"theForsaken:ShieldBash+1","floor":45},{"not_picked":["FanOfKnives","theForsaken:Thunderbolt","theForsaken:SpinAttack","theForsaken:Preservation"],"picked":"SKIP","floor":47},{"not_picked":["ReturningBlade+1","theForsaken:Terrorize","Reset","SpecialFormula"],"picked":"SKIP","floor":51},{"not_picked":["TimeWarp+1","theForsaken:FatRoll","DoubleEdge","Alleviate+1"],"picked":"SKIP","floor":52},{"not_picked":["theForsaken:Terrorize+1","theForsaken:RainingSunlight+1","Rewind","Potential+1"],"picked":"SKIP","floor":56}],"player_experience":1876247,"relics_obtained":[{"floor":6,"key":"Replay:Towering Pillar of Hats"},{"floor":8,"key":"Art of War"},{"floor":9,"key":"ReplayTheSpireMod:Ninjato"},{"floor":15,"key":"StuffTheSpire:Gunfinga"},{"floor":19,"key":"Sundial"},{"floor":23,"key":"Replay:Ringing Soul"},{"floor":26,"key":"StuffTheSpire:Rhapsscallions"},{"floor":30,"key":"Omamori"},{"floor":31,"key":"Akabeko"},{"floor":32,"key":"BrokenLever"},{"floor":40,"key":"RollingBoulder"},{"floor":43,"key":"Dream Catcher"},{"floor":47,"key":"Divine Protection"},{"floor":51,"key":"paleoftheancients:SoulOfTheWokeBloke"}],"event_choices":[{"damage_healed":0,"gold_gain":50,"player_choice":"Touch","damage_taken":5,"max_hp_gain":0,"max_hp_loss":0,"event_name":"FaceTrader","floor":4,"gold_loss":0},{"cards_removed":["theForsaken:TheForsaken_Strike"],"damage_healed":0,"gold_gain":0,"player_choice":"Gave Gold","damage_taken":0,"max_hp_gain":0,"max_hp_loss":0,"event_name":"Beggar","floor":24,"gold_loss":75},{"damage_healed":0,"gold_gain":0,"cards_transformed":["theForsaken:TheForsaken_Defend","theForsaken:TheForsaken_Defend"],"player_choice":"Became Test Subject","damage_taken":0,"max_hp_gain":0,"max_hp_loss":0,"event_name":"Drug Dealer","floor":29,"gold_loss":0,"cards_obtained":["Spin","theForsaken:Bolster"]},{"damage_healed":0,"gold_gain":0,"player_choice":"Ignored","damage_taken":0,"max_hp_gain":0,"max_hp_loss":0,"event_name":"Mysterious Sphere","floor":48,"gold_loss":0},{"damage_healed":0,"gold_gain":0,"player_choice":"Leave","damage_taken":0,"max_hp_gain":0,"max_hp_loss":0,"event_name":"conspire:Investor","floor":53,"gold_loss":0}],"is_beta":false,"boss_relics":[{"not_picked":["Snecko Heart","energizedSpire:DeadBattery"],"picked":"aspiration:ServantSkillbook"},{"not_picked":["StuffTheSpire:RunicHypercube","aspiration:RunicSpoon"],"picked":"aspiration:MobileForge"}],"items_purged_floors":[13,20,42,54],"is_endless":false,"potions_floor_spawned":[2,6,7,14,16,18,33,37,38,39,41,45,47,51],"ascension_level":18}}