{"host":"3iouabftir4t7z56","time":1609685696,"event":{"mods":["2.2 Compatiblity","Act Like it!","BaseMod","Colored Map","Hallownest","Minty Spire (QoL Compilation)","StSLib","The Bug Knight"],"gold_per_floor":[109,122,137,67,86,100,127,137,161,161,178,178,193,206,206,206,206],"floor_reached":16,"playtime":1570,"items_purged":[],"score":108,"play_id":"8ae38bed-e546-40e7-bbde-4041f9059179","local_time":"20210103155456","is_ascension_mode":false,"campfire_choices":[{"floor":10,"key":"REST"},{"floor":15,"key":"REST"}],"circlet_count":0,"master_deck":["HollowMod:NailStrikeStart","HollowMod:NailStrikeStart","HollowMod:NailStrikeStart","HollowMod:QuickDashStart","HollowMod:QuickDashStart","HollowMod:QuickDashStart","HollowMod:QuickDashStart","HollowMod:PogoStrike","HollowMod:SiblingsShadow","HollowMod:MonarchWings","HollowMod:MantisMark","HollowMod:CycloneSlash","HollowMod:BlackTendrils"],"relics":["HollowMod:VesselMask","Orichalcum","Vajra","Hallownest:DreamNailRelic"],"acts_visited":["Hallownest:Greenpath"],"potions_floor_usage":[7,7,7,11,16,16],"damage_taken":[{"damage":3,"enemies":"Hallownest:monsterHuskGuard","floor":1,"turns":5},{"damage":2,"enemies":"Hallownest:2_Baldur","floor":2,"turns":3},{"damage":0,"enemies":"Hallownest:monsterHuskWarrior","floor":3,"turns":3},{"damage":5,"enemies":"Hallownest:MossCreep_and_Mosskin","floor":5,"turns":6},{"damage":17,"enemies":"Hallownest:2_Tiktiks_1_Baldur_1_Crawlid","floor":6,"turns":6},{"damage":23,"enemies":"Hallownest:eliteCrystalGuardian","floor":7,"turns":8},{"damage":0,"enemies":"Hallownest:monsterAspidMother","floor":8,"turns":4},{"damage":11,"enemies":"Hallownest:monsterFoolEater","floor":11,"turns":3},{"damage":4,"enemies":"Hallownest:Guard_and_Warrior","floor":13,"turns":5},{"damage":10,"enemies":"Hallownest:1_Ooma_and_2_Uuma","floor":14,"turns":4},{"damage":33,"enemies":"Hallownest:BossFalseKnight","floor":16,"turns":6}],"seed_played":"-4387169517274639769","potions_obtained":[{"floor":3,"key":"Swift Potion"},{"floor":6,"key":"EntropicBrew"},{"floor":7,"key":"FearPotion"},{"floor":8,"key":"SkillPotion"},{"floor":11,"key":"Dexterity Potion"}],"is_trial":false,"path_per_floor":["M","M","M","$","M","M","E","M","T","R","M","?","M","M","R","B"],"character_chosen":"THE_BUGKNIGHT","items_purchased":["HollowMod:MonarchWings"],"campfire_rested":2,"item_purchase_floors":[4],"current_hp_per_floor":[51,49,49,49,44,27,4,4,4,26,15,15,11,1,23,0,0],"gold":206,"neow_bonus":"REMOVE_TWO","is_daily":false,"chose_seed":false,"campfire_upgraded":0,"win_rate":0.0,"timestamp":1609685696,"path_taken":["M","M","?","$","M","M","E","M","T","R","M","?","?","M","R","BOSS"],"items_purchased_type":["Card"],"build_version":"2020-12-22","purchased_purges":0,"victory":false,"max_hp_per_floor":[75,75,75,75,75,75,75,75,75,75,75,75,75,75,75,75,75],"card_choices":[{"not_picked":["HollowMod:SoulSplash","HollowMod:ChannelNail","HollowMod:SoulVessel"],"picked":"SKIP","floor":1},{"not_picked":["HollowMod:TaintedHusks","HollowMod:MothsMistake","HollowMod:PureNailStrike"],"picked":"SKIP","floor":2},{"not_picked":["HollowMod:DashSlash","HollowMod:CornifersMapStart"],"picked":"HollowMod:SiblingsShadow","floor":3},{"not_picked":["HollowMod:MothsMistake","HollowMod:PureNailStrike","HollowMod:SoulEater"],"picked":"SKIP","floor":5},{"not_picked":["HollowMod:LordofShades","HollowMod:QuirrelsAssistance"],"picked":"HollowMod:MantisMark","floor":6},{"not_picked":["HollowMod:GrimmsGift","HollowMod:SharpenedNail","HollowMod:InfectionAssault"],"picked":"SKIP","floor":7},{"not_picked":["HollowMod:ChannelNail","HollowMod:PerfectDash"],"picked":"HollowMod:CycloneSlash","floor":8},{"not_picked":["HollowMod:SoulShaman","HollowMod:NewLittleFool","HollowMod:InfectedAttack"],"picked":"SKIP","floor":11},{"not_picked":["HollowMod:HuntersJournal","HollowMod:QuirrelsAssistance","HollowMod:BaldurShell"],"picked":"SKIP","floor":13},{"not_picked":["HollowMod:DoubleDash","HollowMod:ShadowDash"],"picked":"HollowMod:BlackTendrils","floor":14}],"player_experience":593310,"relics_obtained":[{"floor":7,"key":"Orichalcum"},{"floor":9,"key":"Vajra"}],"event_choices":[],"is_beta":false,"boss_relics":[],"items_purged_floors":[],"is_endless":false,"potions_floor_spawned":[3,6,7,8,11],"killed_by":"Hallownest:BossFalseKnight","ascension_level":0}}