{"host":"4pz5any8n577jwp0","time":1609648899,"event":{"mods":["BaseMod","Colored Powertips","Minty Spire (QoL Compilation)","Quick Restart","Shop Mod"],"gold_per_floor":[111,286,286,306,74,74,99,99,126,144,169,182,214,225,225,326,326,341,351,351,367,283,283,283,283],"floor_reached":24,"playtime":861,"items_purged":["Doubt","Eruption"],"score":291,"play_id":"7eff7650-dc01-471a-a0f7-67432a24bc09","local_time":"20210103044139","is_ascension_mode":false,"campfire_choices":[{"data":"PathToVictory","floor":6.0,"key":"SMITH"},{"data":"Wireheading","floor":8.0,"key":"SMITH"},{"data":"PathToVictory","floor":15.0,"key":"SMITH"},{"data":"Nirvana","floor":23,"key":"SMITH"}],"circlet_count":0,"master_deck":["Strike_P","Strike_P","Strike_P","Strike_P","Defend_P","Defend_P","Defend_P","Defend_P","Vigilance","PathToVictory+1","Wireheading+1","PathToVictory+1","Nirvana+1","Wish+1","ThirdEye","ThirdEye"],"relics":["PureWater","NeowsBlessing","CultistMask","MerchantsRug","Meat on the Bone","Unceasing Top","Coffee Dripper"],"acts_visited":["Exordium","TheCity"],"potions_floor_usage":[21,21],"damage_taken":[{"damage":0.0,"enemies":"2 Louse","floor":1.0,"turns":1.0},{"damage":0.0,"enemies":"Cultist","floor":4.0,"turns":1.0},{"damage":0.0,"enemies":"3 Sentries","floor":7.0,"turns":2.0},{"damage":2.0,"enemies":"Small Slimes","floor":10.0,"turns":4.0},{"damage":8.0,"enemies":"Gremlin Nob","floor":11.0,"turns":3.0},{"damage":8.0,"enemies":"Red Slaver","floor":12.0,"turns":4.0},{"damage":30.0,"enemies":"3 Sentries","floor":13.0,"turns":16.0},{"damage":0.0,"enemies":"2 Fungi Beasts","floor":14.0,"turns":4.0},{"damage":0.0,"enemies":"Slime Boss","floor":16.0,"turns":4.0},{"damage":36.0,"enemies":"2 Thieves","floor":18.0,"turns":4.0},{"damage":0.0,"enemies":"3 Byrds","floor":19.0,"turns":5.0},{"damage":11,"enemies":"Sentry and Sphere","floor":21,"turns":7},{"damage":41,"enemies":"Slavers","floor":24,"turns":3}],"seed_played":"-5873525551640560988","potions_obtained":[{"floor":1.0,"key":"Ancient Potion"},{"floor":7.0,"key":"FearPotion"},{"floor":11.0,"key":"Ambrosia"},{"floor":12.0,"key":"Ambrosia"}],"is_trial":false,"path_per_floor":["M","?","?","M","$","R","E","R","T","M","E","M","E","M","R","B",null,"M","M","?","M","$","R","E"],"character_chosen":"WATCHER","items_purchased":["MerchantsRug","ThirdEye"],"campfire_rested":0,"item_purchase_floors":[5,22],"current_hp_per_floor":[72,72,72,72,72,72,72,72,72,70,62,54,36,48,48,48,72,48,48,48,37,37,37,0,0],"gold":283,"neow_bonus":"THREE_ENEMY_KILL","is_daily":false,"chose_seed":false,"campfire_upgraded":4,"win_rate":0.0,"timestamp":1609648899,"path_taken":["M","?","?","M","$","R","E","R","T","M","E","?","E","M","R","BOSS","M","M","?","M","$","R","E"],"items_purchased_type":["Relic","Card"],"build_version":"2020-12-22","purchased_purges":2,"victory":false,"max_hp_per_floor":[72,72,72,72,72,72,72,72,72,72,72,72,72,72,72,72,72,72,72,72,72,72,72,72,72],"card_choices":[{"not_picked":["Consecrate","EmptyBody"],"picked":"PathToVictory","floor":1.0},{"not_picked":["Wallop","Protect"],"picked":"Wireheading","floor":4.0},{"not_picked":["BowlingBash","FlurryOfBlows","FlyingSleeves"],"picked":"SKIP","floor":7.0},{"not_picked":["SashWhip","JustLucky"],"picked":"PathToVictory","floor":10.0},{"not_picked":["Vengeance","SandsOfTime","Indignation"],"picked":"SKIP","floor":11.0},{"not_picked":["EmptyFist","Study","FearNoEvil"],"picked":"SKIP","floor":12.0},{"not_picked":["Crescendo","Vengeance","Prostrate"],"picked":"SKIP","floor":13.0},{"not_picked":["Swivel","JustLucky"],"picked":"Nirvana","floor":14.0},{"not_picked":["SpiritShield","DevaForm"],"picked":"Wish","floor":16.0},{"not_picked":["CrushJoints","Wallop","Tantrum+1"],"picked":"SKIP","floor":18.0},{"not_picked":["ClearTheMind","FearNoEvil+1","SashWhip"],"picked":"SKIP","floor":19.0},{"not_picked":["Protect","ClearTheMind+1"],"picked":"ThirdEye","floor":21}],"player_experience":692020,"relics_obtained":[{"floor":7.0,"key":"Yang"},{"floor":11.0,"key":"Meat on the Bone"},{"floor":13.0,"key":"Unceasing Top"}],"event_choices":[{"damage_healed":0.0,"max_hp_gain":0.0,"max_hp_loss":0.0,"gold_gain":175.0,"event_name":"Liars Game","player_choice":"AGREE","floor":2.0,"gold_loss":0.0,"damage_taken":0.0,"cards_obtained":["Doubt"]},{"damage_healed":0.0,"max_hp_gain":0.0,"max_hp_loss":0.0,"gold_gain":0.0,"event_name":"FaceTrader","player_choice":"Trade","floor":3.0,"gold_loss":0.0,"damage_taken":0.0,"relics_obtained":["CultistMask"]},{"damage_healed":0.0,"max_hp_gain":0.0,"max_hp_loss":0.0,"gold_gain":0.0,"event_name":"Accursed Blacksmith","player_choice":"Forge","floor":20.0,"gold_loss":0.0,"damage_taken":0.0,"cards_upgraded":["Wish"]}],"is_beta":false,"boss_relics":[{"not_picked":["Busted Crown","Calling Bell"],"picked":"Coffee Dripper"}],"items_purged_floors":[5,22],"is_endless":false,"potions_floor_spawned":[1,7,11,12,19],"killed_by":"Slavers","ascension_level":0}}