{"host":"Sumable","time":1609713787,"event":{"mods":["AchievementEnabler","BaseMod","Better Note","BetterRewards","Googly Eyes","Hermit","Minty Spire (QoL Compilation)","Quick Restart","Shop Mod","StSLib","The Cursed","everything is the same but u backflip on backflip","slay the spire mod where everything is the same but ironclad has a cowboy hat"],"gold_per_floor":[117,117,117,128,128,128,159,159,159,159,171,171,186,201,201,279,279,247,247,263,21,21,21,34,34,34,34,34,34],"floor_reached":28,"playtime":1012,"items_purged":[],"score":521,"play_id":"34969874-f303-4ba0-83fa-d81edbee093f","local_time":"20210103154307","is_ascension_mode":true,"campfire_choices":[{"floor":6.0,"key":"REST"},{"floor":8.0,"key":"REST"},{"floor":10.0,"key":"REST"},{"data":"Carnage","floor":12.0,"key":"SMITH"},{"data":"Shrug It Off","floor":15.0,"key":"SMITH"},{"floor":23,"key":"REST"},{"data":"Body Slam","floor":25,"key":"SMITH"},{"data":"Shrug It Off","floor":27,"key":"SMITH"}],"circlet_count":0,"master_deck":["AscendersBane","Strike_R","Strike_R","Strike_R","Strike_R","Defend_R","Defend_R","Defend_R","Defend_R","Bash","Body Slam+1","Shrug It Off+1","Reaper","Thunderclap+1","Impervious+1","Reckless Charge+1","Shrug It Off+1","Bloodletting","HandOfGreed","Cleave","Ghostly Armor"],"relics":["Burning Blood","Chemical X","Peace Pipe","Self Forming Clay","Oddly Smooth Stone","Letter Opener","Astrolabe","Gambling Chip","Blue Candle"],"acts_visited":["Exordium","TheCity"],"potions_floor_usage":[16,24,24],"damage_taken":[{"damage":8.0,"enemies":"2 Louse","floor":1.0,"turns":3.0},{"damage":12.0,"enemies":"Jaw Worm","floor":4.0,"turns":3.0},{"damage":57.0,"enemies":"Lagavulin","floor":7.0,"turns":8.0},{"damage":0.0,"enemies":"Small Slimes","floor":11.0,"turns":2.0},{"damage":21.0,"enemies":"Exordium Thugs","floor":13.0,"turns":5.0},{"damage":1.0,"enemies":"Blue Slaver","floor":14.0,"turns":2.0},{"damage":35,"enemies":"Slime Boss","floor":16,"turns":9},{"damage":26,"enemies":"2 Thieves","floor":18,"turns":5},{"damage":9,"enemies":"Chosen","floor":20,"turns":8},{"damage":11,"enemies":"Shelled Parasite and Fungi","floor":24,"turns":6},{"damage":80,"enemies":"Book of Stabbing","floor":28,"turns":7}],"seed_played":"-5198468102646709791","potions_obtained":[{"floor":1.0,"key":"Explosive Potion"},{"floor":7.0,"key":"AttackPotion"},{"floor":13.0,"key":"Strength Potion"},{"floor":14.0,"key":"EssenceOfSteel"},{"floor":20,"key":"PowerPotion"},{"floor":22,"key":"PowerPotion"}],"is_trial":false,"path_per_floor":["M","?","?","M","$","R","E","R","T","R","M","R","M","M","R","B",null,"M","?","M","$","?","R","M","R","T","R","E"],"character_chosen":"IRONCLAD","items_purchased":["Chemical X","HandOfGreed","Cleave"],"campfire_rested":4,"item_purchase_floors":[0,21,21],"current_hp_per_floor":[54,54,54,48,48,72,21,45,45,69,75,75,60,65,65,36,69,57,57,54,54,54,78,73,73,73,73,0,0],"gold":34,"neow_bonus":"","is_daily":false,"chose_seed":false,"campfire_upgraded":4,"win_rate":0.0,"timestamp":1609713787,"path_taken":["M","?","?","M","$","R","E","R","T","R","M","R","M","M","R","BOSS","M","?","M","$","?","R","?","R","T","R","E"],"items_purchased_type":["Relic","Card","Card"],"build_version":"2020-12-18","purchased_purges":0,"victory":false,"max_hp_per_floor":[80,80,80,80,80,80,80,80,80,80,80,80,80,80,80,80,80,80,80,80,80,80,80,80,80,80,80,80,80],"card_choices":[{"not_picked":["Clash","Metallicize","Sword Boomerang"],"picked":"SKIP","floor":1.0},{"not_picked":["Armaments","Burning Pact"],"picked":"Carnage","floor":4.0},{"not_picked":["Warcry","Clash","Iron Wave"],"picked":"SKIP","floor":7.0},{"not_picked":["True Grit","Wild Strike"],"picked":"Brutality","floor":11.0},{"not_picked":["Armaments","Pommel Strike"],"picked":"Body Slam","floor":13.0},{"not_picked":["Twin Strike","Inflame"],"picked":"Shrug It Off","floor":14.0},{"not_picked":["Double Tap","Limit Break"],"picked":"Reaper","floor":16},{"not_picked":["Havoc","Uppercut"],"picked":"Shrug It Off","floor":18},{"not_picked":["Perfected Strike","Combust"],"picked":"Bloodletting","floor":20},{"not_picked":["Twin Strike","Flex"],"picked":"Ghostly Armor","floor":24}],"player_experience":1033451,"relics_obtained":[{"floor":7.0,"key":"Oddly Smooth Stone"},{"floor":9.0,"key":"Letter Opener"},{"floor":26,"key":"Blue Candle"}],"event_choices":[{"damage_healed":0.0,"max_hp_gain":0.0,"max_hp_loss":0.0,"gold_gain":0.0,"event_name":"Big Fish","player_choice":"Box","floor":2.0,"gold_loss":0.0,"damage_taken":0.0,"relics_obtained":["Self Forming Clay"],"cards_obtained":["Regret"]},{"cards_removed":["Regret"],"damage_healed":0.0,"max_hp_gain":0.0,"max_hp_loss":0.0,"gold_gain":0.0,"event_name":"Living Wall","player_choice":"Forget","floor":3.0,"gold_loss":0.0,"damage_taken":0.0},{"damage_healed":0,"gold_gain":0,"player_choice":"Opened","damage_taken":0,"relics_obtained":["Gambling Chip"],"max_hp_gain":0,"max_hp_loss":0,"event_name":"The Mausoleum","floor":19,"gold_loss":0},{"damage_healed":0,"gold_gain":0,"player_choice":"Got Potions","damage_taken":0,"max_hp_gain":0,"max_hp_loss":0,"event_name":"Lab","floor":22,"gold_loss":0}],"is_beta":true,"boss_relics":[{"not_picked":["Ectoplasm","Snecko Eye"],"picked":"Astrolabe"}],"items_purged_floors":[],"is_endless":false,"potions_floor_spawned":[1,7,13,14,20],"killed_by":"Book of Stabbing","ascension_level":13}}