{"host":"uua02xqorlefedoe","time":1609654860,"event":{"mods":["AchievementEnabler","BaseMod","Bestiary","Colored Map","DeckTracker","Downfall","Googly Eyes","Minty Spire (QoL Compilation)","Quick Restart","StSLib"],"gold_per_floor":[99,117,128,147,159,159,183,16,28,28,45,56,41,64,79,184,184,184,196,210,210,222,239,239,271,281,281,293,323,336,67,81,185,185,110,122,141,160,177,102,128,155,168,217,232,46,46,46,60,60],"floor_reached":51,"playtime":5378,"items_purged":["Regret","Slimebound:Icky","Parasite"],"score":721,"play_id":"84c03f99-c0df-49e8-8f3a-d23fe04a4405","local_time":"20210103062100","is_ascension_mode":false,"campfire_choices":[{"data":"hexamod:Float","floor":1.0,"key":"SMITH"},{"data":"hexamod:GhostflameInferno","floor":10.0,"key":"SMITH"},{"data":"hexamod:EmpoweringStance","floor":18.0,"key":"SMITH"},{"data":"hexamod:GhostOfSpirePast","floor":27.0,"key":"SMITH"},{"floor":35.0,"key":"RECALL"},{"data":"hexamod:RainOfEmbers","floor":40,"key":"SMITH"},{"data":"hexamod:Rewind","floor":47,"key":"SMITH"}],"circlet_count":0,"master_deck":["hexamod:Strike","hexamod:Strike+1","hexamod:Strike+1","hexamod:Defend","hexamod:Defend","hexamod:Defend","hexamod:Defend+1","hexamod:Sear","hexamod:Float+1","hexamod:HeatCrush+1","hexamod:SwordOfDarkness","hexamod:RainOfEmbers+1","hexamod:Haunt","Slimebound:Icky","hexamod:GhostflameInferno+1","hexamod:FirstSeal","hexamod:NightmareStrike+1","hexamod:ThermalTransfer","hexamod:Hexaguard","hexamod:GhostflameBarrier","hexamod:GhostOfSpirePast+1","hexamod:EmpoweringStance+1","hexamod:GhostOfSpirePast","hexamod:SoulSteal","hexamod:BacktrackSmack+1","hexamod:Hexaguard","hexamod:RadiantFlame","hexamod:FourthSeal","hexamod:GhostOfSpirePresent+1","hexamod:GhostOfSpirePast","hexamod:Rewind+1","hexamod:SearingWound","hexamod:PhantomCloak+1","hexamod:RetreatToShadows+1","hexamod:BacktrackSmack+1","hexamod:EtherealExpedition+1","hexamod:PowerFromBeyond"],"relics":["Cursed Key","Nunchaku","Odd Mushroom","Black Star","Meat on the Bone","Anchor","Shuriken","HornCleat","Potion Belt","hexamod:IceCube","downfall:HeartBlessingGreen","downfall:HeartBlessingRed","Bag of Marbles","Whetstone","Lizard Tail","Kunai","Lantern"],"acts_visited":["Exordium","TheCity","TheBeyond"],"potions_floor_usage":[44,50,50,50,50],"damage_taken":[{"damage":0.0,"enemies":"2 Louse","floor":2.0,"turns":2.0},{"damage":2.0,"enemies":"Jaw Worm","floor":3.0,"turns":4.0},{"damage":3.0,"enemies":"Small Slimes","floor":4.0,"turns":3.0},{"damage":7.0,"enemies":"2 Fungi Beasts","floor":5.0,"turns":3.0},{"damage":15.0,"enemies":"downfall:FleeingMerchant","floor":8.0,"turns":4.0},{"damage":13.0,"enemies":"Lots of Slimes","floor":9.0,"turns":3.0},{"damage":11.0,"enemies":"Gremlin Gang","floor":11.0,"turns":4.0},{"damage":0.0,"enemies":"Exordium Wildlife","floor":12.0,"turns":2.0},{"damage":3.0,"enemies":"downfall:FleeingMerchant","floor":13.0,"turns":4.0},{"damage":9.0,"enemies":"The Mushroom Lair","floor":14.0,"turns":3.0},{"damage":6.0,"enemies":"2 Fungi Beasts","floor":15.0,"turns":3.0},{"damage":22.0,"enemies":"downfall:Ironclad","floor":16.0,"turns":6.0},{"damage":0.0,"enemies":"Chosen","floor":19.0,"turns":3.0},{"damage":20.0,"enemies":"Snake Plant","floor":20.0,"turns":4.0},{"damage":7.0,"enemies":"Chosen and Byrds","floor":22.0,"turns":4.0},{"damage":10.0,"enemies":"Cultist and Chosen","floor":23.0,"turns":7.0},{"damage":5.0,"enemies":"Book of Stabbing","floor":25.0,"turns":5.0},{"damage":3.0,"enemies":"Centurion and Healer","floor":26.0,"turns":6.0},{"damage":12.0,"enemies":"Snecko","floor":28.0,"turns":5.0},{"damage":40.0,"enemies":"Slavers","floor":29.0,"turns":5.0},{"damage":20.0,"enemies":"Sentry and Sphere","floor":30.0,"turns":5.0},{"damage":0.0,"enemies":"downfall:FleeingMerchant","floor":31.0,"turns":4.0},{"damage":3.0,"enemies":"Snake Plant","floor":32.0,"turns":3.0},{"damage":30.0,"enemies":"downfall:Watcher","floor":33.0,"turns":5.0},{"damage":0.0,"enemies":"Orb Walker","floor":36.0,"turns":3.0},{"damage":1.0,"enemies":"3 Shapes","floor":37.0,"turns":5.0},{"damage":26.0,"enemies":"Spire Growth","floor":38.0,"turns":4.0},{"damage":3,"enemies":"Transient","floor":39,"turns":5},{"damage":22,"enemies":"Nemesis","floor":42,"turns":5},{"damage":5,"enemies":"3 Darklings","floor":43,"turns":4},{"damage":25,"enemies":"2 Orb Walkers","floor":44,"turns":5},{"damage":28,"enemies":"Writhing Mass","floor":45,"turns":4},{"damage":0,"enemies":"downfall:FleeingMerchant","floor":46,"turns":1},{"damage":10,"enemies":"Jaw Worm Horde","floor":49,"turns":4},{"damage":73,"enemies":"downfall:Silent","floor":50,"turns":10}],"seed_played":"6840997798720055799","potions_obtained":[{"floor":2.0,"key":"hexamod:DoubleChargePotion"},{"floor":4.0,"key":"Weak Potion"},{"floor":11.0,"key":"Ancient Potion"},{"floor":12.0,"key":"Fruit Juice"},{"floor":16.0,"key":"Fire Potion"},{"floor":20.0,"key":"EssenceOfSteel"},{"floor":25.0,"key":"SmokeBomb"},{"floor":29.0,"key":"champ:CounterPotion"},{"floor":30.0,"key":"Energy Potion"},{"floor":33.0,"key":"Swift Potion"},{"floor":42,"key":"Guardian:BlockOnCardUsePotion"},{"floor":44,"key":"Swift Potion"}],"is_trial":false,"path_per_floor":["R","M","M","M","M","?","T","$","M","R","M","M","$","?","M","B",null,"R","M","M","?","M","M","T","E","M","R","M","E","M","$","M","B",null,"R","M","M","M","M","R","T","E","M","?","M","$","R","?","M","B",null],"character_chosen":"THE_SPIRIT","items_purchased":["hexamod:FirstSeal","hexamod:GhostOfSpirePast","hexamod:Rewind","Kunai","Lantern"],"campfire_rested":0,"item_purchase_floors":[8,31,31,46,46],"current_hp_per_floor":[70,70,68,65,58,58,58,43,37,37,33,38,42,33,34,12,75,75,75,62,62,62,59,59,61,65,65,60,39,38,45,49,38,75,75,75,75,49,46,46,46,43,45,39,23,35,35,63,60,50],"gold":60,"neow_bonus":"BOSS_RELIC","is_daily":false,"chose_seed":false,"campfire_upgraded":6,"win_rate":0.0,"timestamp":1609654860,"path_taken":["R","M","M","M","M","?","T","?","M","R","M","M","$","?","M","BOSS","R","M","M","?","M","M","T","E","?","R","?","E","M","$","M","BOSS","R","M","M","M","M","R","T","E","M","?","M","$","R","?","M","BOSS"],"items_purchased_type":["Card","Card","Card","Relic","Relic"],"build_version":"2020-12-22","purchased_purges":3,"victory":true,"max_hp_per_floor":[70,70,70,70,70,70,70,70,70,70,70,75,75,75,75,75,75,75,75,75,75,75,75,75,75,75,75,75,75,75,75,75,75,75,75,75,75,75,75,75,75,75,75,75,75,72,72,63,63,63],"card_choices":[{"not_picked":["hexamod:NecessarySacrifice","hexamod:BurningTouch"],"picked":"hexamod:HeatCrush","floor":2.0},{"not_picked":["hexamod:HauntingEcho","hexamod:InspiringFlames"],"picked":"hexamod:SwordOfDarkness","floor":3.0},{"not_picked":["hexamod:HeatCrush","hexamod:AdvancingGuard"],"picked":"hexamod:RainOfEmbers","floor":4.0},{"not_picked":["hexamod:Firestarter","hexamod:InspiringFlames"],"picked":"hexamod:Haunt","floor":5.0},{"not_picked":["hexamod:Haunt","hexamod:InspiringFlames"],"picked":"hexamod:GhostflameInferno","floor":8.0},{"not_picked":["hexamod:FastForward","hexamod:GhostShield"],"picked":"hexamod:NightmareStrike","floor":9.0},{"not_picked":["hexamod:InspiringFlames","hexamod:ShieldOfDarkness"],"picked":"hexamod:ThermalTransfer","floor":11.0},{"not_picked":["hexamod:ShieldOfDarkness","hexamod:BurningTouch"],"picked":"hexamod:Hexaguard","floor":12.0},{"not_picked":["hexamod:NecessarySacrifice","hexamod:NightmareGuise","hexamod:Again"],"picked":"SKIP","floor":13.0},{"not_picked":["hexamod:NightmareGuise","hexamod:AdvancingGuard"],"picked":"hexamod:GhostflameBarrier","floor":14.0},{"not_picked":["hexamod:NightmareGuise","hexamod:AdvancingGuard"],"picked":"hexamod:GhostOfSpirePast","floor":15.0},{"not_picked":["hexamod:WildfireWeapon","hexamod:CrushingStance"],"picked":"hexamod:EmpoweringStance","floor":16.0},{"not_picked":["hexamod:SwordOfDarkness+1","hexamod:NightmareStrike"],"picked":"hexamod:GhostOfSpirePast","floor":19.0},{"not_picked":["hexamod:RecurringNightmare","hexamod:HeatCrush","hexamod:GhostLash"],"picked":"SKIP","floor":20.0},{"not_picked":["hexamod:AdvancingGuard","hexamod:PhantomFireball"],"picked":"hexamod:BacktrackSmack+1","floor":22.0},{"not_picked":["hexamod:NightmareStrike","hexamod:GhostflameInferno"],"picked":"hexamod:Hexaguard","floor":23.0},{"not_picked":["hexamod:FirstSeal","hexamod:NightmareStrike"],"picked":"hexamod:RadiantFlame","floor":25.0},{"not_picked":["hexamod:Hexaguard+1","hexamod:RecurringNightmare"],"picked":"hexamod:FourthSeal","floor":26.0},{"not_picked":["hexamod:NightmareGuise","hexamod:Hexaguard"],"picked":"hexamod:GhostOfSpirePresent+1","floor":28.0},{"not_picked":["hexamod:EtherealExpedition","hexamod:SpectralAdrenaline","hexamod:FirstSeal"],"picked":"SKIP","floor":29.0},{"not_picked":["hexamod:PhantomFireball","hexamod:Haunt+1","hexamod:GhostOfSpirePresent"],"picked":"SKIP","floor":30.0},{"not_picked":["hexamod:SpectersWail","hexamod:GhostflameBarrier","hexamod:PhantomFireball+1"],"picked":"SKIP","floor":31.0},{"not_picked":["hexamod:HauntingEcho+1","hexamod:Again+1","hexamod:RainOfEmbers"],"picked":"SKIP","floor":32.0},{"not_picked":["hexamod:TurnItUp","hexamod:CrushingStance"],"picked":"hexamod:SearingWound","floor":33.0},{"not_picked":["hexamod:SoulSteal","hexamod:ShieldOfDarkness+1","hexamod:ThermalTransfer"],"picked":"SKIP","floor":36.0},{"not_picked":["hexamod:CatchUp+1","hexamod:Hexaguard+1"],"picked":"hexamod:PhantomCloak+1","floor":37.0},{"not_picked":["hexamod:ThermalTransfer+1","hexamod:SwordOfDarkness","hexamod:DynamicBlow"],"picked":"SKIP","floor":38.0},{"not_picked":["hexamod:ShieldOfDarkness","hexamod:NightmareGuise","hexamod:GhostShield"],"picked":"SKIP","floor":39},{"not_picked":["hexamod:NightmareGuise+1","hexamod:FirstSeal","hexamod:GhostflameInferno"],"picked":"SKIP","floor":42},{"not_picked":["hexamod:NightmareGuise+1","hexamod:HauntingEcho+1","hexamod:SwordOfDarkness"],"picked":"SKIP","floor":43},{"not_picked":["hexamod:SpectersWail+1","hexamod:PhantomFireball"],"picked":"hexamod:RetreatToShadows+1","floor":44},{"not_picked":["hexamod:NightmareStrike","hexamod:GhostLash+1"],"picked":"hexamod:BacktrackSmack+1","floor":45},{"not_picked":["hexamod:BurningTouch","hexamod:InspiringFlames"],"picked":"hexamod:EtherealExpedition+1","floor":46},{"not_picked":["hexamod:AdvancingGuard","hexamod:GhostShield+1"],"picked":"hexamod:PowerFromBeyond","floor":49}],"player_experience":539669,"relics_obtained":[{"floor":7.0,"key":"Nunchaku"},{"floor":14.0,"key":"Odd Mushroom"},{"floor":24.0,"key":"Meat on the Bone"},{"floor":25.0,"key":"Anchor"},{"floor":25.0,"key":"Shuriken"},{"floor":29.0,"key":"HornCleat"},{"floor":29.0,"key":"Potion Belt"},{"floor":42,"key":"Bag of Marbles"},{"floor":42,"key":"Whetstone"},{"floor":44,"key":"Lizard Tail"}],"event_choices":[{"damage_healed":0.0,"max_hp_gain":0.0,"max_hp_loss":0.0,"gold_gain":0.0,"event_name":"Mushrooms","player_choice":"Fought Mushrooms","floor":14.0,"gold_loss":0.0,"damage_taken":0.0},{"damage_healed":0.0,"max_hp_gain":0.0,"max_hp_loss":0.0,"gold_gain":0.0,"cards_transformed":["hexamod:Strike"],"event_name":"Transmorgrifier","player_choice":"Transformed","floor":21.0,"gold_loss":0.0,"damage_taken":0.0,"cards_obtained":["hexamod:SoulSteal"]},{"damage_healed":0,"gold_gain":0,"player_choice":"Fight","damage_taken":0,"max_hp_gain":0,"max_hp_loss":0,"event_name":"Mysterious Sphere","floor":44,"gold_loss":0}],"is_beta":false,"boss_relics":[{"not_picked":["SacredBark","Tiny House"],"picked":"Black Star"},{"not_picked":["Astrolabe","Philosopher\u0027s Stone"],"picked":"hexamod:IceCube"}],"items_purged_floors":[8,31,46],"is_endless":false,"potions_floor_spawned":[2,4,11,12,16,20,22,25,26,33,36,38,42,44,49],"ascension_level":0}}