{"host":"3iouabftir4t7z56","time":1609699543,"event":{"mods":["2.2 Compatiblity","Act Like it!","BaseMod","Colored Map","Hallownest","Minty Spire (QoL Compilation)","StSLib","The Bug Knight"],"gold_per_floor":[112,45,64,77,145,145,145,34,83,83,101,118,146,162,162,162,162],"floor_reached":16,"playtime":1501,"items_purged":["HollowMod:NailStrikeStart"],"score":102,"play_id":"4d71e6a7-0a9f-4bf1-b698-0c8e655774a1","local_time":"20210103194543","is_ascension_mode":false,"campfire_choices":[{"data":"HollowMod:LuriensSpire","floor":6,"key":"SMITH"},{"data":"HollowMod:FocusHealStart","floor":10,"key":"SMITH"},{"floor":15,"key":"REST"}],"circlet_count":0,"master_deck":["HollowMod:NailStrikeStart","HollowMod:NailStrikeStart","HollowMod:NailStrikeStart","HollowMod:QuickDashStart","HollowMod:QuickDashStart","HollowMod:QuickDashStart","HollowMod:QuickDashStart","HollowMod:FocusHealStart+1","HollowMod:PogoStrike","HollowMod:HornetsHelp","HollowMod:InfectionAssault","HollowMod:BlackTendrils","HollowMod:TaintedHusks","HollowMod:LuriensSpire+1","HollowMod:MantisMark","HollowMod:CrystalDash","HollowMod:DescendingDark","HollowMod:MonarchWings","HollowMod:BrokenVessel"],"relics":["HollowMod:VesselMask","Eternal Feather","Ancient Tea Set"],"acts_visited":["Hallownest:Greenpath"],"potions_floor_usage":[13,14,16],"damage_taken":[{"damage":4,"enemies":"Hallownest:2_Baldur","floor":1,"turns":6},{"damage":12,"enemies":"Hallownest:monsterHuskGuard","floor":3,"turns":4},{"damage":5,"enemies":"Hallownest:monsterHuskWarrior","floor":4,"turns":3},{"damage":14,"enemies":"Hallownest:monsterAspidMother","floor":7,"turns":5},{"damage":6,"enemies":"Hallownest:monsterFoolEater","floor":11,"turns":3},{"damage":3,"enemies":"Hallownest:MossCreep_and_Mosskin","floor":12,"turns":5},{"damage":25,"enemies":"Hallownest:eliteVengeflyKing","floor":13,"turns":7},{"damage":47,"enemies":"Hallownest:1_Ooma_and_2_Uuma","floor":14,"turns":9},{"damage":43,"enemies":"Hallownest:BossHornet","floor":16,"turns":3}],"seed_played":"-3012970356900563947","potions_obtained":[{"floor":1,"key":"Explosive Potion"},{"floor":3,"key":"AttackPotion"},{"floor":11,"key":"Swift Potion"}],"is_trial":false,"path_per_floor":["M","$","M","M","T","R","M","$","T","R","M","M","E","M","R","B"],"character_chosen":"THE_BUGKNIGHT","items_purchased":["HollowMod:BlackTendrils","HollowMod:CrystalDash"],"campfire_rested":1,"item_purchase_floors":[2,8],"current_hp_per_floor":[60,60,50,47,47,56,44,44,44,53,49,58,41,2,33,0,0],"gold":162,"neow_bonus":"THREE_RARE_CARDS","is_daily":false,"chose_seed":false,"campfire_upgraded":2,"win_rate":0.0,"timestamp":1609699543,"path_taken":["M","?","M","?","?","R","M","?","T","R","?","?","E","M","R","BOSS"],"items_purchased_type":["Card","Card"],"build_version":"2020-12-22","purchased_purges":1,"victory":false,"max_hp_per_floor":[75,75,75,75,75,75,75,75,75,75,75,75,75,75,75,75,75],"card_choices":[{"not_picked":["HollowMod:ElderbugsWisdom","HollowMod:AwokenDreamNail"],"picked":"HollowMod:HornetsHelp","floor":0},{"not_picked":["HollowMod:MothsMistake","HollowMod:LuriensSpire"],"picked":"HollowMod:InfectionAssault","floor":1},{"not_picked":["HollowMod:GoodIntentions","HollowMod:SoulSplash"],"picked":"HollowMod:TaintedHusks","floor":3},{"not_picked":["HollowMod:GreatSlash","HollowMod:QuirrelsAssistance"],"picked":"HollowMod:LuriensSpire","floor":4},{"not_picked":["HollowMod:SharpenedNail","HollowMod:VengefulSpirit"],"picked":"HollowMod:MantisMark","floor":7},{"not_picked":["HollowMod:SharpenedNail","HollowMod:MawleksShell"],"picked":"HollowMod:DescendingDark","floor":11},{"not_picked":["HollowMod:NewJinnsSoul","HollowMod:DescendingDark"],"picked":"HollowMod:MonarchWings","floor":12},{"not_picked":["HollowMod:CoiledNail","HollowMod:HowlingWraiths","HollowMod:CornifersMapStart"],"picked":"SKIP","floor":13},{"not_picked":["HollowMod:InfectedAttack","HollowMod:DescendingDark"],"picked":"HollowMod:BrokenVessel","floor":14}],"player_experience":606704,"relics_obtained":[{"floor":5,"key":"Eternal Feather"},{"floor":13,"key":"Ancient Tea Set"}],"event_choices":[],"is_beta":false,"boss_relics":[],"items_purged_floors":[8],"is_endless":false,"potions_floor_spawned":[1,3,11],"killed_by":"Hallownest:BossHornet","ascension_level":0}}