{"host":"2se5dq1do2gp0x9k","time":1609655752,"event":{"mods":["AchievementEnabler","BaseMod","Block Reminder","Colored Map","Colored Powertips","Minty Spire (QoL Compilation)","Relic Stats","StSLib","SuperFastMode"],"gold_per_floor":[115,22,36,51,64,92,92,167,193,225,225,7,37,49,49,154,154,169,169,179,35,54,54,88,88,88,106,106,106],"floor_reached":28,"playtime":1094,"items_purged":[],"score":417,"play_id":"a42bbfc7-07dc-4c0a-894c-de467c9c7412","local_time":"20210102223552","is_ascension_mode":true,"campfire_choices":[{"data":"Adaptation","floor":7.0,"key":"SMITH"},{"floor":11.0,"key":"REST"},{"data":"Eruption","floor":15.0,"key":"SMITH"},{"floor":23,"key":"REST"},{"data":"Discovery","floor":25,"key":"SMITH"}],"circlet_count":0,"master_deck":["Strike_P","Strike_P","Strike_P","Strike_P","Defend_P","Defend_P","Defend_P","Defend_P","Eruption+1","Vigilance","Dramatic Entrance","Tantrum","Fasting2","Consecrate","CutThroughFate","Adaptation+1","FlurryOfBlows","JustLucky","Halt","Nirvana","Discovery+1","Protect","Evaluate","Scrawl","WaveOfTheHand","FlurryOfBlows","JustLucky"],"relics":["HolyWater","Regal Pillow","Blood Vial","Juzu Bracelet","Smiling Mask","Bag of Preparation","MealTicket","Gremlin Horn"],"acts_visited":["Exordium","TheCity"],"potions_floor_usage":[22,28],"damage_taken":[{"damage":0.0,"enemies":"Small Slimes","floor":1.0,"turns":2.0},{"damage":0.0,"enemies":"Cultist","floor":3.0,"turns":2.0},{"damage":6.0,"enemies":"2 Louse","floor":4.0,"turns":2.0},{"damage":0.0,"enemies":"Lots of Slimes","floor":5.0,"turns":2.0},{"damage":22.0,"enemies":"3 Sentries","floor":6.0,"turns":7.0},{"damage":23.0,"enemies":"Gremlin Nob","floor":10.0,"turns":5.0},{"damage":2.0,"enemies":"Red Slaver","floor":14.0,"turns":2.0},{"damage":0.0,"enemies":"Slime Boss","floor":16.0,"turns":6.0},{"damage":13.0,"enemies":"Shell Parasite","floor":18.0,"turns":6.0},{"damage":0,"enemies":"Spheric Guardian","floor":20,"turns":1},{"damage":26,"enemies":"Snake Plant","floor":22,"turns":5},{"damage":27,"enemies":"Gremlin Leader","floor":24,"turns":9},{"damage":14,"enemies":"Centurion and Healer","floor":27,"turns":5},{"damage":39,"enemies":"Slavers","floor":28,"turns":5}],"seed_played":"5017646831524683448","potions_obtained":[{"floor":3.0,"key":"SteroidPotion"},{"floor":4.0,"key":"Swift Potion"},{"floor":5.0,"key":"Regen Potion"},{"floor":14.0,"key":"Fire Potion"},{"floor":20,"key":"SpeedPotion"},{"floor":27,"key":"DuplicationPotion"}],"is_trial":false,"path_per_floor":["M","$","M","M","M","E","R","?","T","E","R","$","?","M","R","B",null,"M","?","M","$","M","R","E","R","T","M","E"],"character_chosen":"WATCHER","items_purchased":["Fasting2","Consecrate","Nirvana","Discovery","Protect","Bag of Preparation"],"campfire_rested":2,"item_purchase_floors":[2,2,12,12,12,21],"current_hp_per_floor":[65,65,65,59,59,37,37,26,26,5,41,41,41,41,41,58,69,58,58,60,60,36,72,45,45,45,33,0,0],"gold":106,"neow_bonus":"RANDOM_COLORLESS","is_daily":false,"chose_seed":false,"campfire_upgraded":3,"win_rate":0.0,"timestamp":1609655752,"path_taken":["M","$","M","M","M","E","R","?","T","E","R","$","?","M","R","BOSS","M","?","M","?","M","R","E","R","T","M","E"],"items_purchased_type":["Card","Card","Card","Card","Card","Relic"],"build_version":"2020-12-22","purchased_purges":0,"victory":false,"max_hp_per_floor":[72,72,72,72,72,72,72,72,72,72,72,72,72,72,72,72,72,72,72,72,72,72,72,72,72,72,72,72,72],"relic_stats":{"Blood Vial":16,"Regal Pillow":30,"Gremlin Horn":[2,2],"counters":[14,59],"MealTicket":0,"Juzu Bracelet":0,"Bag of Preparation":[8],"Smiling Mask":0,"obtain_stats":[{"Blood Vial":9,"Regal Pillow":6,"Gremlin Horn":26,"HolyWater":17,"MealTicket":24,"Juzu Bracelet":10,"Bag of Preparation":21,"PureWater":0,"Smiling Mask":13},{"Blood Vial":5,"Regal Pillow":5,"Gremlin Horn":12,"HolyWater":8,"MealTicket":12,"Juzu Bracelet":6,"Bag of Preparation":10,"PureWater":0,"Smiling Mask":6},{"Blood Vial":15,"Regal Pillow":15,"Gremlin Horn":49,"HolyWater":28,"MealTicket":49,"Juzu Bracelet":20,"Bag of Preparation":35,"PureWater":0,"Smiling Mask":20}]},"card_choices":[{"not_picked":["Impatience","Purity"],"picked":"Dramatic Entrance","floor":0.0},{"not_picked":["Perseverance","Worship"],"picked":"Tantrum","floor":1.0},{"not_picked":["WaveOfTheHand","SashWhip"],"picked":"CutThroughFate","floor":3.0},{"not_picked":["Swivel","JustLucky"],"picked":"Adaptation","floor":4.0},{"not_picked":["CutThroughFate","BowlingBash"],"picked":"FlurryOfBlows","floor":5.0},{"not_picked":["CutThroughFate","Pray"],"picked":"JustLucky","floor":6.0},{"not_picked":["Adaptation","FollowUp"],"picked":"Halt","floor":10.0},{"not_picked":["ReachHeaven","CarveReality"],"picked":"Evaluate","floor":14.0},{"not_picked":["Wish","MasterReality"],"picked":"Scrawl","floor":16.0},{"not_picked":["Crescendo","PathToVictory"],"picked":"WaveOfTheHand","floor":18},{"not_picked":["Evaluate","Protect"],"picked":"FlurryOfBlows","floor":20},{"not_picked":["CrushJoints","FollowUp+1","Ragnarok"],"picked":"SKIP","floor":22},{"not_picked":["BowlingBash","SashWhip","Prostrate"],"picked":"SKIP","floor":24},{"not_picked":["CrushJoints","CarveReality+1"],"picked":"JustLucky","floor":27}],"player_experience":3734655,"relics_obtained":[{"floor":6.0,"key":"Regal Pillow"},{"floor":9.0,"key":"Blood Vial"},{"floor":10.0,"key":"Juzu Bracelet"},{"floor":24,"key":"MealTicket"},{"floor":26,"key":"Gremlin Horn"}],"event_choices":[{"damage_healed":0.0,"max_hp_gain":0.0,"max_hp_loss":0.0,"gold_gain":75.0,"event_name":"World of Goop","player_choice":"Gather Gold","floor":8.0,"gold_loss":0.0,"damage_taken":11.0},{"damage_healed":0.0,"max_hp_gain":0.0,"max_hp_loss":0.0,"gold_gain":30.0,"event_name":"Dead Adventurer","player_choice":"Searched \u00273\u0027 times","floor":13.0,"gold_loss":0.0,"damage_taken":0.0,"relics_obtained":["Smiling Mask"]},{"damage_healed":0,"gold_gain":0,"player_choice":"Bought 0 Potions","damage_taken":0,"max_hp_gain":0,"max_hp_loss":0,"event_name":"The Woman in Blue","floor":19,"gold_loss":0}],"is_beta":false,"boss_relics":[{"not_picked":["Snecko Eye","Velvet Choker"],"picked":"HolyWater"}],"items_purged_floors":[],"is_endless":false,"potions_floor_spawned":[3,4,5,14,20,27],"killed_by":"Slavers","ascension_level":8}}