{"host":"qvm8mnkwg7phaqzl","time":1609643191,"event":{"mods":["2.2 Compatiblity","A Magickal Journey","Act Like it!","Aspiration","Astrologer","Bard","BaseMod","Beaked The Cultist","Better Altar","Better Match","Better Note","Better Sensory Stone","Better Skull","Better Third Choice","CCEM","CapriCore","CatGirl Mod","Chen","Colored Map","Conspire","DeckTracker","Downfall","Elementarium","Friendly Minions","Gensokyo","GifTheSpireLib","Gremlin Mod","Halation","Hermit","Hubris","Koishi","Marisa（霧雨　魔理沙）","Marked Mod","Mathematician","Minty Spire (QoL Compilation)","Onozuka Komachi Mod","Potionbrewer","Random Character Button","Rare Cards Sparkle","Reimu（博??梦）","Replay The Spire","Shade Mod","Somnambulant","StSLib","The Accelerator","The Administrix","The Alterego","The Blackbeard","The Bladedancer","The Bug Knight","The Caster","The Construct","The Cursed","The Disciple","The Dragon Tamer","The Druid","The Elementalist","The Factory","The Florist","The Forsaken","The Gatherer","The Hierophant","The Immortal","The Judge","The Juggle","The Jungle","The Marked","The Mystic","The Necromancer","The Poker Player","The Problem Sleuth","The Runesmith","The Sage","The Servant 0.9.4","The Spell Scribe","The Valiant","The Witch","TheArtist","TheBandit","TheFirefly","Wandering Minibosses","Yakumo Yukari mod","Youmu（魂魄妖梦）","Yuyuko","vexMod","yUi"],"gold_per_floor":[99,111,128,14,26,41,41,41,54,72,72,105,30,65,83,191,191,191,219,219,238,257,15,15,25,25,51,68,81,81,93,109,205,205,205,216,231,282,293,312,336,336,336,3,16,48,52,66,77,77],"floor_reached":51,"playtime":5885,"items_purged":["Guardian:Strike_Guardian","Decay"],"score":752,"play_id":"cc683bba-8bd3-4e32-af49-4ba661589dd0","local_time":"20210102210631","is_ascension_mode":true,"campfire_choices":[{"data":"Guardian:Suspension","floor":13,"key":"SMITH"},{"data":"Guardian:BaubleBeam","floor":26,"key":"SMITH"},{"data":"Guardian:CurlUp","floor":26,"key":"SMITH"},{"data":"Guardian:StasisStrike","floor":35,"key":"SMITH"},{"data":"Guardian:ConstructionForm","floor":35,"key":"SMITH"},{"data":"Guardian:CrystalBeam","floor":35,"key":"SMITH"},{"data":"Guardian:DonusPower","floor":35,"key":"SMITH"},{"floor":43,"key":"RECALL"}],"circlet_count":0,"master_deck":["Guardian:Strike_Guardian","Guardian:Strike_Guardian","Guardian:Strike_Guardian","Guardian:Defend_Guardian","Guardian:Defend_Guardian","Guardian:Defend_Guardian","Guardian:CurlUp+1","Guardian:TwinSlam","Guardian:TimeSifter","Guardian:DonusPower+1","Guardian:TimeBomb","Guardian:TimeBomb+1","Guardian:PiercingHide","Guardian:PiercingHide","Guardian:Suspension+1","Guardian:AncientConstruct","Guardian:CrystalBeam","Guardian:BaubleBeam+1","MathCurseQuantumAnomaly","theSleuth:MortholDryax","Guardian:ConstructionForm+1","Guardian:ChargeUp","Guardian:CrystalBeam+1","Guardian:Recover","Guardian:StasisStrike+1","Guardian:PiercingHide+1","Guardian:CrystalBeam+1","Metallicize+1","Guardian:RollAttack+1","Thunderclap","Guardian:HyperBeam_Guardian","Pommel Strike+1","Guardian:Gem_Red","Guardian:Gem_Blue","Parasite"],"relics":["Guardian:StasisSlotReductionRelic","RuthlessExorcism:ReiMu","downfall:HeartBlessingGreen","halation:PenCase","Replay:Ancient Bell","Vajra","CCEMRelics:WhiteRose","Replay:Arrowhead","Regal Pillow","CCEMRelics:Francisca","Replay:Grab Bag","Coffee Dripper","hubris:RunicObelisk","aspiration:IroncladSkillbook","halation:Prosthetics","ReplayTheSpireMod:Ninjato","Strawberry","Counterbalance","ReplayTheSpireMod:Lightbulb"],"acts_visited":["Exordium","TheCity","TheBeyond"],"potions_floor_usage":[12,15,16,16,22,23,23,31,33,39,47,47,47,48,50],"damage_taken":[{"damage":0,"enemies":"2 Louse","floor":2,"turns":2},{"damage":5,"enemies":"Small Slimes","floor":3,"turns":3},{"damage":5,"enemies":"downfall:FleeingMerchant","floor":4,"turns":4},{"damage":5,"enemies":"Jaw Worm","floor":5,"turns":3},{"damage":15,"enemies":"Exordium Thugs","floor":6,"turns":4},{"damage":0,"enemies":"Exordium Wildlife","floor":9,"turns":3},{"damage":2,"enemies":"Lots of Slimes","floor":10,"turns":2},{"damage":7,"enemies":"Replay:BlueRogue","floor":12,"turns":5},{"damage":2,"enemies":"HollowMod:MossKnight","floor":14,"turns":4},{"damage":1,"enemies":"Red Slaver","floor":15,"turns":4},{"damage":30,"enemies":"downfall:Silent","floor":16,"turns":7},{"damage":0,"enemies":"3 Byrds","floor":19,"turns":1},{"damage":8,"enemies":"Shell Parasite","floor":21,"turns":5},{"damage":18,"enemies":"Shelled Parasite and Fungi","floor":22,"turns":4},{"damage":2,"enemies":"downfall:FleeingMerchant","floor":23,"turns":4},{"damage":0,"enemies":"Snecko","floor":25,"turns":8},{"damage":5,"enemies":"HollowMod:Nosk","floor":27,"turns":9},{"damage":7,"enemies":"Snake Plant","floor":28,"turns":3},{"damage":4,"enemies":"Chosen and Byrds","floor":29,"turns":4},{"damage":10,"enemies":"Centurion and Healer","floor":31,"turns":7},{"damage":5,"enemies":"Snecko","floor":32,"turns":6},{"damage":1,"enemies":"downfall:Ironclad","floor":33,"turns":9},{"damage":0,"enemies":"Orb Walker","floor":36,"turns":4},{"damage":11,"enemies":"3 Darklings","floor":37,"turns":4},{"damage":0,"enemies":"Spire Growth","floor":39,"turns":3},{"damage":32,"enemies":"Writhing Mass","floor":40,"turns":4},{"damage":0,"enemies":"3 Darklings","floor":45,"turns":3},{"damage":9,"enemies":"Reptomancer","floor":46,"turns":5},{"damage":23,"enemies":"downfall:FleeingMerchant","floor":47,"turns":3},{"damage":10,"enemies":"Spire Growth","floor":48,"turns":3},{"damage":26,"enemies":"Writhing Mass","floor":49,"turns":4},{"damage":3,"enemies":"downfall:Defect","floor":50,"turns":7}],"seed_played":"1554364077109403295","potions_obtained":[{"floor":6,"key":"construct:ShiftPotion"},{"floor":10,"key":"potionbrewer:ToxicPotion"},{"floor":12,"key":"FearPotion"},{"floor":14,"key":"GrandPatriotsElixir:ReiMu"},{"floor":16,"key":"BlessingOfTheForge"},{"floor":19,"key":"SkillPotion"},{"floor":21,"key":"DistilledChaos"},{"floor":22,"key":"FearPotion"},{"floor":27,"key":"potionbrewer:QuicksilverPotion"},{"floor":29,"key":"potionbrewer:NoxiousPotion"},{"floor":32,"key":"construct:ShiftPotion"},{"floor":39,"key":"AttackPotion"},{"floor":45,"key":"Fire Potion"},{"floor":46,"key":"Death Potion"},{"floor":48,"key":"ZuzhouPotion:ReiMu"},{"floor":49,"key":"potionbrewer:CleansingPotion"}],"is_trial":false,"path_per_floor":["R_BF","M","M","$","M","M","T","?","M","M","?","E","R","E","M","B",null,"R_BF","M","?","M","M","$","T","M","R","E","M","M","R","M","M","B",null,"R","M","M","?","M","M","T","T","R","?","M","E","$","M","M","B",null],"character_chosen":"GUARDIAN","items_purchased":["Guardian:TimeBomb+1","Guardian:Gem_Red","Guardian:Gem_Green","Guardian:Gem_Cyan","Guardian:CrystalBeam","Guardian:Gem_Red","LifebloodPotion","potionbrewer:BlacksmithPotion"],"campfire_rested":0,"item_purchase_floors":[4,4,23,23,23,47,47,47],"current_hp_per_floor":[80,80,75,70,65,50,50,50,50,48,53,46,46,44,43,13,85,85,85,85,77,59,57,57,57,57,52,45,41,41,31,26,25,50,50,50,43,31,35,7,14,14,14,64,64,59,40,34,12,13],"gold":77,"neow_bonus":"BOSS_RELIC","is_daily":false,"chose_seed":false,"campfire_upgraded":7,"win_rate":0.0,"timestamp":1609643191,"path_taken":["R_BF","M","M","$","M","M","T","?","M","M","?","E","R","E","M","BOSS","R_BF","M","?","M","M","?","T","?","R","E","M","M","R","M","M","BOSS","R","M","M","?","?","M","T","?","R","?","M","E","?","M","M","BOSS"],"items_purchased_type":["Card","Card","Card","Card","Card","Card","Potion","Potion"],"build_version":"2020-12-22","purchased_purges":2,"victory":true,"max_hp_per_floor":[80,80,80,80,80,80,80,80,80,80,85,85,85,85,85,85,85,85,85,85,85,85,85,85,85,85,85,85,85,85,85,85,85,50,50,50,50,50,50,50,57,57,57,64,64,64,64,64,64,64],"card_choices":[{"not_picked":["Guardian:Gem_Lightblue","Guardian:Preprogram"],"picked":"Guardian:DonusPower","floor":2},{"not_picked":["Guardian:Incinerate","Guardian:Planning"],"picked":"Guardian:Gem_Red","floor":3},{"not_picked":["Guardian:TemporalShield","Guardian:TemporalStrike"],"picked":"Guardian:TimeBomb","floor":4},{"not_picked":["Guardian:ChargeCore","Guardian:PiercingHide"],"picked":"Guardian:FastForward","floor":5},{"not_picked":["Guardian:ShieldSpikes","Guardian:Orbwalk"],"picked":"Guardian:PiercingHide","floor":6},{"not_picked":["Guardian:WalkerClaw","Guardian:ArmoredProtocol"],"picked":"Guardian:PiercingHide","floor":9},{"not_picked":["Guardian:PiercingHide","Guardian:Recover"],"picked":"Guardian:Suspension","floor":10},{"not_picked":["Guardian:PrimingBeam","Guardian:Incinerate"],"picked":"Guardian:Gem_Purple","floor":12},{"not_picked":["Guardian:ChargeCore","Guardian:MultiBeam"],"picked":"Guardian:AncientConstruct","floor":14},{"not_picked":["Guardian:Gem_Cyan","Guardian:Repulse"],"picked":"Guardian:CrystalBeam","floor":15},{"not_picked":["Guardian:StasisStrike","Guardian:StasisField"],"picked":"Guardian:BaubleBeam","floor":16},{"not_picked":["Delirium","hubris:Gluttony"],"picked":"MathCurseQuantumAnomaly","floor":17},{"not_picked":["hubris:Envy","hubris:Disease"],"picked":"Decay","floor":17},{"not_picked":["Replay:Hysterical Blindness","SwitchConfidence"],"picked":"theSleuth:MortholDryax","floor":17},{"not_picked":["Guardian:WalkerClaw+1","Guardian:ArmoredProtocol","Guardian:ShieldCharger"],"picked":"SKIP","floor":19},{"not_picked":["Guardian:Planning","Guardian:TemporalShield"],"picked":"Guardian:Gem_Blue","floor":21},{"not_picked":["Guardian:FloatingOrbs","Guardian:PrimingBeam","Guardian:VentSteam+1"],"picked":"SKIP","floor":22},{"not_picked":["Guardian:VentSteam+1","Guardian:StasisStrike"],"picked":"Guardian:ChargeUp","floor":23},{"not_picked":["Guardian:WalkerClaw","Guardian:PrimingBeam+1","Guardian:FloatingOrbs"],"picked":"SKIP","floor":25},{"not_picked":["Guardian:ArmoredProtocol","Guardian:FastForward","Guardian:WalkerClaw+1"],"picked":"SKIP","floor":27},{"not_picked":["Guardian:PiercingHide","Guardian:Reroute","Guardian:TemporalStrike"],"picked":"SKIP","floor":28},{"not_picked":["Guardian:PrimingBeam","Guardian:Gem_Green"],"picked":"Guardian:Gem_Red","floor":29},{"not_picked":["Guardian:SentryBeam","Guardian:PiercingHide"],"picked":"Guardian:Recover","floor":31},{"not_picked":["Guardian:Orbwalk+1","Guardian:ChargeUp+1","Guardian:CrystalBeam"],"picked":"SKIP","floor":32},{"not_picked":["Guardian:RevengeProtocol","Guardian:TimeSifter"],"picked":"Guardian:StasisStrike","floor":33},{"not_picked":["Infernal Blade","Defy Death","Carnage+1"],"picked":"Guardian:PiercingHide+1","floor":36},{"not_picked":["Twin Strike","Guardian:TemporalShield","hubris:SharpeningStone"],"picked":"Guardian:CrystalBeam+1","floor":37},{"not_picked":["Guardian:RefractedBeam","Spot Weakness+1","Guardian:Gem_Synthetic"],"picked":"Metallicize+1","floor":38},{"not_picked":["Anger","Guardian:CrystalBeam","Guardian:ChargeCore"],"picked":"Guardian:RollAttack+1","floor":38},{"not_picked":["Guardian:ChargeCore+1","Sword Boomerang+1","Flex+1"],"picked":"Thunderclap","floor":39},{"not_picked":["Perfected Strike","Guardian:SpikerProtocol","hubris:CleavingFinish","Dropkick+1"],"picked":"SKIP","floor":40},{"not_picked":["Second Wind","Hemokinesis","Dual Wield+1"],"picked":"Guardian:HyperBeam_Guardian","floor":45},{"not_picked":["Guardian:PiercingHide","ReplayTheSpireMod:Muscle Training+1","Guardian:VentSteam+1"],"picked":"Pommel Strike+1","floor":46},{"not_picked":["Abandon","Wild Strike+1","Inflame+1","Guardian:CrystalBeam"],"picked":"SKIP","floor":47},{"not_picked":["Guardian:PiercingHide","Flex+1","Guardian:ChargeCore"],"picked":"Guardian:Gem_Blue","floor":48},{"not_picked":["Guardian:Gem_Green","Guardian:PrimingBeam","Sword Boomerang","Intimidate"],"picked":"SKIP","floor":49}],"player_experience":619614,"relics_obtained":[{"floor":7,"key":"halation:IllGainedPizza"},{"floor":12,"key":"RuthlessExorcism:ReiMu"},{"floor":14,"key":"halation:PenCase"},{"floor":24,"key":"Regal Pillow"},{"floor":27,"key":"CCEMRelics:Francisca"},{"floor":38,"key":"ReplayTheSpireMod:Ninjato"},{"floor":41,"key":"Strawberry"},{"floor":42,"key":"Counterbalance"},{"floor":46,"key":"ReplayTheSpireMod:Lightbulb"}],"event_choices":[{"damage_healed":0,"gold_gain":0,"player_choice":"Donut","damage_taken":0,"max_hp_gain":5,"max_hp_loss":0,"event_name":"Big Fish","floor":11,"gold_loss":0}],"is_beta":false,"boss_relics":[{"not_picked":["Runic Pyramid","aspiration:SecretTechniqueScroll"],"picked":"Replay:Ancient Bell"},{"not_picked":["Centennial Puzzle","CCEMRelics:Barrel"],"picked":"Vajra"},{"not_picked":["hubris:DisguiseKit","construct:FoamFinger"],"picked":"CCEMRelics:WhiteRose"},{"not_picked":["PureWhite:ReiMu","hubris:BundleOfHerbs"],"picked":"Replay:Arrowhead"},{"not_picked":["conspire:RoyalGoblet","hubris:TerracottaHorce"],"picked":"Replay:Grab Bag"},{"not_picked":["Painkiller Herb","theForsaken:PaleLantern"],"picked":"Coffee Dripper"},{"not_picked":["vexMod:DeviousBotling","conspire:SlowCooker"],"picked":"hubris:RunicObelisk"},{"not_picked":["aspiration:MarisaSkillbook","Black Star"],"picked":"aspiration:IroncladSkillbook"},{"not_picked":["conspire:SpecialSausage","Snecko Eye"],"picked":"halation:Prosthetics"}],"items_purged_floors":[23,47],"is_endless":false,"potions_floor_spawned":[6,10,12,14,16,19,21,22,27,29,32,39,45,46,48,49],"ascension_level":1}}