{"host":"k18hfimadcku5042","time":1609678954,"event":{"mods":["Act Like it!","Aspiration","BaseMod","Minty Spire (QoL Compilation)","Pale of the Ancients","Replay The Spire","Spicy Shops","StSLib","The Runesmith","¡¾ÒÅÎï¿¨ÅÆ¡¿REMEMod"],"gold_per_floor":[156,216,216,258,294,401,456,582,582,700,757,855,925,987,987,1244,1244,1323,1323,1388,1447,302,302,409,496,496,496,170,318,5,113,125,427,439,516,575,587,599,638,784,796,291,291,291,419,82,149,199,199,277,315,402,503,603,133,142,245,245,62,99,99],"floor_reached":0,"playtime":3538,"items_purged":["Berserk","Acrobatics+1","Injury"],"score":2441,"play_id":"b8c0bec6-d018-433b-b953-05e1ad2596be","local_time":"20210103210234","daily_mods":["Draft","Vintage","Red Cards","Green Cards","Blue Cards","Purple Cards","Colorless Cards","Heirloom","Elite Swarm","Lethality","Midas"],"is_ascension_mode":true,"campfire_choices":[{"floor":15.0,"key":"REST"},{"data":"1","floor":23.0,"key":"LIFT"},{"data":"2","floor":27.0,"key":"LIFT"},{"data":"3","floor":32.0,"key":"LIFT"},{"data":"Armaments","floor":41.0,"key":"PURGE"},{"floor":44.0,"key":"REST"},{"floor":49.0,"key":"REST"},{"floor":56.0,"key":"REST"},{"floor":58.0,"key":"REST"}],"circlet_count":0,"master_deck":["Runesmith:Fortify","Runesmith:CraftFirestone","Runesmith:Defend_RS","Runesmith:Defend_RS","Runesmith:Defend_RS","Runesmith:Defend_RS","Runesmith:Strike_RS","Runesmith:Strike_RS","Runesmith:Strike_RS","Runesmith:Strike_RS","AscendersBane"],"relics":["Runesmith:BrokenRuby","paleoftheancients:Timepiece"],"acts_visited":["Exordium","TheCity","TheBeyond","paleoftheancients:PaleOfTheAncients"],"potions_floor_usage":[],"damage_taken":[{"damage":2.0,"enemies":"Jaw Worm","floor":1.0,"turns":2.0},{"damage":0.0,"enemies":"Cultist","floor":2.0,"turns":2.0},{"damage":0.0,"enemies":"Small Slimes","floor":4.0,"turns":1.0},{"damage":9.0,"enemies":"Blue Slaver","floor":5.0,"turns":2.0},{"damage":0.0,"enemies":"Lagavulin","floor":6.0,"turns":5.0},{"damage":0.0,"enemies":"Red Slaver","floor":7.0,"turns":2.0},{"damage":13.0,"enemies":"3 Sentries","floor":8.0,"turns":3.0},{"damage":5.0,"enemies":"Gremlin Nob","floor":10.0,"turns":3.0},{"damage":0.0,"enemies":"2 Fungi Beasts","floor":11.0,"turns":2.0},{"damage":0.0,"enemies":"Lagavulin","floor":12.0,"turns":5.0},{"damage":0.0,"enemies":"Blue Slaver","floor":13.0,"turns":2.0},{"damage":0.0,"enemies":"Exordium Thugs","floor":14.0,"turns":3.0},{"damage":22.0,"enemies":"The Guardian","floor":16.0,"turns":7.0},{"damage":28.0,"enemies":"2 Thieves","floor":18.0,"turns":3.0},{"damage":54.0,"enemies":"3 Byrds","floor":20.0,"turns":3.0},{"damage":7.0,"enemies":"Centurion and Healer","floor":21.0,"turns":2.0},{"damage":0.0,"enemies":"Slavers","floor":24.0,"turns":2.0},{"damage":0.0,"enemies":"Snecko","floor":25.0,"turns":3.0},{"damage":0.0,"enemies":"REME_1_Revenger","floor":29.0,"turns":2.0},{"damage":0.0,"enemies":"Slavers","floor":31.0,"turns":1.0},{"damage":0.0,"enemies":"Automaton","floor":33.0,"turns":3.0},{"damage":2.0,"enemies":"3 Shapes","floor":35.0,"turns":2.0},{"damage":0.0,"enemies":"Orb Walker","floor":36.0,"turns":1.0},{"damage":0.0,"enemies":"Giant Head","floor":40.0,"turns":2.0},{"damage":0.0,"enemies":"Nemesis","floor":45.0,"turns":3.0},{"damage":0.0,"enemies":"4 Shapes","floor":47.0,"turns":1.0},{"damage":0.0,"enemies":"Spire Growth","floor":48.0,"turns":1.0},{"damage":0.0,"enemies":"Donu and Deca","floor":50.0,"turns":2.0},{"damage":0.0,"enemies":"Awakened One","floor":51.0,"turns":3.0},{"damage":1.0,"enemies":"Awakened One","floor":52.0,"turns":4.0},{"damage":49.0,"enemies":"Awakened One","floor":53.0,"turns":3.0},{"damage":0.0,"enemies":"Awakened One","floor":57.0,"turns":2.0}],"seed_played":"3569173590383225951","potions_obtained":[{"floor":2.0,"key":"Flashbang"},{"floor":6.0,"key":"PowerPotion"},{"floor":7.0,"key":"Milkshake"},{"floor":10.0,"key":"Languid Potion"},{"floor":11.0,"key":"SteroidPotion"},{"floor":13.0,"key":"SkillPotion"},{"floor":18.0,"key":"FairyPotion"},{"floor":19.0,"key":"Death Potion"},{"floor":19.0,"key":"FairyPotion"},{"floor":20.0,"key":"GamblersBrew"},{"floor":22.0,"key":"ColorlessPotion"},{"floor":22.0,"key":"Block Potion"},{"floor":22.0,"key":"Elixir"},{"floor":22.0,"key":"LiquidBronze"},{"floor":25.0,"key":"LiquidBronze"},{"floor":31.0,"key":"REME_GoldPotion"},{"floor":36.0,"key":"Ancient Potion"},{"floor":53.0,"key":"Swift Potion"},{"floor":57.0,"key":"SteroidPotion"}],"is_trial":true,"path_per_floor":["M","M","?","M","M","E","M","E","T","E","M","E","M","M","R","B",null,"M","?","M","M","$","R","E","M","T","R","$","E","$","E","R","B",null,"M","M","?","?","?","E","R","$","T","R","E","$","M","M","R","B","B","M","M","?","$","R","M","R","$","?"],"character_chosen":"RUNESMITH_CLASS","items_purchased":["Ancient Tea Set","CeramicFish","Potion Belt","Cauldron","REME_CardOfGreed","War Paint","PanicButton+1","Toolbox","Vajra","Membership Card","Onion Ring","Divine Protection","Sling","Pantograph","Frozen Eye","Dream Catcher","Replay:Rubber Ducky","BargainBundle","aspiration:AnachronicSnailShell","REME_PuzzleBox+1","Orrery","Bag of Preparation","Nunchaku","Orichalcum","PrismaticShard","Runesmith:EmergencyProvisions","Kunai","HandDrill"],"campfire_rested":5,"item_purchase_floors":[22,22,22,22,22,22,22,28,28,30,30,42,42,42,42,42,46,46,46,46,46,55,55,55,55,55,59,59],"current_hp_per_floor":[57,57,34,34,25,25,25,12,12,7,9,11,13,15,34,14,53,27,27,14,9,24,24,26,28,28,28,43,45,60,62,62,64,66,64,66,63,63,63,63,63,63,63,65,67,73,73,73,75,75,75,75,38,14,29,51,75,77,77,0,0],"gold":99,"neow_bonus":"","is_daily":false,"chose_seed":false,"campfire_upgraded":0,"win_rate":0.0,"timestamp":1609678954,"path_taken":["M","M","?","M","M","E","M","E","T","E","M","E","M","M","R","BOSS","M","?","?","M","$","R","E","M","T","R","$","E","?","E","R","BOSS","M","M","?","?","?","E","R","?","T","R","E","$","M","M","R","BOSS","BOSS","M","M","?","$","R","M","R","$","?"],"items_purchased_type":["Relic","Relic","Relic","Relic","Relic","Relic","Card","Relic","Relic","Relic","Relic","Relic","Relic","Relic","Relic","Relic","Relic","Relic","Relic","Card","Relic","Relic","Relic","Relic","Relic","Relic","Relic","Relic"],"build_version":"2020-12-22","purchased_purges":3,"victory":false,"max_hp_per_floor":[66,66,66,66,66,66,66,66,66,66,66,66,66,66,66,66,66,66,66,66,66,66,66,66,66,66,66,66,66,66,66,66,66,66,66,66,63,63,63,63,63,63,63,65,67,73,73,73,75,75,75,75,75,75,75,75,75,77,77,70,70],"card_choices":[{"not_picked":["Runesmith:HeatedChisel","Runesmith:StaticCage"],"picked":"Runesmith:Discharge","floor":0.0},{"not_picked":["Reinforced Body","Coolheaded"],"picked":"Runesmith:ChargedHammer","floor":0.0},{"not_picked":["ReplaySort","Havoc"],"picked":"Hello World","floor":0.0},{"not_picked":["Streamline","Power Through"],"picked":"Acrobatics","floor":0.0},{"not_picked":["Runesmith:StaticCage","Darkness"],"picked":"Runesmith:HeatExchange","floor":0.0},{"not_picked":["Sever Soul","Shockwave"],"picked":"Iron Wave","floor":0.0},{"not_picked":["ReplayTheSpireMod:Limb From Limb","Rebound"],"picked":"Conserve Battery","floor":0.0},{"not_picked":["Runesmith:MakeshiftArmor","Underhanded Strike"],"picked":"Riddle With Holes","floor":0.0},{"not_picked":["Time Bomb","ReplayTheSpireMod:Shiv Toss"],"picked":"Hologram","floor":0.0},{"not_picked":["Perfected Strike","Chaos"],"picked":"Armaments","floor":0.0},{"not_picked":["Well Laid Plans","Runesmith:Overpower"],"picked":"REME_Cut","floor":0.0},{"not_picked":["Intimidate","Chaos"],"picked":"Clash","floor":0.0},{"not_picked":["Runesmith:EnergizedChisel","Finisher"],"picked":"Chill","floor":0.0},{"not_picked":["Body Slam","Bouncing Flask"],"picked":"Sword Boomerang","floor":0.0},{"not_picked":["ReplaySort","Runesmith:Reinforce"],"picked":"Good Instincts","floor":0.0},{"not_picked":["Poison Darts","Double Tap"],"picked":"Reboot","floor":6.0},{"not_picked":["Replay:Bag of Tricks","Double Tap"],"picked":"Berserk","floor":8.0},{"not_picked":["ReplayTheSpireMod:Necrosis+1","Juggernaut","Replay:Many Hands+1"],"picked":"SKIP","floor":10.0},{"not_picked":["Mayhem","Poison Darts+1"],"picked":"Magnetism","floor":12.0},{"not_picked":["REME_AllRoundStrike","Reboot+1"],"picked":"REME_BattleFury","floor":16.0},{"not_picked":["Replay:Many Hands+1","ReplayRNGCard+1","ReplayTheSpireMod:Necrosis+1"],"picked":"SKIP","floor":24.0},{"not_picked":["REME_HeartOfCthun","ReplayTheSpireMod:Necrogeddon"],"picked":"Crow Ritual","floor":29.0},{"not_picked":["Runesmith:FissionHammer","Reaper","Fission+1"],"picked":"SKIP","floor":31.0},{"not_picked":["Bludgeon","Runesmith:CraftMedicinae+1"],"picked":"REME_ACTH+1","floor":33.0},{"not_picked":["Core Surge","ReplayTheSpireMod:From All Sides"],"picked":"Panache","floor":40.0},{"not_picked":["Outmaneuver+1","REME_MagicPocketWatch+1","Sword Boomerang"],"picked":"Singing Bowl","floor":44.0},{"not_picked":["Seek+1","REME_WheelOfFate+1","Runesmith:LightningRod+1"],"picked":"Singing Bowl","floor":45.0},{"not_picked":["ReplayReversal+1","Flex+1","Self Repair"],"picked":"Singing Bowl","floor":46.0},{"not_picked":["Acrobatics+1","Chill+1"],"picked":"Underhanded Strike+1","floor":46.0},{"not_picked":["Runesmith:ChiselStab","Calculated Gamble+1","ReplayGash+1"],"picked":"Singing Bowl","floor":46.0},{"not_picked":["Good Instincts+1","Runesmith:ShiftingStrike+1"],"picked":"Concentrate+1","floor":46.0},{"not_picked":["Wild Strike","Setup+1","Runesmith:Duplicate+1"],"picked":"Singing Bowl","floor":46.0},{"not_picked":["Stack+1","ReplayTheSpireMod:Muscle Training+1","Sentinel+1"],"picked":"Singing Bowl","floor":49.0},{"not_picked":["Deflect+1","Carnage+1"],"picked":"Rage+1","floor":54.0},{"not_picked":["Runesmith:DoubleUp+1","Runesmith:Grindstone+1"],"picked":"Backflip+1","floor":56.0},{"not_picked":["Weave","Barrage","FlyingSleeves"],"picked":"Singing Bowl","floor":58.0}],"player_experience":192533,"relics_obtained":[{"floor":1.0,"key":"REME_HourglassOfDeath"},{"floor":2.0,"key":"Ginger"},{"floor":4.0,"key":"Pet Ghost"},{"floor":5.0,"key":"Blue Doll"},{"floor":6.0,"key":"Replay:Bandana"},{"floor":7.0,"key":"MealTicket"},{"floor":8.0,"key":"Girya"},{"floor":9.0,"key":"Toxic Egg 2"},{"floor":10.0,"key":"Blood Vial"},{"floor":11.0,"key":"aspiration:Lifesprig"},{"floor":12.0,"key":"Runesmith:AutoHammer"},{"floor":13.0,"key":"Quantum Egg"},{"floor":14.0,"key":"Grinning Jar"},{"floor":18.0,"key":"Gremlin Horn"},{"floor":20.0,"key":"Golden Egg"},{"floor":21.0,"key":"aspiration:HiddenCompartment"},{"floor":24.0,"key":"Iron Hammer"},{"floor":25.0,"key":"Gremlin Food"},{"floor":26.0,"key":"Bottled Lightning"},{"floor":29.0,"key":"Calipers"},{"floor":31.0,"key":"MawBank"},{"floor":35.0,"key":"Singing Bowl"},{"floor":36.0,"key":"REME_LimitBreaker"},{"floor":40.0,"key":"aspiration:ChemicalBlood"},{"floor":43.0,"key":"Boot"},{"floor":45.0,"key":"Bag of Marbles"},{"floor":47.0,"key":"Replay:Wax Seal"},{"floor":48.0,"key":"Replay:Mystery Machine"},{"floor":52.0,"key":"paleoftheancients:SoulOfTheBard"},{"floor":52.0,"key":"Whetstone"},{"floor":53.0,"key":"aspiration:HummingbirdHeart"},{"floor":54.0,"key":"Turnip"},{"floor":57.0,"key":"paleoftheancients:SoulOfTheDefect"},{"floor":57.0,"key":"REME_HandOfSuture"}],"event_choices":[{"damage_healed":0.0,"max_hp_gain":0.0,"max_hp_loss":0.0,"gold_gain":0.0,"event_name":"Golden Idol","player_choice":"Take Damage","floor":3.0,"gold_loss":0.0,"damage_taken":23.0,"relics_obtained":["Golden Idol"]},{"damage_healed":0.0,"max_hp_gain":0.0,"max_hp_loss":0.0,"gold_gain":0.0,"event_name":"Lab","player_choice":"Got Potions","floor":19.0,"gold_loss":0.0,"damage_taken":0.0},{"damage_healed":0.0,"max_hp_gain":0.0,"max_hp_loss":3.0,"gold_gain":0.0,"event_name":"Winding Halls","player_choice":"Max HP","floor":37.0,"gold_loss":0.0,"damage_taken":0.0}],"is_beta":false,"boss_relics":[{"not_picked":["Replay:Ancient Bell","aspiration:RitualDagger"],"picked":"Astrolabe"},{"not_picked":["aspiration:RunicSpoon","Sozu"],"picked":"ChewingGum"}],"items_purged_floors":[22,55,59],"is_endless":false,"potions_floor_spawned":[2,6,7,10,11,13,18,20,25,31,36,40,45,48,53,57],"ascension_level":20}}