{"host":"lts6tz2h67nqtpoe","time":1609716594,"event":{"mods":["AchievementEnabler","BaseMod","Colored Powertips","Downfall","Googly Eyes","Minty Spire (QoL Compilation)","Permanent Neow","Quick Restart","Replay The Spire","StSLib"],"gold_per_floor":[111,167,6,18,18,18,28,28,108,120,134,160,160,140,140,244,244,255,255,271,297,345,345,374,374,398,425,437,482,37,49,137,241,241,255,274,126,140,140,140,174,174,174,174,174,209,229,451,451,464,464,464],"floor_reached":53,"playtime":2358,"items_purged":[],"score":828,"play_id":"799f5a3b-40bf-4674-b919-cb48ccaa2163","local_time":"20210103152954","is_ascension_mode":false,"campfire_choices":[{"floor":6,"key":"REST"},{"data":"Ball Lightning","floor":8,"key":"SMITH"},{"floor":13,"key":"REST"},{"data":"Biased Cognition","floor":15,"key":"SMITH"},{"data":"Aggregate","floor":23,"key":"SMITH"},{"data":"Storm","floor":25,"key":"SMITH"},{"floor":28,"key":"REST"},{"floor":40,"key":"REST"},{"floor":49,"key":"REST"},{"floor":51,"key":"REST"}],"circlet_count":0,"master_deck":["Strike_B","Strike_B+1","Strike_B","Strike_B","Defend_B","Defend_B","Defend_B+1","Defend_B","Zap","Biased Cognition+1","Leap","Leap","Beam Cell","Storm+1","Ball Lightning+1","Ball Lightning","Go for the Eyes","Streamline","FIFO Queue","Aggregate+1","Machine Learning","Beam Cell+1","Ball Lightning","Conserve Battery","Go for the Eyes","Ball Lightning+1","Doubt","All For One","Amnesia","Storm+1","Streamline+1","Electrodynamics","BootSequence+1","Biased Cognition","Sweeping Beam+1","Melter","Beam Cell","expansioncontent:BronzeBeam","Parasite","Streamline+1","Redo+1"],"relics":["Cracked Core","Bag of Preparation","Bronze Scales","Prayer Wheel","Ornamental Fan","Thread and Needle","Cursed Key","Red Mask","Oddly Smooth Stone","Replay:Mystery Machine","MawBank","White Beast Statue","Lizard Tail","Gremlin Food","Replay:Grab Bag","Fusion Hammer","ChewingGum","Inserter","Boot","Lantern","Ring of Peace","ReplayTheSpireMod:Ring of Addiction","Chameleon Ring","SacredBark","Durian","Pantograph"],"acts_visited":["Exordium","TheCity","TheBeyond"],"potions_floor_usage":[12,16,21,21,24,24,29,33,33,41,46,47,52,52,52],"damage_taken":[{"damage":6,"enemies":"Jaw Worm","floor":1,"turns":4},{"damage":0,"enemies":"2 Louse","floor":4,"turns":2},{"damage":8,"enemies":"Small Slimes","floor":7,"turns":4},{"damage":0,"enemies":"3 Louse","floor":10,"turns":2},{"damage":4,"enemies":"Red Slaver","floor":11,"turns":2},{"damage":8,"enemies":"3 Sentries","floor":12,"turns":4},{"damage":0,"enemies":"Slime Boss","floor":16,"turns":6},{"damage":0,"enemies":"Shell Parasite","floor":18,"turns":4},{"damage":0,"enemies":"Spheric Guardian","floor":20,"turns":3},{"damage":0,"enemies":"Masked Bandits","floor":21,"turns":3},{"damage":11,"enemies":"Slavers","floor":24,"turns":4},{"damage":14,"enemies":"3 Cultists","floor":27,"turns":5},{"damage":0,"enemies":"Gremlin Leader","floor":29,"turns":4},{"damage":0,"enemies":"Chosen and Byrds","floor":31,"turns":3},{"damage":19,"enemies":"Champ","floor":33,"turns":7},{"damage":0,"enemies":"Orb Walker","floor":35,"turns":2},{"damage":0,"enemies":"3 Shapes","floor":36,"turns":2},{"damage":0,"enemies":"3 Darklings","floor":38,"turns":2},{"damage":15,"enemies":"Giant Head","floor":41,"turns":7},{"damage":0,"enemies":"R_Hoarder","floor":46,"turns":4},{"damage":0,"enemies":"Sphere and 2 Shapes","floor":47,"turns":2},{"damage":0,"enemies":"4 Shapes","floor":50,"turns":3},{"damage":21,"enemies":"Replay:Hell Engine","floor":52,"turns":7}],"seed_played":"2986933572128112345","potions_obtained":[{"floor":1,"key":"SteroidPotion"},{"floor":2,"key":"hexamod:EctoCoolerPotion"},{"floor":11,"key":"Reflective Coating"},{"floor":14,"key":"SpeedPotion"},{"floor":20,"key":"Milkshake"},{"floor":21,"key":"EntropicBrew"},{"floor":31,"key":"Ancient Potion"},{"floor":33,"key":"FearPotion"},{"floor":35,"key":"SpeedPotion"},{"floor":36,"key":"SmokeBomb"},{"floor":38,"key":"Slimebound:ThreeZeroPotion"},{"floor":41,"key":"PowerPotion"},{"floor":46,"key":"SkillPotion"},{"floor":47,"key":"Regen Potion"},{"floor":50,"key":"DistilledChaos"}],"is_trial":false,"path_per_floor":["M","?","$","M","?","R","M","R","T","M","M","E","R","?","R","B",null,"M","?","M","?","T","R","E","R","T","M","R","E","$","M","R","B",null,"M","M","$","M","?","R","E","PTL","PTL","?","T","E","M","?","R","M","R","B",null],"character_chosen":"DEFECT","items_purchased":["ReplayTheSpireMod:Fabricate Wheel","Lizard Tail","Gremlin Food","Boot"],"campfire_rested":6,"item_purchase_floors":[3,30,30,37],"current_hp_per_floor":[69,51,51,51,48,70,62,62,62,62,58,50,72,72,72,72,75,75,75,75,75,75,75,64,64,64,50,72,72,72,72,72,53,75,75,75,75,75,75,75,60,60,60,60,65,65,65,65,80,80,78,69],"gold":464,"neow_bonus":"TRANSFORM_CARD","is_daily":false,"chose_seed":false,"campfire_upgraded":4,"win_rate":0.0,"timestamp":1609716594,"path_taken":["M","?","$","M","?","R","M","R","T","M","M","E","R","?","R","BOSS","M","?","M","?","?","R","E","R","T","M","R","E","$","M","R","BOSS","M","?","$","M","?","R","E","PTL","PTL","?","T","E","M","?","R","M","R","BOSS"],"items_purchased_type":["Card","Relic","Relic","Relic"],"build_version":"2020-12-22","purchased_purges":0,"victory":true,"max_hp_per_floor":[75,75,75,75,75,75,75,75,75,75,75,75,75,75,75,75,75,75,75,75,75,75,75,75,75,75,75,75,75,75,75,75,75,75,75,75,75,75,75,75,75,75,75,75,80,80,80,80,80,80,78,78],"card_choices":[{"not_picked":["Genetic Algorithm","Compile Driver"],"picked":"Leap","floor":1},{"not_picked":["Gash","Self Repair"],"picked":"Leap","floor":2},{"not_picked":["Cold Snap","Panic Button"],"picked":"Beam Cell","floor":2},{"not_picked":["Chill","Barrage"],"picked":"Storm","floor":4},{"not_picked":["Steam","Compile Driver"],"picked":"Ball Lightning","floor":7},{"not_picked":["ReplayTheSpireMod:System Scan","Redo"],"picked":"Ball Lightning","floor":7},{"not_picked":["Sweeping Beam","Scrape"],"picked":"Go for the Eyes","floor":10},{"not_picked":["Steam","Hologram"],"picked":"Streamline","floor":10},{"not_picked":["Conserve Battery","Self Repair"],"picked":"FIFO Queue","floor":11},{"not_picked":["Darkness","Doom and Gloom","Skim"],"picked":"SKIP","floor":11},{"not_picked":["Steam","Sweeping Beam"],"picked":"Aggregate","floor":12},{"not_picked":["Amplify","ReplayTheSpireMod:Omega Cannon"],"picked":"Machine Learning","floor":16},{"not_picked":["Barrage","Genetic Algorithm"],"picked":"Beam Cell+1","floor":18},{"not_picked":["Streamline","Capacitor"],"picked":"Ball Lightning","floor":18},{"not_picked":["Chill","Self Repair"],"picked":"Conserve Battery","floor":20},{"not_picked":["Barrage+1","Steam Power"],"picked":"Go for the Eyes","floor":20},{"not_picked":["ReplaySort+1","Panic Button"],"picked":"Ball Lightning+1","floor":21},{"not_picked":["Self Repair","BasicCrystalCard"],"picked":"All For One","floor":24},{"not_picked":["Compile Driver","Gash"],"picked":"Storm+1","floor":27},{"not_picked":["ReplaySolidLightProjector","Ball Lightning"],"picked":"Streamline","floor":27},{"not_picked":["BootSequence","Sweeping Beam+1"],"picked":"Electrodynamics","floor":29},{"not_picked":["Stack","Aggregate"],"picked":"BootSequence+1","floor":31},{"not_picked":["Hologram","Stack","ReplayTheSpireMod:System Scan"],"picked":"SKIP","floor":31},{"not_picked":["ReplayRNGCard","All For One"],"picked":"Biased Cognition","floor":33},{"not_picked":["ReplayTheSpireMod:Repulse+1","Ball Lightning"],"picked":"Sweeping Beam+1","floor":35},{"not_picked":["Gash","Doom and Gloom+1","ReplayTheSpireMod:Reroute Power"],"picked":"SKIP","floor":35},{"not_picked":["Skim","BasicCrystalCard+1","Gash"],"picked":"SKIP","floor":36},{"not_picked":["ReplayTheSpireMod:GoodbyeWorld","Self Repair+1","Fusion+1"],"picked":"SKIP","floor":36},{"not_picked":["Capacitor","Tempest"],"picked":"Melter","floor":38},{"not_picked":["Cold Snap+1","Redo"],"picked":"Beam Cell","floor":38},{"not_picked":["Replay:Parry","Forethought"],"picked":"expansioncontent:BronzeBeam","floor":39},{"not_picked":["Reinforced Body","Skim+1","Melter"],"picked":"SKIP","floor":41},{"not_picked":["ReplayTheSpireMod:Repulse+1","Reboot"],"picked":"Streamline+1","floor":46},{"not_picked":["Gash+1","Ball Lightning+1"],"picked":"Redo+1","floor":47},{"not_picked":["BootSequence","Sweeping Beam","BasicCrystalCard+1"],"picked":"SKIP","floor":47},{"not_picked":["Ball Lightning","Go for the Eyes","Compile Driver"],"picked":"SKIP","floor":50},{"not_picked":["Tempest","ReplayTheSpireMod:System Scan","Stack"],"picked":"SKIP","floor":50}],"player_experience":311133,"relics_obtained":[{"floor":2,"key":"Bag of Preparation"},{"floor":9,"key":"Ornamental Fan"},{"floor":12,"key":"Thread and Needle"},{"floor":21,"key":"Red Mask"},{"floor":22,"key":"Oddly Smooth Stone"},{"floor":24,"key":"Replay:Mystery Machine"},{"floor":26,"key":"MawBank"},{"floor":29,"key":"White Beast Statue"},{"floor":41,"key":"Lantern"},{"floor":44,"key":"Ring of Peace"},{"floor":44,"key":"ReplayTheSpireMod:Ring of Addiction"},{"floor":44,"key":"Chameleon Ring"},{"floor":44,"key":"SacredBark"},{"floor":45,"key":"Durian"},{"floor":46,"key":"Pantograph"}],"event_choices":[{"damage_healed":0,"gold_gain":0,"player_choice":"Success","damage_taken":3,"relics_obtained":["Bronze Scales"],"max_hp_gain":0,"max_hp_loss":0,"event_name":"Scrap Ooze","floor":5,"gold_loss":0},{"damage_healed":0,"gold_gain":0,"player_choice":"Bought 1 Potion","damage_taken":0,"max_hp_gain":0,"max_hp_loss":0,"event_name":"The Woman in Blue","floor":14,"gold_loss":0},{"damage_healed":0,"gold_gain":0,"player_choice":"Ignored","damage_taken":0,"max_hp_gain":0,"max_hp_loss":0,"event_name":"Beggar","floor":19,"gold_loss":0},{"damage_healed":0,"gold_gain":0,"player_choice":"Fought Bandits","damage_taken":0,"max_hp_gain":0,"max_hp_loss":0,"event_name":"Masked Bandits","floor":21,"gold_loss":0},{"damage_healed":0,"gold_gain":0,"player_choice":"Memory 1","damage_taken":0,"max_hp_gain":0,"max_hp_loss":0,"event_name":"SensoryStone","floor":39,"gold_loss":0},{"damage_healed":0,"gold_gain":222,"player_choice":"Wore Mask","damage_taken":0,"max_hp_gain":0,"max_hp_loss":0,"event_name":"Tomb of Lord Red Mask","floor":48,"gold_loss":0}],"is_beta":false,"boss_relics":[{"not_picked":["Replay:Bronze Core","Abe\u0027s Treasure"],"picked":"Cursed Key"},{"not_picked":["Coffee Dripper","Runic Pyramid"],"picked":"Replay:Grab Bag"},{"not_picked":["Busted Crown","ReplayTheSpireMod:Onyx Gauntlets"],"picked":"Fusion Hammer"},{"not_picked":["Philosopher\u0027s Stone","Runic Dome"],"picked":"ChewingGum"},{"not_picked":["FrozenCore","Empty Cage"],"picked":"Inserter"}],"items_purged_floors":[],"is_endless":false,"potions_floor_spawned":[1,11,20,21,31,33,35,36,38,41,46,47,50],"ascension_level":0}}