{"host":"13l5fasegm6qe2ps","time":1609685679,"event":{"mods":["AchievementEnabler","Act Like it!","Aspiration","BaseMod","Card Forge","Colored Map","Colored Powertips","Downfall","Energized Spire","Gensokyo","GifTheSpireLib","Koishi","Marisa????????","Marked Mod","Mimic Mod","Minty Spire (QoL Compilation)","Quick Restart","Rare Cards Sparkle","Reimu??????","StSLib","Stuff the Spire","Td1madao Mod","The Disciple","The Forsaken","The Servant 0.9.4","Youmu??????"],"gold_per_floor":[110,120,132,146,0,0,25,25,49,49,49],"floor_reached":10,"playtime":335,"items_purged":[],"score":112,"play_id":"dfed9458-6bea-4df8-be6d-543ee28bb279","local_time":"20210103155439","is_ascension_mode":true,"campfire_choices":[{"data":"Eruption","floor":6,"key":"SMITH"},{"data":"CutThroughFate","floor":8,"key":"SMITH"}],"circlet_count":0,"master_deck":["AscendersBane","Strike_P","Strike_P","Strike_P","Strike_P","Defend_P","Defend_P","Defend_P","Defend_P","Eruption+1","Vigilance","Consecrate","Swivel","Wireheading","TalkToTheHand","CutThroughFate+1"],"relics":["PureWater","Hammer of Thor","Seething Fire","Anvil of the Gods","NeowsBlessing","ClockworkSouvenir","MarkedMod:AcupunctureKit"],"acts_visited":["Exordium"],"potions_floor_usage":[7],"damage_taken":[{"damage":0.0,"enemies":"Cultist","floor":1.0,"turns":1.0},{"damage":0.0,"enemies":"Small Slimes","floor":2.0,"turns":1.0},{"damage":0.0,"enemies":"Jaw Worm","floor":3.0,"turns":1.0},{"damage":0,"enemies":"2 Fungi Beasts","floor":4,"turns":2},{"damage":20,"enemies":"3 Sentries","floor":7,"turns":5},{"damage":10,"enemies":"Gremlin Nob","floor":10,"turns":4}],"seed_played":"8727279408379298344","potions_obtained":[{"floor":1.0,"key":"sneckomod:MuddlingPotion"},{"floor":3.0,"key":"BlessingOfTheForge"},{"floor":7,"key":"BottledMiracle"}],"is_trial":false,"path_per_floor":["M","M","M","M","$","R","E","R","T","E"],"character_chosen":"WATCHER","items_purchased":["ClockworkSouvenir"],"campfire_rested":0,"item_purchase_floors":[5],"current_hp_per_floor":[65,65,65,65,65,65,45,45,45,35,35],"gold":49,"neow_bonus":"THREE_ENEMY_KILL","is_daily":false,"chose_seed":false,"campfire_upgraded":2,"win_rate":0.0,"timestamp":1609685679,"path_taken":["M","?","M","?","$","R","E","R","T","E"],"items_purchased_type":["Relic"],"build_version":"2020-12-22","purchased_purges":0,"victory":false,"max_hp_per_floor":[72,72,72,72,72,72,72,72,72,72,72],"card_choices":[{"not_picked":["Fasting2","SandsOfTime"],"picked":"Consecrate","floor":1.0},{"not_picked":["Nirvana","SashWhip"],"picked":"Swivel","floor":2.0},{"not_picked":["SashWhip","MarkedMod:Acupuncture"],"picked":"Wireheading","floor":3.0},{"not_picked":["BowlingBash","EmptyBody"],"picked":"TalkToTheHand","floor":4},{"not_picked":["ThirdEye","Crescendo"],"picked":"CutThroughFate","floor":7}],"player_experience":218907,"relics_obtained":[{"floor":7,"key":"MarkedMod:AcupunctureKit"}],"event_choices":[],"is_beta":false,"boss_relics":[],"items_purged_floors":[],"is_endless":false,"potions_floor_spawned":[1,3,7],"killed_by":"Gremlin Nob","ascension_level":13}}