{"host":"lpcxcvdszk9zyesf","time":1609702054,"event":{"mods":["BaseMod","Better Third Choice","BetterRewards","Minty Spire (QoL Compilation)","Rare Cards Sparkle","Relic Stats","Say the Spire","Spicy Shops","StSLib"],"gold_per_floor":[115,125,14,24,24,24,54,54,54,69,69,69,69,85,85,180,180,192,208,208,222,222,222,222],"floor_reached":23,"playtime":845,"items_purged":["Strike_B"],"score":281,"play_id":"84316ca3-19e7-4dff-bd74-298647daaf2e","local_time":"20210104032734","is_ascension_mode":false,"campfire_choices":[{"data":"Self Repair","floor":6,"key":"SMITH"},{"data":"White Noise","floor":8,"key":"SMITH"},{"floor":15,"key":"REST"}],"circlet_count":0,"master_deck":["Strike_B","Strike_B","Defend_B","Defend_B","Defend_B","Defend_B","Zap","Dualcast","Self Repair+1","White Noise+1","Force Field","Recycle","Storm","Go for the Eyes","Gash","Apotheosis+1","Double Energy","Biased Cognition","Aggregate","Streamline+1","Beam Cell+1"],"relics":["Cracked Core","Ornamental Fan","Toy Ornithopter","StrikeDummy","Runic Pyramid","Peace Pipe","MutagenicStrength"],"acts_visited":["Exordium","TheCity"],"potions_floor_usage":[16,18],"damage_taken":[{"damage":10,"enemies":"Cultist","floor":1,"turns":4},{"damage":10,"enemies":"Jaw Worm","floor":2,"turns":4},{"damage":9,"enemies":"2 Louse","floor":4,"turns":3},{"damage":5,"enemies":"2 Fungi Beasts","floor":10,"turns":2},{"damage":11,"enemies":"Large Slime","floor":14,"turns":5},{"damage":19,"enemies":"Slime Boss","floor":16,"turns":6},{"damage":7,"enemies":"3 Byrds","floor":18,"turns":4},{"damage":21,"enemies":"2 Thieves","floor":19,"turns":4},{"damage":31,"enemies":"Snecko","floor":21,"turns":5},{"damage":44,"enemies":"Book of Stabbing","floor":23,"turns":4}],"seed_played":"9167976248548384997","potions_obtained":[{"floor":2,"key":"Strength Potion"},{"floor":14,"key":"Explosive Potion"},{"floor":19,"key":"LiquidMemories"}],"is_trial":false,"path_per_floor":["M","M","$","M","$","R","?","R","T","M","?","?","?","M","R","B",null,"M","M","?","M","?","E"],"character_chosen":"DEFECT","items_purchased":["Self Repair","White Noise","Storm","Go for the Eyes"],"campfire_rested":1,"item_purchase_floors":[0,0,3,3],"current_hp_per_floor":[72,69,69,67,67,67,67,67,67,72,65,48,48,47,69,65,75,75,64,64,43,43,0,0],"gold":222,"neow_bonus":"","is_daily":false,"chose_seed":false,"campfire_upgraded":2,"win_rate":0.0,"timestamp":1609702054,"path_taken":["M","M","?","?","$","R","?","R","T","M","?","?","?","M","R","BOSS","M","M","?","M","?","E"],"items_purchased_type":["Card","Card","Card","Card"],"build_version":"2020-12-22","purchased_purges":1,"victory":false,"max_hp_per_floor":[75,75,75,75,75,75,75,75,75,75,75,75,75,75,75,75,75,75,75,75,75,75,75,75],"relic_stats":{"Peace Pipe":0,"counters":[10,41],"Ornamental Fan":[12],"obtain_stats":[{"Peace Pipe":20,"Ornamental Fan":9,"MutagenicStrength":22,"Cracked Core":0,"StrikeDummy":12,"Toy Ornithopter":12,"Runic Pyramid":17},{"Peace Pipe":8,"Ornamental Fan":3,"MutagenicStrength":9,"Cracked Core":0,"StrikeDummy":4,"Toy Ornithopter":4,"Runic Pyramid":6},{"Peace Pipe":32,"Ornamental Fan":11,"MutagenicStrength":37,"Cracked Core":0,"StrikeDummy":13,"Toy Ornithopter":13,"Runic Pyramid":24}],"Toy Ornithopter":5},"card_choices":[{"not_picked":["Coolheaded","Auto Shields"],"picked":"Force Field","floor":1},{"not_picked":["Leap","Go for the Eyes"],"picked":"Recycle","floor":2},{"not_picked":["Go for the Eyes","Hologram","Redo"],"picked":"SKIP","floor":4},{"not_picked":["Beam Cell","Sweeping Beam"],"picked":"Gash","floor":10},{"not_picked":["Doom and Gloom","Leap"],"picked":"Double Energy","floor":14},{"not_picked":["Fission","Thunder Strike"],"picked":"Biased Cognition","floor":16},{"not_picked":["Steam+1","Cold Snap"],"picked":"Aggregate","floor":18},{"not_picked":["Compile Driver","Turbo"],"picked":"Streamline+1","floor":19},{"not_picked":["Scrape","Go for the Eyes"],"picked":"Beam Cell+1","floor":21}],"player_experience":304971,"relics_obtained":[{"floor":9,"key":"Ornamental Fan"}],"event_choices":[{"damage_healed":0,"gold_gain":30,"player_choice":"Searched \u00272\u0027 times","damage_taken":0,"max_hp_gain":0,"max_hp_loss":0,"event_name":"Dead Adventurer","floor":7,"gold_loss":0},{"cards_removed":["Strike_B"],"damage_healed":0,"gold_gain":0,"player_choice":"Card Removal","damage_taken":7,"max_hp_gain":0,"max_hp_loss":0,"event_name":"Golden Wing","floor":11,"gold_loss":0},{"damage_healed":0,"gold_gain":1,"player_choice":"Relic Relic ","damage_taken":17,"max_hp_gain":0,"max_hp_loss":0,"event_name":"betterThird:BetterScrap","floor":12,"gold_loss":0,"cards_obtained":["Envenom"]},{"damage_healed":48,"gold_gain":0,"player_choice":"Embrace","damage_taken":0,"max_hp_gain":0,"max_hp_loss":75,"event_name":"betterThird:BetterShining","floor":13,"gold_loss":0},{"damage_healed":0,"gold_gain":0,"player_choice":"Opened","damage_taken":0,"relics_obtained":["Peace Pipe"],"max_hp_gain":0,"max_hp_loss":0,"event_name":"The Mausoleum","floor":20,"gold_loss":0},{"damage_healed":0,"gold_gain":0,"player_choice":"Inject Mutagens","damage_taken":0,"relics_obtained":["MutagenicStrength"],"max_hp_gain":0,"max_hp_loss":0,"event_name":"Drug Dealer","floor":22,"gold_loss":0}],"is_beta":false,"boss_relics":[{"not_picked":["Sozu","Ectoplasm"],"picked":"Runic Pyramid"}],"items_purged_floors":[0],"is_endless":false,"potions_floor_spawned":[2,14,19],"killed_by":"Book of Stabbing","ascension_level":0}}