{"host":"8by3m8mve9y2rhh4","time":1609710531,"event":{"mods":["BaseMod","Minty Spire (QoL Compilation)","Quick Restart"],"gold_per_floor":[117,127,77,87,262,295,295,321,344,344,355,384,384,403,403,499,499,424,442,454,297,297,297,323,323,323,350,364,393,393,42,42,141,141,152,27,44,59,73,100,100,127,172,192,242,272,287,320,320,320,320,320,38,68,68,68],"floor_reached":55,"playtime":3669,"items_purged":["Strike_R","Doubt","Strike_R"],"score":1089,"play_id":"11504f6c-a681-47a9-bc02-64b7e6fbf0ad","local_time":"20210103214851","is_ascension_mode":true,"campfire_choices":[{"data":"Barricade","floor":7,"key":"SMITH"},{"data":"Entrench","floor":13,"key":"SMITH"},{"floor":15,"key":"REST"},{"floor":23,"key":"RECALL"},{"data":"Disarm","floor":25,"key":"SMITH"},{"floor":32,"key":"REST"},{"floor":41,"key":"REST"},{"floor":49,"key":"REST"},{"data":"Flame Barrier","floor":52,"key":"SMITH"}],"circlet_count":0,"master_deck":["Strike_R","Strike_R","Defend_R","Defend_R","Defend_R","Bash","Barricade+1","Iron Wave+1","Body Slam","Metallicize","Entrench+1","Disarm","Disarm+1","Headbutt","Impervious","Battle Trance","Fire Breathing","Iron Wave+1","Sword Boomerang+1","Inflame+1","Sword Boomerang+1","Metallicize","Body Slam+1","Shrug It Off+1","Iron Wave+1","Shockwave+1","Flame Barrier+1","Shrug It Off","Armaments+1"],"relics":["Burning Blood","Anchor","Omamori","Lantern","Regal Pillow","Philosopher\u0027s Stone","Orichalcum","Magic Flower","Blood Vial","Centennial Puzzle","Calling Bell","Juzu Bracelet","Kunai","Champion Belt","The Courier","Pen Nib","Art of War","Peace Pipe","HornCleat","Thread and Needle","Mummified Hand","Whetstone"],"acts_visited":["Exordium","TheCity","TheBeyond","TheEnding"],"potions_floor_usage":[6,6,18,24,27,27,29,38,38,38,38,39,39,42,46,46,54],"damage_taken":[{"damage":2,"enemies":"Small Slimes","floor":1,"turns":5},{"damage":5,"enemies":"2 Louse","floor":2,"turns":3},{"damage":1,"enemies":"Cultist","floor":4,"turns":3},{"damage":0,"enemies":"Lagavulin","floor":6,"turns":7},{"damage":41,"enemies":"3 Sentries","floor":8,"turns":15},{"damage":0,"enemies":"2 Fungi Beasts","floor":11,"turns":5},{"damage":0,"enemies":"Lagavulin","floor":12,"turns":10},{"damage":7,"enemies":"3 Louse","floor":14,"turns":5},{"damage":0,"enemies":"The Guardian","floor":16,"turns":7},{"damage":10,"enemies":"2 Thieves","floor":18,"turns":5},{"damage":10,"enemies":"3 Byrds","floor":19,"turns":8},{"damage":9,"enemies":"Cultist and Chosen","floor":20,"turns":13},{"damage":13,"enemies":"Book of Stabbing","floor":24,"turns":8},{"damage":27,"enemies":"Slavers","floor":27,"turns":7},{"damage":15,"enemies":"Shelled Parasite and Fungi","floor":28,"turns":5},{"damage":8,"enemies":"Gremlin Leader","floor":29,"turns":8},{"damage":0,"enemies":"Champ","floor":33,"turns":9},{"damage":10,"enemies":"3 Shapes","floor":35,"turns":7},{"damage":19,"enemies":"3 Darklings","floor":37,"turns":7},{"damage":1,"enemies":"Spire Growth","floor":38,"turns":8},{"damage":9,"enemies":"Sphere and 2 Shapes","floor":39,"turns":7},{"damage":52,"enemies":"Reptomancer","floor":40,"turns":9},{"damage":12,"enemies":"Nemesis","floor":42,"turns":7},{"damage":12,"enemies":"4 Shapes","floor":44,"turns":7},{"damage":28,"enemies":"Mind Bloom Boss Battle","floor":45,"turns":7},{"damage":51,"enemies":"Reptomancer","floor":46,"turns":7},{"damage":0,"enemies":"Maw","floor":47,"turns":5},{"damage":0,"enemies":"Nemesis","floor":48,"turns":11},{"damage":29,"enemies":"Donu and Deca","floor":50,"turns":13},{"damage":37,"enemies":"Shield and Spear","floor":54,"turns":9},{"damage":59,"enemies":"The Heart","floor":55,"turns":9}],"seed_played":"2214482437485458848","potions_obtained":[{"floor":1,"key":"SpeedPotion"},{"floor":2,"key":"Dexterity Potion"},{"floor":14,"key":"ColorlessPotion"},{"floor":16,"key":"DuplicationPotion"},{"floor":19,"key":"LiquidBronze"},{"floor":20,"key":"Energy Potion"},{"floor":27,"key":"PowerPotion"},{"floor":35,"key":"Ancient Potion"},{"floor":40,"key":"AttackPotion"},{"floor":44,"key":"Regen Potion"},{"floor":45,"key":"PowerPotion"},{"floor":54,"key":"Explosive Potion"}],"is_trial":false,"path_per_floor":["M","M","?","M","?","E","R","E","T","?","M","E","R","M","R","B",null,"M","M","M","$","T","R","E","R","T","E","M","E","?","$","R","B",null,"M","$","M","M","M","E","R","E","T","M","?","E","M","E","R","B",null,"R","$","E","B"],"character_chosen":"IRONCLAD","items_purchased":["Fire Breathing","Metallicize","EntropicBrew","DuplicationPotion","GamblersBrew","Mummified Hand","Shrug It Off"],"campfire_rested":4,"item_purchase_floors":[21,31,31,31,53,53,53],"current_hp_per_floor":[80,80,80,80,80,80,80,45,45,45,51,57,57,56,80,80,80,76,72,69,69,69,69,62,62,62,44,41,45,45,45,80,80,80,79,79,70,80,80,37,76,76,76,76,60,45,57,69,80,60,80,80,80,52,0,0],"gold":68,"neow_bonus":"TRANSFORM_TWO_CARDS","is_daily":false,"chose_seed":false,"campfire_upgraded":4,"win_rate":0.0,"timestamp":1609710531,"path_taken":["M","M","?","M","?","E","R","E","T","?","M","E","R","M","R","BOSS","M","M","M","$","?","R","E","R","T","E","M","E","?","$","R","BOSS","M","$","M","M","M","E","R","E","T","M","?","E","M","E","R","BOSS","R","$","E","BOSS"],"items_purchased_type":["Card","Card","Potion","Potion","Potion","Relic","Card"],"build_version":"2020-12-22","purchased_purges":3,"victory":false,"max_hp_per_floor":[80,80,80,80,80,80,80,80,80,80,80,80,80,80,80,80,80,80,80,80,80,80,80,80,80,80,80,80,80,80,80,80,80,80,80,80,80,80,80,80,80,80,80,80,80,80,80,80,80,80,80,80,80,80,80,80],"card_choices":[{"not_picked":["Pummel","Wild Strike","Infernal Blade"],"picked":"SKIP","floor":1},{"not_picked":["Heavy Blade","Pommel Strike"],"picked":"Body Slam","floor":2},{"not_picked":["Flex","Whirlwind"],"picked":"Metallicize","floor":4},{"not_picked":["Burning Pact","Shockwave","Flex"],"picked":"SKIP","floor":6},{"not_picked":["Carnage","Havoc","Clash"],"picked":"SKIP","floor":8},{"not_picked":["Flex","Evolve"],"picked":"Disarm","floor":11},{"not_picked":["Headbutt","Pommel Strike"],"picked":"Disarm","floor":12},{"not_picked":["Flex","Clash"],"picked":"Headbutt","floor":14},{"not_picked":["Corruption","Limit Break"],"picked":"Impervious","floor":16},{"not_picked":["Wild Strike","Twin Strike","True Grit"],"picked":"SKIP","floor":18},{"not_picked":["Clash","Sever Soul","Anger+1"],"picked":"SKIP","floor":19},{"not_picked":["Rage","Dual Wield"],"picked":"Battle Trance","floor":20},{"not_picked":["Sever Soul","Bloodletting+1"],"picked":"Iron Wave+1","floor":24},{"not_picked":["Exhume","Berserk"],"picked":"Sword Boomerang","floor":27},{"not_picked":["Warcry","Cleave"],"picked":"Inflame+1","floor":28},{"not_picked":["Heavy Blade","Pommel Strike"],"picked":"Sword Boomerang+1","floor":29},{"not_picked":["Perfected Strike+1","Entrench"],"picked":"Body Slam+1","floor":35},{"not_picked":["Iron Wave+1","Body Slam"],"picked":"Shrug It Off+1","floor":37},{"not_picked":["Rupture+1","Fire Breathing","Sever Soul"],"picked":"SKIP","floor":38},{"not_picked":["Brutality","Rupture"],"picked":"Iron Wave+1","floor":39},{"not_picked":["Flex+1","Cleave","Evolve"],"picked":"SKIP","floor":40},{"not_picked":["Hemokinesis+1","True Grit","Burning Pact"],"picked":"SKIP","floor":42},{"not_picked":["Hemokinesis+1","Twin Strike"],"picked":"Shockwave+1","floor":44},{"not_picked":["Cleave","Intimidate+1"],"picked":"Flame Barrier","floor":45},{"not_picked":["Intimidate","Sentinel","Thunderclap+1"],"picked":"SKIP","floor":46},{"not_picked":["Pummel","Infernal Blade+1","Dark Embrace"],"picked":"SKIP","floor":47},{"not_picked":["Infernal Blade","Rampage+1","Thunderclap+1"],"picked":"SKIP","floor":48},{"not_picked":["Anger","Rupture"],"picked":"Armaments+1","floor":54}],"player_experience":645735,"relics_obtained":[{"floor":6,"key":"Anchor"},{"floor":8,"key":"Omamori"},{"floor":9,"key":"Lantern"},{"floor":12,"key":"Regal Pillow"},{"floor":24,"key":"Orichalcum"},{"floor":26,"key":"Magic Flower"},{"floor":27,"key":"Blood Vial"},{"floor":29,"key":"Centennial Puzzle"},{"floor":34,"key":"Juzu Bracelet"},{"floor":34,"key":"Kunai"},{"floor":34,"key":"Champion Belt"},{"floor":40,"key":"The Courier"},{"floor":42,"key":"Pen Nib"},{"floor":43,"key":"Art of War"},{"floor":45,"key":"Peace Pipe"},{"floor":46,"key":"HornCleat"},{"floor":48,"key":"Thread and Needle"},{"floor":54,"key":"Whetstone"}],"event_choices":[{"cards_removed":["Normality"],"damage_healed":0,"gold_gain":0,"player_choice":"Card Removal","damage_taken":0,"max_hp_gain":0,"max_hp_loss":0,"event_name":"The Cleric","floor":3,"gold_loss":50},{"damage_healed":0,"gold_gain":175,"player_choice":"AGREE","damage_taken":0,"max_hp_gain":0,"max_hp_loss":0,"event_name":"Liars Game","floor":5,"gold_loss":0,"cards_obtained":["Doubt"]},{"damage_healed":0,"gold_gain":0,"player_choice":"1 cards matched","damage_taken":0,"max_hp_gain":0,"max_hp_loss":0,"event_name":"Match and Keep!","floor":10,"gold_loss":0,"cards_obtained":["Entrench"]},{"damage_healed":0,"gold_gain":0,"player_choice":"Ignored","damage_taken":0,"max_hp_gain":0,"max_hp_loss":0,"event_name":"Ghosts","floor":30,"gold_loss":0},{"damage_healed":0,"gold_gain":0,"player_choice":"Fight","damage_taken":0,"max_hp_gain":0,"max_hp_loss":0,"event_name":"MindBloom","floor":45,"gold_loss":0}],"is_beta":false,"boss_relics":[{"not_picked":["Fusion Hammer","Mark of Pain"],"picked":"Philosopher\u0027s Stone"},{"not_picked":["Runic Cube","Pandora\u0027s Box"],"picked":"Calling Bell"}],"items_purged_floors":[21,31,36],"is_endless":false,"potions_floor_spawned":[1,2,14,16,19,20,27,35,37,40,44,45,54],"killed_by":"The Heart","ascension_level":1}}