{"host":"p7j7o00jacnw7qzt","time":1609641409,"event":{"mods":["BaseMod","Colored Map","Colored Powertips","DeckTracker","Highlight Path","Minty Spire (QoL Compilation)","Relic Stats"],"gold_per_floor":[116,133,58,58,58,58,91,91,91,126,126,142,160,199,199,290,290,303,319,335,78,91,91,112,146,172,197,221,221,559,573,573,669,669,690,706,581,600,406,406,419,437,462,462,493,493,511,550,550,550,550],"floor_reached":50,"playtime":2780,"items_purged":["Strike_G","Strike_G","Strike_G","Dagger Spray+1"],"score":1357,"play_id":"bc77fe9a-a02b-4953-9aa6-f1bf3e7fa5b3","local_time":"20210102213649","is_ascension_mode":true,"campfire_choices":[{"data":"Blade Dance","floor":6.0,"key":"SMITH"},{"data":"Acrobatics","floor":11.0,"key":"SMITH"},{"data":"Neutralize","floor":15.0,"key":"SMITH"},{"data":"Calculated Gamble","floor":23.0,"key":"SMITH"},{"data":"Acrobatics","floor":29.0,"key":"SMITH"},{"data":"Prepared","floor":32.0,"key":"SMITH"},{"data":"Concentrate","floor":40.0,"key":"SMITH"},{"data":"Accuracy","floor":44.0,"key":"SMITH"},{"floor":46.0,"key":"RECALL"},{"data":"Night Terror","floor":49.0,"key":"SMITH"}],"circlet_count":0,"master_deck":["AscendersBane","Defend_G","Defend_G","Defend_G","Defend_G","Defend_G","Survivor+1","Neutralize+1","Blade Dance+1","Acrobatics+1","Terror","Backstab+1","Prepared+1","After Image","Calculated Gamble+1","Tactician+1","Escape Plan","Acrobatics+1","Malaise","Concentrate+1","Accuracy+1","Night Terror+1"],"relics":["Ring of the Snake","NeowsBlessing","Omamori","Happy Flower","Golden Idol","Question Card","Molten Egg 2","Toy Ornithopter","WristBlade","Medical Kit","Blue Candle","War Paint","Old Coin","Empty Cage","Prayer Wheel","Blood Vial"],"acts_visited":["Exordium","TheCity","TheBeyond"],"potions_floor_usage":[50],"damage_taken":[{"damage":0.0,"enemies":"Cultist","floor":1.0,"turns":1.0},{"damage":0.0,"enemies":"Jaw Worm","floor":2.0,"turns":1.0},{"damage":0.0,"enemies":"Lagavulin","floor":7.0,"turns":1.0},{"damage":22.0,"enemies":"3 Sentries","floor":10.0,"turns":11.0},{"damage":0.0,"enemies":"Small Slimes","floor":12.0,"turns":2.0},{"damage":0.0,"enemies":"3 Louse","floor":13.0,"turns":3.0},{"damage":0.0,"enemies":"Gremlin Nob","floor":14.0,"turns":3.0},{"damage":16.0,"enemies":"The Guardian","floor":16.0,"turns":14.0},{"damage":1.0,"enemies":"Spheric Guardian","floor":18.0,"turns":3.0},{"damage":0.0,"enemies":"2 Thieves","floor":19.0,"turns":3.0},{"damage":0.0,"enemies":"Centurion and Healer","floor":20.0,"turns":5.0},{"damage":0.0,"enemies":"Sentry and Sphere","floor":22.0,"turns":4.0},{"damage":2.0,"enemies":"Chosen and Byrds","floor":24.0,"turns":6.0},{"damage":4.0,"enemies":"Slavers","floor":25.0,"turns":7.0},{"damage":2.0,"enemies":"Shelled Parasite and Fungi","floor":27.0,"turns":4.0},{"damage":4.0,"enemies":"Cultist and Chosen","floor":28.0,"turns":4.0},{"damage":2.0,"enemies":"Book of Stabbing","floor":30.0,"turns":3.0},{"damage":17.0,"enemies":"3 Cultists","floor":31.0,"turns":5.0},{"damage":11.0,"enemies":"Collector","floor":33.0,"turns":7.0},{"damage":4.0,"enemies":"3 Shapes","floor":35.0,"turns":4.0},{"damage":0.0,"enemies":"3 Darklings","floor":36.0,"turns":2.0},{"damage":8.0,"enemies":"4 Shapes","floor":38.0,"turns":6.0},{"damage":4.0,"enemies":"Maw","floor":41.0,"turns":5.0},{"damage":3.0,"enemies":"Sphere and 2 Shapes","floor":42.0,"turns":5.0},{"damage":0.0,"enemies":"Reptomancer","floor":45.0,"turns":2.0},{"damage":0.0,"enemies":"Transient","floor":47.0,"turns":6.0},{"damage":8.0,"enemies":"Giant Head","floor":48.0,"turns":4.0},{"damage":44,"enemies":"Time Eater","floor":50,"turns":9}],"seed_played":"3655247287988581107","potions_obtained":[{"floor":1.0,"key":"DistilledChaos"},{"floor":10.0,"key":"GamblersBrew"},{"floor":12.0,"key":"SkillPotion"},{"floor":16.0,"key":"Strength Potion"},{"floor":19.0,"key":"Weak Potion"},{"floor":25.0,"key":"Poison Potion"},{"floor":27.0,"key":"CultistPotion"},{"floor":31.0,"key":"SmokeBomb"},{"floor":35.0,"key":"Block Potion"},{"floor":36.0,"key":"Swift Potion"},{"floor":47.0,"key":"DuplicationPotion"},{"floor":48.0,"key":"EssenceOfSteel"}],"is_trial":false,"path_per_floor":["M","M","$","?","?","R","E","?","T","E","R","M","M","E","R","B",null,"M","M","M","$","M","R","M","E","T","M","M","R","E","M","R","B",null,"M","M","$","M","$","R","M","M","T","R","E","R","M","E","R","B"],"character_chosen":"THE_SILENT","items_purchased":["Medical Kit","Accuracy"],"campfire_rested":0,"item_purchase_floors":[21,39],"current_hp_per_floor":[59,59,59,48,48,48,48,48,48,26,26,26,26,26,26,15,49,48,48,48,48,48,48,46,47,47,50,51,51,49,32,32,26,52,48,48,48,40,40,40,41,38,38,38,38,38,43,35,35,0,0],"gold":550,"neow_bonus":"THREE_ENEMY_KILL","is_daily":false,"chose_seed":false,"campfire_upgraded":9,"win_rate":0.0,"timestamp":1609641409,"path_taken":["M","?","$","?","?","R","E","?","T","E","R","M","?","E","R","BOSS","M","M","M","$","M","R","M","E","T","?","M","R","E","M","R","BOSS","M","?","$","M","$","R","M","M","T","R","E","R","M","E","R","BOSS"],"items_purchased_type":["Relic","Card"],"build_version":"2020-12-22","purchased_purges":4,"victory":false,"max_hp_per_floor":[66,66,66,66,66,66,66,60,60,60,60,60,60,60,60,60,60,60,60,60,60,60,60,60,60,60,60,60,60,60,60,60,60,60,60,60,60,60,60,60,60,60,60,60,60,60,60,60,60,60,60],"relic_stats":{"Blood Vial":2,"Happy Flower":[42],"counters":[28,130],"Golden Idol":139,"Blue Candle":[1],"Prayer Wheel":1,"War Paint":["Survivor","Tactician"],"Question Card":25,"Medical Kit":[10],"obtain_stats":[{"NeowsBlessing":0,"Happy Flower":7,"Golden Idol":8,"Blue Candle":25,"Omamori":4,"War Paint":26,"Question Card":9,"Medical Kit":21,"Empty Cage":34,"Old Coin":30,"Blood Vial":48,"WristBlade":17,"Molten Egg 2":10,"Prayer Wheel":45,"Toy Ornithopter":14,"Ring of the Snake":0},{"NeowsBlessing":0,"Happy Flower":3,"Golden Idol":3,"Blue Candle":14,"Omamori":2,"War Paint":14,"Question Card":3,"Medical Kit":11,"Empty Cage":19,"Old Coin":17,"Blood Vial":27,"WristBlade":8,"Molten Egg 2":4,"Prayer Wheel":25,"Toy Ornithopter":7,"Ring of the Snake":0},{"NeowsBlessing":0,"Happy Flower":3,"Golden Idol":3,"Blue Candle":64,"Omamori":2,"War Paint":64,"Question Card":3,"Medical Kit":47,"Empty Cage":87,"Old Coin":75,"Blood Vial":121,"WristBlade":36,"Molten Egg 2":14,"Prayer Wheel":111,"Toy Ornithopter":22,"Ring of the Snake":0}],"Toy Ornithopter":40,"Ring of the Snake":[56]},"card_choices":[{"not_picked":["Flying Knee","Quick Slash","Deadly Poison"],"picked":"SKIP","floor":1.0},{"not_picked":["Dodge and Roll","Backflip"],"picked":"Blade Dance","floor":2.0},{"not_picked":["Cloak And Dagger","Setup"],"picked":"Acrobatics","floor":7.0},{"not_picked":["Backflip","Escape Plan","Expertise"],"picked":"Terror","floor":10.0},{"not_picked":["Dagger Throw+1","Dodge and Roll","Escape Plan"],"picked":"Backstab+1","floor":12.0},{"not_picked":["Deflect","Endless Agony+1","All Out Attack+1"],"picked":"Prepared","floor":13.0},{"not_picked":["A Thousand Cuts","Sucker Punch+1","Dagger Spray+1","Flying Knee+1"],"picked":"SKIP","floor":14.0},{"not_picked":["A Thousand Cuts","Sucker Punch+1","Flying Knee+1"],"picked":"Dagger Spray+1","floor":14.0},{"not_picked":["Glass Knife+1","A Thousand Cuts","Bullet Time"],"picked":"After Image","floor":16.0},{"not_picked":["Caltrops","Blade Dance","Poisoned Stab+1"],"picked":"Calculated Gamble","floor":18.0},{"not_picked":["Blur","Dash+1","Quick Slash+1"],"picked":"Tactician","floor":19.0},{"not_picked":["Poisoned Stab+1","Backflip","Tactician","Dash+1"],"picked":"SKIP","floor":20.0},{"not_picked":["Caltrops","Bane+1","Deadly Poison","Sucker Punch+1"],"picked":"SKIP","floor":22.0},{"not_picked":["Distraction","Storm of Steel","Choke+1"],"picked":"Escape Plan","floor":24.0},{"not_picked":["Outmaneuver","Predator+1","Dash+1","Slice+1"],"picked":"SKIP","floor":25.0},{"not_picked":["Deadly Poison","Flechettes+1","Endless Agony+1"],"picked":"Acrobatics","floor":27.0},{"not_picked":["PiercingWail","Skewer+1","Distraction","Cloak And Dagger"],"picked":"SKIP","floor":28.0},{"not_picked":["Deadly Poison","Eviscerate+1","Riddle With Holes+1","PiercingWail"],"picked":"SKIP","floor":30.0},{"not_picked":["Infinite Blades+1","Backstab+1","Deadly Poison","Burst"],"picked":"SKIP","floor":31.0},{"not_picked":["Doppelganger","Tools of the Trade","Envenom"],"picked":"Malaise","floor":33.0},{"not_picked":["Accuracy","Deadly Poison+1","Distraction+1","Well Laid Plans"],"picked":"SKIP","floor":35.0},{"not_picked":["Endless Agony+1","Predator+1","Dagger Throw+1","Footwork"],"picked":"SKIP","floor":36.0},{"not_picked":["Bouncing Flask","Backflip","Acrobatics+1"],"picked":"Concentrate","floor":38.0},{"not_picked":["Crippling Poison","Flying Knee+1","Backflip","Grand Finale+1"],"picked":"SKIP","floor":41.0},{"not_picked":["Deadly Poison","Slice+1","Cloak And Dagger","Sucker Punch+1"],"picked":"SKIP","floor":42.0},{"not_picked":["Cloak And Dagger+1","Deadly Poison+1","Concentrate+1"],"picked":"Night Terror","floor":45.0},{"not_picked":["Skewer+1","Outmaneuver+1","Dagger Spray+1","Infinite Blades"],"picked":"SKIP","floor":47.0},{"not_picked":["Backflip","Bane+1","Outmaneuver","Blade Dance"],"picked":"SKIP","floor":47.0},{"not_picked":["Bouncing Flask","Phantasmal Killer","Prepared+1","Corpse Explosion"],"picked":"SKIP","floor":48.0}],"player_experience":943115,"relics_obtained":[{"floor":7.0,"key":"Happy Flower"},{"floor":9.0,"key":"Question Card"},{"floor":10.0,"key":"Molten Egg 2"},{"floor":14.0,"key":"Toy Ornithopter"},{"floor":25.0,"key":"Blue Candle"},{"floor":26.0,"key":"War Paint"},{"floor":30.0,"key":"Old Coin"},{"floor":45.0,"key":"Prayer Wheel"},{"floor":48.0,"key":"Blood Vial"}],"event_choices":[{"damage_healed":0.0,"max_hp_gain":0.0,"max_hp_loss":0.0,"gold_gain":0.0,"event_name":"Scrap Ooze","player_choice":"Success","floor":4.0,"gold_loss":0.0,"damage_taken":11.0,"relics_obtained":["Omamori"]},{"damage_healed":0.0,"max_hp_gain":0.0,"max_hp_loss":0.0,"gold_gain":0.0,"event_name":"Liars Game","player_choice":"Ignored","floor":5.0,"gold_loss":0.0,"damage_taken":0.0},{"damage_healed":0.0,"max_hp_gain":0.0,"max_hp_loss":6.0,"gold_gain":0.0,"event_name":"Golden Idol","player_choice":"Lose Max HP","floor":8.0,"gold_loss":0.0,"damage_taken":0.0,"relics_obtained":["Golden Idol"]}],"is_beta":false,"boss_relics":[{"not_picked":["Runic Dome","Busted Crown"],"picked":"WristBlade"},{"not_picked":["Calling Bell","SacredBark"],"picked":"Empty Cage"}],"items_purged_floors":[3,21,37,39],"is_endless":false,"potions_floor_spawned":[1,10,12,16,19,25,27,31,35,36,47,48],"killed_by":"Time Eater","ascension_level":20}}