{"host":"sc0o2qwpf9j16a4i","time":1609686484,"event":{"mods":["AchievementEnabler","BaseMod","BetterRewards","Block Reminder","Colored Map","Colored Powertips","Custom Start","Highlight Path","Minty Spire (QoL Compilation)","Relic Stats"],"gold_per_floor":[118,131,131,144,160,160,194,194,194,194,207,227,254,269,269,341,341,357,40,40,52,52,52,77,77,77],"floor_reached":25,"playtime":746,"items_purged":["Strike_P"],"score":716,"play_id":"ce6e06e9-5b19-4428-9db2-09d2b59ada75","local_time":"20210103170804","is_ascension_mode":true,"campfire_choices":[{"data":"TalkToTheHand","floor":6,"key":"SMITH"},{"floor":10,"key":"REST"},{"data":"Wallop","floor":15,"key":"SMITH"},{"data":"Fasting2","floor":23,"key":"SMITH"}],"circlet_count":0,"master_deck":["AscendersBane","Strike_P","Strike_P","Strike_P","Defend_P","Defend_P","Defend_P","Defend_P","Eruption","Vigilance","TalkToTheHand+1","FollowUp","FollowUp","Wallop+1","Meditate","Protect","FlyingSleeves","Adaptation","Devotion","CrushJoints","Brilliance","WheelKick","Fasting2+1","Devotion"],"relics":["PureWater","Oddly Smooth Stone","Lee\u0027s Waffle","Mummified Hand","Orichalcum","Ginger","Thread and Needle","Regal Pillow","CaptainsWheel","MealTicket","Sozu","OrangePellets","Smiling Mask"],"acts_visited":["Exordium","TheCity"],"potions_floor_usage":[24],"damage_taken":[{"damage":4,"enemies":"2 Louse","floor":1,"turns":4},{"damage":0,"enemies":"Cultist","floor":2,"turns":3},{"damage":0,"enemies":"Small Slimes","floor":4,"turns":2},{"damage":7,"enemies":"Blue Slaver","floor":5,"turns":3},{"damage":14,"enemies":"Lagavulin","floor":7,"turns":10},{"damage":0,"enemies":"Exordium Thugs","floor":11,"turns":4},{"damage":0,"enemies":"Looter","floor":12,"turns":2},{"damage":0,"enemies":"Gremlin Nob","floor":13,"turns":2},{"damage":0,"enemies":"Gremlin Gang","floor":14,"turns":5},{"damage":44,"enemies":"Hexaghost","floor":16,"turns":12},{"damage":0,"enemies":"Chosen","floor":18,"turns":3},{"damage":5,"enemies":"2 Thieves","floor":21,"turns":3},{"damage":57,"enemies":"Gremlin Leader","floor":24,"turns":6},{"damage":18,"enemies":"Snake Plant","floor":25,"turns":2}],"seed_played":"2052812396762032873","potions_obtained":[{"floor":2,"key":"SkillPotion"},{"floor":5,"key":"Fire Potion"},{"floor":7,"key":"FearPotion"},{"floor":12,"key":"SteroidPotion"}],"is_trial":false,"path_per_floor":["M","M","?","M","M","R","E","?","T","R","M","M","E","M","R","B",null,"M","$","?","M","$","R","E","M"],"character_chosen":"WATCHER","items_purchased":["Oddly Smooth Stone","Lee\u0027s Waffle","Mummified Hand","Orichalcum","TalkToTheHand","FollowUp","OrangePellets","Fasting2"],"campfire_rested":1,"item_purchase_floors":[0,0,0,0,0,0,19,19],"current_hp_per_floor":[71,71,71,71,64,64,50,32,32,69,69,69,69,69,69,25,63,63,75,75,70,75,75,18,0,0],"gold":77,"neow_bonus":"","is_daily":false,"chose_seed":false,"campfire_upgraded":3,"win_rate":0.0,"timestamp":1609686484,"path_taken":["M","M","?","?","M","R","E","?","T","R","M","M","E","M","R","BOSS","M","$","?","M","?","R","E","M"],"items_purchased_type":["Relic","Relic","Relic","Relic","Card","Card","Relic","Card"],"build_version":"2020-12-22","purchased_purges":1,"victory":false,"max_hp_per_floor":[75,75,75,75,75,75,75,75,75,75,75,75,75,75,75,75,75,75,75,75,75,75,75,75,75,75],"relic_stats":{"Sozu":0,"OrangePellets":[2],"Lee\u0027s Waffle":48,"Regal Pillow":30,"counters":[40,177],"Mummified Hand":[17],"MealTicket":17,"Ginger":[8],"Orichalcum":[66],"Smiling Mask":0,"obtain_stats":[{"Regal Pillow":39,"Gremlin Horn":28,"Vajra":9,"Enchiridion":22,"Ginger":3,"Ancient Tea Set":12,"Smiling Mask":24,"Sozu":17,"HornCleat":39,"Mummified Hand":0,"Pantograph":21,"MealTicket":13,"Runic Pyramid":17,"Lee\u0027s Waffle":0,"Blue Candle":31,"Oddly Smooth Stone":0,"Thread and Needle":7,"Orichalcum":41,"Frozen Egg 2":43,"OrangePellets":19,"CaptainsWheel":9,"Molten Egg 2":7,"Pandora\u0027s Box":34,"PureWater":0,"FossilizedHelix":0,"Meat on the Bone":44},{"Regal Pillow":23,"Gremlin Horn":15,"Vajra":6,"Enchiridion":12,"Ginger":28,"Ancient Tea Set":7,"Smiling Mask":39,"Sozu":36,"HornCleat":23,"Mummified Hand":26,"Pantograph":12,"MealTicket":34,"Runic Pyramid":10,"Lee\u0027s Waffle":26,"Blue Candle":18,"Oddly Smooth Stone":26,"Thread and Needle":31,"Orichalcum":24,"Frozen Egg 2":24,"OrangePellets":37,"CaptainsWheel":31,"Molten Egg 2":5,"Pandora\u0027s Box":19,"PureWater":0,"FossilizedHelix":0,"Meat on the Bone":25},{"Regal Pillow":97,"Gremlin Horn":60,"Vajra":26,"Enchiridion":50,"Ginger":123,"Ancient Tea Set":34,"Smiling Mask":175,"Sozu":163,"HornCleat":97,"Mummified Hand":116,"Pantograph":50,"MealTicket":146,"Runic Pyramid":44,"Lee\u0027s Waffle":116,"Blue Candle":71,"Oddly Smooth Stone":116,"Thread and Needle":138,"Orichalcum":102,"Frozen Egg 2":102,"OrangePellets":166,"CaptainsWheel":138,"Molten Egg 2":22,"Pandora\u0027s Box":80,"PureWater":0,"FossilizedHelix":0,"Meat on the Bone":112}]},"card_choices":[{"not_picked":["PathToVictory","Consecrate"],"picked":"FollowUp","floor":1},{"not_picked":["JustLucky","ClearTheMind"],"picked":"Wallop","floor":2},{"not_picked":["JustLucky","PathToVictory"],"picked":"Meditate","floor":4},{"not_picked":["Evaluate","EmptyFist"],"picked":"Protect","floor":5},{"not_picked":["Weave","ThirdEye"],"picked":"FlyingSleeves","floor":7},{"not_picked":["EmptyFist","JustLucky","WreathOfFlame"],"picked":"SKIP","floor":11},{"not_picked":["Pray","ClearTheMind"],"picked":"Adaptation","floor":12},{"not_picked":["Perseverance","Collect"],"picked":"Devotion","floor":13},{"not_picked":["Prostrate","PathToVictory"],"picked":"CrushJoints","floor":14},{"not_picked":["Judgement","Alpha"],"picked":"Brilliance","floor":16},{"not_picked":["FlyingSleeves","EmptyBody"],"picked":"WheelKick","floor":18},{"not_picked":["ThirdEye","FollowUp","SignatureMove"],"picked":"SKIP","floor":21},{"not_picked":["Halt","Sanctity"],"picked":"Devotion","floor":24}],"player_experience":538978,"relics_obtained":[{"floor":7,"key":"Thread and Needle"},{"floor":9,"key":"CaptainsWheel"},{"floor":13,"key":"MealTicket"},{"floor":24,"key":"Smiling Mask"}],"event_choices":[{"damage_healed":0,"gold_gain":0,"player_choice":"Gave Potion","damage_taken":0,"relics_obtained":["Ginger"],"max_hp_gain":0,"max_hp_loss":0,"event_name":"WeMeetAgain","floor":3,"gold_loss":0},{"damage_healed":0,"gold_gain":0,"player_choice":"Success","damage_taken":18,"relics_obtained":["Regal Pillow"],"max_hp_gain":0,"max_hp_loss":0,"event_name":"Scrap Ooze","floor":8,"gold_loss":0},{"damage_healed":0,"gold_gain":0,"player_choice":"Got Potions","damage_taken":0,"max_hp_gain":0,"max_hp_loss":0,"event_name":"Lab","floor":20,"gold_loss":0}],"is_beta":false,"boss_relics":[{"not_picked":["HolyWater","Ectoplasm"],"picked":"Sozu"}],"items_purged_floors":[19],"is_endless":false,"potions_floor_spawned":[2,5,7,11,12],"killed_by":"Snake Plant","ascension_level":20}}