{"host":"ks2i9crt9nqqkbsp","time":1609641618,"event":{"mods":["BaseMod","BetterRewards","Card Forge","Highlight Path","Marisa（F雨　魔理沙）","Minty Spire (QoL Compilation)","Red Circlet Mod","Shop Mod","Spicy Shops","StSLib","The Marked","Uncapped","WarShipGirlsR/战舰少女R mod","篝火指南"],"gold_per_floor":[115,115,139,89,114,147,163,182,206,239,239,45,76,116,116,259,259,277,380,380,403,417,417],"floor_reached":22,"playtime":1903,"items_purged":[],"score":260,"play_id":"f709be5a-95a7-4e74-88ca-677d9c88b3c2","local_time":"20210103104018","is_ascension_mode":true,"campfire_choices":[{"data":"rmod:chargemoney","floor":11.0,"key":"SMITH"},{"floor":15.0,"key":"REST"}],"circlet_count":0,"master_deck":["rmod:strick","rmod:strick","rmod:defend","rmod:defend","rmod:defend","rmod:defend","rmod:basicallowance","rmod:maingunfire","rmod:tearstotiara","rmod:circuitoustactics","rmod:royalracing","rmod:chargemoney+1","rmod:spoils","rmod:lastglory","rmod:acesubmarine","rmod:spoils+1","rmod:heivgo"],"relics":["rmod:firstchargereward","Hammer of Thor","Seething Fire","Anvil of the Gods","Art of War","Turnip","Ginger","MerchantsRug","Toolbox","Golden Idol","Pen Nib","Ancient Tea Set","Akabeko","Kunai","Medical Kit","Vajra","Runic Pyramid"],"acts_visited":["Exordium","TheCity"],"potions_floor_usage":[19,19],"damage_taken":[{"damage":0.0,"enemies":"Cultist","floor":1.0,"turns":4.0},{"damage":6.0,"enemies":"Jaw Worm","floor":3.0,"turns":3.0},{"damage":1.0,"enemies":"Small Slimes","floor":5.0,"turns":3.0},{"damage":10.0,"enemies":"Gremlin Nob","floor":6.0,"turns":4.0},{"damage":0.0,"enemies":"2 Fungi Beasts","floor":7.0,"turns":4.0},{"damage":2.0,"enemies":"Red Slaver","floor":8.0,"turns":3.0},{"damage":16.0,"enemies":"3 Sentries","floor":10.0,"turns":7.0},{"damage":0.0,"enemies":"Exordium Thugs","floor":13.0,"turns":4.0},{"damage":16.0,"enemies":"Gremlin Nob","floor":14.0,"turns":3.0},{"damage":16.0,"enemies":"The Guardian","floor":16.0,"turns":10.0},{"damage":8.0,"enemies":"Shell Parasite","floor":18.0,"turns":3.0},{"damage":15,"enemies":"3 Byrds","floor":19,"turns":6},{"damage":0,"enemies":"Snecko","floor":21,"turns":2},{"damage":20,"enemies":"Centurion and Healer","floor":22,"turns":5}],"seed_played":"-2296501878789228420","potions_obtained":[{"floor":1.0,"key":"PowerPotion"},{"floor":5.0,"key":"EssenceOfSteel"},{"floor":6.0,"key":"AttackPotion"},{"floor":13.0,"key":"PowerPotion"},{"floor":16.0,"key":"SkillPotion"},{"floor":18.0,"key":"PowerPotion"},{"floor":21,"key":"BlessingOfTheForge"}],"is_trial":false,"path_per_floor":["M","?","M","?","M","E","M","M","T","E","R","$","M","E","R","B",null,"M","M","?","M","M"],"character_chosen":"PRAEFECT","items_purchased":["Lee\u0027s Waffle","Art of War","Turnip","MerchantsRug","Toolbox","Kunai","Medical Kit","rmod:spoils"],"campfire_rested":1,"item_purchase_floors":[0,0,0,0,0,12,12,12],"current_hp_per_floor":[82,62,56,56,55,45,45,43,43,27,27,27,27,11,35,19,66,58,43,43,43,23,23],"gold":417,"neow_bonus":"","is_daily":false,"chose_seed":false,"campfire_upgraded":1,"win_rate":0.0,"timestamp":1609641618,"path_taken":["M","?","M","?","M","E","?","M","T","E","R","$","M","E","R","BOSS","M","?","?","M","M"],"items_purchased_type":["Relic","Relic","Relic","Relic","Relic","Relic","Relic","Card"],"build_version":"2020-12-22","purchased_purges":0,"victory":false,"max_hp_per_floor":[82,82,82,82,82,82,82,82,82,82,82,82,82,82,82,82,82,82,82,82,82,82,82],"card_choices":[{"not_picked":["rmod:overbreakdown","rmod:aviationdawn"],"picked":"rmod:tearstotiara","floor":1.0},{"not_picked":["rmod:goodfighter","rmod:highspeedshooting","rmod:tearstotiara"],"picked":"SKIP","floor":3.0},{"not_picked":["rmod:fletcherpendant","rmod:overbreakdown"],"picked":"rmod:circuitoustactics","floor":5.0},{"not_picked":["rmod:circuitoustactics","rmod:steelsupply","rmod:wolves"],"picked":"SKIP","floor":6.0},{"not_picked":["rmod:salvage","rmod:fletcher"],"picked":"rmod:shuttlebombing","floor":7.0},{"not_picked":["rmod:wolves","rmod:gendarmerie"],"picked":"rmod:royalracing","floor":8.0},{"not_picked":["rmod:aluminumsupply","rmod:combined"],"picked":"rmod:chargemoney","floor":10.0},{"not_picked":["rmod:circuitoustactics","rmod:salvage","rmod:garrisonisland"],"picked":"SKIP","floor":13.0},{"not_picked":["rmod:wasp","rmod:goodfighter"],"picked":"rmod:lastglory","floor":14.0},{"not_picked":["rmod:fletcher","rmod:windflower"],"picked":"rmod:acesubmarine","floor":16.0},{"not_picked":["rmod:overbreakdown","rmod:supportescort"],"picked":"rmod:spoils+1","floor":18.0},{"not_picked":["rmod:aluminumsupply","rmod:gendarmerie"],"picked":"rmod:heivgo","floor":19},{"not_picked":["rmod:wolves","rmod:highspeedshooting","rmod:firesupport"],"picked":"SKIP","floor":21}],"player_experience":489058,"relics_obtained":[{"floor":6.0,"key":"Pen Nib"},{"floor":9.0,"key":"Ancient Tea Set"},{"floor":10.0,"key":"Akabeko"},{"floor":14.0,"key":"Vajra"}],"event_choices":[{"damage_healed":0.0,"max_hp_gain":0.0,"max_hp_loss":0.0,"gold_gain":0.0,"event_name":"Golden Idol","player_choice":"Take Damage","floor":2.0,"gold_loss":0.0,"damage_taken":20.0,"relics_obtained":["Golden Idol"]},{"cards_removed":["rmod:strick"],"damage_healed":0.0,"max_hp_gain":0.0,"max_hp_loss":0.0,"gold_gain":0.0,"event_name":"The Cleric","player_choice":"Card Removal","floor":4.0,"gold_loss":50.0,"damage_taken":0.0},{"damage_healed":0,"gold_gain":0,"player_choice":"Ignored","damage_taken":0,"max_hp_gain":0,"max_hp_loss":0,"event_name":"Ghosts","floor":20,"gold_loss":0}],"is_beta":false,"boss_relics":[{"not_picked":["Ectoplasm","SacredBark"],"picked":"Runic Pyramid"}],"items_purged_floors":[],"is_endless":false,"potions_floor_spawned":[1,5,6,13,16,18,21],"killed_by":"Centurion and Healer","ascension_level":5}}