{"host":"8lvnnmfamkc2d31d","time":1609634133,"event":{"mods":["2.2 Compatiblity","Act Like it!","BaseMod","Colored Map","Minty Spire (QoL Compilation)","Relic Stats","StSLib","The Dragon Tamer"],"gold_per_floor":[19,19,42,42,58,102,131,162,162,49,87,111,111,111,111],"floor_reached":13,"playtime":3018,"items_purged":[],"score":108,"play_id":"da45d95a-2233-4e97-8815-6b89cf451b1b","local_time":"20210102183533","is_ascension_mode":true,"metric_token":531,"campfire_choices":[],"dtmod_dragon_data":[27,50,-1,-1,0,0],"circlet_count":0,"master_deck":["DTMod:Strike","DTMod:Strike","DTMod:Strike","DTMod:Strike","DTMod:DoubleHit","DTMod:TargetDefense","DTMod:TargetDefense","DTMod:TargetDefense","DTMod:TargetDefense","DTMod:SwitchingTactic","DTMod:OpeningTactic","DTMod:BreakAttack","DTMod:Training+1","DTMod:Hide","DTMod:BuildUp","DTMod:MagicField","DTMod:CrossStep","DTMod:TagTeam","DTMod:Safeguard","DTMod:Feint"],"relics":["DTMod:PactStone","Golden Idol","Bottled Lightning","Odd Mushroom","Calipers","Shovel","Tiny Chest"],"acts_visited":["Exordium"],"potions_floor_usage":[11,11,11,11,13,13],"damage_taken":[{"damage":0,"enemies":"Cultist","floor":1,"turns":4},{"damage":1,"enemies":"Jaw Worm","floor":3,"turns":3},{"damage":0,"enemies":"2 Louse","floor":5,"turns":2},{"damage":10,"enemies":"Gremlin Nob","floor":6,"turns":4},{"damage":9,"enemies":"The Mushroom Lair","floor":7,"turns":4},{"damage":8,"enemies":"Lagavulin","floor":8,"turns":8},{"damage":4,"enemies":"3 Sentries","floor":11,"turns":7},{"damage":0,"enemies":"Looter","floor":12,"turns":3},{"damage":13,"enemies":"Lagavulin","floor":13,"turns":5}],"seed_played":"-6770472397263526211","potions_obtained":[{"floor":8,"key":"EntropicBrew"},{"floor":11,"key":"Strength Potion"},{"floor":12,"key":"PowerPotion"}],"is_trial":false,"path_per_floor":["M","?","M","?","M","E","?","E","T","$","E","M","E"],"character_chosen":"THE_DT","items_purchased":["DTMod:CrossStep","DTMod:TagTeam"],"campfire_rested":0,"item_purchase_floors":[10,10],"current_hp_per_floor":[45,34,33,33,33,23,14,6,6,6,2,2,0,0,0],"gold":111,"neow_bonus":"THREE_RARE_CARDS","is_daily":false,"chose_seed":false,"campfire_upgraded":0,"win_rate":0.0,"timestamp":1609634133,"path_taken":["M","?","M","?","M","E","?","E","T","?","E","M","E"],"items_purchased_type":["Card","Card"],"build_version":"2020-12-22","purchased_purges":0,"victory":false,"max_hp_per_floor":[45,45,45,45,45,45,45,45,45,45,45,45,45,45,45],"relic_stats":{"Shovel":0,"counters":[9,40],"Golden Idol":42,"Tiny Chest":0,"obtain_stats":[{"Calipers":8,"Shovel":9,"DTMod:PactStone":0,"Golden Idol":2,"Tiny Chest":11,"Bottled Lightning":6,"Odd Mushroom":7},{"Calipers":6,"Shovel":6,"DTMod:PactStone":0,"Golden Idol":1,"Tiny Chest":7,"Bottled Lightning":4,"Odd Mushroom":5},{"Calipers":25,"Shovel":25,"DTMod:PactStone":0,"Golden Idol":4,"Tiny Chest":32,"Bottled Lightning":13,"Odd Mushroom":17}]},"card_choices":[{"not_picked":["DTMod:Safeguard","DTMod:Multitask"],"picked":"DTMod:OpeningTactic","floor":0},{"not_picked":["DTMod:BizarreTactic","DTMod:Punisher"],"picked":"DTMod:BreakAttack","floor":1},{"not_picked":["DTMod:LowKick","DTMod:DeepFocus"],"picked":"DTMod:Training","floor":3},{"not_picked":["DTMod:DragonDance","DTMod:ForkedFire"],"picked":"DTMod:Hide","floor":5},{"not_picked":["DTMod:DarkBreath","DTMod:QuickFly"],"picked":"DTMod:BuildUp","floor":6},{"not_picked":["DTMod:HeatWave","DTMod:BlueScale"],"picked":"DTMod:MagicField","floor":7},{"not_picked":["DTMod:BlazingStrike","DTMod:Inferno","DTMod:ForkedFire"],"picked":"SKIP","floor":8},{"not_picked":["DTMod:Threaten","DTMod:RunningTactic"],"picked":"DTMod:Safeguard","floor":11},{"not_picked":["DTMod:Threaten","DTMod:CleansingStrike"],"picked":"DTMod:Feint","floor":12}],"player_experience":443136,"relics_obtained":[{"floor":6,"key":"Bottled Lightning"},{"floor":7,"key":"Odd Mushroom"},{"floor":8,"key":"Calipers"},{"floor":9,"key":"Shovel"},{"floor":11,"key":"Tiny Chest"}],"event_choices":[{"damage_healed":0,"gold_gain":0,"player_choice":"Take Damage","damage_taken":11,"relics_obtained":["Golden Idol"],"max_hp_gain":0,"max_hp_loss":0,"event_name":"Golden Idol","floor":2,"gold_loss":0},{"damage_healed":0,"gold_gain":0,"player_choice":"Grow","damage_taken":0,"max_hp_gain":0,"max_hp_loss":0,"event_name":"Living Wall","floor":4,"gold_loss":0,"cards_upgraded":["DTMod:Training"]},{"damage_healed":0,"gold_gain":0,"player_choice":"Fought Mushrooms","damage_taken":0,"max_hp_gain":0,"max_hp_loss":0,"event_name":"Mushrooms","floor":7,"gold_loss":0}],"is_beta":false,"boss_relics":[],"items_purged_floors":[],"is_endless":false,"potions_floor_spawned":[8,11,12],"killed_by":"Lagavulin","ascension_level":1}}