{"host":"b4oqa93y40rb9616","time":1609651255,"event":{"mods":["BaseMod","Colored Map","Custom Start","DeckTracker","Downfall","Keyboard Shortcuts","Minty Spire (QoL Compilation)","Permanent Neow","Quick Restart","READ ME - Guardian Mod","StSLib","SuperFastMode","everything is the same but u backflip on backflip"],"gold_per_floor":[99,109,123,134,38,138,138,163,163,176,204,204,217,217,236,332,332,332,343,443,456,366,366,389,406,418,265,265,285,285,318,331,436,436,436,446,464,474,491,177,177,27,57,77,92,92,109,124,136,136,136,136],"floor_reached":50,"playtime":2829,"items_purged":["Shame","Injury","Mind Blast","Slimebound:Defend_Slimebound"],"score":587,"play_id":"dda7260b-9dbd-4a48-9789-86c4431fd8a2","local_time":"20210103142055","is_ascension_mode":false,"campfire_choices":[{"data":"Slimebound:Split","floor":1.0,"key":"SMITH"},{"data":"Slimebound:AcidTongue","floor":9.0,"key":"SMITH"},{"data":"Slimebound:RejuvenatingLick","floor":12.0,"key":"SMITH"},{"data":"Slimebound:RejuvenatingLick","floor":18.0,"key":"SMITH"},{"data":"Slimebound:RejuvenatingLick","floor":23.0,"key":"SMITH"},{"floor":28.0,"key":"RECALL"},{"data":"Slimebound:RejuvenatingLick","floor":30.0,"key":"SMITH"},{"data":"Slimebound:OozeBath","floor":35.0,"key":"SMITH"},{"data":"Slimebound:MinionMaster","floor":46.0,"key":"SMITH"}],"circlet_count":0,"master_deck":["Slimebound:Strike_Slimebound","Slimebound:Tackle","Slimebound:Defend_Slimebound","Slimebound:Defend_Slimebound","Slimebound:Split+1","Slimebound:CorrosiveSpit","Slimebound:GoopSpray","Slimebound:RejuvenatingLick+1","Slimebound:RainOfGoop","Slimebound:PressTheAttack","Slimebound:AcidTongue+1","Slimebound:LeechEnergy","Slimebound:PressTheAttack","Slimebound:Schlurp","Slimebound:RejuvenatingLick+1","Slimebound:RejuvenatingLick+1","Slimebound:LeechLife","Slimebound:SpikyOuterGoop","Slimebound:LeechLife","Slimebound:GoopTackle","Slimebound:ServeAndProtect","Slimebound:Split","Slimebound:SamplingLick+1","Slimebound:Schlurp","Slimebound:LeechEnergy+1","Slimebound:LeechingTouch+1","Slimebound:Equalize+1","Slimebound:RejuvenatingLick+1","Slimebound:MegaLick+1","Slimebound:ItLooksTasty+1","Slimebound:OozeBath+1","Slimebound:Equalize+1","Slimebound:AcidTongue","Slimebound:AcidTongue+1","Slimebound:TongueLash","expansioncontent:DashGenerateEvil","Slimebound:RejuvenatingLick+1","Slimebound:MinionMaster+1","Slimebound:LivingWall+1","Slimebound:RejuvenatingLick+1","Slimebound:Grow+1"],"relics":["Slimebound:AbsorbEndCombat","Potion Belt","Bag of Preparation","Happy Flower","Cursed Key","downfall:GremlinSack","Lantern","StrikeDummy","Sozu","DollysMirror","Whetstone","Gremlin Horn"],"acts_visited":["Exordium","TheCity","TheBeyond"],"potions_floor_usage":[50,50],"damage_taken":[{"damage":17.0,"enemies":"Cultist","floor":2.0,"turns":3.0},{"damage":8.0,"enemies":"2 Louse","floor":3.0,"turns":2.0},{"damage":8.0,"enemies":"Small Slimes","floor":4.0,"turns":3.0},{"damage":11.0,"enemies":"downfall:FleeingMerchant","floor":5.0,"turns":4.0},{"damage":38.0,"enemies":"downfall:LadyInBlue","floor":6.0,"turns":9.0},{"damage":20.0,"enemies":"3 Sentries","floor":8.0,"turns":5.0},{"damage":24.0,"enemies":"Gremlin Gang","floor":10.0,"turns":3.0},{"damage":16.0,"enemies":"Gremlin Nob","floor":11.0,"turns":3.0},{"damage":0.0,"enemies":"3 Louse","floor":13.0,"turns":2.0},{"damage":11.0,"enemies":"Exordium Wildlife","floor":15.0,"turns":2.0},{"damage":36.0,"enemies":"downfall:Defect","floor":16.0,"turns":4.0},{"damage":13.0,"enemies":"Spheric Guardian","floor":19.0,"turns":3.0},{"damage":30.0,"enemies":"Spheric Guardian","floor":20.0,"turns":3.0},{"damage":29.0,"enemies":"3 Byrds","floor":21.0,"turns":4.0},{"damage":34.0,"enemies":"downfall:FleeingMerchant","floor":22.0,"turns":4.0},{"damage":29.0,"enemies":"Sentry and Sphere","floor":25.0,"turns":4.0},{"damage":44.0,"enemies":"Snecko","floor":26.0,"turns":6.0},{"damage":24.0,"enemies":"downfall:FleeingMerchant","floor":27.0,"turns":4.0},{"damage":26.0,"enemies":"Centurion and Healer","floor":29.0,"turns":5.0},{"damage":23.0,"enemies":"Slavers","floor":31.0,"turns":4.0},{"damage":10.0,"enemies":"Cultist and Chosen","floor":32.0,"turns":3.0},{"damage":68.0,"enemies":"downfall:Watcher","floor":33.0,"turns":8.0},{"damage":25.0,"enemies":"3 Darklings","floor":36.0,"turns":3.0},{"damage":12.0,"enemies":"Orb Walker","floor":37.0,"turns":2.0},{"damage":31.0,"enemies":"Transient","floor":38.0,"turns":5.0},{"damage":56.0,"enemies":"Sphere and 2 Shapes","floor":39.0,"turns":6.0},{"damage":6.0,"enemies":"downfall:FleeingMerchant","floor":40.0,"turns":2.0},{"damage":57.0,"enemies":"Nemesis","floor":43.0,"turns":5.0},{"damage":40.0,"enemies":"Writhing Mass","floor":44.0,"turns":4.0},{"damage":21.0,"enemies":"Jaw Worm Horde","floor":45.0,"turns":2.0},{"damage":19.0,"enemies":"4 Shapes","floor":47.0,"turns":4.0},{"damage":17.0,"enemies":"Spire Growth","floor":48.0,"turns":4.0},{"damage":32.0,"enemies":"Maw","floor":49.0,"turns":5.0},{"damage":122,"enemies":"downfall:Silent","floor":50,"turns":6}],"seed_played":"3611719911379230972","potions_obtained":[{"floor":6.0,"key":"DistilledChaos"},{"floor":6.0,"key":"Guardian:BlockOnCardUsePotion"},{"floor":6.0,"key":"Ancient Potion"},{"floor":8.0,"key":"Slimebound:SlimyTonguePotion"},{"floor":11.0,"key":"DistilledChaos"},{"floor":13.0,"key":"LiquidBronze"},{"floor":19.0,"key":"Weak Potion"},{"floor":21.0,"key":"DuplicationPotion"},{"floor":25.0,"key":"Ancient Potion"},{"floor":29.0,"key":"Regen Potion"},{"floor":33.0,"key":"Slimebound:ThreeZeroPotion"}],"is_trial":false,"path_per_floor":["R","M","M","M","$","?","T","E","R","M","E","R","M","?","M","B",null,"R","M","?","M","$","R","T","M","M","$","R","M","R","E","M","B",null,"R","M","M","M","M","$","T","$","E","M","M","R","M","M","M","B"],"character_chosen":"SLIMEBOUND","items_purchased":["Slimebound:AcidTongue","Slimebound:RejuvenatingLick","DollysMirror","Slimebound:TongueLash","Whetstone","expansioncontent:DashGenerateEvil"],"campfire_rested":0,"item_purchase_floors":[5,27,40,40,40,40],"current_hp_per_floor":[42,37,41,47,52,34,34,32,32,28,30,30,38,38,47,33,60,60,57,47,57,48,48,48,48,36,46,46,57,57,60,60,33,60,60,53,54,56,40,60,60,60,51,60,60,60,59,60,60,0,0,0],"gold":136,"neow_bonus":"REMOVE_TWO","is_daily":false,"chose_seed":false,"campfire_upgraded":8,"win_rate":0.0,"timestamp":1609651255,"path_taken":["R","M","M","M","$","?","T","E","R","?","E","R","M","?","M","BOSS","R","M","?","M","$","R","T","M","M","$","R","M","R","E","M","BOSS","R","M","?","M","M","$","T","$","E","M","M","R","M","M","M","BOSS"],"items_purchased_type":["Card","Card","Relic","Card","Relic","Card"],"build_version":"2020-12-22","purchased_purges":4,"victory":false,"max_hp_per_floor":[60,60,60,60,60,60,60,60,60,60,60,60,60,60,60,60,60,60,60,60,60,60,60,60,60,60,60,60,60,60,60,60,60,60,60,60,60,60,60,60,60,60,60,60,60,60,60,60,60,60,60,60],"card_choices":[{"not_picked":["Slimebound:LeechingTouch","Slimebound:FinishingTackle"],"picked":"Slimebound:GoopSpray","floor":2.0},{"not_picked":["Slimebound:Schlurp","Slimebound:GrowthPunch"],"picked":"Slimebound:RejuvenatingLick","floor":3.0},{"not_picked":["Slimebound:BestDefense","Slimebound:Grow"],"picked":"Slimebound:RainOfGoop","floor":4.0},{"not_picked":["Slimebound:ViciousTackle","Slimebound:Grow"],"picked":"Slimebound:PressTheAttack","floor":5.0},{"not_picked":["Slimebound:SlimeSpikes","Slimebound:FlameTackle"],"picked":"Slimebound:LeechEnergy","floor":6.0},{"not_picked":["Slimebound:Replication","Slimebound:FormOfPuddle"],"picked":"Slimebound:PressTheAttack","floor":8.0},{"not_picked":["Slimebound:ViciousTackle","Slimebound:LeechEnergy"],"picked":"Slimebound:Schlurp","floor":10.0},{"not_picked":["Slimebound:MassRepurpose","Slimebound:Schlurp"],"picked":"Slimebound:RejuvenatingLick","floor":11.0},{"not_picked":["Slimebound:ComboTackle","Slimebound:SplitLeeching"],"picked":"Slimebound:RejuvenatingLick","floor":13.0},{"not_picked":["Slimebound:Replication","Slimebound:PressTheAttack","Slimebound:ServeAndProtect"],"picked":"SKIP","floor":15.0},{"not_picked":["Slimebound:OozeBath","Slimebound:MassRepurpose"],"picked":"Slimebound:LeechLife","floor":16.0},{"not_picked":["Slimebound:GoopSpray","Slimebound:ViciousTackle"],"picked":"Slimebound:SpikyOuterGoop","floor":19.0},{"not_picked":["Slimebound:Gluttony","Slimebound:LevelUp"],"picked":"Slimebound:SamplingLick+1","floor":20.0},{"not_picked":["Slimebound:RollThrough","Slimebound:ComboTackle"],"picked":"Slimebound:Schlurp","floor":21.0},{"not_picked":["Slimebound:ProtectTheBoss+1","Slimebound:SplitMire+1"],"picked":"Slimebound:LeechEnergy+1","floor":22.0},{"not_picked":["Slimebound:BestDefense","Slimebound:ViciousTackle"],"picked":"Slimebound:LeechingTouch+1","floor":25.0},{"not_picked":["Slimebound:RollThrough","Slimebound:PressTheAttack","Slimebound:DisruptingSlam"],"picked":"SKIP","floor":26.0},{"not_picked":["Slimebound:RollThrough","Slimebound:ServeAndProtect"],"picked":"Slimebound:Equalize","floor":27.0},{"not_picked":["Slimebound:SlimeSpikes+1","Slimebound:SplitAcid+1","Slimebound:GrowthPunch"],"picked":"SKIP","floor":29.0},{"not_picked":["Slimebound:DivideAndConquer","Slimebound:MassRepurpose"],"picked":"Slimebound:MegaLick+1","floor":31.0},{"not_picked":["Slimebound:SpikyOuterGoop","Slimebound:ComboTackle"],"picked":"Slimebound:ItLooksTasty+1","floor":32.0},{"not_picked":["Slimebound:MassRepurpose","Slimebound:DouseInSlime"],"picked":"Slimebound:OozeBath","floor":33.0},{"not_picked":["Slimebound:PressTheAttack","Slimebound:RollThrough","Slimebound:ServeAndProtect"],"picked":"SKIP","floor":36.0},{"not_picked":["Slimebound:Repurpose+1","Slimebound:FlameTackle+1","Slimebound:SlimeTap"],"picked":"SKIP","floor":37.0},{"not_picked":["Slimebound:Schlurp","Slimebound:GoopSpray+1"],"picked":"Slimebound:Equalize","floor":38.0},{"not_picked":["Slimebound:ItLooksTasty","Slimebound:SplitBruiser+1"],"picked":"Slimebound:AcidTongue","floor":39.0},{"not_picked":["Slimebound:DivideAndConquer+1","Slimebound:SplitAcid+1"],"picked":"Slimebound:RejuvenatingLick+1","floor":43.0},{"not_picked":["Slimebound:SamplingLick","Slimebound:ServeAndProtect+1"],"picked":"Slimebound:MinionMaster","floor":44.0},{"not_picked":["Slimebound:SplitBruiser","Slimebound:MegaLick"],"picked":"Slimebound:LivingWall+1","floor":45.0},{"not_picked":["Slimebound:PressTheAttack+1","Slimebound:ComboTackle+1"],"picked":"Slimebound:RejuvenatingLick+1","floor":47.0},{"not_picked":["Slimebound:LeadByExample+1","Slimebound:Chomp","Slimebound:ForwardTackle+1"],"picked":"SKIP","floor":48.0},{"not_picked":["Slimebound:LeechingTouch+1","Slimebound:ServeAndProtect"],"picked":"Slimebound:Grow+1","floor":49.0}],"player_experience":424941,"relics_obtained":[{"floor":6.0,"key":"Potion Belt"},{"floor":8.0,"key":"Bag of Preparation"},{"floor":11.0,"key":"Happy Flower"},{"floor":20.0,"key":"downfall:GremlinSack"},{"floor":24.0,"key":"Lantern"},{"floor":31.0,"key":"StrikeDummy"},{"floor":43.0,"key":"Gremlin Horn"}],"event_choices":[{"cards_removed":["Slimebound:Defend_Slimebound"],"damage_healed":0.0,"max_hp_gain":0.0,"max_hp_loss":0.0,"gold_gain":0.0,"event_name":"Living Wall","player_choice":"Forget","floor":14.0,"gold_loss":0.0,"damage_taken":0.0}],"is_beta":false,"boss_relics":[{"not_picked":["Snecko Eye","Runic Pyramid"],"picked":"Cursed Key"},{"not_picked":["Slimebound:AbsorbEndCombatUpgraded","Busted Crown"],"picked":"Sozu"}],"items_purged_floors":[22,27,40,42],"is_endless":false,"potions_floor_spawned":[8,11,13,15,19,21,25,29,33,36,44,48,49],"killed_by":"downfall:Silent","ascension_level":0}}