{"host":"xjyie0ctswsml60g","time":1609716724,"event":{"mods":["AchievementEnabler","BaseMod","Colored Map","Minty Spire (QoL Compilation)","Quick Restart","SuperFastMode"],"gold_per_floor":[109,120,48,63,74,74,105,120,169,187,204,204,204,217,217,314,314,324,249,265,165,177,177,177,177],"floor_reached":24,"playtime":504,"items_purged":["Defend_R","Defend_R"],"score":202,"play_id":"4c1f3bed-dbb1-4736-9b53-8ff67dfdc7d8","local_time":"20210104013204","is_ascension_mode":false,"campfire_choices":[{"data":"Armaments","floor":6,"key":"SMITH"},{"floor":13,"key":"REST"},{"data":"Whirlwind","floor":15,"key":"SMITH"},{"data":"Double Tap","floor":23,"key":"SMITH"}],"circlet_count":0,"master_deck":["Strike_R","Strike_R","Strike_R","Strike_R","Strike_R","Defend_R","Defend_R","Bash","Perfected Strike","Armaments+1","Immolate","Combust","Anger","Whirlwind+1","Pummel","Disarm","Juggernaut","Double Tap+1"],"relics":["Cursed Key"],"acts_visited":["Exordium","TheCity"],"potions_floor_usage":[5,16,16,20,22,22,24],"damage_taken":[{"damage":6,"enemies":"Jaw Worm","floor":1,"turns":3},{"damage":1,"enemies":"Cultist","floor":2,"turns":3},{"damage":0,"enemies":"2 Louse","floor":4,"turns":1},{"damage":13,"enemies":"2 Fungi Beasts","floor":5,"turns":3},{"damage":26,"enemies":"Gremlin Nob","floor":7,"turns":4},{"damage":0,"enemies":"Lots of Slimes","floor":8,"turns":1},{"damage":2,"enemies":"Blue Slaver","floor":10,"turns":3},{"damage":9,"enemies":"Exordium Thugs","floor":11,"turns":2},{"damage":0,"enemies":"Lots of Slimes","floor":14,"turns":1},{"damage":40,"enemies":"Hexaghost","floor":16,"turns":7},{"damage":10,"enemies":"Spheric Guardian","floor":18,"turns":3},{"damage":13,"enemies":"2 Thieves","floor":20,"turns":2},{"damage":26,"enemies":"Shelled Parasite and Fungi","floor":22,"turns":3},{"damage":25,"enemies":"Slavers","floor":24,"turns":3}],"seed_played":"8518184412765570476","potions_obtained":[{"floor":1,"key":"SteroidPotion"},{"floor":4,"key":"BlessingOfTheForge"},{"floor":8,"key":"Swift Potion"},{"floor":11,"key":"Swift Potion"},{"floor":16,"key":"Strength Potion"},{"floor":20,"key":"Swift Potion"},{"floor":22,"key":"SkillPotion"}],"is_trial":false,"path_per_floor":["M","M","$","M","M","R","E","M","T","M","M","?","R","M","R","B",null,"M","$","M","$","M","R","E"],"character_chosen":"IRONCLAD","items_purchased":["Immolate"],"campfire_rested":1,"item_purchase_floors":[3],"current_hp_per_floor":[74,73,73,73,60,60,34,34,34,32,23,23,47,47,47,7,80,70,70,57,57,31,31,6,6],"gold":177,"neow_bonus":"BOSS_RELIC","is_daily":false,"chose_seed":false,"campfire_upgraded":3,"win_rate":0.0,"timestamp":1609716724,"path_taken":["M","M","$","M","M","R","E","M","T","M","M","?","R","M","R","BOSS","M","?","M","$","M","R","E"],"items_purchased_type":["Card"],"build_version":"2020-12-22","purchased_purges":2,"victory":false,"max_hp_per_floor":[80,80,80,80,80,80,80,80,80,80,80,80,80,80,80,80,80,80,80,80,80,80,80,80,80],"card_choices":[{"not_picked":["Power Through","Twin Strike"],"picked":"Perfected Strike","floor":1},{"not_picked":["Pommel Strike","Infernal Blade"],"picked":"Armaments","floor":2},{"not_picked":["Havoc","Power Through"],"picked":"Combust","floor":4},{"not_picked":["Second Wind","Perfected Strike"],"picked":"Anger","floor":5},{"not_picked":["Headbutt","True Grit"],"picked":"Whirlwind","floor":7},{"not_picked":["Disarm","Cleave"],"picked":"Pummel","floor":8},{"not_picked":["True Grit","Pommel Strike"],"picked":"Disarm","floor":10},{"not_picked":["Searing Blow","Headbutt","Twin Strike"],"picked":"SKIP","floor":11},{"not_picked":["Iron Wave","Clash"],"picked":"Juggernaut","floor":14},{"not_picked":["Reaper","Brutality"],"picked":"Double Tap","floor":16},{"not_picked":["Heavy Blade+1","Ghostly Armor+1","Thunderclap"],"picked":"SKIP","floor":18},{"not_picked":["Ghostly Armor","Clash+1","Headbutt"],"picked":"SKIP","floor":20},{"not_picked":["Cleave","Power Through","Dual Wield"],"picked":"SKIP","floor":22}],"player_experience":518527,"relics_obtained":[],"event_choices":[{"cards_removed":["Clumsy"],"damage_healed":0,"gold_gain":0,"player_choice":"Purged","damage_taken":0,"max_hp_gain":0,"max_hp_loss":0,"event_name":"Purifier","floor":12,"gold_loss":0}],"is_beta":false,"boss_relics":[{"not_picked":["SacredBark","Runic Pyramid","Coffee Dripper"]}],"items_purged_floors":[19,21],"is_endless":false,"potions_floor_spawned":[1,4,8,11,16,20,22],"killed_by":"Slavers","ascension_level":0}}