{"host":"kpklgwyuz86bov3e","time":1609713238,"event":{"mods":["Aspiration","BaseMod","Better Third Choice","BetterRewards","Colored Map","Colored Powertips","Conspire","Energized Spire","GifTheSpireLib","Halation","Highlight Path","Hubris","Infinite Spire","Jedi Mod","Melee Mod","Minty Spire (QoL Compilation)","Permanent Neow","Relic Sorter","Replay The Spire","Shop Mod","Spicy Shops","Spikes Relics","StSLib","Stuff the Spire","The Blue Laboratory","The Construct","The Jungle","Waifu the Spire","slay the spire mod where everything is the same but ironclad has a cowboy hat","vexMod"],"gold_per_floor":[112,132,62,62,77,77,77,77],"floor_reached":7,"playtime":481,"items_purged":[],"score":41,"play_id":"f0133637-9d11-4005-b378-27fb02ef7ef7","local_time":"20210103173358","is_ascension_mode":false,"campfire_choices":[{"data":"construct:Autoturret","floor":6,"key":"SMITH"}],"circlet_count":0,"master_deck":["construct:Strike_Gold","construct:Strike_Gold","construct:Strike_Gold","construct:Strike_Gold","construct:Strike_Gold","construct:Defend_Gold","construct:Defend_Gold","construct:Defend_Gold","construct:Defend_Gold","construct:Defend_Gold","construct:AttackMode","construct:DefenseMode","construct:ShiftingStance","construct:ShiftStrike","Replay:Bootleg Shield Generator","construct:Autoturret+1","construct:CriticalHit","construct:ForceCore","construct:ScrapCannon"],"relics":["construct:ClockworkPhoenix","conspire:GiftBox","StuffTheSpire:Mouthbags","ReplayTheSpireMod:Lightbulb","MerchantsRug","hubris:Towel"],"acts_visited":["Exordium"],"potions_floor_usage":[],"damage_taken":[{"damage":13,"enemies":"Jaw Worm","floor":1,"turns":3},{"damage":5,"enemies":"2 Louse","floor":2,"turns":2},{"damage":2,"enemies":"Small Slimes","floor":5,"turns":5},{"damage":25,"enemies":"3 Sentries","floor":7,"turns":3}],"seed_played":"4793568627100694977","potions_obtained":[{"floor":1,"key":"blueLaboratory:AbyssPotion"}],"is_trial":false,"path_per_floor":["M","M","$","?","M","R","E"],"character_chosen":"THE_CONSTRUCT_MOD","items_purchased":["conspire:GiftBox","construct:ShiftStrike","StuffTheSpire:Mouthbags","ReplayTheSpireMod:Lightbulb","MerchantsRug","construct:Autoturret","construct:ForceCore"],"campfire_rested":0,"item_purchase_floors":[0,0,0,0,0,0,3],"current_hp_per_floor":[32,27,27,27,25,25,0,0],"gold":77,"neow_bonus":"","is_daily":false,"chose_seed":false,"campfire_upgraded":1,"win_rate":0.0,"timestamp":1609713238,"path_taken":["M","M","$","?","M","R","E"],"items_purchased_type":["Relic","Card","Relic","Relic","Relic","Card","Card"],"build_version":"2020-12-22","purchased_purges":0,"victory":false,"max_hp_per_floor":[85,85,85,85,85,85,85,85],"card_choices":[{"not_picked":["construct:HammerDown","construct:ShieldGenerator"],"picked":"construct:ShiftingStance","floor":0},{"not_picked":["construct:ClusterMines","construct:FierceBash","construct:MetalShell"],"picked":"SKIP","floor":1},{"not_picked":["construct:Analyze","construct:Forcefield"],"picked":"construct:CriticalHit","floor":2},{"not_picked":["construct:Versatility","construct:Boost"],"picked":"construct:ScrapCannon","floor":5}],"player_experience":369972,"relics_obtained":[],"event_choices":[],"is_beta":false,"boss_relics":[],"items_purged_floors":[],"is_endless":false,"potions_floor_spawned":[1],"killed_by":"3 Sentries","ascension_level":0}}