{"host":"qwttrqaysb380yri","time":1609694706,"event":{"mods":["BaseMod","Custom Start","Minty Spire (QoL Compilation)","Permanent Neow","Puzzle Mod","Relic Stats","StSLib","The Hierophant"],"gold_per_floor":[117,267,68,88,100,100,130,141,141,160,194,194,227,241,241,241,241],"floor_reached":16,"playtime":499,"items_purged":["Doubt"],"score":214,"play_id":"2ee0f47b-1d18-4d2e-8715-50dc647fe631","local_time":"20210103182506","is_ascension_mode":true,"campfire_choices":[{"data":"Neutralize","floor":6,"key":"SMITH"},{"floor":12,"key":"REST"},{"data":"Outmaneuver","floor":15,"key":"SMITH"}],"circlet_count":0,"master_deck":["AscendersBane","Strike_G","Strike_G","Strike_G","Strike_G","Strike_G","Defend_G","Defend_G","Defend_G","Defend_G","Defend_G","Survivor","Neutralize+1","Riddle With Holes","Slice","Dagger Throw","Predator","Dagger Spray","Infinite Blades","Outmaneuver+1","Slice","Finisher","Cloak And Dagger"],"relics":["Black Star","Pantograph","Ornamental Fan","Meat on the Bone","HornCleat","Orichalcum","Darkstone Periapt","Vajra"],"acts_visited":["Exordium"],"potions_floor_usage":[7,11,13],"damage_taken":[{"damage":3,"enemies":"2 Louse","floor":1,"turns":4},{"damage":10,"enemies":"Cultist","floor":4,"turns":4},{"damage":0,"enemies":"Small Slimes","floor":5,"turns":2},{"damage":22,"enemies":"3 Sentries","floor":7,"turns":5},{"damage":0,"enemies":"Blue Slaver","floor":8,"turns":4},{"damage":1,"enemies":"2 Fungi Beasts","floor":10,"turns":2},{"damage":26,"enemies":"Lagavulin","floor":11,"turns":8},{"damage":10,"enemies":"Gremlin Nob","floor":13,"turns":4},{"damage":8,"enemies":"Red Slaver","floor":14,"turns":2},{"damage":13,"enemies":"The Guardian","floor":16,"turns":6}],"seed_played":"-2835217895626860044","potions_obtained":[{"floor":1,"key":"SteroidPotion"},{"floor":8,"key":"ColorlessPotion"}],"is_trial":false,"path_per_floor":["M","?","$","M","M","R","E","M","T","M","E","R","E","M","R","B"],"character_chosen":"THE_SILENT","items_purchased":["Slice","Strength Potion","Dagger Throw"],"campfire_rested":1,"item_purchase_floors":[3,3,3],"current_hp_per_floor":[56,56,56,46,46,46,24,24,24,35,21,40,42,34,34,46,46],"gold":241,"neow_bonus":"BOSS_RELIC","is_daily":false,"chose_seed":false,"campfire_upgraded":2,"win_rate":0.0,"timestamp":1609694706,"path_taken":["M","?","$","M","M","R","E","M","T","M","E","R","E","M","R","BOSS"],"items_purchased_type":["Card","Potion","Card"],"build_version":"2020-12-22","purchased_purges":1,"victory":false,"max_hp_per_floor":[66,66,66,66,66,66,66,66,66,66,66,66,66,66,66,66,66],"relic_stats":{"Darkstone Periapt":0,"counters":[10,41],"Ornamental Fan":[60],"Pantograph":25,"Black Star":3,"Orichalcum":[12],"obtain_stats":[{"Darkstone Periapt":13,"HornCleat":11,"Ornamental Fan":7,"Pantograph":7,"Vajra":13,"Black Star":0,"Orichalcum":11,"Ring of the Snake":0,"Meat on the Bone":9},{"Darkstone Periapt":8,"HornCleat":7,"Ornamental Fan":4,"Pantograph":4,"Vajra":8,"Black Star":0,"Orichalcum":7,"Ring of the Snake":0,"Meat on the Bone":5},{"Darkstone Periapt":33,"HornCleat":29,"Ornamental Fan":15,"Pantograph":15,"Vajra":33,"Black Star":0,"Orichalcum":29,"Ring of the Snake":0,"Meat on the Bone":19}],"Meat on the Bone":36},"card_choices":[{"not_picked":["Slice","Acrobatics"],"picked":"Riddle With Holes","floor":1},{"not_picked":["Bouncing Flask","Crippling Poison"],"picked":"Predator","floor":4},{"not_picked":["Dagger Throw","Accuracy"],"picked":"Dagger Spray","floor":5},{"not_picked":["A Thousand Cuts","Calculated Gamble"],"picked":"Infinite Blades","floor":7},{"not_picked":["Quick Slash","Dagger Throw"],"picked":"Outmaneuver","floor":8},{"not_picked":["Accuracy","Noxious Fumes"],"picked":"Slice","floor":10},{"not_picked":["Quick Slash","Bouncing Flask"],"picked":"Finisher","floor":11},{"not_picked":["Expertise","Escape Plan"],"picked":"Cloak And Dagger","floor":13},{"not_picked":["Caltrops","Finisher","Heel Hook"],"picked":"SKIP","floor":14}],"player_experience":1998632,"relics_obtained":[{"floor":7,"key":"Pantograph"},{"floor":7,"key":"Ornamental Fan"},{"floor":9,"key":"Meat on the Bone"},{"floor":11,"key":"HornCleat"},{"floor":11,"key":"Orichalcum"},{"floor":13,"key":"Darkstone Periapt"},{"floor":13,"key":"Vajra"}],"event_choices":[{"damage_healed":0,"gold_gain":150,"player_choice":"AGREE","damage_taken":0,"max_hp_gain":0,"max_hp_loss":0,"event_name":"Liars Game","floor":2,"gold_loss":0,"cards_obtained":["Doubt"]}],"is_beta":false,"boss_relics":[],"items_purged_floors":[3],"is_endless":false,"potions_floor_spawned":[1,5,8,10],"killed_by":"The Guardian","ascension_level":15}}