{"host":"xu0zbcebhy6w9mdv","time":1609699642,"event":{"mods":["AchievementEnabler","Act Like it!","Aspiration","BaseMod","Better Match","Better Third Choice","BetterRewards","Colored Powertips","Downfall","Duelist Mod","Friendly Minions","Gensokyo","Hallownest","Hubris","Infinite Spire","Marisa????????","Minty Spire (QoL Compilation)","Potionbrewer","Quick Restart","READ ME - Guardian Mod","READ ME - Snecko Mod","Rare Cards Sparkle","Replay The Spire","Shop Mod","StSLib","The Animator","The Blackbeard","The Bug Knight","The Cursed","The Hierophant","The Necromancer","The Runesmith","The Servant 0.9.4"],"gold_per_floor":[190,190,38,105,105,105,105,105,105,38,65,65,65,90,90,162,162,181,103,103,103,103,103,132,159,159,5,5,5],"floor_reached":28,"playtime":6764,"items_purged":[],"score":490,"play_id":"bf078d8d-849d-4e5d-824f-3f4e893fa970","local_time":"20210103134722","is_ascension_mode":true,"campfire_choices":[{"data":"Apotheosis","floor":6,"key":"SMITH"},{"data":"theDuelist:CyberDragonSieger","floor":13,"key":"SMITH"},{"floor":15,"key":"DIG"},{"floor":23,"key":"REST"}],"circlet_count":0,"master_deck":["AscendersBane","theDuelist:BabyDragon+1","theDuelist:CastleWalls","theDuelist:CastleWalls","theDuelist:CaveDragon+1","theDuelist:CaveDragon+1","theDuelist:GoldenSparks+1","theDuelist:LesserDragon+1","theDuelist:LesserDragon+1","theDuelist:Sparks","theDuelist:YamataDragon+1","Apotheosis+1","theDuelist:CyberDragonSieger+1","Parasite","theDuelist:GravityLash+1","Loop"],"relics":["theDuelist:MillenniumPuzzle","theDuelist:CardPoolRelic","theDuelist:CardPoolBasicRelic","theDuelist:BoosterPackPoolRelic","theDuelist:CardPoolAddRelic","theDuelist:CardPoolMinusRelic","theDuelist:CardPoolSaveRelic","theDuelist:CardPoolOptionsRelic","theDuelist:MillenniumRod","TwistedFunnel","Mercury Hourglass","Replay:Accelerometer","Gremlin Horn","aspiration:DefectSkillbook","ReplayFunnel","Gambling Chip","Guide Book"],"acts_visited":["Exordium","TheCity"],"potions_floor_usage":[16,25,28],"damage_taken":[{"damage":7,"enemies":"2 Louse","floor":1,"turns":3},{"damage":0,"enemies":"Small Slimes","floor":4,"turns":2},{"damage":4,"enemies":"HollowMod:MossKnight","floor":11,"turns":8},{"damage":16,"enemies":"Jaw Worm","floor":14,"turns":4},{"damage":33,"enemies":"Fading Forest","floor":16,"turns":11},{"damage":15,"enemies":"Shell Parasite","floor":18,"turns":5},{"damage":36,"enemies":"Chosen","floor":24,"turns":5},{"damage":0,"enemies":"Gremlin Leader","floor":25,"turns":4},{"damage":9,"enemies":"theDuelist:KaibaA2","floor":28,"turns":3}],"seed_played":"4394218749608931068","potions_obtained":[{"floor":11,"key":"theDuelist:BigTributeBottle"},{"floor":24,"key":"Adrenaline Potion"},{"floor":25,"key":"theDuelist:BabyPotion"}],"is_trial":false,"path_per_floor":["M","?","$","M","?","R","$","?","T","$","E","?","R","M","R","B",null,"M","$","?","?","$","R","M","E","T","$","E"],"character_chosen":"THE_DUELIST","items_purchased":["Apotheosis","TwistedFunnel","theDuelist:CyberDragonSieger","Loop","Guide Book"],"campfire_rested":1,"item_purchase_floors":[0,3,10,19,27],"current_hp_per_floor":[56,45,45,45,68,68,68,68,68,68,64,70,70,54,54,21,58,43,43,43,23,23,45,9,9,9,9,0,0],"gold":5,"neow_bonus":"","is_daily":false,"chose_seed":false,"campfire_upgraded":2,"win_rate":0.0,"timestamp":1609699642,"path_taken":["M","?","$","M","?","R","$","?","T","$","E","?","R","M","R","BOSS","M","$","?","?","$","R","M","E","T","?","E"],"items_purchased_type":["Card","Relic","Card","Card","Relic"],"build_version":"2020-12-22","purchased_purges":0,"victory":false,"max_hp_per_floor":[70,70,70,70,70,70,70,70,70,70,70,70,70,70,70,70,70,70,70,70,75,75,75,75,75,75,75,75,75],"card_choices":[{"not_picked":["theDuelist:VoidOgreDragon","theDuelist:GoldSarcophagus","theDuelist:DarkDriceratops","theDuelist:WhiteHowling","theDuelist:CyberDragonInfinity"],"picked":"SKIP","floor":1},{"not_picked":["theDuelist:ViceDragon","theDuelist:AquaDolphin","theDuelist:MegafleetDragon","theDuelist:Earthquake","theDuelist:RedRisingDragon"],"picked":"SKIP","floor":4},{"not_picked":["theDuelist:WhiteHornDragon","theDuelist:Mountain","theDuelist:MiraculousDescent","theDuelist:JurassicImpact"],"picked":"SKIP","floor":11},{"not_picked":["theDuelist:Sabersaurus","theDuelist:Hydrogeddon","theDuelist:Frostosaurus","theDuelist:DarkDriceratops","theDuelist:BlackTyranno"],"picked":"SKIP","floor":14},{"not_picked":["theDuelist:GiantRex","theDuelist:AncientGearGadjiltron"],"picked":"theDuelist:GravityLash","floor":18},{"not_picked":["theDuelist:TrihornedDragon","theDuelist:EvilMind","theDuelist:BlackBrutdrago","theDuelist:VeilDarkness","theDuelist:DreadnoughtDreadnoid"],"picked":"SKIP","floor":24},{"not_picked":["theDuelist:MaskedDragon","theDuelist:DragonPiper","theDuelist:SphereChaos+1","theDuelist:DefenseZone","theDuelist:LordD"],"picked":"SKIP","floor":25}],"player_experience":531819,"relics_obtained":[{"floor":9,"key":"Mercury Hourglass"},{"floor":11,"key":"Replay:Accelerometer"},{"floor":15,"key":"Gremlin Horn"},{"floor":25,"key":"ReplayFunnel"},{"floor":26,"key":"Gambling Chip"}],"event_choices":[{"damage_healed":0,"gold_gain":0,"player_choice":"Relic ","damage_taken":11,"max_hp_gain":0,"max_hp_loss":0,"event_name":"betterThird:BetterScrap","floor":2,"gold_loss":0,"cards_obtained":["Tools of the Trade"]},{"damage_healed":23,"gold_gain":0,"player_choice":"Banana","damage_taken":0,"max_hp_gain":0,"max_hp_loss":0,"event_name":"Big Fish","floor":5,"gold_loss":0},{"damage_healed":17,"gold_gain":0,"player_choice":"Healed and dodged fight","damage_taken":0,"max_hp_gain":0,"max_hp_loss":0,"event_name":"Mushrooms","floor":12,"gold_loss":0,"cards_obtained":["Parasite"]},{"damage_healed":0,"gold_gain":0,"player_choice":"Shed Blood","damage_taken":25,"max_hp_gain":5,"max_hp_loss":0,"event_name":"Forgotten Altar","floor":21,"gold_loss":0}],"is_beta":false,"boss_relics":[{"not_picked":["theDuelist:MillenniumKey","hubris:Stopwatch"],"picked":"aspiration:DefectSkillbook"}],"items_purged_floors":[],"is_endless":false,"potions_floor_spawned":[11,24,25],"killed_by":"theDuelist:KaibaA2","ascension_level":15}}