{"host":"0cgp910o8339lr91","time":1609640823,"event":{"mods":["BaseMod","Block Reminder","Colored Map","Colored Powertips","Filter the Spire","Minty Spire (QoL Compilation)","Relic Stats","Slay-I","ojb\u0027s Better Paths Mod","ojb\u0027s Info Mod"],"gold_per_floor":[168,179,179,179,16,16,16],"floor_reached":6,"playtime":280,"items_purged":[],"score":68,"play_id":"8fa3f587-8c92-491f-982d-87795c9effa3","local_time":"20210103032703","is_ascension_mode":true,"campfire_choices":[],"circlet_count":0,"master_deck":["AscendersBane","Strike_P","Strike_P","Strike_P","Strike_P","Defend_P","Defend_P","Defend_P+1","Defend_P+1","Eruption","Vigilance+1","SashWhip","WindmillStrike"],"relics":["Tiny House","Bronze Scales"],"acts_visited":["Exordium"],"potions_floor_usage":[6],"damage_taken":[{"damage":12.0,"enemies":"Small Slimes","floor":1.0,"turns":5.0},{"damage":7.0,"enemies":"2 Louse","floor":2.0,"turns":2.0},{"damage":42,"enemies":"Gremlin Nob","floor":6,"turns":3}],"seed_played":"-5223369586549095554","potions_obtained":[{"floor":0.0,"key":"Strength Potion"},{"floor":1.0,"key":"CultistPotion"}],"is_trial":false,"path_per_floor":["M","M","?","?","$","E"],"character_chosen":"WATCHER","items_purchased":["Bronze Scales"],"campfire_rested":0,"item_purchase_floors":[5],"current_hp_per_floor":[54,47,25,21,21,0,0],"gold":16,"neow_bonus":"BOSS_RELIC","is_daily":false,"chose_seed":false,"campfire_upgraded":0,"win_rate":0.0,"timestamp":1609640823,"path_taken":["M","M","?","?","$","E"],"items_purchased_type":["Relic"],"build_version":"2020-12-22","purchased_purges":0,"victory":false,"max_hp_per_floor":[73,73,73,73,73,73,73],"relic_stats":{"counters":[3,10],"Bronze Scales":[3],"obtain_stats":[{"Tiny House":0,"Bronze Scales":5,"PureWater":0},{"Tiny House":0,"Bronze Scales":2,"PureWater":0},{"Tiny House":0,"Bronze Scales":7,"PureWater":0}]},"card_choices":[{"not_picked":["Perseverance","JustLucky"],"picked":"SashWhip","floor":0.0},{"not_picked":["Swivel","SashWhip"],"picked":"WindmillStrike","floor":1.0},{"not_picked":["WreathOfFlame","BowlingBash","EmptyBody"],"picked":"SKIP","floor":2.0}],"player_experience":1358870,"relics_obtained":[],"event_choices":[{"damage_healed":0.0,"max_hp_gain":0.0,"max_hp_loss":0.0,"gold_gain":0.0,"event_name":"Shining Light","player_choice":"Entered Light","floor":3.0,"gold_loss":0.0,"damage_taken":22.0,"cards_upgraded":["Vigilance","Defend_P"]},{"damage_healed":0.0,"max_hp_gain":0.0,"max_hp_loss":0.0,"gold_gain":0.0,"event_name":"The Woman in Blue","player_choice":"Bought 0 Potions","floor":4.0,"gold_loss":0.0,"damage_taken":0.0}],"is_beta":false,"boss_relics":[],"items_purged_floors":[],"is_endless":false,"potions_floor_spawned":[1],"killed_by":"Gremlin Nob","ascension_level":20}}