{"host":"uonldg9uriwfhjjx","time":1609660765,"event":{"mods":["AchievementEnabler","BaseMod","Minty Spire (QoL Compilation)","Relic Stats"],"gold_per_floor":[109,61,80,93,93,93,118,268,313,0,20,20,45,45,45,45,45],"floor_reached":16,"playtime":2443,"items_purged":[],"score":189,"play_id":"9da70bc9-f3b2-4550-a0d8-3d8a6e7d1962","local_time":"20210103025925","is_ascension_mode":true,"campfire_choices":[{"data":"Inflame","floor":6,"key":"SMITH"},{"data":"Limit Break","floor":15,"key":"SMITH"}],"circlet_count":0,"master_deck":["AscendersBane","Strike_R","Strike_R","Strike_R","Strike_R","Strike_R","Defend_R","Defend_R","Defend_R","Bash","Shrug It Off","Flex","Inflame+1","Clash","Limit Break+1","Sword Boomerang"],"relics":["Burning Blood","NeowsBlessing","Omamori","Ornamental Fan","Bag of Marbles","Strawberry","Eternal Feather"],"acts_visited":["Exordium"],"potions_floor_usage":[4,11,16],"damage_taken":[{"damage":0,"enemies":"Small Slimes","floor":1,"turns":1},{"damage":0,"enemies":"Jaw Worm","floor":3,"turns":1},{"damage":0,"enemies":"2 Louse","floor":4,"turns":1},{"damage":47,"enemies":"Lagavulin","floor":7,"turns":9},{"damage":21,"enemies":"Gremlin Gang","floor":11,"turns":6},{"damage":28,"enemies":"3 Sentries","floor":13,"turns":8},{"damage":37,"enemies":"Slime Boss","floor":16,"turns":8}],"seed_played":"-2754105631218809786","potions_obtained":[{"floor":3,"key":"Ancient Potion"},{"floor":4,"key":"Fruit Juice"},{"floor":7,"key":"BlessingOfTheForge"}],"is_trial":false,"path_per_floor":["M","$","M","M","?","R","E","?","T","$","M","?","E","?","R","B"],"character_chosen":"IRONCLAD","items_purchased":["Shrug It Off","Limit Break","Strawberry"],"campfire_rested":0,"item_purchase_floors":[2,10,10],"current_hp_per_floor":[74,74,75,80,69,69,28,28,28,35,20,49,27,27,36,0,0],"gold":45,"neow_bonus":"THREE_ENEMY_KILL","is_daily":false,"chose_seed":false,"campfire_upgraded":2,"win_rate":0.0,"timestamp":1609660765,"path_taken":["M","$","M","M","?","R","E","?","T","?","M","?","E","?","R","BOSS"],"items_purchased_type":["Card","Card","Relic"],"build_version":"2020-12-22","purchased_purges":0,"victory":false,"max_hp_per_floor":[75,75,75,80,80,80,80,80,80,87,87,87,87,87,87,87,87],"relic_stats":{"counters":[7,34],"Ornamental Fan":[8],"Eternal Feather":9,"obtain_stats":[{"NeowsBlessing":0,"Ornamental Fan":7,"Strawberry":10,"Eternal Feather":13,"Omamori":5,"Bag of Marbles":9,"Burning Blood":0},{"NeowsBlessing":0,"Ornamental Fan":4,"Strawberry":4,"Eternal Feather":6,"Omamori":3,"Bag of Marbles":4,"Burning Blood":0},{"NeowsBlessing":0,"Ornamental Fan":12,"Strawberry":12,"Eternal Feather":26,"Omamori":3,"Bag of Marbles":12,"Burning Blood":0}],"Burning Blood":25},"card_choices":[{"not_picked":["Perfected Strike","Wild Strike","Clash"],"picked":"SKIP","floor":1},{"not_picked":["Sentinel","Shrug It Off"],"picked":"Flex","floor":3},{"not_picked":["Shrug It Off","Rupture"],"picked":"Inflame","floor":4},{"not_picked":["Sever Soul","Carnage"],"picked":"Clash","floor":7},{"not_picked":["Burning Pact","Anger"],"picked":"Sword Boomerang","floor":11},{"not_picked":["Combust","Pommel Strike","Headbutt"],"picked":"SKIP","floor":13}],"player_experience":714184,"relics_obtained":[{"floor":7,"key":"Ornamental Fan"},{"floor":9,"key":"Bag of Marbles"},{"floor":13,"key":"Eternal Feather"}],"event_choices":[{"damage_healed":0,"gold_gain":0,"player_choice":"Success","damage_taken":11,"relics_obtained":["Omamori"],"max_hp_gain":0,"max_hp_loss":0,"event_name":"Scrap Ooze","floor":5,"gold_loss":0},{"damage_healed":0,"gold_gain":150,"player_choice":"AGREE","damage_taken":0,"max_hp_gain":0,"max_hp_loss":0,"event_name":"Liars Game","floor":8,"gold_loss":0,"cards_obtained":["Doubt"]},{"damage_healed":29,"gold_gain":0,"player_choice":"Banana","damage_taken":0,"max_hp_gain":0,"max_hp_loss":0,"event_name":"Big Fish","floor":12,"gold_loss":0},{"cards_removed":["Defend_R"],"damage_healed":0,"gold_gain":0,"player_choice":"Purged","damage_taken":0,"max_hp_gain":0,"max_hp_loss":0,"event_name":"Purifier","floor":14,"gold_loss":0}],"is_beta":false,"boss_relics":[],"items_purged_floors":[],"is_endless":false,"potions_floor_spawned":[3,4,7],"killed_by":"Slime Boss","ascension_level":15}}