{"host":"84o9adk8f86kep7o","time":1609708521,"event":{"mods":["AchievementEnabler","BaseMod","Minty Spire (QoL Compilation)"],"gold_per_floor":[113,125,200,215,15,42,58,127,154,9,9,9,34,47,47,143,143,159,161,161,77,77,104,121,121,144,154,154,154,165,183,183,287,287,297,347,44,93,112,112,112],"floor_reached":40,"playtime":7289,"items_purged":[],"score":466,"play_id":"b059364f-0088-4d70-8e12-088bdd2ed9c1","local_time":"20210103211521","is_ascension_mode":false,"campfire_choices":[{"data":"Dropkick","floor":11,"key":"SMITH"},{"floor":15,"key":"REST"},{"floor":25,"key":"REST"},{"floor":28,"key":"REST"},{"data":"Perfected Strike","floor":32,"key":"SMITH"}],"circlet_count":0,"master_deck":["Strike_R","Strike_R","Strike_R","Strike_R","Strike_R","Defend_R+1","Defend_R","Defend_R","Defend_R+1","Bash","Hemokinesis","Clash","Headbutt","Pommel Strike","Dropkick+1","Mind Blast","CarveReality","Steam Power","Transmutation","Conserve Battery+1","Self Repair","Dramatic Entrance","RitualDagger","Shrug It Off","FearNoEvil+1","Deadly Poison","Conserve Battery","Perfected Strike+1","Master of Strategy","Perfected Strike","Transmutation","Evaluate+1","Impatience+1","Clothesline","Cleave","Metallicize","CrushJoints+1","Evaluate+1"],"relics":["Burning Blood","Anchor","Orichalcum","War Paint","Dream Catcher","PrismaticShard","Nunchaku","Runic Pyramid","Shuriken","Bronze Scales","SlaversCollar","Pocketwatch","Regal Pillow","Ginger"],"acts_visited":["TheCity","TheBeyond"],"potions_floor_usage":[33,33],"damage_taken":[{"damage":14,"enemies":"Jaw Worm","floor":1,"turns":4},{"damage":2,"enemies":"2 Louse","floor":2,"turns":2},{"damage":3,"enemies":"Cultist","floor":4,"turns":3},{"damage":4,"enemies":"Gremlin Nob","floor":6,"turns":3},{"damage":5,"enemies":"3 Louse","floor":7,"turns":3},{"damage":20,"enemies":"3 Sentries","floor":13,"turns":6},{"damage":4,"enemies":"Large Slime","floor":14,"turns":5},{"damage":22,"enemies":"Slime Boss","floor":16,"turns":7},{"damage":2,"enemies":"Chosen","floor":18,"turns":4},{"damage":18,"enemies":"2 Thieves","floor":19,"turns":4},{"damage":31,"enemies":"Gremlin Leader","floor":23,"turns":7},{"damage":20,"enemies":"3 Cultists","floor":24,"turns":6},{"damage":15,"enemies":"Cultist and Chosen","floor":27,"turns":6},{"damage":11,"enemies":"Snake Plant","floor":30,"turns":3},{"damage":9,"enemies":"Centurion and Healer","floor":31,"turns":4},{"damage":69,"enemies":"Automaton","floor":33,"turns":8},{"damage":16,"enemies":"3 Shapes","floor":35,"turns":4},{"damage":38,"enemies":"Mind Bloom Boss Battle","floor":36,"turns":5},{"damage":33,"enemies":"2 Orb Walkers","floor":38,"turns":5},{"damage":22,"enemies":"3 Darklings","floor":39,"turns":7},{"damage":17,"enemies":"Sphere and 2 Shapes","floor":40,"turns":3}],"seed_played":"-8912823669523461437","potions_obtained":[{"floor":1,"key":"SteroidPotion"},{"floor":2,"key":"SpeedPotion"},{"floor":7,"key":"FearPotion"},{"floor":31,"key":"PowerPotion"},{"floor":33,"key":"SpeedPotion"},{"floor":35,"key":"ColorlessPotion"}],"is_trial":false,"path_per_floor":["M","M","?","M","$","E","M","?","T","$","R","?","E","M","R","B",null,"M","M","?","$","?","E","M","R","T","M","R","?","M","M","R","B",null,"M","?","$","?","M","M"],"character_chosen":"IRONCLAD","items_purchased":["Orichalcum","Fire Potion","PrismaticShard","Dramatic Entrance","Clothesline","Cleave","Metallicize","Regal Pillow"],"campfire_rested":3,"item_purchase_floors":[5,5,10,21,37,37,37,37],"current_hp_per_floor":[72,76,65,68,68,70,71,71,71,71,71,71,57,59,80,64,80,80,68,68,68,62,44,37,61,61,62,80,65,67,71,71,8,85,75,50,50,23,14,0,0],"gold":112,"neow_bonus":"RANDOM_COMMON_RELIC","is_daily":false,"chose_seed":false,"campfire_upgraded":2,"win_rate":0.0,"timestamp":1609708521,"path_taken":["M","M","?","M","$","E","M","?","T","$","R","?","E","M","R","BOSS","M","M","?","$","?","E","M","R","T","M","R","?","?","M","R","BOSS","M","?","$","?","M","M"],"items_purchased_type":["Relic","Potion","Relic","Card","Card","Card","Card","Relic"],"build_version":"2020-12-22","purchased_purges":0,"victory":false,"max_hp_per_floor":[80,80,80,80,80,80,80,80,80,80,80,80,80,80,80,80,80,80,80,80,80,80,80,80,80,80,80,80,85,85,85,85,85,85,85,85,85,85,85,85,85],"card_choices":[{"not_picked":["Disarm","Fire Breathing"],"picked":"Hemokinesis","floor":1},{"not_picked":["Fire Breathing","Flex"],"picked":"Clash","floor":2},{"not_picked":["Combust","Clothesline"],"picked":"Headbutt","floor":4},{"not_picked":["Uppercut","Ghostly Armor"],"picked":"Pommel Strike","floor":6},{"not_picked":["Sword Boomerang","Heavy Blade"],"picked":"Dropkick","floor":7},{"not_picked":["Headbutt","Good Instincts"],"picked":"Mind Blast","floor":13},{"not_picked":["Panacea","Bloodletting"],"picked":"CarveReality","floor":14},{"not_picked":["Clothesline","Flex"],"picked":"Steam Power","floor":15},{"not_picked":["Vault","Night Terror"],"picked":"Transmutation","floor":16},{"not_picked":["Leg Sweep","Sever Soul"],"picked":"Conserve Battery+1","floor":18},{"not_picked":["Perseverance+1","Entrench"],"picked":"Self Repair","floor":19},{"not_picked":["Protect","Ball Lightning"],"picked":"Shrug It Off","floor":23},{"not_picked":["Caltrops","Prepared"],"picked":"FearNoEvil+1","floor":24},{"not_picked":["Chill","True Grit"],"picked":"Deadly Poison","floor":25},{"not_picked":["Leap","Tactician"],"picked":"Conserve Battery","floor":27},{"not_picked":["FollowUp","Shrug It Off"],"picked":"Perfected Strike","floor":28},{"not_picked":["WreathOfFlame+1","Poisoned Stab+1"],"picked":"Master of Strategy","floor":30},{"not_picked":["Sanctity","Cleave"],"picked":"Perfected Strike","floor":31},{"not_picked":["Sadistic Nature","Bludgeon"],"picked":"Transmutation","floor":33},{"not_picked":["Iron Wave","Blade Dance"],"picked":"Evaluate+1","floor":35},{"not_picked":["Reflex","InnerPeace"],"picked":"Impatience+1","floor":36},{"not_picked":["Redo","Dagger Throw+1"],"picked":"CrushJoints+1","floor":38},{"not_picked":["Pommel Strike","PiercingWail"],"picked":"Evaluate+1","floor":39}],"player_experience":9940,"relics_obtained":[{"floor":6,"key":"War Paint"},{"floor":9,"key":"Dream Catcher"},{"floor":13,"key":"Nunchaku"},{"floor":23,"key":"Shuriken"},{"floor":26,"key":"Bronze Scales"},{"floor":36,"key":"Pocketwatch"},{"floor":38,"key":"Ginger"}],"event_choices":[{"damage_healed":0,"gold_gain":75,"player_choice":"Gather Gold","damage_taken":11,"max_hp_gain":0,"max_hp_loss":0,"event_name":"World of Goop","floor":3,"gold_loss":0},{"damage_healed":0,"gold_gain":69,"player_choice":"Gained Gold","damage_taken":0,"max_hp_gain":0,"max_hp_loss":0,"event_name":"Golden Wing","floor":8,"gold_loss":0},{"cards_removed":["Defend_R"],"damage_healed":0,"gold_gain":0,"player_choice":"Took Card","damage_taken":0,"max_hp_gain":0,"max_hp_loss":0,"event_name":"NoteForYourself","floor":12,"gold_loss":0,"cards_obtained":["Defend_R"]},{"damage_healed":0,"gold_gain":0,"player_choice":"Ignored","damage_taken":0,"max_hp_gain":0,"max_hp_loss":0,"event_name":"Vampires","floor":20,"gold_loss":0},{"damage_healed":0,"gold_gain":0,"player_choice":"Joined the Cult","damage_taken":6,"max_hp_gain":0,"max_hp_loss":0,"event_name":"Nest","floor":22,"gold_loss":0,"cards_obtained":["RitualDagger"]},{"damage_healed":0,"gold_gain":0,"player_choice":"Shed Blood","damage_taken":20,"max_hp_gain":5,"max_hp_loss":0,"event_name":"Forgotten Altar","floor":29,"gold_loss":0},{"damage_healed":0,"gold_gain":0,"player_choice":"Fight","damage_taken":0,"max_hp_gain":0,"max_hp_loss":0,"event_name":"MindBloom","floor":36,"gold_loss":0},{"damage_healed":0,"gold_gain":0,"player_choice":"Fight","damage_taken":0,"max_hp_gain":0,"max_hp_loss":0,"event_name":"Mysterious Sphere","floor":38,"gold_loss":0}],"is_beta":false,"boss_relics":[{"not_picked":["Philosopher\u0027s Stone","Black Star"],"picked":"Runic Pyramid"},{"not_picked":["Runic Cube","Calling Bell"],"picked":"SlaversCollar"}],"items_purged_floors":[],"is_endless":false,"potions_floor_spawned":[1,2,7,23,24,31,33,35],"killed_by":"Sphere and 2 Shapes","ascension_level":0}}