{"host":"x52zk6e1f2bye2h7","time":1609714620,"event":{"mods":["AchievementEnabler","BaseMod","Highlight Path","Minty Spire (QoL Compilation)","everything is the same but u backflip on backflip"],"gold_per_floor":[116,116,133,145,164,199,199,124,203,303,321,356,367,385,385,484,484,503,530,530,546,546,546,575,575,600,600,613,364,364,377,377,482,482,500,518,518,530,530,530,752,83,109,124,139,139,64,64,64,64],"floor_reached":51,"playtime":5301,"items_purged":["Strike_P","Adaptation","FollowUp+1"],"score":702,"play_id":"28947b7a-338c-4235-8242-186081f07cde","local_time":"20210103225700","is_ascension_mode":false,"campfire_choices":[{"data":"Prostrate","floor":7,"key":"SMITH"},{"data":"Defend_P","floor":15,"key":"SMITH"},{"data":"Vigilance","floor":23,"key":"SMITH"},{"data":"FollowUp","floor":25,"key":"SMITH"},{"data":"Eruption","floor":27,"key":"SMITH"},{"data":"Devotion","floor":30,"key":"SMITH"},{"data":"WheelKick","floor":32,"key":"SMITH"},{"floor":40,"key":"REST"},{"floor":49,"key":"REST"}],"circlet_count":0,"master_deck":["Eruption+1","Vigilance+1","Prostrate+1","DeceiveReality+1","Evaluate+1","DeusExMachina+1","ThirdEye+1","Worship+1","ConjureBlade+1","Devotion+1","Vault+1","WreathOfFlame+1","Writhe","Finesse+1","WreathOfFlame+1","Trip+1","Worship+1"],"relics":["PureWater","Ice Cream","Potion Belt","Darkstone Periapt","Toxic Egg 2","Pandora\u0027s Box","Red Mask","Bottled Lightning","Dream Catcher","Empty Cage","Ornamental Fan","Du-Vu Doll","Oddly Smooth Stone","Centennial Puzzle"],"acts_visited":["Exordium","TheCity","TheBeyond"],"potions_floor_usage":[14,16,16,28,35,45,50],"damage_taken":[{"damage":0,"enemies":"Small Slimes","floor":1,"turns":2},{"damage":1,"enemies":"Cultist","floor":3,"turns":5},{"damage":6,"enemies":"Jaw Worm","floor":4,"turns":5},{"damage":16,"enemies":"Lots of Slimes","floor":5,"turns":6},{"damage":5,"enemies":"Lagavulin","floor":6,"turns":7},{"damage":2,"enemies":"Exordium Thugs","floor":11,"turns":5},{"damage":25,"enemies":"3 Sentries","floor":12,"turns":14},{"damage":2,"enemies":"Blue Slaver","floor":13,"turns":4},{"damage":12,"enemies":"Lots of Slimes","floor":14,"turns":4},{"damage":0,"enemies":"The Guardian","floor":16,"turns":17},{"damage":0,"enemies":"Spheric Guardian","floor":18,"turns":5},{"damage":20,"enemies":"Masked Bandits","floor":19,"turns":4},{"damage":0,"enemies":"Shell Parasite","floor":21,"turns":3},{"damage":9,"enemies":"Gremlin Leader","floor":24,"turns":4},{"damage":11,"enemies":"Snake Plant","floor":28,"turns":3},{"damage":0,"enemies":"Chosen and Byrds","floor":31,"turns":7},{"damage":22,"enemies":"Champ","floor":33,"turns":5},{"damage":31,"enemies":"3 Shapes","floor":35,"turns":7},{"damage":0,"enemies":"Orb Walker","floor":36,"turns":4},{"damage":2,"enemies":"Maw","floor":38,"turns":4},{"damage":15,"enemies":"4 Shapes","floor":44,"turns":5},{"damage":6,"enemies":"Transient","floor":45,"turns":6},{"damage":3,"enemies":"Donu and Deca","floor":50,"turns":6}],"seed_played":"1531291253857932430","potions_obtained":[{"floor":5,"key":"SpeedPotion"},{"floor":6,"key":"LiquidBronze"},{"floor":12,"key":"Strength Potion"},{"floor":18,"key":"SteroidPotion"},{"floor":20,"key":"DistilledChaos"},{"floor":20,"key":"FearPotion"},{"floor":20,"key":"BlessingOfTheForge"},{"floor":31,"key":"AttackPotion"},{"floor":33,"key":"Energy Potion"},{"floor":38,"key":"BlessingOfTheForge"},{"floor":45,"key":"BottledMiracle"}],"is_trial":false,"path_per_floor":["M","?","M","M","M","E","R","$","T","?","M","E","M","M","R","B",null,"M","?","?","M","?","R","E","R","T","R","M","$","R","M","R","B",null,"M","M","?","M","T","R","?","$","T","M","M","?","$","?","R","B",null],"character_chosen":"WATCHER","items_purchased":["Devotion","Du-Vu Doll","Oddly Smooth Stone","Finesse+1","WreathOfFlame+1"],"campfire_rested":2,"item_purchase_floors":[29,42,42,42,47],"current_hp_per_floor":[72,72,71,65,49,44,44,44,44,44,42,17,15,3,3,3,72,72,52,52,52,52,52,43,43,43,43,32,32,32,32,32,10,72,41,41,65,63,63,78,78,78,78,63,57,57,57,57,78,75],"gold":64,"neow_bonus":"RANDOM_COLORLESS","is_daily":false,"chose_seed":false,"campfire_upgraded":7,"win_rate":0.0,"timestamp":1609714620,"path_taken":["M","?","?","M","M","E","R","$","T","?","M","E","?","M","R","BOSS","M","?","?","?","?","R","E","R","T","R","M","$","R","M","R","BOSS","M","M","?","M","?","R","?","$","T","M","M","?","?","?","R","BOSS"],"items_purchased_type":["Card","Relic","Relic","Card","Card"],"build_version":"2020-12-22","purchased_purges":3,"victory":true,"max_hp_per_floor":[72,72,72,72,72,72,72,72,72,72,72,72,72,72,72,72,72,72,72,72,72,72,72,72,72,72,72,72,72,72,72,72,72,72,72,72,78,78,78,78,78,78,78,78,78,78,78,78,78,78],"card_choices":[{"not_picked":["Panacea","Purity"],"picked":"Flash of Steel","floor":0},{"not_picked":["FlyingSleeves","EmptyBody"],"picked":"FollowUp","floor":1},{"not_picked":["BowlingBash","SignatureMove","Consecrate"],"picked":"SKIP","floor":3},{"not_picked":["Consecrate","FlyingSleeves","Study"],"picked":"SKIP","floor":4},{"not_picked":["FollowUp","ClearTheMind"],"picked":"Crescendo","floor":5},{"not_picked":["Adaptation","MasterReality"],"picked":"Prostrate","floor":6},{"not_picked":["Study","BowlingBash","FollowUp"],"picked":"SKIP","floor":11},{"not_picked":["EmptyFist","Tantrum","BowlingBash"],"picked":"SKIP","floor":12},{"not_picked":["WaveOfTheHand+1","Nirvana","Crescendo+1"],"picked":"SKIP","floor":13},{"not_picked":["Weave","FollowUp"],"picked":"DeceiveReality+1","floor":14},{"not_picked":["FlurryOfBlows","Evaluate+1","SandsOfTime"],"picked":"SKIP","floor":18},{"not_picked":["CarveReality","TalkToTheHand","EmptyFist"],"picked":"SKIP","floor":21},{"not_picked":["Nirvana","InnerPeace+1","Consecrate"],"picked":"SKIP","floor":24},{"not_picked":["Study","WindmillStrike","CutThroughFate"],"picked":"SKIP","floor":28},{"not_picked":["BowlingBash","Evaluate+1"],"picked":"WheelKick","floor":31},{"not_picked":["LessonLearned","Judgement+1"],"picked":"Vault+1","floor":33},{"not_picked":["FlyingSleeves","Vengeance+1"],"picked":"WreathOfFlame+1","floor":35},{"not_picked":["FollowUp+1","BowlingBash","EmptyFist"],"picked":"SKIP","floor":36},{"not_picked":["FearNoEvil+1","PathToVictory+1","FlyingSleeves+1"],"picked":"SKIP","floor":38},{"not_picked":["CrushJoints","SandsOfTime+1","InnerPeace+1"],"picked":"SKIP","floor":44},{"not_picked":["Tantrum","Prostrate+1","FlyingSleeves+1"],"picked":"SKIP","floor":45},{"not_picked":["The Bomb+1","HandOfGreed"],"picked":"Trip+1","floor":48},{"not_picked":["Consecrate","ClearTheMind+1"],"picked":"Worship+1","floor":49}],"player_experience":60841,"relics_obtained":[{"floor":6,"key":"Potion Belt"},{"floor":9,"key":"Darkstone Periapt"},{"floor":12,"key":"Toxic Egg 2"},{"floor":19,"key":"Red Mask"},{"floor":24,"key":"Bottled Lightning"},{"floor":26,"key":"Dream Catcher"},{"floor":39,"key":"Ornamental Fan"},{"floor":43,"key":"Centennial Puzzle"}],"event_choices":[{"cards_removed":["Flash of Steel"],"damage_healed":0,"gold_gain":0,"player_choice":"Gave Card","damage_taken":0,"relics_obtained":["Ice Cream"],"max_hp_gain":0,"max_hp_loss":0,"event_name":"WeMeetAgain","floor":2,"gold_loss":0},{"damage_healed":0,"gold_gain":100,"player_choice":"Gold","damage_taken":0,"max_hp_gain":0,"max_hp_loss":0,"event_name":"Wheel of Change","floor":10,"gold_loss":0},{"damage_healed":0,"gold_gain":0,"player_choice":"Fought Bandits","damage_taken":0,"max_hp_gain":0,"max_hp_loss":0,"event_name":"Masked Bandits","floor":19,"gold_loss":0},{"damage_healed":0,"gold_gain":0,"player_choice":"Got Potions","damage_taken":0,"max_hp_gain":0,"max_hp_loss":0,"event_name":"Lab","floor":20,"gold_loss":0},{"damage_healed":0,"gold_gain":0,"player_choice":"Ignored","damage_taken":0,"max_hp_gain":0,"max_hp_loss":0,"event_name":"Vampires","floor":22,"gold_loss":0},{"damage_healed":18,"gold_gain":0,"player_choice":"Writhe","damage_taken":0,"max_hp_gain":0,"max_hp_loss":0,"event_name":"Winding Halls","floor":37,"gold_loss":0,"cards_obtained":["Writhe"]},{"damage_healed":0,"gold_gain":222,"player_choice":"Wore Mask","damage_taken":0,"max_hp_gain":0,"max_hp_loss":0,"event_name":"Tomb of Lord Red Mask","floor":41,"gold_loss":0},{"cards_removed":["WheelKick"],"damage_healed":0,"gold_gain":0,"player_choice":"Removed Attack","damage_taken":0,"max_hp_gain":0,"max_hp_loss":0,"event_name":"Falling","floor":46,"gold_loss":0},{"damage_healed":0,"gold_gain":0,"player_choice":"Memory 1","damage_taken":0,"max_hp_gain":0,"max_hp_loss":0,"event_name":"SensoryStone","floor":48,"gold_loss":0}],"is_beta":false,"boss_relics":[{"not_picked":["SacredBark","Cursed Key"],"picked":"Pandora\u0027s Box"},{"not_picked":["Snecko Eye","Velvet Choker"],"picked":"Empty Cage"}],"items_purged_floors":[8,29,42],"is_endless":false,"potions_floor_spawned":[5,6,12,18,31,33,38,45],"ascension_level":0}}