{"host":"l84l8xigz5v5foa2","time":1609692108,"event":{"mods":["2.2 Compatiblity","AchievementEnabler","BaseMod","Better Note","Better Vampires","Card Filter","Colored Map","DeckTracker","Downfall","Gremlin Skip","Highlight Path","Keyboard Shortcuts","Minty Spire (QoL Compilation)","Permanent Neow","Quick Restart","Relic Filter","Relic Stats","StSLib","SuperFastMode","Transform Curses","Unknown Chances"],"gold_per_floor":[99,111,111,19,19,19,68,68,94,111,127,127,127,139,151,222,222,222,222,232,114,114,114,114,114,130,149,51,51,51,51,51],"floor_reached":30,"playtime":1248,"items_purged":["hexamod:Strike"],"score":452,"play_id":"257b8d24-54ac-4a48-9933-5dd403edc503","local_time":"20210104014148","is_ascension_mode":true,"campfire_choices":[{"data":"hexamod:Float","floor":1.0,"key":"SMITH"},{"data":"hexamod:SuperheatedStrike","floor":6.0,"key":"SMITH"},{"data":"hexamod:InspiringFlames","floor":8.0,"key":"SMITH"},{"data":"hexamod:Rewind","floor":13.0,"key":"SMITH"},{"data":"hexamod:NecessarySacrifice","floor":18.0,"key":"SMITH"},{"data":"hexamod:TimeOfNeed","floor":23.0,"key":"SMITH"},{"data":"hexamod:GhostOfSpirePresent","floor":25.0,"key":"SMITH"},{"data":"hexamod:GhostOfSpireFuture","floor":29,"key":"SMITH"}],"circlet_count":0,"master_deck":["AscendersBane","hexamod:Strike","hexamod:Strike+1","hexamod:Defend","hexamod:Defend","hexamod:Defend","hexamod:Defend+1","hexamod:Float+1","hexamod:Toasty","hexamod:FastForward+1","hexamod:InspiringFlames+1","hexamod:SuperheatedStrike+1","hexamod:GhostOfSpirePresent+1","hexamod:SpectersWail+1","hexamod:Rewind+1","hexamod:NecessarySacrifice+1","hexamod:Rewind+1","hexamod:FifthSeal","hexamod:SixthSeal","hexamod:TimeOfNeed+1","hexamod:ThirdSeal","hexamod:AdvancingGuard+1","hexamod:StepThrough+1","hexamod:SixthSeal","hexamod:AdvancingGuard+1","hexamod:FirstSeal","hexamod:ThermalTransfer+1","hexamod:StepThrough","hexamod:GhostOfSpireFuture+1"],"relics":["hexamod:SpiritBrand","Pocketwatch","Philosopher\u0027s Stone","Gremlin Horn"],"acts_visited":["Exordium","TheCity"],"potions_floor_usage":[27,28],"damage_taken":[{"damage":0.0,"enemies":"Jaw Worm","floor":2.0,"turns":4.0},{"damage":0.0,"enemies":"downfall:FleeingMerchant","floor":4.0,"turns":4.0},{"damage":2.0,"enemies":"Gremlin Nob","floor":9.0,"turns":3.0},{"damage":0.0,"enemies":"Cultist","floor":10.0,"turns":3.0},{"damage":4.0,"enemies":"Small Slimes","floor":11.0,"turns":2.0},{"damage":6.0,"enemies":"Exordium Wildlife","floor":14.0,"turns":3.0},{"damage":0.0,"enemies":"Gremlin Gang","floor":15.0,"turns":1.0},{"damage":16.0,"enemies":"downfall:Silent","floor":16.0,"turns":10.0},{"damage":6.0,"enemies":"Spheric Guardian","floor":20.0,"turns":4.0},{"damage":9.0,"enemies":"downfall:FleeingMerchant","floor":21.0,"turns":4.0},{"damage":24.0,"enemies":"3 Cultists","floor":26.0,"turns":5.0},{"damage":10,"enemies":"Chosen and Byrds","floor":27,"turns":7},{"damage":3,"enemies":"downfall:FleeingMerchant","floor":28,"turns":4},{"damage":19,"enemies":"Slavers","floor":30,"turns":2}],"seed_played":"604849902213861725","potions_obtained":[{"floor":9.0,"key":"ColorlessPotion"},{"floor":11.0,"key":"FearPotion"},{"floor":16.0,"key":"Weak Potion"},{"floor":20.0,"key":"DuplicationPotion"},{"floor":27,"key":"Energy Potion"}],"is_trial":false,"path_per_floor":["R","M","?","$","?","R","T","R","E","M","M","?","R","M","M","B",null,"R","?","M","$","?","R","T","R","M","M","$","R","E"],"character_chosen":"THE_SPIRIT","items_purchased":["hexamod:SuperheatedStrike","hexamod:AdvancingGuard","hexamod:GhostOfSpireFuture"],"campfire_rested":0,"item_purchase_floors":[4,21,28],"current_hp_per_floor":[57,57,57,57,57,57,57,57,55,55,51,51,51,45,45,29,55,55,55,49,40,40,40,40,40,16,6,10,10,0,0,0],"gold":51,"neow_bonus":"ONE_RANDOM_RARE_CARD","is_daily":false,"chose_seed":false,"campfire_upgraded":8,"win_rate":0.0,"timestamp":1609692108,"path_taken":["R","M","?","?","?","R","T","R","E","?","?","?","R","M","M","BOSS","R","?","M","$","?","R","T","R","M","M","?","R","E"],"items_purchased_type":["Card","Card","Card"],"build_version":"2020-12-22","purchased_purges":1,"victory":false,"max_hp_per_floor":[63,63,63,63,63,63,63,63,63,63,63,63,63,63,63,63,63,63,63,63,63,63,63,63,63,63,63,63,63,63,63,63],"relic_stats":{"Gremlin Horn":[3,3],"counters":[14,56],"obtain_stats":[{"Gremlin Horn":24,"Philosopher\u0027s Stone":17,"hexamod:SpiritBrand":0,"Pocketwatch":9},{"Gremlin Horn":10,"Philosopher\u0027s Stone":8,"hexamod:SpiritBrand":0,"Pocketwatch":3},{"Gremlin Horn":38,"Philosopher\u0027s Stone":30,"hexamod:SpiritBrand":0,"Pocketwatch":11}],"Pocketwatch":[42]},"card_choices":[{"not_picked":["hexamod:Again","hexamod:GhostShield"],"picked":"hexamod:FastForward","floor":2.0},{"not_picked":["hexamod:ShieldOfDarkness","hexamod:ParanormalForm"],"picked":"hexamod:InspiringFlames","floor":4.0},{"not_picked":["hexamod:RecurringNightmare","hexamod:DynamicBlow"],"picked":"hexamod:GhostOfSpirePresent","floor":9.0},{"not_picked":["hexamod:GhostShield","hexamod:SpectralSpark"],"picked":"hexamod:SpectersWail","floor":10.0},{"not_picked":["hexamod:NightmareGuise","hexamod:InspiringFlames"],"picked":"hexamod:Rewind","floor":11.0},{"not_picked":["hexamod:Firestarter","hexamod:ShieldOfDarkness"],"picked":"hexamod:NecessarySacrifice","floor":14.0},{"not_picked":["hexamod:SpectralSpark","hexamod:Again"],"picked":"hexamod:Rewind","floor":15.0},{"not_picked":["hexamod:GhostflameInferno","hexamod:CrushingStance"],"picked":"hexamod:FifthSeal","floor":16.0},{"not_picked":["hexamod:FourthSeal","hexamod:FirstSeal"],"picked":"hexamod:SixthSeal","floor":20.0},{"not_picked":["hexamod:NecessarySacrifice","hexamod:ApocalypticArmor","hexamod:SwordOfDarkness"],"picked":"SKIP","floor":20.0},{"not_picked":["hexamod:PowerFromBeyond","hexamod:AdvancingGuard"],"picked":"hexamod:TimeOfNeed","floor":21.0},{"not_picked":["hexamod:FirstSeal","hexamod:FourthSeal"],"picked":"hexamod:ThirdSeal","floor":21.0},{"not_picked":["hexamod:HeatShield","hexamod:GhostShield"],"picked":"hexamod:StepThrough","floor":26.0},{"not_picked":["hexamod:SecondSeal","hexamod:FirstSeal"],"picked":"hexamod:SixthSeal","floor":26.0},{"not_picked":["hexamod:Rewind","hexamod:FastForward+1","hexamod:EtherealExpedition"],"picked":"SKIP","floor":26.0},{"not_picked":["hexamod:HexaLevel","hexamod:HeatShield"],"picked":"hexamod:AdvancingGuard+1","floor":27},{"not_picked":["hexamod:SixthSeal","hexamod:FourthSeal"],"picked":"hexamod:FirstSeal","floor":27},{"not_picked":["hexamod:CatchUp","hexamod:GhostShield","hexamod:GhostLash"],"picked":"SKIP","floor":27},{"not_picked":["hexamod:InspiringFlames+1","hexamod:GhostLash"],"picked":"hexamod:ThermalTransfer+1","floor":28},{"not_picked":["hexamod:Firestarter","hexamod:Toasty"],"picked":"hexamod:StepThrough","floor":28},{"not_picked":["hexamod:FirstSeal","hexamod:FourthSeal","hexamod:ThirdSeal"],"picked":"SKIP","floor":28}],"player_experience":2818745,"relics_obtained":[{"floor":9.0,"key":"Pocketwatch"},{"floor":24.0,"key":"Gremlin Horn"}],"event_choices":[{"damage_healed":0.0,"max_hp_gain":0.0,"max_hp_loss":0.0,"gold_gain":0.0,"event_name":"Upgrade Shrine","player_choice":"Upgraded","floor":3.0,"gold_loss":0.0,"damage_taken":0.0,"cards_upgraded":["hexamod:FastForward"]},{"cards_removed":["hexamod:Strike"],"damage_healed":0.0,"max_hp_gain":0.0,"max_hp_loss":0.0,"gold_gain":0.0,"event_name":"The Cleric","player_choice":"Card Removal","floor":5.0,"gold_loss":0.0,"damage_taken":0.0},{"cards_removed":["hexamod:Sear"],"damage_healed":0.0,"max_hp_gain":0.0,"max_hp_loss":0.0,"gold_gain":0.0,"event_name":"Purifier","player_choice":"Purged","floor":12.0,"gold_loss":0.0,"damage_taken":0.0},{"damage_healed":0.0,"max_hp_gain":0.0,"max_hp_loss":0.0,"gold_gain":0.0,"event_name":"Upgrade Shrine","player_choice":"Upgraded","floor":19.0,"gold_loss":0.0,"damage_taken":0.0,"cards_upgraded":["hexamod:Rewind"]}],"is_beta":false,"boss_relics":[{"not_picked":["Sozu","Empty Cage"],"picked":"Philosopher\u0027s Stone"}],"items_purged_floors":[21],"is_endless":false,"potions_floor_spawned":[9,11,14,16,20,27],"killed_by":"Slavers","ascension_level":20}}