{"host":"utqe55yv0jihe4d6","time":1609652627,"event":{"mods":["2.2 Compatiblity","AchievementEnabler","BaseMod","Block Reminder","Colored Map","Colored Powertips","Minty Spire (QoL Compilation)","Quick Restart","Rare Cards Sparkle","Relic Stats","SuperFastMode"],"gold_per_floor":[363,638,657,129,149,149,178,178,201,40,71,71,97,110,110,183,183,161,19,19,35,35,35,65,65,91,117,117,152,165,178,178,253,253,270,23,33,33,43,68,68,101,125,125,145,145,179,179,179,179,179],"floor_reached":50,"playtime":2469,"items_purged":["Regret"],"score":1283,"play_id":"248285de-76bb-48f5-b88c-c6f442fc6dd7","local_time":"20210103004347","is_ascension_mode":true,"campfire_choices":[{"data":"Neutralize","floor":6.0,"key":"SMITH"},{"data":"Skewer","floor":8.0,"key":"SMITH"},{"floor":12.0,"key":"REST"},{"data":"Malaise","floor":15.0,"key":"SMITH"},{"data":"Backflip","floor":23.0,"key":"SMITH"},{"floor":25.0,"key":"REST"},{"data":"Malaise","floor":28.0,"key":"SMITH"},{"floor":32.0,"key":"REST"},{"floor":41.0,"key":"REST"},{"floor":44.0,"key":"REST"},{"floor":49,"key":"RECALL"}],"circlet_count":0,"master_deck":["AscendersBane","Strike_G","Strike_G","Defend_G","Defend_G","Defend_G","Defend_G","Defend_G","Survivor","Neutralize+1","Clumsy","Predator","PiercingWail","Poisoned Stab","Skewer+1","Deadly Poison","Malaise+1","Backflip+1","Footwork+1","Backstab","Malaise+1","Slice+1","Slice","Corpse Explosion","Blade Dance+1","Night Terror+1","Well Laid Plans+1","Noxious Fumes","Dash","Leg Sweep+1","PiercingWail","Burst","Dodge and Roll"],"relics":["Ring of the Snake","Sling","Mummified Hand","Art of War","Centennial Puzzle","Bag of Marbles","Thread and Needle","Potion Belt","Snecko Eye","Pantograph","Bag of Preparation","Omamori","Shuriken","Astrolabe","Lee\u0027s Waffle","Frozen Egg 2","Juzu Bracelet","MealTicket"],"acts_visited":["Exordium","TheCity","TheBeyond"],"potions_floor_usage":[50],"damage_taken":[{"damage":7.0,"enemies":"Cultist","floor":1.0,"turns":5.0},{"damage":7.0,"enemies":"Small Slimes","floor":3.0,"turns":4.0},{"damage":0.0,"enemies":"2 Louse","floor":5.0,"turns":3.0},{"damage":6.0,"enemies":"Gremlin Nob","floor":7.0,"turns":3.0},{"damage":14.0,"enemies":"3 Sentries","floor":11.0,"turns":6.0},{"damage":4.0,"enemies":"Lagavulin","floor":13.0,"turns":5.0},{"damage":0.0,"enemies":"Looter","floor":14.0,"turns":3.0},{"damage":14.0,"enemies":"The Guardian","floor":16.0,"turns":12.0},{"damage":14.0,"enemies":"2 Thieves","floor":18.0,"turns":4.0},{"damage":6.0,"enemies":"Chosen","floor":21.0,"turns":4.0},{"damage":13.0,"enemies":"Slavers","floor":24.0,"turns":6.0},{"damage":2.0,"enemies":"Book of Stabbing","floor":27.0,"turns":6.0},{"damage":0.0,"enemies":"Slavers","floor":29.0,"turns":7.0},{"damage":12.0,"enemies":"3 Cultists","floor":30.0,"turns":6.0},{"damage":0.0,"enemies":"Snecko","floor":31.0,"turns":5.0},{"damage":59.0,"enemies":"Collector","floor":33.0,"turns":11.0},{"damage":45.0,"enemies":"3 Darklings","floor":35.0,"turns":3.0},{"damage":17.0,"enemies":"Orb Walker","floor":37.0,"turns":5.0},{"damage":0.0,"enemies":"Writhing Mass","floor":39.0,"turns":7.0},{"damage":21.0,"enemies":"Reptomancer","floor":40.0,"turns":4.0},{"damage":44.0,"enemies":"Giant Head","floor":42.0,"turns":8.0},{"damage":7.0,"enemies":"4 Shapes","floor":45.0,"turns":8.0},{"damage":21.0,"enemies":"Reptomancer","floor":47.0,"turns":8.0},{"damage":60,"enemies":"Awakened One","floor":50,"turns":9}],"seed_played":"4181697069634459621","potions_obtained":[{"floor":1.0,"key":"Weak Potion"},{"floor":3.0,"key":"Swift Potion"},{"floor":7.0,"key":"PowerPotion"},{"floor":13.0,"key":"Weak Potion"},{"floor":16.0,"key":"DistilledChaos"},{"floor":21.0,"key":"EssenceOfSteel"},{"floor":27.0,"key":"SpeedPotion"},{"floor":31.0,"key":"ColorlessPotion"},{"floor":39.0,"key":"Weak Potion"},{"floor":42.0,"key":"Poison Potion"},{"floor":45.0,"key":"DistilledChaos"}],"is_trial":false,"path_per_floor":["M","?","M","$","M","R","E","R","T","$","E","R","E","M","R","B",null,"M","$","?","M","?","R","E","R","T","E","R","E","M","M","R","B",null,"M","$","M","$","M","E","R","E","T","R","M","?","E","?","R","B"],"character_chosen":"THE_SILENT","items_purchased":["Sling","Mummified Hand","Poisoned Stab","Bag of Marbles","Footwork","Strength Potion","Lee\u0027s Waffle","Noxious Fumes"],"campfire_rested":5,"item_purchase_floors":[4,4,4,10,19,19,36,36],"current_hp_per_floor":[52,52,45,45,45,45,39,39,39,39,25,44,40,40,40,26,56,42,42,42,36,36,36,23,42,42,40,40,40,28,28,47,7,51,6,73,56,56,56,35,56,12,12,33,26,26,5,60,60,0,0],"gold":179,"neow_bonus":"TWO_FIFTY_GOLD","is_daily":false,"chose_seed":false,"campfire_upgraded":5,"win_rate":0.0,"timestamp":1609652627,"path_taken":["M","?","M","$","?","R","E","R","T","?","E","R","E","?","R","BOSS","M","$","?","M","?","R","E","R","T","E","R","E","M","?","R","BOSS","M","$","M","$","M","E","R","E","T","R","M","?","E","?","R","BOSS"],"items_purchased_type":["Relic","Relic","Card","Relic","Card","Potion","Relic","Card"],"build_version":"2020-12-22","purchased_purges":1,"victory":false,"max_hp_per_floor":[66,66,66,66,66,66,66,66,66,66,66,66,66,66,66,66,66,66,66,66,66,66,66,66,66,66,66,66,66,66,66,66,66,66,66,73,73,73,73,73,73,73,73,73,73,73,73,60,60,60,60],"relic_stats":{"Lee\u0027s Waffle":67,"counters":[24,142],"Astrolabe":["Blade Dance","Night Terror","Well Laid Plans"],"Bag of Preparation":[13],"Juzu Bracelet":0,"Centennial Puzzle":[48],"Mummified Hand":[85],"Shuriken":[36],"Pantograph":19,"Snecko Eye":[182,155,189,170],"MealTicket":0,"Art of War":[8],"obtain_stats":[{"Potion Belt":13,"Lee\u0027s Waffle":36,"Astrolabe":34,"Thread and Needle":11,"Bag of Preparation":26,"Omamori":27,"Juzu Bracelet":42,"Frozen Egg 2":40,"Sling":4,"Centennial Puzzle":9,"Mummified Hand":4,"Shuriken":29,"Pantograph":24,"Snecko Eye":17,"MealTicket":47,"Art of War":7,"Bag of Marbles":10,"Ring of the Snake":0},{"Potion Belt":6,"Lee\u0027s Waffle":17,"Astrolabe":16,"Thread and Needle":5,"Bag of Preparation":11,"Omamori":12,"Juzu Bracelet":21,"Frozen Egg 2":20,"Sling":2,"Centennial Puzzle":4,"Mummified Hand":2,"Shuriken":13,"Pantograph":11,"Snecko Eye":8,"MealTicket":23,"Art of War":4,"Bag of Marbles":4,"Ring of the Snake":0},{"Potion Belt":26,"Lee\u0027s Waffle":93,"Astrolabe":90,"Thread and Needle":21,"Bag of Preparation":55,"Omamori":61,"Juzu Bracelet":117,"Frozen Egg 2":109,"Sling":9,"Centennial Puzzle":15,"Mummified Hand":9,"Shuriken":68,"Pantograph":55,"Snecko Eye":41,"MealTicket":133,"Art of War":15,"Bag of Marbles":15,"Ring of the Snake":0}],"Ring of the Snake":[48]},"card_choices":[{"not_picked":["Cloak And Dagger","Footwork"],"picked":"Predator","floor":1.0},{"not_picked":["Outmaneuver","Flechettes"],"picked":"PiercingWail","floor":3.0},{"not_picked":["Poisoned Stab","Underhanded Strike"],"picked":"Skewer","floor":5.0},{"not_picked":["Setup","Dagger Throw","Skewer"],"picked":"SKIP","floor":7.0},{"not_picked":["Cloak And Dagger","Dagger Spray","Dagger Throw"],"picked":"SKIP","floor":11.0},{"not_picked":["All Out Attack","Prepared"],"picked":"Deadly Poison","floor":13.0},{"not_picked":["Noxious Fumes","Bane"],"picked":"Malaise","floor":14.0},{"not_picked":["Storm of Steel","Glass Knife"],"picked":"Envenom","floor":16.0},{"not_picked":["Outmaneuver","Quick Slash"],"picked":"Backflip","floor":18.0},{"not_picked":["Heel Hook+1","Dodge and Roll","Reflex"],"picked":"SKIP","floor":21.0},{"not_picked":["Sucker Punch","Prepared"],"picked":"Backstab","floor":24.0},{"not_picked":["Bane","Dagger Throw"],"picked":"Malaise","floor":27.0},{"not_picked":["Leg Sweep","Prepared"],"picked":"Slice+1","floor":29.0},{"not_picked":["Quick Slash","Underhanded Strike"],"picked":"Slice","floor":30.0},{"not_picked":["Sucker Punch","Setup","Prepared"],"picked":"SKIP","floor":31.0},{"not_picked":["Burst","Storm of Steel"],"picked":"Corpse Explosion","floor":33.0},{"not_picked":["Outmaneuver","Dagger Spray","Cloak And Dagger"],"picked":"SKIP","floor":35.0},{"not_picked":["Riddle With Holes","Deflect+1"],"picked":"Dash","floor":37.0},{"not_picked":["Slice","Quick Slash"],"picked":"Leg Sweep+1","floor":39.0},{"not_picked":["Phantasmal Killer","Glass Knife"],"picked":"PiercingWail","floor":40.0},{"not_picked":["Accuracy+1","Dagger Throw"],"picked":"Burst","floor":42.0},{"not_picked":["Sucker Punch+1","Backflip","Reflex"],"picked":"SKIP","floor":45.0},{"not_picked":["Backstab","Acrobatics"],"picked":"Dodge and Roll","floor":47.0}],"player_experience":2926481,"relics_obtained":[{"floor":7.0,"key":"Art of War"},{"floor":9.0,"key":"Centennial Puzzle"},{"floor":11.0,"key":"Thread and Needle"},{"floor":13.0,"key":"Potion Belt"},{"floor":24.0,"key":"Pantograph"},{"floor":26.0,"key":"Bag of Preparation"},{"floor":27.0,"key":"Omamori"},{"floor":29.0,"key":"Shuriken"},{"floor":40.0,"key":"Frozen Egg 2"},{"floor":42.0,"key":"Juzu Bracelet"},{"floor":47.0,"key":"MealTicket"}],"event_choices":[{"damage_healed":0.0,"max_hp_gain":0.0,"max_hp_loss":0.0,"gold_gain":275.0,"event_name":"Golden Shrine","player_choice":"Desecrate","floor":2.0,"gold_loss":0.0,"damage_taken":0.0,"cards_obtained":["Regret"]},{"damage_healed":0.0,"max_hp_gain":0.0,"max_hp_loss":0.0,"gold_gain":0.0,"event_name":"Vampires","player_choice":"Ignored","floor":20.0,"gold_loss":0.0,"damage_taken":0.0},{"damage_healed":0.0,"max_hp_gain":0.0,"max_hp_loss":0.0,"gold_gain":0.0,"event_name":"Upgrade Shrine","player_choice":"Upgraded","floor":22.0,"gold_loss":0.0,"damage_taken":0.0,"cards_upgraded":["Footwork"]},{"cards_removed":["Envenom"],"damage_healed":0.0,"max_hp_gain":0.0,"max_hp_loss":0.0,"gold_gain":0.0,"event_name":"Falling","player_choice":"Removed Power","floor":46.0,"gold_loss":0.0,"damage_taken":0.0},{"damage_healed":60,"gold_gain":0,"player_choice":"Heal","damage_taken":0,"max_hp_gain":0,"max_hp_loss":13,"event_name":"The Moai Head","floor":48,"gold_loss":0}],"is_beta":false,"boss_relics":[{"not_picked":["WristBlade","Pandora\u0027s Box"],"picked":"Snecko Eye"},{"not_picked":["Philosopher\u0027s Stone","Runic Pyramid"],"picked":"Astrolabe"}],"items_purged_floors":[4],"is_endless":false,"potions_floor_spawned":[1,3,7,13,16,21,27,31,39,42,45],"killed_by":"Awakened One","ascension_level":20}}