{"host":"nzm1i0l8mrsm8hd2","time":1609683857,"event":{"mods":["Act Like it!","Aspiration","BaseMod","CapriCore","Challenge The Spire","Conspire","Gensokyo","Minty Spire (QoL Compilation)","Pale of the Ancients","Quick Restart","RumiaBox-露米娅的神秘盒子","Spicy Shops","StSLib","The Immortal","The Jungle","The Mystic","Wandering Minibosses","Yakumo Yukari mod"],"gold_per_floor":[113,113,0,0,0,0,210,221,221,69,86,252,262,280,280,280,280],"floor_reached":16,"playtime":611,"items_purged":[],"score":94,"play_id":"f1dcca93-827a-49f2-820f-936fea4990cd","local_time":"20210103222417","is_ascension_mode":false,"campfire_choices":[{"data":"mysticmod:ArcaneDodge","floor":6,"key":"SMITH"},{"floor":15,"key":"DIG"}],"circlet_count":0,"master_deck":["mysticmod:Strike_Mystic","mysticmod:Strike_Mystic","mysticmod:Strike_Mystic","mysticmod:Strike_Mystic","mysticmod:Defend_Mystic","mysticmod:Defend_Mystic","mysticmod:Defend_Mystic","mysticmod:Defend_Mystic","mysticmod:ArcaneDodge+1","mysticmod:Stoneskin","mysticmod:CorrosiveTouch","mysticmod:Sideswipe","mysticmod:TomeOfSpells"],"relics":["mysticmod:SpellBook","NeowsBlessing","Baka","Gensokyo:Mercy","Unceasing Top","Shovel","Centennial Puzzle"],"acts_visited":["Exordium"],"potions_floor_usage":[16,16],"damage_taken":[{"damage":0,"enemies":"Gensokyo:2_Kodama","floor":1,"turns":1},{"damage":0,"enemies":"Gensokyo:Gryphon","floor":7,"turns":1},{"damage":0,"enemies":"Gensokyo:Python","floor":8,"turns":2},{"damage":47,"enemies":"Gensokyo:LivingMonolith","floor":11,"turns":7},{"damage":4,"enemies":"Gensokyo:Gryphon_and_Rabbit","floor":12,"turns":8},{"damage":24,"enemies":"Gensokyo:VengefulSpirit","floor":13,"turns":9},{"damage":7,"enemies":"Gensokyo:CorruptedTreant","floor":14,"turns":5},{"damage":20,"enemies":"Gensokyo:Yukari","floor":16,"turns":8}],"seed_played":"-8785104651830230435","potions_obtained":[{"floor":7,"key":"Ancient Potion"},{"floor":12,"key":"EssenceOfSteel"}],"is_trial":false,"path_per_floor":["M","?","COS","?","?","R","M","M","T","$","M","M","M","M","R","B"],"character_chosen":"MYSTIC_CLASS","items_purchased":["Unceasing Top","mysticmod:Stoneskin"],"campfire_rested":0,"item_purchase_floors":[10,10],"current_hp_per_floor":[77,77,77,77,77,77,77,77,77,77,33,29,29,22,22,5,5],"gold":280,"neow_bonus":"THREE_ENEMY_KILL","is_daily":false,"chose_seed":false,"campfire_upgraded":1,"win_rate":0.0,"timestamp":1609683857,"path_taken":["M","?","COS","?","?","R","M","M","T","$","M","M","M","?","R","BOSS"],"items_purchased_type":["Relic","Card"],"build_version":"2020-12-22","purchased_purges":0,"victory":false,"max_hp_per_floor":[77,77,77,77,77,77,77,77,77,77,77,77,77,77,77,77,77],"card_choices":[{"not_picked":["mysticmod:DiviningBlow","mysticmod:Riposte","mysticmod:Disengage"],"picked":"SKIP","floor":1},{"not_picked":["mysticmod:VorpalThrust","mysticmod:Disengage","mysticmod:SuddenClarity"],"picked":"SKIP","floor":7},{"not_picked":["mysticmod:Probe","mysticmod:PowerSlash","mysticmod:TomeOfSpells"],"picked":"SKIP","floor":8},{"not_picked":["mysticmod:MirrorEntity","mysticmod:Sideswipe"],"picked":"mysticmod:CorrosiveTouch","floor":11},{"not_picked":["mysticmod:ComponentsPouch","mysticmod:Snowball","mysticmod:Disengage"],"picked":"SKIP","floor":12},{"not_picked":["mysticmod:Shield","mysticmod:TomeOfSpells"],"picked":"mysticmod:Sideswipe","floor":13},{"not_picked":["mysticmod:PowerSlash","mysticmod:Shield"],"picked":"mysticmod:TomeOfSpells","floor":14}],"player_experience":577475,"relics_obtained":[{"floor":1,"key":"Baka"},{"floor":15,"key":"Centennial Puzzle"}],"event_choices":[],"is_beta":false,"boss_relics":[],"items_purged_floors":[],"is_endless":false,"potions_floor_spawned":[7,12,14],"killed_by":"Gensokyo:Yukari","ascension_level":0}}