{"host":"ftkwaqka4srqnjt4","time":1609696544,"event":{"mods":["BaseMod","Downfall","Minty Spire (QoL Compilation)","StSLib"],"gold_per_floor":[99,61,161,261,261,186,186,186,199,215,55,88,13,40,57,154,154,154,169,169,195,12,28,53,72,82,99,119,153,153,253,264,365,365,290,301,319,334,353,98,98,111,161,171,246,246,263,17,31,31,31,61,61,61,61],"floor_reached":56,"playtime":5173,"items_purged":[],"score":1206,"play_id":"46ef180d-bc80-4870-ab83-8ea00caae986","local_time":"20210103185544","is_ascension_mode":false,"campfire_choices":[{"floor":1.0,"key":"RECALL"},{"data":"champ:LastStand","floor":6.0,"key":"SMITH"},{"data":"champ:CalledShot","floor":13.0,"key":"SMITH"},{"data":"champ:MurderStrike","floor":18.0,"key":"SMITH"},{"floor":30,"key":"REST"},{"data":"expansioncontent:DashGenerateEvil","floor":35,"key":"SMITH"},{"data":"champ:PerfectForm","floor":46,"key":"SMITH"},{"data":"champ:IronFortress","floor":54,"key":"SMITH"}],"circlet_count":0,"master_deck":["champ:Strike","champ:Strike","champ:Strike","champ:Strike","champ:Defend","champ:Defend","champ:Defend","champ:Defend","champ:Execute","champ:Taunt","champ:LastStand+1","champ:Riposte","champ:EnragedBash","champ:FocusedGladiator","champ:DeathBlow","champ:Shatter","champ:FanOfKnives","champ:CalledShot+1","champ:HoldFirm","champ:Backstep","champ:MurderStrike+1","champ:StanceDance","expansioncontent:DashGenerateEvil+1","champ:DefensiveStyle+1","champ:IronFortress+1","champ:LastStand","champ:MurderStrike","champ:PerfectForm+1","champ:LastStand","champ:RecklessLeap+1","champ:Encircle+1","champ:HeartStrike+1","champ:SteelEdge"],"relics":["champ:ChampionCrown","downfall:HeartsMalice","CloakClasp","downfall:HeartBlessingRed","White Beast Statue","Orichalcum","champ:DefensiveTrainingManual","downfall:HeartBlessingBlue","Ornamental Fan","Philosopher\u0027s Stone","Omamori","PreservedInsect","champ:FightingForDummies","Toy Ornithopter","Cursed Key","downfall:HeartBlessingGreen","Pear","Ancient Tea Set","Calipers","StrikeDummy","Turnip","Pen Nib","HandDrill","Happy Flower"],"acts_visited":["Exordium","TheCity","TheBeyond","TheEnding"],"potions_floor_usage":[31,31,31,32,33,33,33,39,40,43,43,55,55,55],"damage_taken":[{"damage":0.0,"enemies":"downfall:FleeingMerchant","floor":2.0,"turns":1.0},{"damage":0.0,"enemies":"downfall:FleeingMerchant","floor":4.0,"turns":1.0},{"damage":0.0,"enemies":"Jaw Worm","floor":5.0,"turns":1.0},{"damage":7.0,"enemies":"Small Slimes","floor":9.0,"turns":4.0},{"damage":19.0,"enemies":"2 Louse","floor":10.0,"turns":2.0},{"damage":22.0,"enemies":"downfall:FleeingMerchant","floor":11.0,"turns":4.0},{"damage":48.0,"enemies":"Lagavulin","floor":12.0,"turns":6.0},{"damage":24.0,"enemies":"3 Sentries","floor":14.0,"turns":5.0},{"damage":6.0,"enemies":"Exordium Thugs","floor":15.0,"turns":3.0},{"damage":32.0,"enemies":"downfall:Watcher","floor":16.0,"turns":7.0},{"damage":13.0,"enemies":"Chosen","floor":19.0,"turns":4.0},{"damage":25.0,"enemies":"downfall:FleeingMerchant","floor":22.0,"turns":4.0},{"damage":8.0,"enemies":"Snecko","floor":23.0,"turns":3.0},{"damage":35.0,"enemies":"Shelled Parasite and Fungi","floor":25.0,"turns":4.0},{"damage":30.0,"enemies":"3 Cultists","floor":26.0,"turns":4.0},{"damage":21.0,"enemies":"Centurion and Healer","floor":27.0,"turns":6.0},{"damage":26.0,"enemies":"Snecko","floor":28.0,"turns":4.0},{"damage":51,"enemies":"Gremlin Leader","floor":29,"turns":6},{"damage":0,"enemies":"downfall:LadyInBlue","floor":31,"turns":3},{"damage":19,"enemies":"3 Cultists","floor":32,"turns":4},{"damage":36,"enemies":"downfall:Silent","floor":33,"turns":5},{"damage":2,"enemies":"Orb Walker","floor":36,"turns":3},{"damage":40,"enemies":"3 Shapes","floor":37,"turns":9},{"damage":71,"enemies":"Maw","floor":38,"turns":8},{"damage":99,"enemies":"Transient","floor":39,"turns":5},{"damage":44,"enemies":"downfall:FleeingMerchant","floor":40,"turns":4},{"damage":46,"enemies":"Jaw Worm Horde","floor":42,"turns":3},{"damage":60,"enemies":"Mind Bloom Boss Battle","floor":43,"turns":7},{"damage":47,"enemies":"3 Darklings","floor":44,"turns":4},{"damage":27,"enemies":"4 Shapes","floor":47,"turns":4},{"damage":0,"enemies":"downfall:FleeingMerchant","floor":48,"turns":1},{"damage":45,"enemies":"Transient","floor":49,"turns":5},{"damage":17,"enemies":"downfall:Ironclad","floor":50,"turns":5},{"damage":80,"enemies":"downfall:CharBossMerchant","floor":52,"turns":7},{"damage":167,"enemies":"downfall:NeowBoss","floor":55,"turns":27}],"seed_played":"8675643937032588255","potions_obtained":[{"floor":4.0,"key":"SteroidPotion"},{"floor":9.0,"key":"champ:CounterPotion"},{"floor":10.0,"key":"sneckomod:MuddlingPotion"},{"floor":16.0,"key":"CultistPotion"},{"floor":25.0,"key":"DistilledChaos"},{"floor":26.0,"key":"Swift Potion"},{"floor":31,"key":"hexamod:EctoCoolerPotion"},{"floor":31,"key":"Strength Potion"},{"floor":31,"key":"Ancient Potion"},{"floor":32,"key":"champ:OpenerPotion"},{"floor":33,"key":"Dexterity Potion"},{"floor":36,"key":"Slimebound:ThreeZeroPotion"},{"floor":37,"key":"DuplicationPotion"},{"floor":39,"key":"champ:TechniquePotion"},{"floor":40,"key":"PowerPotion"},{"floor":42,"key":"DuplicationPotion"},{"floor":43,"key":"LiquidBronze"},{"floor":44,"key":"Weak Potion"}],"is_trial":false,"path_per_floor":["R","$","?","?","M","R","T","?","M","M","$","E","R","E","M","B",null,"R","M","?","T","$","M","T","M","M","M","M","E","R","?","M","B",null,"R","M","M","M","M","$","T","M","?","M","?","R","M","$","M","B",null,"E","$","R","B",null],"character_chosen":"THE_CHAMP","items_purchased":["champ:Riposte","Orichalcum","expansioncontent:DashGenerateEvil","Pear","Turnip","Pen Nib","HandDrill"],"campfire_rested":1,"item_purchase_floors":[2,11,22,40,48,48,48],"current_hp_per_floor":[90,90,90,90,90,90,90,83,83,76,76,48,58,49,48,46,100,100,99,99,99,98,98,98,74,61,55,52,3,33,33,38,37,100,100,98,96,88,76,86,86,81,73,52,52,52,52,52,52,52,115,83,83,83,51],"gold":61,"neow_bonus":"THREE_ENEMY_KILL","is_daily":false,"chose_seed":false,"campfire_upgraded":6,"win_rate":0.0,"timestamp":1609696544,"path_taken":["R","$","?","?","M","R","T","?","M","M","$","E","R","E","M","BOSS","R","M","?","?","$","M","T","M","?","M","M","E","R","?","M","BOSS","R","M","M","M","M","$","T","M","?","M","?","R","M","$","M","BOSS","E","$","R","BOSS"],"items_purchased_type":["Card","Relic","Card","Relic","Relic","Relic","Relic"],"build_version":"2020-12-22","purchased_purges":0,"victory":true,"max_hp_per_floor":[90,90,90,90,90,90,90,90,90,90,90,90,100,100,100,100,100,100,100,100,100,100,100,100,100,100,100,100,100,100,100,100,100,100,100,100,100,105,105,115,115,115,115,115,115,115,115,115,115,115,115,115,115,115,115],"card_choices":[{"not_picked":["champ:FlashCut","champ:Backstep"],"picked":"champ:LastStand","floor":2.0},{"not_picked":["champ:PreciseThrust","champ:DefensiveShout"],"picked":"champ:EnragedBash","floor":4.0},{"not_picked":["champ:BladeFlurry","champ:BerserkersShout"],"picked":"champ:FocusedGladiator","floor":5.0},{"not_picked":["champ:HeartStrike","champ:TornadoPunch"],"picked":"champ:DeathBlow","floor":9.0},{"not_picked":["champ:Lariat","champ:DefensiveShout"],"picked":"champ:Shatter","floor":10.0},{"not_picked":["champ:AdrenalArmor","champ:Backstep"],"picked":"champ:FanOfKnives","floor":11.0},{"not_picked":["champ:Circumvent","champ:DefensiveShout"],"picked":"champ:CalledShot","floor":12.0},{"not_picked":["champ:BladeFlurry","champ:EndlessRage"],"picked":"champ:HoldFirm","floor":14.0},{"not_picked":["champ:RapidStrikes","champ:GladiatorsShout"],"picked":"champ:Backstep","floor":15.0},{"not_picked":["champ:Devastate","champ:ShieldThrow"],"picked":"champ:MurderStrike","floor":16.0},{"not_picked":["champ:Lariat","champ:GladiatorsShout"],"picked":"champ:StanceDance","floor":19.0},{"not_picked":["champ:GutPunch+1","champ:SkillfulDodge"],"picked":"champ:FightOn","floor":22.0},{"not_picked":["champ:FanOfKnives","champ:BerserkersShout+1"],"picked":"champ:DefensiveStyle+1","floor":23.0},{"not_picked":["champ:StanceDance","champ:EndlessRage"],"picked":"champ:IronFortress","floor":25.0},{"not_picked":["champ:Circumvent+1","champ:Haymaker","champ:BringItOn+1"],"picked":"SKIP","floor":26.0},{"not_picked":["champ:EnragedBash","champ:GutPunch","champ:Riposte"],"picked":"SKIP","floor":27.0},{"not_picked":["champ:Riposte","champ:FocusedDefense"],"picked":"champ:LastStand","floor":28.0},{"not_picked":["champ:AdrenalArmor+1","champ:GutPunch"],"picked":"champ:MurderStrike","floor":29},{"not_picked":["champ:PerfectedStrike","champ:AdrenalArmor"],"picked":"champ:PerfectForm","floor":32},{"not_picked":["champ:CrownThrow","champ:Devastate"],"picked":"champ:LastStand","floor":33},{"not_picked":["champ:FocusedBerserking+1","champ:GutPunch+1","champ:GladiatorsShout+1"],"picked":"SKIP","floor":36},{"not_picked":["champ:BerserkersShout+1","champ:BladeFlurry+1"],"picked":"champ:RecklessLeap+1","floor":37},{"not_picked":["champ:IronFortress+1","champ:BladeFlurry"],"picked":"champ:Encircle+1","floor":38},{"not_picked":["champ:CrookedStrike","champ:Shatter","champ:Riposte+1"],"picked":"SKIP","floor":39},{"not_picked":["champ:FanOfKnives+1","champ:BringItOn","champ:Haymaker"],"picked":"SKIP","floor":40},{"not_picked":["champ:CrookedStrike+1","champ:Backstep","champ:Devastate"],"picked":"SKIP","floor":42},{"not_picked":["champ:FanOfKnives","champ:EndlessRage"],"picked":"champ:HeartStrike+1","floor":43},{"not_picked":["champ:HeartStrike+1","champ:Backstep","champ:FlashCut+1"],"picked":"SKIP","floor":44},{"not_picked":["champ:GutPunch+1","champ:FaceSlap+1","champ:Duel+1"],"picked":"SKIP","floor":47},{"not_picked":["champ:RapidStrikes","champ:FanOfKnives"],"picked":"champ:SteelEdge","floor":48},{"not_picked":["champ:FlashCut+1","champ:TornadoPunch+1","champ:SkillfulDodge"],"picked":"SKIP","floor":49},{"not_picked":["champ:FightOn","champ:CrookedStrike","champ:RisingSlash"],"picked":"SKIP","floor":52}],"player_experience":540567,"relics_obtained":[{"floor":4.0,"key":"CloakClasp"},{"floor":12.0,"key":"champ:DefensiveTrainingManual"},{"floor":14.0,"key":"Ornamental Fan"},{"floor":21.0,"key":"Omamori"},{"floor":24.0,"key":"PreservedInsect"},{"floor":29,"key":"champ:FightingForDummies"},{"floor":31,"key":"Toy Ornithopter"},{"floor":41,"key":"Ancient Tea Set"},{"floor":43,"key":"Calipers"},{"floor":45,"key":"StrikeDummy"},{"floor":52,"key":"Happy Flower"}],"event_choices":[{"damage_healed":0.0,"max_hp_gain":0.0,"max_hp_loss":0.0,"gold_gain":0.0,"event_name":"Scrap Ooze","player_choice":"Success","floor":8.0,"gold_loss":0.0,"damage_taken":7.0,"relics_obtained":["White Beast Statue"]}],"is_beta":false,"boss_relics":[{"not_picked":["Runic Dome","Tiny House"],"picked":"Philosopher\u0027s Stone"},{"not_picked":["Sozu","Astrolabe"],"picked":"Cursed Key"}],"items_purged_floors":[],"is_endless":false,"potions_floor_spawned":[4,9,10,11,12,14,15,16,19,22,23,25,26,27,28,29,32,33,36,37,38,39,40,42,43,44,47,48,49,52],"ascension_level":0}}