{"host":"i0s8vbixp24k5aul","time":1609680066,"event":{"mods":["2.2 Compatiblity","Act Like it!","Aspiration","BaseMod","Better Note","Better Third Choice","Better Vampires","BetterUpgradePreview","Colorless Booster Pack","Dota2Spire","GifTheSpireLib","Halation","Hermit","Hubris","Jedi Mod","Minty Spire (QoL Compilation)","Optimize The Spire","Random Character Mod","StSLib","Stuff the Spire","The Construct","The Disciple","TheWitcher","vexMod","??????REMEMod"],"gold_per_floor":[112,112,131,145,157,157,157],"floor_reached":6,"playtime":231,"items_purged":[],"score":63,"play_id":"c4aaa651-fcf5-4c2c-80be-be6034925801","local_time":"20210103162106","is_ascension_mode":true,"campfire_choices":[],"circlet_count":0,"master_deck":["AscendersBane","Strike_G","Strike_G","Strike_G","Strike_G","Strike_G","Defend_G","Defend_G","Defend_G","Defend_G","Defend_G","Survivor","Neutralize","hermit:Purgatory","Blade Dance","Flying Knee","Terror","All Out Attack"],"relics":["Ring of the Snake","REME_ComplimentaryCards","NeowsBlessing"],"acts_visited":["Exordium"],"potions_floor_usage":[6],"damage_taken":[{"damage":0,"enemies":"Small Slimes","floor":1,"turns":1},{"damage":0,"enemies":"Cultist","floor":3,"turns":1},{"damage":0,"enemies":"Jaw Worm","floor":4,"turns":1},{"damage":20,"enemies":"Large Slime","floor":5,"turns":4},{"damage":48,"enemies":"Gremlin Nob","floor":6,"turns":3}],"seed_played":"-3032897742732651802","potions_obtained":[{"floor":1,"key":"Energy Potion"},{"floor":2,"key":"REME_GoldPotion"},{"floor":2,"key":"AttackPotion"}],"is_trial":false,"path_per_floor":["M","?","M","M","M","E"],"character_chosen":"THE_SILENT","items_purchased":[],"campfire_rested":0,"item_purchase_floors":[],"current_hp_per_floor":[63,63,63,63,43,0,0],"gold":157,"neow_bonus":"THREE_ENEMY_KILL","is_daily":false,"chose_seed":false,"campfire_upgraded":0,"win_rate":0.0,"timestamp":1609680066,"path_taken":["M","?","M","?","M","E"],"items_purchased_type":[],"build_version":"2020-12-22","purchased_purges":0,"victory":false,"max_hp_per_floor":[70,70,70,70,70,70,70],"card_choices":[{"not_picked":["Dash","Cloak And Dagger"],"picked":"Blade Dance","floor":1},{"not_picked":["Escape Plan","Sucker Punch"],"picked":"Flying Knee","floor":3},{"not_picked":["jedi:pocketpoison","Dodge and Roll"],"picked":"Terror","floor":4},{"not_picked":["Poisoned Stab","StuffTheSpire:MirrorStance"],"picked":"All Out Attack","floor":5}],"player_experience":787962,"relics_obtained":[],"event_choices":[{"damage_healed":0,"gold_gain":0,"player_choice":"Got Potions","damage_taken":0,"max_hp_gain":0,"max_hp_loss":0,"event_name":"Lab","floor":2,"gold_loss":0}],"is_beta":false,"boss_relics":[],"items_purged_floors":[],"is_endless":false,"potions_floor_spawned":[1,3],"killed_by":"Gremlin Nob","ascension_level":13}}