{"host":"t7mx8yfj1no5p62f","time":1609682044,"event":{"mods":["BaseMod","Colored Map","Colored Powertips","Minty Spire (QoL Compilation)","Relic Stats","StSLib"],"gold_per_floor":[118,83,101,116,128,128,139,174,174,174,189,223,247,278,278,373,373,389,404,36,49,49,49,70,70,70],"floor_reached":25,"playtime":1000,"items_purged":[],"score":454,"play_id":"290a7df0-f98a-4899-a6a0-10b911f191c3","local_time":"20210103085404","is_ascension_mode":true,"campfire_choices":[{"data":"Uppercut","floor":6,"key":"SMITH"},{"data":"Armaments","floor":15,"key":"SMITH"},{"floor":23,"key":"REST"}],"circlet_count":0,"master_deck":["AscendersBane","Strike_R","Strike_R","Strike_R","Strike_R","Strike_R","Defend_R","Defend_R","Defend_R","Defend_R","Bash","Fire Breathing","Perfected Strike","Twin Strike","Uppercut+1","Iron Wave","Hemokinesis","Battle Trance","Spot Weakness","Armaments+1","True Grit","Fiend Fire","Power Through","Shrug It Off","Disarm","Limit Break","Cleave","Shrug It Off"],"relics":["Burning Blood","Juzu Bracelet","Bronze Scales","Golden Idol","Boot","Darkstone Periapt","Fusion Hammer","Nloth\u0027s Gift"],"acts_visited":["Exordium","TheCity"],"potions_floor_usage":[5,7,11,12,21],"damage_taken":[{"damage":16,"enemies":"Jaw Worm","floor":1,"turns":6},{"damage":7,"enemies":"2 Louse","floor":3,"turns":3},{"damage":7,"enemies":"Cultist","floor":4,"turns":4},{"damage":11,"enemies":"Exordium Wildlife","floor":5,"turns":4},{"damage":0,"enemies":"Blue Slaver","floor":7,"turns":3},{"damage":10,"enemies":"3 Sentries","floor":8,"turns":6},{"damage":11,"enemies":"Lots of Slimes","floor":11,"turns":4},{"damage":20,"enemies":"Lagavulin","floor":12,"turns":5},{"damage":11,"enemies":"Red Slaver","floor":13,"turns":2},{"damage":12,"enemies":"3 Sentries","floor":14,"turns":5},{"damage":20,"enemies":"The Guardian","floor":16,"turns":10},{"damage":24,"enemies":"Shell Parasite","floor":18,"turns":5},{"damage":16,"enemies":"2 Thieves","floor":19,"turns":5},{"damage":32,"enemies":"Shelled Parasite and Fungi","floor":21,"turns":5},{"damage":13,"enemies":"Centurion and Healer","floor":24,"turns":7},{"damage":37,"enemies":"Slavers","floor":25,"turns":3}],"seed_played":"6209074600368408028","potions_obtained":[{"floor":1,"key":"EssenceOfSteel"},{"floor":4,"key":"BloodPotion"},{"floor":5,"key":"DistilledChaos"},{"floor":8,"key":"BlessingOfTheForge"},{"floor":16,"key":"Explosive Potion"},{"floor":18,"key":"Strength Potion"}],"is_trial":false,"path_per_floor":["M","?","M","M","M","R","M","E","T","?","M","E","M","E","R","B",null,"M","M","$","M","?","R","M","E"],"character_chosen":"IRONCLAD","items_purchased":["Disarm","Limit Break","Toolbox"],"campfire_rested":1,"item_purchase_floors":[20,20,20],"current_hp_per_floor":[54,76,75,74,86,86,89,85,85,81,76,62,57,51,51,37,70,52,42,42,16,16,40,33,0,0],"gold":70,"neow_bonus":"TWENTY_PERCENT_HP_BONUS","is_daily":false,"chose_seed":false,"campfire_upgraded":2,"win_rate":0.0,"timestamp":1609682044,"path_taken":["M","?","M","M","M","R","M","E","T","?","M","E","M","E","R","BOSS","M","M","$","M","?","R","M","E"],"items_purchased_type":["Card","Card","Relic"],"build_version":"2020-12-22","purchased_purges":0,"victory":false,"max_hp_per_floor":[89,89,89,89,89,89,89,89,89,81,81,81,81,81,81,81,81,81,81,81,81,81,81,81,81,81],"relic_stats":{"Darkstone Periapt":0,"counters":[16,77],"Golden Idol":53,"Bronze Scales":[144],"Juzu Bracelet":0,"Nloth\u0027s Gift":0,"Boot":[16],"obtain_stats":[{"Darkstone Periapt":14,"Golden Idol":10,"Bronze Scales":9,"Toolbox":20,"Fusion Hammer":17,"Juzu Bracelet":8,"Nloth\u0027s Gift":22,"Boot":12,"Burning Blood":0},{"Darkstone Periapt":10,"Golden Idol":6,"Bronze Scales":6,"Toolbox":13,"Fusion Hammer":11,"Juzu Bracelet":6,"Nloth\u0027s Gift":14,"Boot":8,"Burning Blood":0},{"Darkstone Periapt":42,"Golden Idol":26,"Bronze Scales":26,"Toolbox":62,"Fusion Hammer":52,"Juzu Bracelet":26,"Nloth\u0027s Gift":67,"Boot":35,"Burning Blood":0}],"Burning Blood":87},"card_choices":[{"not_picked":["Seeing Red","Clash"],"picked":"Fire Breathing","floor":1},{"not_picked":["Clash","Body Slam"],"picked":"Perfected Strike","floor":3},{"not_picked":["Rupture","Shrug It Off"],"picked":"Twin Strike","floor":4},{"not_picked":["Ghostly Armor","Blood for Blood"],"picked":"Uppercut","floor":5},{"not_picked":["Flex","Wild Strike"],"picked":"Iron Wave","floor":7},{"not_picked":["Perfected Strike","Bludgeon"],"picked":"Hemokinesis","floor":8},{"not_picked":["Pommel Strike","Thunderclap"],"picked":"Battle Trance","floor":11},{"not_picked":["Cleave","Entrench"],"picked":"Spot Weakness","floor":12},{"not_picked":["True Grit","Feel No Pain"],"picked":"Armaments","floor":13},{"not_picked":["Warcry","Intimidate"],"picked":"True Grit","floor":14},{"not_picked":["Demon Form","Berserk"],"picked":"Fiend Fire","floor":16},{"not_picked":["Thunderclap","Metallicize"],"picked":"Power Through","floor":18},{"not_picked":["Burning Pact","Clash+1"],"picked":"Shrug It Off","floor":19},{"not_picked":["Warcry","Anger"],"picked":"Cleave","floor":21},{"not_picked":["Dropkick","Cleave"],"picked":"Shrug It Off","floor":24}],"player_experience":1650260,"relics_obtained":[{"floor":8,"key":"Juzu Bracelet"},{"floor":9,"key":"Bronze Scales"},{"floor":12,"key":"Boot"},{"floor":14,"key":"Darkstone Periapt"}],"event_choices":[{"damage_healed":22,"gold_gain":0,"player_choice":"Healed","damage_taken":0,"max_hp_gain":0,"max_hp_loss":0,"event_name":"The Cleric","floor":2,"gold_loss":35},{"damage_healed":0,"gold_gain":0,"player_choice":"Lose Max HP","damage_taken":0,"relics_obtained":["Golden Idol"],"max_hp_gain":0,"max_hp_loss":8,"event_name":"Golden Idol","floor":10,"gold_loss":0},{"damage_healed":0,"gold_gain":0,"player_choice":"Traded Relic","damage_taken":0,"relics_obtained":["Nloth\u0027s Gift"],"max_hp_gain":0,"max_hp_loss":0,"event_name":"N\u0027loth","floor":22,"relics_lost":["Toolbox"],"gold_loss":0}],"is_beta":false,"boss_relics":[{"not_picked":["Empty Cage","Pandora\u0027s Box"],"picked":"Fusion Hammer"}],"items_purged_floors":[],"is_endless":false,"potions_floor_spawned":[1,4,5,8,16,18],"killed_by":"Slavers","ascension_level":20}}