{"host":"5wf60zc4jjt9ov65","time":1609703082,"event":{"mods":["AchievementEnabler","BaseMod","Beaked The Cultist","Better Altar","Better Match","Better Note","Better Sensory Stone","Better Skull","Better Third Choice","BetterRewards","Colored Map","Colored Powertips","Downfall","Googly Eyes","Halation","Highlight Path","Hubris","Infinite Spire","Minty Spire (QoL Compilation)","Permanent Neow","Quick Restart","Replay The Spire","StSLib","The Bug Knight","The Construct"],"gold_per_floor":[113,129,129,148,4,35,35,51,99,49,20,48,48,67,67,170,170,156,168,168,187,187,187,44,63,110,121,121,136,136,153,153,153,153],"floor_reached":33,"playtime":2128,"items_purged":["Strike_B","hubris:Gluttony"],"score":259,"play_id":"4799dc24-f81e-47e3-9ecc-4970fd73a592","local_time":"20210103144442","is_ascension_mode":false,"campfire_choices":[{"floor":13.0,"key":"REST"},{"floor":15.0,"key":"REST"},{"floor":28.0,"key":"REST"},{"floor":30,"key":"REST"},{"floor":32,"key":"DIG"}],"circlet_count":0,"master_deck":["Strike_B+1","Strike_B","Defend_B","Defend_B","Zap+1","Dualcast+1","Chaos","Coolheaded+1","Defragment","Self Repair","Barrage","Consume","Tempest","Stack","Multi-Cast","Hologram","Panic Button","Electrodynamics","Storm","Redo+1","Biased Cognition","ReplayTheSpireMod:Calculation Training+1","Recycle"],"relics":["Cracked Core","Gremlin Food","Happy Flower","ReplayTheSpireMod:CursedCoin","Incense Burner","ChewingGum","Mango","hubris:HerbalPaste","infinitespire:Lucky Rock","HollowMod:PaleOreRelic"],"acts_visited":["Exordium","TheCity"],"potions_floor_usage":[29,33,33],"damage_taken":[{"damage":1.0,"enemies":"Small Slimes","floor":1.0,"turns":4.0},{"damage":0.0,"enemies":"2 Louse","floor":2.0,"turns":3.0},{"damage":0.0,"enemies":"Cultist","floor":4.0,"turns":3.0},{"damage":29.0,"enemies":"Lagavulin","floor":6.0,"turns":9.0},{"damage":11.0,"enemies":"2 Fungi Beasts","floor":8.0,"turns":4.0},{"damage":37.0,"enemies":"Gremlin Nob","floor":12.0,"turns":5.0},{"damage":22.0,"enemies":"Exordium Wildlife","floor":14.0,"turns":4.0},{"damage":29.0,"enemies":"Hexaghost","floor":16.0,"turns":12.0},{"damage":13.0,"enemies":"2 Thieves","floor":18.0,"turns":4.0},{"damage":1.0,"enemies":"Spheric Guardian","floor":19.0,"turns":3.0},{"damage":40.0,"enemies":"Shelled Parasite and Fungi","floor":21.0,"turns":11.0},{"damage":13.0,"enemies":"3 Cultists","floor":25.0,"turns":4.0},{"damage":14.0,"enemies":"Centurion and Healer","floor":27.0,"turns":4.0},{"damage":0,"enemies":"Cultist and Chosen","floor":29,"turns":2},{"damage":27,"enemies":"Snake Plant","floor":31,"turns":4},{"damage":78,"enemies":"Pondfish","floor":33,"turns":14}],"seed_played":"-1708346385381850696","potions_obtained":[{"floor":4.0,"key":"SpeedPotion"},{"floor":6.0,"key":"Adrenaline Potion"},{"floor":19.0,"key":"Guardian:BlockOnCardUsePotion"},{"floor":21.0,"key":"Strength Potion"},{"floor":27.0,"key":"Fire Potion"},{"floor":31,"key":"Elixir"}],"is_trial":false,"path_per_floor":["M","M","?","M","$","E","?","M","T","?","$","E","R","M","R","B",null,"M","M","?","M","T","?","$","M","T","M","R","M","R","M","R_BF","B"],"character_chosen":"DEFECT","items_purchased":["Self Repair","ReplayTheSpireMod:CursedCoin","Consume","hubris:HerbalPaste"],"campfire_rested":4,"item_purchase_floors":[5,11,11,24],"current_hp_per_floor":[74,74,74,74,74,52,52,48,48,48,48,18,40,25,47,25,75,69,68,68,35,49,49,49,49,49,41,67,70,89,72,72,0,0],"gold":153,"neow_bonus":"REMOVE_CARD","is_daily":false,"chose_seed":false,"campfire_upgraded":0,"win_rate":0.0,"timestamp":1609703082,"path_taken":["M","M","?","M","$","E","?","?","T","?","?","E","R","M","R","BOSS","M","M","?","?","?","?","?","M","T","M","R","M","R","M","R_BF","BOSS"],"items_purchased_type":["Card","Relic","Card","Relic"],"build_version":"2020-12-22","purchased_purges":2,"victory":false,"max_hp_per_floor":[75,75,75,75,75,75,75,75,75,75,75,75,75,75,75,75,75,75,75,75,75,89,89,89,89,89,89,89,89,89,89,89,89,89],"card_choices":[{"not_picked":["BasicCrystalCard","Gash"],"picked":"Chaos","floor":1.0},{"not_picked":["BootSequence","Beam Cell"],"picked":"Coolheaded","floor":2.0},{"not_picked":["Ball Lightning","Sweeping Beam"],"picked":"Defragment","floor":4.0},{"not_picked":["BasicCrystalCard","ReplaySort"],"picked":"Barrage","floor":6.0},{"not_picked":["ReplaySort","Barrage","ReplayTheSpireMod:GoodbyeWorld"],"picked":"SKIP","floor":8.0},{"not_picked":["Time Bomb","Static Discharge"],"picked":"Tempest","floor":12.0},{"not_picked":["Beam Cell","Turbo"],"picked":"Stack","floor":14.0},{"not_picked":["ReplayRNGCard","Fission"],"picked":"Multi-Cast","floor":16.0},{"not_picked":["Chaos","Stack+1"],"picked":"Hologram","floor":18.0},{"not_picked":["Streamline","Gash"],"picked":"Panic Button","floor":19.0},{"not_picked":["Barrage","BasicCrystalCard"],"picked":"Storm","floor":21.0},{"not_picked":["Go for the Eyes+1","Hello World"],"picked":"Biased Cognition","floor":25.0},{"not_picked":["Chaos+1","Turbo"],"picked":"ReplayTheSpireMod:Calculation Training+1","floor":27.0},{"not_picked":["ReplaySolidLightProjector","Barrage+1"],"picked":"Recycle","floor":29},{"not_picked":["Rip and Tear","Sweeping Beam","BasicCrystalCard"],"picked":"SKIP","floor":31}],"player_experience":19544,"relics_obtained":[{"floor":6.0,"key":"Gremlin Food"},{"floor":9.0,"key":"Happy Flower"},{"floor":12.0,"key":"Incense Burner"},{"floor":22.0,"key":"Mango"},{"floor":26.0,"key":"infinitespire:Lucky Rock"},{"floor":32,"key":"HollowMod:PaleOreRelic"}],"event_choices":[{"damage_healed":0.0,"max_hp_gain":0.0,"max_hp_loss":0.0,"gold_gain":0.0,"event_name":"Accursed Blacksmith","player_choice":"Forge","floor":7.0,"gold_loss":0.0,"damage_taken":0.0,"cards_upgraded":["Zap"]},{"cards_removed":["Defend_B"],"damage_healed":0.0,"max_hp_gain":0.0,"max_hp_loss":0.0,"gold_gain":0.0,"event_name":"The Cleric","player_choice":"Card Removal","floor":10.0,"gold_loss":50.0,"damage_taken":0.0},{"cards_removed":["Self Repair"],"damage_healed":0.0,"max_hp_gain":0.0,"max_hp_loss":0.0,"gold_gain":0.0,"event_name":"betterNote:BetterNote","player_choice":"Take \u0026 Give","floor":20.0,"gold_loss":0.0,"damage_taken":0.0,"cards_obtained":["Electrodynamics"]}],"is_beta":false,"boss_relics":[{"not_picked":["FrozenCore","Snecko Eye"],"picked":"ChewingGum"}],"items_purged_floors":[5,11],"is_endless":false,"potions_floor_spawned":[4,6,19,21,27,31],"killed_by":"Pondfish","ascension_level":0}}