{"host":"fmwbmnqnrup981we","time":1609699006,"event":{"mods":["AchievementEnabler","Act Like it!","BaseMod","Better Match","Better Note","Better Skull","Better Synergies","Better Third Choice","Better Vampires","Block Reminder","Curses Come First","Downfall","Duelist Mod","Elementarium","GungeonMod","HexUI Lib","HornydragonMod","Marked Mod","Minty Spire (QoL Compilation)","Pikachu Mod","Quick Restart","Relic Stats","SIMod","StSLib","The Bug Knight","The Death Knight","The Forsaken","The Marked","The Necromancer","The Runesmith","The Servant 0.9.4","The Wild Card","TheHero","TheVacant","TheVelvet","Transform Curses","Waifu the Spire","Yuri Mod","everything is the same but u backflip on backflip"],"gold_per_floor":[115,115,115,115,134,159,159,190,217,227,256,273,293,307,307,412,412,429,111,111,36,51,80,80,112,112,112,112,128,43,53,53,148,148,168,7,60,60,76,103,103,137,137,137,137],"floor_reached":44,"playtime":1631,"items_purged":["Strike_R","Strike_R"],"score":575,"play_id":"e138ece4-66dc-43e5-bae9-0c0b6a78ee53","local_time":"20210103183646","is_ascension_mode":true,"campfire_choices":[{"floor":15,"key":"RECALL"},{"floor":24,"key":"REST"},{"data":"theWildCard:Arsene","floor":32,"key":"SMITH"}],"circlet_count":0,"master_deck":["Strike_R","Defend_R","Defend_R","Bash","Flex","theWildCard:Arsene+1","Shrug It Off","Anger","Seeing Red+1","Flex+1","Juggernaut","Rampage+1","GreatAndPowerful+1","Flex+1","Clash","Rage+1","Carnage","Anger","Demon Form","Clash+1","Infernal Blade+1","Shrug It Off+1","Impatience+1","Metallicize","Dropkick+1","Metallicize","Metallicize+1"],"relics":["Black Blood","DemoMod:ClearGuonStone","Regal Pillow","Toxic Egg 2","Membership Card","Strawberry","Ancient Tea Set","Bottled Flame","Blue Candle","Bronze Scales","SacredBark","DemoMod:PartiallyEatenCheese","Boot","Bottled Lightning","Shovel","Potion Belt"],"acts_visited":["Exordium","TheCity","TheBeyond"],"potions_floor_usage":[11,16,16,33,33,37,40,44,44],"damage_taken":[{"damage":0,"enemies":"Small Slimes","floor":1,"turns":3},{"damage":6,"enemies":"Cultist","floor":5,"turns":3},{"damage":34,"enemies":"Gremlin Nob","floor":6,"turns":4},{"damage":41,"enemies":"Lagavulin","floor":8,"turns":6},{"damage":0,"enemies":"Jaw Worm","floor":10,"turns":3},{"damage":10,"enemies":"3 Sentries","floor":11,"turns":10},{"damage":0,"enemies":"Blue Slaver","floor":12,"turns":3},{"damage":5,"enemies":"Exordium Wildlife","floor":13,"turns":5},{"damage":0,"enemies":"Exordium Thugs","floor":14,"turns":3},{"damage":6,"enemies":"Hexaghost","floor":16,"turns":7},{"damage":11,"enemies":"Spheric Guardian","floor":18,"turns":4},{"damage":2,"enemies":"Chosen","floor":22,"turns":4},{"damage":42,"enemies":"Slavers","floor":23,"turns":5},{"damage":19,"enemies":"theDuelist:KaibaA2","floor":25,"turns":3},{"damage":6,"enemies":"Centurion and Healer","floor":29,"turns":5},{"damage":3,"enemies":"Snake Plant","floor":31,"turns":3},{"damage":44,"enemies":"Collector","floor":33,"turns":7},{"damage":12,"enemies":"3 Darklings","floor":35,"turns":4},{"damage":51,"enemies":"2 Orb Walkers","floor":37,"turns":5},{"damage":3,"enemies":"3 Shapes","floor":39,"turns":3},{"damage":40,"enemies":"Giant Head","floor":40,"turns":7},{"damage":55,"enemies":"Reptomancer","floor":42,"turns":8},{"damage":39,"enemies":"Giant Head","floor":44,"turns":7}],"seed_played":"-8104734206419781516","potions_obtained":[{"floor":5,"key":"Regen Potion"},{"floor":6,"key":"PowerPotion"},{"floor":8,"key":"Guardian:BlockOnCardUsePotion"},{"floor":11,"key":"BloodPotion"},{"floor":29,"key":"EssenceOfSteel"},{"floor":31,"key":"DeathKnight:RimePotion"},{"floor":35,"key":"SteroidPotion"},{"floor":39,"key":"DuplicationPotion"},{"floor":40,"key":"SpeedPotion"},{"floor":42,"key":"Explosive Potion"}],"is_trial":false,"path_per_floor":["M","?","?","?","M","E","?","E","T","M","E","M","M","M","R","B",null,"M","$","?","?","M","E","R","E","T","T","?","M","?","M","R","B",null,"M","$","?","?","M","E","T","E","T","E"],"character_chosen":"IRONCLAD","items_purchased":["Membership Card","GreatAndPowerful+1","Infernal Blade+1","Shrug It Off+1","Impatience+1"],"campfire_rested":1,"item_purchase_floors":[19,19,36,36,36],"current_hp_per_floor":[80,80,80,80,80,52,80,45,45,51,62,68,69,75,75,75,80,80,80,65,65,75,52,92,85,85,85,85,91,91,92,92,60,92,92,92,89,89,92,64,64,21,21,0,0],"gold":137,"neow_bonus":"REMOVE_CARD","is_daily":false,"chose_seed":false,"campfire_upgraded":1,"win_rate":0.0,"timestamp":1609699006,"path_taken":["M","?","?","?","?","E","?","E","T","M","E","?","M","M","R","BOSS","M","$","?","?","?","E","R","E","T","?","?","?","?","M","R","BOSS","M","$","?","?","M","E","?","E","T","E"],"items_purchased_type":["Relic","Card","Card","Card","Card"],"build_version":"2020-12-22","purchased_purges":2,"victory":false,"max_hp_per_floor":[80,80,80,80,80,80,80,80,80,80,80,80,80,80,80,80,80,80,80,85,85,85,92,92,92,92,92,92,92,92,92,92,92,92,92,92,92,92,92,92,92,92,92,92,92],"relic_stats":{"Regal Pillow":13,"Shovel":0,"counters":[23,112],"Blue Candle":[0],"Bronze Scales":[102],"Black Blood":183,"Boot":[4],"obtain_stats":[{"Potion Belt":43,"Regal Pillow":8,"Blue Candle":27,"SacredBark":34,"Black Blood":17,"DemoMod:PartiallyEatenCheese":37,"DemoMod:GlassGuonStoneRelic":6,"Ancient Tea Set":25,"Boot":40,"Burning Blood":0,"Bottled Flame":26,"Shovel":42,"Strawberry":23,"Bronze Scales":30,"Membership Card":19,"Bottled Lightning":41,"DemoMod:ClearGuonStone":6,"Toxic Egg 2":11},{"Potion Belt":22,"Regal Pillow":4,"Blue Candle":14,"SacredBark":17,"Black Blood":10,"DemoMod:PartiallyEatenCheese":19,"DemoMod:GlassGuonStoneRelic":3,"Ancient Tea Set":14,"Boot":21,"Burning Blood":0,"Bottled Flame":14,"Shovel":22,"Strawberry":13,"Bronze Scales":15,"Membership Card":11,"Bottled Lightning":21,"DemoMod:ClearGuonStone":3,"Toxic Egg 2":6},{"Potion Belt":105,"Regal Pillow":16,"Blue Candle":63,"SacredBark":78,"Black Blood":47,"DemoMod:PartiallyEatenCheese":87,"DemoMod:GlassGuonStoneRelic":10,"Ancient Tea Set":63,"Boot":97,"Burning Blood":0,"Bottled Flame":63,"Shovel":105,"Strawberry":60,"Bronze Scales":68,"Membership Card":51,"Bottled Lightning":97,"DemoMod:ClearGuonStone":10,"Toxic Egg 2":29}]},"card_choices":[{"not_picked":["Havoc","Rampage"],"picked":"Flex","floor":1},{"not_picked":["Clothesline","Entrench","Wild Strike"],"picked":"SKIP","floor":5},{"not_picked":["Wild Strike","Clothesline"],"picked":"Fire Breathing","floor":6},{"not_picked":["Clothesline","Headbutt"],"picked":"Shrug It Off","floor":8},{"not_picked":["Havoc","Power Through","Cleave"],"picked":"SKIP","floor":10},{"not_picked":["Dark Embrace","Body Slam"],"picked":"Anger","floor":11},{"not_picked":["Body Slam","Havoc+1"],"picked":"Seeing Red+1","floor":12},{"not_picked":["Searing Blow","Blood for Blood"],"picked":"Flex+1","floor":13},{"not_picked":["Perfected Strike","Warcry+1","Clothesline"],"picked":"SKIP","floor":14},{"not_picked":["Corruption","Limit Break+1"],"picked":"Juggernaut","floor":16},{"not_picked":["Dark Embrace","Shockwave+1"],"picked":"Rampage+1","floor":18},{"not_picked":["Body Slam","Hemokinesis"],"picked":"Flex+1","floor":22},{"not_picked":["Power Through+1","Cleave"],"picked":"Clash","floor":23},{"not_picked":["Hemokinesis+1","Dropkick"],"picked":"Rage+1","floor":25},{"not_picked":["Warcry+1","Fire Breathing"],"picked":"Anger","floor":29},{"not_picked":["Cleave","Sword Boomerang","Heavy Blade"],"picked":"SKIP","floor":31},{"not_picked":["Limit Break+1","Berserk"],"picked":"Demon Form","floor":33},{"not_picked":["Evolve","Warcry+1"],"picked":"Clash+1","floor":35},{"not_picked":["True Grit+1","Shockwave+1"],"picked":"Metallicize","floor":37},{"not_picked":["Dual Wield+1","Headbutt"],"picked":"Dropkick+1","floor":39},{"not_picked":["Battle Trance+1","Dual Wield+1"],"picked":"Metallicize","floor":40},{"not_picked":["Warcry+1","Offering+1"],"picked":"Metallicize+1","floor":42}],"player_experience":427853,"relics_obtained":[{"floor":6,"key":"DemoMod:ClearGuonStone"},{"floor":8,"key":"Regal Pillow"},{"floor":11,"key":"Toxic Egg 2"},{"floor":23,"key":"Strawberry"},{"floor":25,"key":"Ancient Tea Set"},{"floor":26,"key":"Bottled Flame"},{"floor":27,"key":"Blue Candle"},{"floor":37,"key":"DemoMod:PartiallyEatenCheese"},{"floor":40,"key":"Boot"},{"floor":41,"key":"Bottled Lightning"},{"floor":42,"key":"Shovel"},{"floor":43,"key":"Potion Belt"}],"event_choices":[{"cards_removed":["Defend_R"],"damage_healed":0,"gold_gain":0,"player_choice":"Purged","damage_taken":0,"max_hp_gain":0,"max_hp_loss":0,"event_name":"Purifier","floor":4,"gold_loss":0},{"cards_removed":["Fire Breathing"],"damage_healed":28,"gold_gain":0,"player_choice":"Offered Uncommon","damage_taken":0,"max_hp_gain":0,"max_hp_loss":0,"event_name":"Bonfire Elementals","floor":7,"gold_loss":0},{"damage_healed":0,"gold_gain":0,"player_choice":"Shed Blood","damage_taken":20,"max_hp_gain":5,"max_hp_loss":0,"event_name":"Forgotten Altar","floor":20,"gold_loss":0},{"cards_removed":["Defend_R"],"damage_healed":0,"gold_gain":0,"player_choice":"Gave Gold","damage_taken":0,"max_hp_gain":0,"max_hp_loss":0,"event_name":"Beggar","floor":21,"gold_loss":75},{"damage_healed":0,"gold_gain":0,"cards_transformed":["Strike_R"],"player_choice":"Transformed","damage_taken":0,"max_hp_gain":0,"max_hp_loss":0,"event_name":"Transmorgrifier","floor":28,"gold_loss":0,"cards_obtained":["Carnage"]},{"damage_healed":0,"gold_gain":0,"player_choice":"Obtained Relic","damage_taken":0,"relics_obtained":["Bronze Scales"],"max_hp_gain":0,"max_hp_loss":0,"event_name":"Addict","floor":30,"gold_loss":85},{"damage_healed":0,"gold_gain":0,"player_choice":"Fight","damage_taken":0,"max_hp_gain":0,"max_hp_loss":0,"event_name":"Mysterious Sphere","floor":37,"gold_loss":0}],"is_beta":false,"boss_relics":[{"not_picked":["Runic Dome","Sozu"],"picked":"Black Blood"},{"not_picked":["Mark of Pain","Cursed Key"],"picked":"SacredBark"}],"items_purged_floors":[19,36],"is_endless":false,"potions_floor_spawned":[5,6,8,11,13,29,31,35,39,40,42],"killed_by":"Giant Head","ascension_level":1}}