{"host":"rt0td7aa3g170xdl","time":1609649416,"event":{"mods":["2.2 Compatiblity","AchievementEnabler","BaseMod","Colored Map","DeckTracker","Keyboard Shortcuts","Minty Spire (QoL Compilation)","Permanent Neow","Quick Restart","SuperFastMode","everything is the same but u backflip on backflip"],"gold_per_floor":[118,131,56,69,84,84,100,100,176,176,189,189,89,89,89,215,215,228,228,268,268,292,292,335,86,86,110,110,134,180,195,195,326,326,340,404,419,283,299,299,318,318,393,393,409,438,216,240,240,240],"floor_reached":51,"playtime":2004,"items_purged":["Strike_R","Strike_R","Bludgeon+1","Strike_R"],"score":686,"play_id":"a199d4a1-3807-444f-b6e9-ae5dc22175cf","local_time":"20210103135016","is_ascension_mode":false,"campfire_choices":[{"data":"Uppercut","floor":6.0,"key":"SMITH"},{"data":"Inflame","floor":8.0,"key":"SMITH"},{"data":"Dual Wield","floor":12.0,"key":"SMITH"},{"data":"Pommel Strike","floor":15.0,"key":"SMITH"},{"data":"Bludgeon","floor":23.0,"key":"SMITH"},{"data":"Limit Break","floor":28.0,"key":"SMITH"},{"data":"Twin Strike","floor":32.0,"key":"SMITH"},{"data":"Inflame","floor":40,"key":"SMITH"},{"data":"1","floor":42,"key":"LIFT"},{"data":"2","floor":44,"key":"LIFT"},{"data":"3","floor":49,"key":"LIFT"}],"circlet_count":0,"master_deck":["Defend_R","Defend_R","Defend_R","Bash+1","Inflame+1","Uppercut+1","Dual Wield+1","Pommel Strike+1","Entrench+1","Disarm+1","Reaper+1","Shrug It Off","Limit Break+1","Inflame+1","Twin Strike+1","Pommel Strike+1","Headbutt+1","Sword Boomerang+1","Flex+1","Limit Break+1"],"relics":["Burning Blood","Meat on the Bone","Golden Idol","Astrolabe","Red Mask","Charon\u0027s Ashes","Membership Card","HornCleat","Happy Flower","Sozu","Girya","CeramicFish","Question Card","DollysMirror","Pen Nib"],"acts_visited":["Exordium","TheCity","TheBeyond"],"potions_floor_usage":[50],"damage_taken":[{"damage":5.0,"enemies":"Jaw Worm","floor":1.0,"turns":4.0},{"damage":0.0,"enemies":"Small Slimes","floor":2.0,"turns":3.0},{"damage":0.0,"enemies":"2 Louse","floor":4.0,"turns":2.0},{"damage":19.0,"enemies":"Exordium Thugs","floor":5.0,"turns":5.0},{"damage":9.0,"enemies":"Blue Slaver","floor":7.0,"turns":3.0},{"damage":7.0,"enemies":"Looter","floor":11.0,"turns":3.0},{"damage":55.0,"enemies":"Slime Boss","floor":16.0,"turns":12.0},{"damage":33.0,"enemies":"Spheric Guardian","floor":18.0,"turns":6.0},{"damage":73.0,"enemies":"Masked Bandits","floor":20.0,"turns":6.0},{"damage":22.0,"enemies":"Shell Parasite","floor":22.0,"turns":5.0},{"damage":40.0,"enemies":"Book of Stabbing","floor":24.0,"turns":7.0},{"damage":3.0,"enemies":"Snecko","floor":27.0,"turns":5.0},{"damage":52.0,"enemies":"Centurion and Healer","floor":29.0,"turns":8.0},{"damage":27.0,"enemies":"Snake Plant","floor":31.0,"turns":5.0},{"damage":52.0,"enemies":"Champ","floor":33.0,"turns":8.0},{"damage":14.0,"enemies":"3 Darklings","floor":35.0,"turns":5.0},{"damage":85.0,"enemies":"2 Orb Walkers","floor":36.0,"turns":6.0},{"damage":19.0,"enemies":"3 Shapes","floor":37.0,"turns":5.0},{"damage":48,"enemies":"Jaw Worm Horde","floor":39,"turns":5},{"damage":42,"enemies":"3 Darklings","floor":41,"turns":5},{"damage":1,"enemies":"4 Shapes","floor":45,"turns":3},{"damage":15,"enemies":"Writhing Mass","floor":46,"turns":4},{"damage":20,"enemies":"Jaw Worm Horde","floor":48,"turns":3},{"damage":12,"enemies":"Donu and Deca","floor":50,"turns":4}],"seed_played":"-4919443973926514091","potions_obtained":[{"floor":4.0,"key":"SkillPotion"},{"floor":7.0,"key":"SneckoOil"},{"floor":11.0,"key":"SpeedPotion"},{"floor":16.0,"key":"BloodPotion"},{"floor":22.0,"key":"SkillPotion"},{"floor":31.0,"key":"Block Potion"},{"floor":33.0,"key":"LiquidMemories"}],"is_trial":false,"path_per_floor":["M","M","$","M","M","R","M","R","T","?","M","R","$","?","R","B",null,"M","$","?","?","M","R","E","$","T","M","R","M","T","M","R","B",null,"M","?","M","?","M","R","M","R","T","R","M","M","$","M","R","B",null],"character_chosen":"IRONCLAD","items_purchased":["Membership Card","Inflame","DollysMirror","Pen Nib"],"campfire_rested":0,"item_purchase_floors":[25,25,47,47],"current_hp_per_floor":[80,80,80,80,67,67,64,64,64,44,55,55,55,60,60,23,85,58,58,27,85,69,69,47,47,47,71,71,78,78,79,79,51,85,82,51,56,56,55,55,31,31,31,31,48,51,51,85,85,79],"gold":240,"neow_bonus":"UPGRADE_CARD","is_daily":false,"chose_seed":false,"campfire_upgraded":8,"win_rate":0.0,"timestamp":1609649416,"path_taken":["M","M","$","M","M","R","M","R","T","?","M","R","$","?","R","BOSS","M","$","?","?","?","R","E","$","T","M","R","M","?","M","R","BOSS","M","?","M","?","M","R","M","R","T","R","M","M","$","?","R","BOSS"],"items_purchased_type":["Relic","Card","Relic","Relic"],"build_version":"2020-12-22","purchased_purges":4,"victory":true,"max_hp_per_floor":[80,80,80,80,80,80,80,80,80,80,80,80,80,85,85,85,85,85,85,85,85,85,85,85,85,85,85,85,85,85,85,85,85,85,85,85,85,85,85,85,85,85,85,85,85,85,85,85,85,85],"card_choices":[{"not_picked":["Pommel Strike","Anger"],"picked":"Inflame","floor":1.0},{"not_picked":["Iron Wave","Reckless Charge"],"picked":"Uppercut","floor":2.0},{"not_picked":["Rampage","Armaments","Warcry"],"picked":"SKIP","floor":4.0},{"not_picked":["Heavy Blade","Anger","Body Slam"],"picked":"SKIP","floor":5.0},{"not_picked":["Shrug It Off","Anger"],"picked":"Dual Wield","floor":7.0},{"not_picked":["Carnage","Whirlwind"],"picked":"Pommel Strike","floor":11.0},{"not_picked":["Juggernaut","Berserk"],"picked":"Bludgeon","floor":16.0},{"not_picked":["Body Slam","Feel No Pain","Anger"],"picked":"SKIP","floor":18.0},{"not_picked":["Fire Breathing+1","Perfected Strike"],"picked":"Shrug It Off","floor":22.0},{"not_picked":["Pommel Strike","Iron Wave"],"picked":"Limit Break","floor":24.0},{"not_picked":["Armaments","Wild Strike+1","Sever Soul"],"picked":"SKIP","floor":27.0},{"not_picked":["Havoc","Rampage","Bloodletting"],"picked":"SKIP","floor":29.0},{"not_picked":["Disarm+1","Warcry"],"picked":"Twin Strike","floor":31.0},{"not_picked":["Clash+1","Thunderclap+1"],"picked":"Pommel Strike+1","floor":35.0},{"not_picked":["Evolve","Second Wind"],"picked":"Headbutt+1","floor":36.0},{"not_picked":["Thunderclap","Uppercut+1"],"picked":"Sword Boomerang+1","floor":37.0},{"not_picked":["Corruption","Havoc+1","Shockwave"],"picked":"SKIP","floor":39},{"not_picked":["Iron Wave+1","Combust","Burning Pact"],"picked":"SKIP","floor":41},{"not_picked":["Havoc+1","Thunderclap+1","Wild Strike","Headbutt"],"picked":"SKIP","floor":45},{"not_picked":["Whirlwind+1","Pommel Strike+1","Shrug It Off+1"],"picked":"Flex+1","floor":46},{"not_picked":["Armaments","Burning Pact+1","Limit Break","Iron Wave"],"picked":"SKIP","floor":48}],"player_experience":315046,"relics_obtained":[{"floor":9.0,"key":"Meat on the Bone"},{"floor":20.0,"key":"Red Mask"},{"floor":24.0,"key":"Charon\u0027s Ashes"},{"floor":26.0,"key":"HornCleat"},{"floor":30.0,"key":"Happy Flower"},{"floor":36.0,"key":"Girya"},{"floor":43,"key":"Question Card"}],"event_choices":[{"damage_healed":0.0,"max_hp_gain":0.0,"max_hp_loss":0.0,"gold_gain":0.0,"event_name":"Golden Idol","player_choice":"Take Damage","floor":10.0,"gold_loss":0.0,"damage_taken":20.0,"relics_obtained":["Golden Idol"]},{"damage_healed":0.0,"max_hp_gain":5.0,"max_hp_loss":0.0,"gold_gain":0.0,"event_name":"Big Fish","player_choice":"Donut","floor":14.0,"gold_loss":0.0,"damage_taken":0.0},{"damage_healed":0.0,"max_hp_gain":0.0,"max_hp_loss":0.0,"gold_gain":0.0,"event_name":"Masked Bandits","player_choice":"Fought Bandits","floor":20.0,"gold_loss":0.0,"damage_taken":0.0},{"damage_healed":58.0,"max_hp_gain":0.0,"max_hp_loss":0.0,"gold_gain":0.0,"event_name":"Wheel of Change","player_choice":"Full Heal","floor":21.0,"gold_loss":0.0,"damage_taken":0.0},{"damage_healed":0.0,"max_hp_gain":0.0,"max_hp_loss":0.0,"gold_gain":0.0,"event_name":"Mysterious Sphere","player_choice":"Fight","floor":36.0,"gold_loss":0.0,"damage_taken":0.0},{"damage_healed":0.0,"max_hp_gain":0.0,"max_hp_loss":0.0,"gold_gain":0.0,"event_name":"WeMeetAgain","player_choice":"Paid Gold","floor":38.0,"gold_loss":136.0,"damage_taken":0.0,"relics_obtained":["CeramicFish"]}],"is_beta":false,"boss_relics":[{"not_picked":["SlaversCollar","SacredBark"],"picked":"Astrolabe"},{"not_picked":["Runic Pyramid","Empty Cage"],"picked":"Sozu"}],"items_purged_floors":[3,13,25,47],"is_endless":false,"potions_floor_spawned":[4,7,11,16,22,29,31,33,37,41,45],"ascension_level":0}}