{"host":"ppgxiu8l5yxvf2gn","time":1609674979,"event":{"mods":["BaseMod","CapriCore","KinomotoSakuraMod(ÙÊñýÜâ?)","Koishi","Marisa£¨Ùöéë¡¡Øª×âÞÞ£©","Minty Spire (QoL Compilation)","Prisma Mod","StSLib","Td1madao Mod","The Immortal","WarShipGirlsR/??á´Ò³R mod"],"gold_per_floor":[14,14,34,46,33,33,59,83,83,116,127,146,164,178,178,283,283,302,302,314,314,333,360,371,400,400,427,427,342,354,366,378,390,390,390],"floor_reached":33,"playtime":2264,"items_purged":[],"score":437,"play_id":"98e5bacc-60a7-4111-b719-c111a5521279","local_time":"20210103205619","is_ascension_mode":true,"campfire_choices":[{"floor":6,"key":"RECALL"},{"data":"MokouMod:Refresh","floor":15,"key":"SMITH"},{"data":"MokouMod:PhoenixForm","floor":28,"key":"SMITH"},{"data":"MokouMod:EnchantingBambooForest","floor":32,"key":"SMITH"}],"circlet_count":0,"master_deck":["MokouMod:Strike","MokouMod:Strike","MokouMod:Strike","MokouMod:Strike","MokouMod:Strike","MokouMod:Defend","MokouMod:HeatSpark","MokouMod:CrimsonFlare","MokouMod:HeatCyclone","MokouMod:BlazingComet","MokouMod:SearingBlow","MokouMod:PhoenixForm+1","MokouMod:ResoluteFlare","MokouMod:FujiyamaVolcano","MokouMod:BlazingComet","MokouMod:ResonanceReactor","MokouMod:CrimsonFlare","MokouMod:IndiscriminateIgnition","MokouMod:ScorchingColumn","MokouMod:Ember","MokouMod:Refresh+1","MokouMod:SpontaneousHumanCombustion","MokouMod:BurningDraft+1","MokouMod:Stoke","MokouMod:RoaringFlare","MokouMod:EnchantingBambooForest+1","MokouMod:AdaptivePyromancy","MokouMod:Ember","MokouMod:ScorchedEarth","Necronomicurse"],"relics":["MokouMod:PhoenixFeather","Sundial","Odd Mushroom","Du-Vu Doll","Sozu","Singing Bowl","Tiny Chest","Ornamental Fan","Bottled Lightning","Meat on the Bone","MawBank","Necronomicon"],"acts_visited":["Exordium","TheCity"],"potions_floor_usage":[27,33,33],"damage_taken":[{"damage":0,"enemies":"Small Slimes","floor":1,"turns":4},{"damage":6,"enemies":"2 Louse","floor":3,"turns":2},{"damage":15,"enemies":"Cultist","floor":4,"turns":4},{"damage":25,"enemies":"Exordium Thugs","floor":5,"turns":4},{"damage":31,"enemies":"Gremlin Nob","floor":7,"turns":5},{"damage":45,"enemies":"The Mushroom Lair","floor":8,"turns":5},{"damage":75,"enemies":"3 Sentries","floor":10,"turns":8},{"damage":36,"enemies":"3 Louse","floor":11,"turns":5},{"damage":21,"enemies":"2 Fungi Beasts","floor":12,"turns":3},{"damage":10,"enemies":"Looter","floor":13,"turns":2},{"damage":31,"enemies":"Blue Slaver","floor":14,"turns":4},{"damage":0,"enemies":"Slime Boss","floor":16,"turns":4},{"damage":10,"enemies":"Chosen","floor":18,"turns":2},{"damage":32,"enemies":"3 Byrds","floor":20,"turns":4},{"damage":12,"enemies":"3 Cultists","floor":22,"turns":4},{"damage":65,"enemies":"Book of Stabbing","floor":23,"turns":5},{"damage":42,"enemies":"Snake Plant","floor":24,"turns":4},{"damage":36,"enemies":"Gremlin Leader","floor":25,"turns":5},{"damage":61,"enemies":"Slavers","floor":27,"turns":5},{"damage":76,"enemies":"Champ","floor":33,"turns":9}],"seed_played":"8157569214153920255","potions_obtained":[{"floor":1,"key":"PowerPotion"},{"floor":4,"key":"Strength Potion"},{"floor":5,"key":"Ancient Potion"}],"is_trial":false,"path_per_floor":["M","?","M","M","M","R","E","?","T","E","M","M","M","M","R","B",null,"M","?","M","T","M","E","M","E","T","E","R","?","?","?","R","B"],"character_chosen":"MKU","items_purchased":[],"campfire_rested":0,"item_purchase_floors":[],"current_hp_per_floor":[75,75,9075,9060,9035,9035,9004,8959,8959,8884,8848,8827,8817,8786,8786,8786,9750,9740,9740,9708,9708,9696,9631,9589,9553,9553,9492,9492,9492,9492,9476,9476,9400,9400,9400],"gold":390,"neow_bonus":"TRANSFORM_TWO_CARDS","is_daily":false,"chose_seed":false,"campfire_upgraded":3,"win_rate":0.0,"timestamp":1609674979,"path_taken":["M","?","M","M","M","R","E","?","T","E","M","M","M","M","R","BOSS","M","?","?","?","M","E","M","E","T","E","R","?","?","?","R","BOSS"],"items_purchased_type":[],"build_version":"2020-12-22","purchased_purges":0,"victory":false,"max_hp_per_floor":[75,75,9750,9750,9750,9750,9750,9750,9750,9750,9750,9750,9750,9750,9750,9750,9750,9750,9750,9750,9750,9750,9750,9750,9750,9750,9750,9750,9750,9750,9750,9750,9750,9750,9750],"card_choices":[{"not_picked":["MokouMod:IgneousBlow","MokouMod:ShiftIgnition"],"picked":"MokouMod:BlazingComet","floor":1},{"not_picked":["MokouMod:AdaptivePyromancy","MokouMod:InfernalWave"],"picked":"MokouMod:PhoenixForm","floor":3},{"not_picked":["MokouMod:HeatTransfer","MokouMod:UncontrollableSolarReaction"],"picked":"MokouMod:ResoluteFlare","floor":4},{"not_picked":["MokouMod:Trailblazer","MokouMod:Overheat"],"picked":"MokouMod:FujiyamaVolcano","floor":5},{"not_picked":["MokouMod:Trailblazer","MokouMod:ThermalPressure"],"picked":"MokouMod:BlazingComet","floor":7},{"not_picked":["MokouMod:Stoke","MokouMod:ScorchingColumn"],"picked":"MokouMod:ResonanceReactor","floor":8},{"not_picked":["MokouMod:UncontrollableSolarReaction","MokouMod:Sear"],"picked":"MokouMod:CrimsonFlare","floor":10},{"not_picked":["MokouMod:Overheat","MokouMod:SubterraneanCore"],"picked":"MokouMod:IndiscriminateIgnition","floor":11},{"not_picked":["MokouMod:Combust","MokouMod:FlickeringFlame"],"picked":"MokouMod:ScorchingColumn","floor":12},{"not_picked":["MokouMod:CrimsonFlare","MokouMod:UncontrollableSolarReaction"],"picked":"MokouMod:Ember","floor":13},{"not_picked":["MokouMod:FlamingFireTalons","MokouMod:HeatCyclone"],"picked":"MokouMod:Refresh","floor":14},{"not_picked":["MokouMod:BurningHiddenBullet","MokouMod:Rekindle"],"picked":"MokouMod:SpontaneousHumanCombustion","floor":16},{"not_picked":["MokouMod:CrimsonFlare","MokouMod:FujiyamaVolcano"],"picked":"MokouMod:BurningDraft+1","floor":18},{"not_picked":["MokouMod:UncontrollableSolarReaction+1","MokouMod:Singe+1"],"picked":"MokouMod:Stoke","floor":20},{"not_picked":["MokouMod:ResoluteFlare","MokouMod:ThermalPressure"],"picked":"MokouMod:RoaringFlare","floor":22},{"not_picked":["MokouMod:Stoke","MokouMod:HeartofFire"],"picked":"MokouMod:EnchantingBambooForest","floor":23},{"not_picked":["MokouMod:BurningDraft","MokouMod:UncontrollableSolarReaction+1"],"picked":"MokouMod:AdaptivePyromancy","floor":24},{"not_picked":["MokouMod:CrimsonFlare","MokouMod:RoaringFlare"],"picked":"MokouMod:Ember","floor":25},{"not_picked":["MokouMod:Sear+1","MokouMod:IgneousBlow"],"picked":"MokouMod:ScorchedEarth","floor":27}],"player_experience":75565,"relics_obtained":[{"floor":7,"key":"Sundial"},{"floor":8,"key":"Odd Mushroom"},{"floor":10,"key":"Du-Vu Doll"},{"floor":21,"key":"Singing Bowl"},{"floor":23,"key":"Tiny Chest"},{"floor":25,"key":"Ornamental Fan"},{"floor":26,"key":"Bottled Lightning"},{"floor":27,"key":"Meat on the Bone"},{"floor":31,"key":"Necronomicon"}],"event_choices":[{"damage_healed":0,"gold_gain":0,"cards_transformed":["MokouMod:Defend"],"player_choice":"Change","damage_taken":0,"max_hp_gain":0,"max_hp_loss":0,"event_name":"Living Wall","floor":2,"gold_loss":0,"cards_obtained":["MokouMod:SearingBlow"]},{"damage_healed":0,"gold_gain":0,"player_choice":"Fought Mushrooms","damage_taken":0,"max_hp_gain":0,"max_hp_loss":0,"event_name":"Mushrooms","floor":8,"gold_loss":0},{"damage_healed":0,"gold_gain":0,"player_choice":"Got Potions","damage_taken":0,"max_hp_gain":0,"max_hp_loss":0,"event_name":"Lab","floor":19,"gold_loss":0},{"damage_healed":0,"gold_gain":0,"player_choice":"Obtained Relic","damage_taken":0,"relics_obtained":["MawBank"],"max_hp_gain":0,"max_hp_loss":0,"event_name":"Addict","floor":29,"gold_loss":85},{"damage_healed":0,"gold_gain":0,"player_choice":"Ignored","damage_taken":0,"max_hp_gain":0,"max_hp_loss":0,"event_name":"Ghosts","floor":30,"gold_loss":0},{"damage_healed":0,"gold_gain":0,"player_choice":"Obtained Book","damage_taken":16,"max_hp_gain":0,"max_hp_loss":0,"event_name":"Cursed Tome","floor":31,"gold_loss":0}],"is_beta":false,"boss_relics":[{"not_picked":["Empty Cage","Velvet Choker"],"picked":"Sozu"}],"items_purged_floors":[],"is_endless":false,"potions_floor_spawned":[1,4,5,8,13,18,20,23],"killed_by":"Champ","ascension_level":1}}