{"host":"w9yruvs4bqht6bhw","time":1609633513,"event":{"mods":["BaseMod","Colored Powertips","Minty Spire (QoL Compilation)"],"gold_per_floor":[118,128,128,2,36,36,61,10,35,46,57,57,72,92,92,188,188,204,204,56,70,83,83,103,103,157,157,157,157],"floor_reached":28,"playtime":1045,"items_purged":["Strike_R"],"score":300,"play_id":"ec51d523-41ae-48a0-aa0f-d99258f4e7ec","local_time":"20210102192513","is_ascension_mode":true,"campfire_choices":[{"floor":15,"key":"REST"},{"data":"Armaments","floor":23,"key":"SMITH"},{"data":"Anger","floor":25,"key":"SMITH"}],"circlet_count":0,"master_deck":["Strike_R","Strike_R","Strike_R","Defend_R","Defend_R","Defend_R","Defend_R","Bash","Juggernaut","Armaments+1","Feel No Pain","Dual Wield","Clothesline","Body Slam","Flame Barrier","Anger+1","Shrug It Off"],"relics":["Burning Blood","Red Skull","Happy Flower","Black Star","Boot","Oddly Smooth Stone","Omamori"],"acts_visited":["Exordium","TheCity"],"potions_floor_usage":[5,7,10,13,14,16,18,22,27],"damage_taken":[{"damage":10,"enemies":"Jaw Worm","floor":1,"turns":6},{"damage":6,"enemies":"Cultist","floor":2,"turns":5},{"damage":8,"enemies":"2 Louse","floor":5,"turns":2},{"damage":62,"enemies":"Gremlin Nob","floor":7,"turns":7},{"damage":6,"enemies":"Exordium Wildlife","floor":10,"turns":5},{"damage":3,"enemies":"Looter","floor":11,"turns":3},{"damage":0,"enemies":"2 Fungi Beasts","floor":13,"turns":3},{"damage":0,"enemies":"Large Slime","floor":14,"turns":8},{"damage":18,"enemies":"Slime Boss","floor":16,"turns":8},{"damage":11,"enemies":"Chosen","floor":18,"turns":5},{"damage":18,"enemies":"Spheric Guardian","floor":21,"turns":4},{"damage":14,"enemies":"Snake Plant","floor":22,"turns":5},{"damage":4,"enemies":"Snecko","floor":24,"turns":4},{"damage":25,"enemies":"Colosseum Slavers","floor":27,"turns":6},{"damage":10,"enemies":"Cultist and Chosen","floor":28,"turns":4}],"seed_played":"330226807272043616","potions_obtained":[{"floor":5,"key":"BlessingOfTheForge"},{"floor":10,"key":"Fire Potion"},{"floor":13,"key":"HeartOfIron"},{"floor":14,"key":"Ancient Potion"},{"floor":16,"key":"Dexterity Potion"},{"floor":21,"key":"BlessingOfTheForge"},{"floor":24,"key":"Strength Potion"}],"is_trial":false,"path_per_floor":["M","M","?","$","M","?","E","$","T","M","M","?","M","M","R","B",null,"M","?","$","M","M","R","M","R","T","?","M"],"character_chosen":"IRONCLAD","items_purchased":["ColorlessPotion","Fire Potion","Oddly Smooth Stone"],"campfire_rested":1,"item_purchase_floors":[4,8,20],"current_hp_per_floor":[68,68,68,68,66,66,10,10,10,10,13,13,19,25,49,37,69,64,64,64,52,44,44,46,46,46,27,17,17],"gold":157,"neow_bonus":"ONE_RANDOM_RARE_CARD","is_daily":false,"chose_seed":false,"campfire_upgraded":2,"win_rate":0.0,"timestamp":1609633513,"path_taken":["M","M","?","$","?","?","E","$","T","M","?","?","M","M","R","BOSS","M","?","$","M","M","R","M","R","T","?","M"],"items_purchased_type":["Potion","Potion","Relic"],"build_version":"2020-12-22","purchased_purges":1,"victory":false,"max_hp_per_floor":[80,80,80,80,80,80,80,80,80,80,80,80,80,80,80,80,80,80,80,80,80,80,80,80,80,80,80,80,80],"card_choices":[{"not_picked":["Perfected Strike","Ghostly Armor"],"picked":"Armaments","floor":1},{"not_picked":["Pommel Strike","Disarm"],"picked":"Feel No Pain","floor":2},{"not_picked":["Seeing Red","Infernal Blade"],"picked":"Dual Wield","floor":5},{"not_picked":["Cleave","Heavy Blade","Disarm"],"picked":"SKIP","floor":7},{"not_picked":["Thunderclap","Perfected Strike"],"picked":"Body Slam","floor":10},{"not_picked":["Clothesline","Body Slam"],"picked":"Flame Barrier","floor":11},{"not_picked":["Perfected Strike","Double Tap","Flame Barrier"],"picked":"SKIP","floor":13},{"not_picked":["Armaments","Twin Strike"],"picked":"Anger","floor":14},{"not_picked":["Havoc+1","Battle Trance","Clothesline"],"picked":"SKIP","floor":18},{"not_picked":["Thunderclap","Dropkick"],"picked":"Shrug It Off","floor":21},{"not_picked":["Havoc","Battle Trance","Infernal Blade"],"picked":"SKIP","floor":22},{"not_picked":["Havoc","Second Wind+1","Dark Embrace+1"],"picked":"SKIP","floor":24}],"player_experience":278301,"relics_obtained":[{"floor":7,"key":"Red Skull"},{"floor":9,"key":"Happy Flower"},{"floor":26,"key":"Omamori"}],"event_choices":[{"damage_healed":0,"gold_gain":0,"player_choice":"Ignored","damage_taken":0,"max_hp_gain":0,"max_hp_loss":0,"event_name":"WeMeetAgain","floor":3,"gold_loss":0},{"damage_healed":0,"gold_gain":0,"cards_transformed":["Strike_R"],"player_choice":"Transformed","damage_taken":0,"max_hp_gain":0,"max_hp_loss":0,"event_name":"Transmorgrifier","floor":6,"gold_loss":0,"cards_obtained":["Clothesline"]},{"damage_healed":0,"gold_gain":0,"player_choice":"Fled","damage_taken":0,"max_hp_gain":0,"max_hp_loss":0,"event_name":"Scrap Ooze","floor":12,"gold_loss":0},{"damage_healed":0,"gold_gain":0,"player_choice":"Opened","damage_taken":0,"relics_obtained":["Boot"],"max_hp_gain":0,"max_hp_loss":0,"event_name":"The Mausoleum","floor":19,"gold_loss":0},{"damage_healed":0,"gold_gain":0,"player_choice":"Fight","damage_taken":0,"max_hp_gain":0,"max_hp_loss":0,"event_name":"Colosseum","floor":27,"gold_loss":0},{"damage_healed":0,"gold_gain":0,"player_choice":"Fled From Nobs","damage_taken":0,"max_hp_gain":0,"max_hp_loss":0,"event_name":"Colosseum","floor":27,"gold_loss":0}],"is_beta":false,"boss_relics":[{"not_picked":["Runic Cube","Ectoplasm"],"picked":"Black Star"}],"items_purged_floors":[4],"is_endless":false,"potions_floor_spawned":[5,10,13,14,16,21,24],"killed_by":"Cultist and Chosen","ascension_level":7}}