{"host":"zls4lyfcaficqj9z","time":1609716559,"event":{"mods":["BaseMod","Better Vampires","ChefMod","Dio Mod","Downfall","Evolution","Grow up Mod","GungeonMod","Magitek Elite","Melee Mod","Minty Spire (QoL Compilation)","StSLib","The Edgeheg","The Florist","The Necromancer","The Saiyan","Uncapped","Waifu the Spire"],"gold_per_floor":[99,115,125,125,140,151,175,107,107,133,148,169,169,183,199,301,301,301,319,337,352,364,393,393,407,407,91,111,132,142,168,188,285,285,285,303,315,334,351,373,421,441,441,441,476,490,490,515,530,530],"floor_reached":51,"playtime":5662,"items_purged":["DemoMod:Strike_Huntress","DemoMod:Defend_Huntress"],"score":1043,"play_id":"a141f9e8-26da-463e-8ceb-65e6639cc0bd","local_time":"20210103172919","is_ascension_mode":false,"campfire_choices":[{"data":"DemoMod:RustySidearm","floor":1,"key":"SMITH"},{"data":"DemoMod:TripleGun","floor":9,"key":"SMITH"},{"data":"DemoMod:StickyCrossBow","floor":13,"key":"SMITH"},{"data":"DemoMod:MegaHand","floor":18,"key":"SMITH"},{"data":"DemoMod:ShadowBullets","floor":26,"key":"SMITH"},{"data":"DemoMod:LifeOrb","floor":35,"key":"SMITH"},{"data":"DemoMod:TeaPot","floor":44,"key":"SMITH"},{"data":"DemoMod:StickyCrossBow","floor":47,"key":"SMITH"}],"circlet_count":0,"master_deck":["DemoMod:Strike_Huntress","DemoMod:Strike_Huntress","DemoMod:Defend_Huntress","DemoMod:Defend_Huntress","DemoMod:Roll","DemoMod:ManualReload","DemoMod:RustySidearm+1","DemoMod:CrossBow","DemoMod:HighKaliber","DemoMod:SAA","DemoMod:HuntsMan","DemoMod:DoubleSwitch","DemoMod:TripleGun+1","DemoMod:PotionOfGunFriendShip","DemoMod:MegaHand+1","DemoMod:StickyCrossBow+1","DemoMod:Ejector","DemoMod:HuntsMan","DemoMod:ProbeStrike","DemoMod:ThirdPartyController","DemoMod:SniperShot","DemoMod:BoxingGlove+1","DemoMod:PotionOfGunFriendShip+1","DemoMod:StickyCrossBow+1","DemoMod:ShadowBullets+1","DemoMod:StickyCrossBow+1","DemoMod:JK47","DemoMod:SniperShot","DemoMod:Slinger","DemoMod:LifeOrb+1","DemoMod:TableSutra","DemoMod:TeaPot+1","DemoMod:BattleInHaste+1","DemoMod:FullFirepower","DemoMod:HighKaliber+1","DemoMod:HardPowerCard","DemoMod:LifeOrb+1","DemoMod:ShadowBullets","DemoMod:SniperShot+1","DemoMod:StickyCrossBow","DemoMod:StickyCrossBow","DemoMod:TripleGun","expansioncontent:DefensiveStance","expansioncontent:Sear","expansioncontent:DefensiveMode","DemoMod:BattleInHaste","DemoMod:DoubleVision","DemoMod:StickyCrossBow+1"],"relics":["DemoMod:Dog","EVO:Axolotl","Orichalcum","PreservedInsect","Bottled Lightning","DemoMod:Wolf","DemoMod:GreenGuonStone","DemoMod:PinkGuonStone","Regal Pillow","SlaversCollar","DemoMod:RedGuonStone","Juzu Bracelet","Pantograph","DemoMod:MonsterBlood"],"acts_visited":["Exordium","TheCity","TheBeyond"],"potions_floor_usage":[6,14,16,19,20,21,25,27,32,32,36,40,46,46,48,49,50],"damage_taken":[{"damage":0,"enemies":"2 Louse","floor":2,"turns":2},{"damage":0,"enemies":"Cultist","floor":3,"turns":2},{"damage":7,"enemies":"Small Slimes","floor":5,"turns":3},{"damage":0,"enemies":"2 Fungi Beasts","floor":6,"turns":3},{"damage":2,"enemies":"downfall:FleeingMerchant","floor":8,"turns":4},{"damage":28,"enemies":"3 Sentries","floor":10,"turns":7},{"damage":0,"enemies":"3 Louse","floor":11,"turns":3},{"damage":5,"enemies":"Lots of Slimes","floor":12,"turns":4},{"damage":6,"enemies":"2 Fungi Beasts","floor":14,"turns":3},{"damage":0,"enemies":"3 Louse","floor":15,"turns":3},{"damage":64,"enemies":"downfall:Ironclad","floor":16,"turns":8},{"damage":0,"enemies":"Chosen","floor":19,"turns":2},{"damage":9,"enemies":"3 Byrds","floor":20,"turns":4},{"damage":12,"enemies":"Centurion and Healer","floor":21,"turns":5},{"damage":10,"enemies":"Snake Plant","floor":22,"turns":2},{"damage":12,"enemies":"Gremlin Leader","floor":23,"turns":4},{"damage":12,"enemies":"Shelled Parasite and Fungi","floor":25,"turns":4},{"damage":0,"enemies":"downfall:FleeingMerchant","floor":27,"turns":4},{"damage":9,"enemies":"Centurion and Healer","floor":28,"turns":5},{"damage":16,"enemies":"3 Cultists","floor":29,"turns":5},{"damage":20,"enemies":"Sentry and Sphere","floor":30,"turns":4},{"damage":11,"enemies":"Shelled Parasite and Fungi","floor":32,"turns":4},{"damage":28,"enemies":"downfall:Watcher","floor":33,"turns":7},{"damage":0,"enemies":"Orb Walker","floor":36,"turns":3},{"damage":4,"enemies":"downfall:FleeingMerchant","floor":37,"turns":3},{"damage":0,"enemies":"3 Shapes","floor":38,"turns":2},{"damage":15,"enemies":"3 Darklings","floor":39,"turns":3},{"damage":9,"enemies":"Jaw Worm Horde","floor":40,"turns":4},{"damage":22,"enemies":"Spire Growth","floor":42,"turns":5},{"damage":14,"enemies":"Reptomancer","floor":45,"turns":5},{"damage":2,"enemies":"3 Darklings","floor":46,"turns":5},{"damage":10,"enemies":"Giant Head","floor":48,"turns":6},{"damage":46,"enemies":"Jaw Worm Horde","floor":49,"turns":6},{"damage":47,"enemies":"downfall:Defect","floor":50,"turns":6}],"seed_played":"9123116885574807853","potions_obtained":[{"floor":2,"key":"Swift Potion"},{"floor":3,"key":"Block Potion"},{"floor":5,"key":"sneckomod:MuddlingPotion"},{"floor":12,"key":"AttackPotion"},{"floor":15,"key":"FearPotion"},{"floor":16,"key":"ColorlessPotion"},{"floor":23,"key":"Regen Potion"},{"floor":25,"key":"Explosive Potion"},{"floor":29,"key":"Strength Potion"},{"floor":30,"key":"Block Potion"},{"floor":32,"key":"EssenceOfSteel"},{"floor":33,"key":"AttackPotion"},{"floor":36,"key":"sneckomod:MuddlingPotion"},{"floor":39,"key":"EssenceOfSteel"},{"floor":40,"key":"AttackPotion"},{"floor":45,"key":"AttackPotion"},{"floor":48,"key":"SpeedPotion"},{"floor":49,"key":"DemoMod:LeadSkinPotion"}],"is_trial":false,"path_per_floor":["R","M","M","?","M","M","T","$","R","E","M","M","R","M","M","B",null,"R","M","M","M","M","E","T","M","R","$","M","M","M","T","M","B",null,"R","M","$","M","M","M","T","M","?","R","E","M","R","E","M","B",null],"character_chosen":"HUNTRESS","items_purchased":["DemoMod:PotionOfGunFriendShip","DemoMod:SniperShot","DemoMod:Slinger","DemoMod:RedGuonStone","DemoMod:ShadowBullets"],"campfire_rested":0,"item_purchase_floors":[8,27,27,37,37],"current_hp_per_floor":[97,107,117,127,130,140,150,158,168,150,160,165,175,179,189,135,257,267,277,278,276,276,274,291,298,308,318,325,319,309,319,318,300,434,444,454,460,470,469,470,480,468,468,478,474,482,492,505,475,463],"gold":530,"neow_bonus":"TEN_PERCENT_HP_BONUS","is_daily":false,"chose_seed":false,"campfire_upgraded":8,"win_rate":0.0,"timestamp":1609716559,"path_taken":["R","M","M","?","M","M","T","$","R","E","M","M","R","M","M","BOSS","R","M","M","M","M","E","T","M","R","$","M","M","M","?","M","BOSS","R","M","$","M","M","M","T","M","?","R","E","M","R","E","M","BOSS"],"items_purchased_type":["Card","Card","Card","Relic","Card"],"build_version":"2020-12-22","purchased_purges":2,"victory":true,"max_hp_per_floor":[97,107,117,127,137,147,157,167,177,187,197,207,217,227,237,247,257,267,277,287,297,307,317,334,344,354,364,374,384,394,404,414,424,434,444,454,464,474,484,494,504,514,524,534,544,554,564,581,591,601],"card_choices":[{"not_picked":["DemoMod:GunShield","DemoMod:HungryBullets"],"picked":"DemoMod:HighKaliber","floor":2},{"not_picked":["DemoMod:SniperShot","DemoMod:ShadowBullets"],"picked":"DemoMod:SAA","floor":3},{"not_picked":["DemoMod:Purify","DemoMod:ConditionalReflex"],"picked":"DemoMod:HuntsMan","floor":5},{"not_picked":["DemoMod:GunstockTap","DemoMod:AC15"],"picked":"DemoMod:DoubleSwitch","floor":6},{"not_picked":["DemoMod:FastSwitch","DemoMod:Unity"],"picked":"DemoMod:TripleGun","floor":8},{"not_picked":["DemoMod:EasyReloadBullets","DemoMod:StickyCrossBow"],"picked":"DemoMod:MegaHand","floor":10},{"not_picked":["DemoMod:BalloonGun","DemoMod:SkilledReload"],"picked":"DemoMod:StickyCrossBow","floor":11},{"not_picked":["DemoMod:HuntsMan","DemoMod:RadGun"],"picked":"DemoMod:Ejector","floor":12},{"not_picked":["DemoMod:GunstockTap","DemoMod:Ejector"],"picked":"DemoMod:HuntsMan","floor":14},{"not_picked":["DemoMod:CursedBullets","DemoMod:AC15"],"picked":"DemoMod:ProbeStrike","floor":15},{"not_picked":["DemoMod:BlackHoleGun","DemoMod:DoubleVision"],"picked":"DemoMod:ThirdPartyController","floor":16},{"not_picked":["DemoMod:HighKaliber","DemoMod:AC15"],"picked":"DemoMod:SniperShot","floor":19},{"not_picked":["DemoMod:Ejector+1","DemoMod:HardPowerCard+1"],"picked":"DemoMod:BoxingGlove+1","floor":20},{"not_picked":["DemoMod:SkilledReload+1","DemoMod:FastSwitch"],"picked":"DemoMod:PotionOfGunFriendShip+1","floor":21},{"not_picked":["DemoMod:EasyReloadBullets+1","DemoMod:HuntsMan+1"],"picked":"DemoMod:StickyCrossBow","floor":22},{"not_picked":["DemoMod:HardPowerCard","DemoMod:Polaris"],"picked":"DemoMod:ShadowBullets","floor":23},{"not_picked":["DemoMod:BattleInHaste","DemoMod:HardPowerCard"],"picked":"DemoMod:StickyCrossBow+1","floor":25},{"not_picked":["DemoMod:GunShield+1","DemoMod:Unmoved"],"picked":"DemoMod:JK47","floor":27},{"not_picked":["DemoMod:FullFirepower","DemoMod:Ejector"],"picked":"DemoMod:LifeOrb","floor":28},{"not_picked":["DemoMod:DirectionalPad","DemoMod:ConditionalReflex"],"picked":"DemoMod:TableSutra","floor":29},{"not_picked":["DemoMod:CombinedRifle+1","DemoMod:BattleInHaste"],"picked":"DemoMod:TeaPot","floor":30},{"not_picked":["DemoMod:ProbeStrike","DemoMod:Ejector"],"picked":"DemoMod:BattleInHaste+1","floor":32},{"not_picked":["DemoMod:BlackHoleGun","DemoMod:BulletBore"],"picked":"DemoMod:FullFirepower","floor":33},{"not_picked":["DemoMod:BalloonGun","DemoMod:CursedBullets+1"],"picked":"DemoMod:HighKaliber+1","floor":36},{"not_picked":["DemoMod:DoubleSwitch+1","DemoMod:GunstockTap+1"],"picked":"DemoMod:HardPowerCard","floor":36},{"not_picked":["DemoMod:BlackHoleGun","DemoMod:Purify+1"],"picked":"DemoMod:LifeOrb+1","floor":37},{"not_picked":["DemoMod:SAA","DemoMod:MachoBrace"],"picked":"DemoMod:SniperShot+1","floor":38},{"not_picked":["DemoMod:BattleInHaste","DemoMod:AbyssalTentacle+1"],"picked":"DemoMod:StickyCrossBow","floor":39},{"not_picked":["DemoMod:SAA+1","DemoMod:BoxingGlove"],"picked":"DemoMod:StickyCrossBow","floor":40},{"not_picked":["DemoMod:DirectionalPad+1","DemoMod:FastSwitch+1"],"picked":"DemoMod:TripleGun","floor":42},{"not_picked":["expansioncontent:GoopSpray","expansioncontent:PrepareCrush"],"picked":"expansioncontent:DefensiveStance","floor":43},{"not_picked":["expansioncontent:GuardianWhirl","expansioncontent:TimeRipple"],"picked":"expansioncontent:Sear","floor":43},{"not_picked":["expansioncontent:AwakenDeath","expansioncontent:SlimeTackle"],"picked":"expansioncontent:DefensiveMode","floor":43},{"not_picked":["DemoMod:BoxingGlove","DemoMod:SAA+1","DemoMod:BlackHoleGun"],"picked":"SKIP","floor":45},{"not_picked":["DemoMod:Ejector","DemoMod:AC15"],"picked":"DemoMod:BattleInHaste","floor":46},{"not_picked":["DemoMod:FortunesFavor+1","DemoMod:DirectionalPad+1"],"picked":"DemoMod:DoubleVision","floor":48},{"not_picked":["DemoMod:BoxingGlove+1","DemoMod:FastSwitch"],"picked":"DemoMod:StickyCrossBow+1","floor":49}],"player_experience":144395,"relics_obtained":[{"floor":2,"key":"Orichalcum"},{"floor":7,"key":"PreservedInsect"},{"floor":10,"key":"Bottled Lightning"},{"floor":23,"key":"DemoMod:GreenGuonStone"},{"floor":24,"key":"DemoMod:PinkGuonStone"},{"floor":31,"key":"Regal Pillow"},{"floor":41,"key":"Juzu Bracelet"},{"floor":45,"key":"Pantograph"},{"floor":48,"key":"DemoMod:MonsterBlood"}],"event_choices":[{"cards_removed":["DemoMod:Defend_Huntress"],"damage_healed":0,"gold_gain":0,"player_choice":"Purged","damage_taken":0,"max_hp_gain":0,"max_hp_loss":0,"event_name":"Purifier","floor":4,"gold_loss":0}],"is_beta":false,"boss_relics":[{"not_picked":["Sozu","Empty Cage"],"picked":"DemoMod:Wolf"},{"not_picked":["Runic Dome","Snecko Eye"],"picked":"SlaversCollar"}],"items_purged_floors":[27,37],"is_endless":false,"potions_floor_spawned":[2,3,5,12,15,16,23,25,29,30,32,33,36,39,40,45,48,49],"ascension_level":0}}