{"host":"hca6liskeo7s99fa","time":1609640729,"event":{"mods":["BaseMod","Downfall","Hermit","Minty Spire (QoL Compilation)","Replay The Spire","StSLib","The Cursed","The Dragon Tamer","The Servant 0.9.4"],"gold_per_floor":[99,99,199,50,50,50,50,50,61,124,124,142,160,192,210,308,308,372,389,408,408,421,421,421,316,329,329,344,359,359,359,379,379,379,379],"floor_reached":33,"playtime":3926,"items_purged":[],"score":247,"play_id":"1fda54b3-44cf-4376-a26d-383b661451bb","local_time":"20210102212529","is_ascension_mode":false,"campfire_choices":[{"data":"champ:Taunt","floor":6,"key":"SMITH"},{"data":"champ:FanOfKnives","floor":8,"key":"SMITH"},{"data":"champ:CrownThrow","floor":23,"key":"SMITH"},{"data":"champ:SteelEdge","floor":30,"key":"SMITH"}],"circlet_count":0,"master_deck":["champ:Strike","champ:Strike","champ:Strike","champ:Strike","champ:Defend","champ:Defend","champ:Defend","champ:Defend","champ:Execute","champ:Taunt+1","Regret","champ:FanOfKnives+1","champ:AdrenalArmor","champ:RecklessLeap","champ:CrownThrow+1","champ:FlashCut","champ:Backstep","champ:CrookedStrike","champ:BringItOn","champ:FlashCut","champ:ShieldThrow","champ:ArenaPreparation","champ:StanceDance+1","champ:GladiatorsShout","champ:HeartStrike","champ:BringItOn","champ:SteelEdge+1","Writhe","champ:Backstep+1","champ:StanceDance+1","champ:Shatter"],"relics":["champ:ChampionCrownUpgraded","downfall:HeartsMalice","Chameleon Ring","Tiny Chest","CaptainsWheel","Toy Ornithopter","Lantern","Incense Burner","HornCleat","ReplayTheSpireMod:Lightbulb","Golden Egg"],"acts_visited":["Exordium","TheCity"],"potions_floor_usage":[14,14,14,16,29,33,33],"damage_taken":[{"damage":0,"enemies":"Small Slimes","floor":2,"turns":1},{"damage":0,"enemies":"downfall:FleeingMerchant","floor":4,"turns":1},{"damage":0,"enemies":"2 Louse","floor":5,"turns":1},{"damage":18,"enemies":"Cultist","floor":9,"turns":2},{"damage":35,"enemies":"Lagavulin Event","floor":10,"turns":5},{"damage":13,"enemies":"Lots of Slimes","floor":12,"turns":3},{"damage":34,"enemies":"Exordium Thugs","floor":13,"turns":5},{"damage":44,"enemies":"Lagavulin","floor":14,"turns":7},{"damage":19,"enemies":"Blue Slaver","floor":15,"turns":3},{"damage":82,"enemies":"downfall:Silent","floor":16,"turns":11},{"damage":27,"enemies":"Chosen","floor":19,"turns":4},{"damage":66,"enemies":"Shell Parasite","floor":20,"turns":5},{"damage":20,"enemies":"Snecko","floor":22,"turns":4},{"damage":41,"enemies":"downfall:FleeingMerchant","floor":25,"turns":4},{"damage":32,"enemies":"Sentry and Sphere","floor":26,"turns":3},{"damage":66,"enemies":"Cultist and Chosen","floor":28,"turns":7},{"damage":28,"enemies":"Shelled Parasite and Fungi","floor":29,"turns":3},{"damage":24,"enemies":"Sentry and Sphere","floor":32,"turns":3},{"damage":49,"enemies":"downfall:Defect","floor":33,"turns":5}],"seed_played":"1933667291864050050","potions_obtained":[{"floor":10,"key":"Strength Potion"},{"floor":12,"key":"Weak Potion"},{"floor":13,"key":"Block Potion"},{"floor":15,"key":"Elixir"},{"floor":20,"key":"LiquidBronze"},{"floor":28,"key":"ColorlessPotion"},{"floor":29,"key":"Reflective Coating"}],"is_trial":false,"path_per_floor":["R","M","?","$","M","R","T","R","M","?","?","M","M","E","M","B",null,"R","M","M","T","M","R","T","$","M","?","M","M","R","T","M","B"],"character_chosen":"THE_CHAMP","items_purchased":["Tiny Chest","champ:HeartStrike","champ:BringItOn"],"campfire_rested":0,"item_purchase_floors":[4,25,25],"current_hp_per_floor":[90,90,90,90,90,90,90,90,87,81,76,67,58,58,56,10,90,90,87,68,68,67,67,67,67,61,61,33,31,31,31,31,0,0,0],"gold":379,"neow_bonus":"THREE_ENEMY_KILL","is_daily":false,"chose_seed":false,"campfire_upgraded":4,"win_rate":0.0,"timestamp":1609640729,"path_taken":["R","M","?","$","M","R","T","R","M","?","?","?","M","E","M","BOSS","R","M","M","?","M","R","T","?","M","?","M","?","R","?","M","BOSS"],"items_purchased_type":["Relic","Card","Card"],"build_version":"2020-12-22","purchased_purges":0,"victory":false,"max_hp_per_floor":[90,90,90,90,90,90,90,90,90,90,90,90,90,90,90,90,90,90,90,90,90,90,90,90,90,90,90,90,90,90,90,90,90,90,90],"card_choices":[{"not_picked":["champ:BringItOn","champ:Haymaker"],"picked":"champ:FanOfKnives","floor":2},{"not_picked":["champ:Backstep","champ:GladiatorsShout"],"picked":"champ:AdrenalArmor","floor":4},{"not_picked":["champ:Circumvent","champ:FlashCut"],"picked":"champ:RecklessLeap","floor":5},{"not_picked":["champ:FocusedGladiator","champ:FlashCut"],"picked":"champ:CrownThrow","floor":9},{"not_picked":["champ:FalseCounter","champ:Circumvent"],"picked":"champ:FlashCut","floor":10},{"not_picked":["champ:CrookedStrike","champ:BladeFlurry"],"picked":"champ:Backstep","floor":12},{"not_picked":["champ:ShieldWall","champ:DefensiveStyle"],"picked":"champ:CrookedStrike","floor":13},{"not_picked":["champ:DefensiveShout","champ:SkillfulDodge"],"picked":"champ:BringItOn","floor":14},{"not_picked":["champ:Backstep","champ:CrookedStrike"],"picked":"champ:FlashCut","floor":15},{"not_picked":["champ:Improvising","champ:ShieldSlam"],"picked":"champ:ShieldThrow","floor":16},{"not_picked":["champ:DeathBlow","champ:BringItOn"],"picked":"champ:ArenaPreparation","floor":19},{"not_picked":["champ:Riposte","champ:BerserkerStyle","champ:BerserkersShout"],"picked":"SKIP","floor":20},{"not_picked":["champ:Backstep+1","champ:FocusedDefense"],"picked":"champ:StanceDance+1","floor":22},{"not_picked":["champ:BringItOn","champ:BladeFlurry"],"picked":"champ:GladiatorsShout","floor":25},{"not_picked":["champ:GutPunch","champ:FaceSlap"],"picked":"champ:SteelEdge","floor":26},{"not_picked":["champ:CrookedStrike","champ:ViciousMockery+1"],"picked":"champ:Backstep+1","floor":28},{"not_picked":["champ:SkillfulDodge","champ:Lariat"],"picked":"champ:StanceDance+1","floor":29},{"not_picked":["champ:CrookedStrike","champ:BerserkersShout"],"picked":"champ:Shatter","floor":32}],"player_experience":233289,"relics_obtained":[{"floor":7,"key":"CaptainsWheel"},{"floor":10,"key":"Toy Ornithopter"},{"floor":14,"key":"Lantern"},{"floor":21,"key":"Incense Burner"},{"floor":24,"key":"HornCleat"},{"floor":31,"key":"Golden Egg"}],"event_choices":[{"damage_healed":0,"gold_gain":0,"player_choice":"Box","damage_taken":0,"relics_obtained":["Chameleon Ring"],"max_hp_gain":0,"max_hp_loss":0,"event_name":"Big Fish","floor":1,"gold_loss":0,"cards_obtained":["Regret"]}],"is_beta":false,"boss_relics":[{"not_picked":["Coffee Dripper","downfall:Hecktoplasm"],"picked":"champ:ChampionCrownUpgraded"}],"items_purged_floors":[],"is_endless":false,"potions_floor_spawned":[10,12,13,15,20,28,29],"killed_by":"downfall:Defect","ascension_level":0}}