{"host":"5a3ojr29q3aeapfp","time":1609647680,"event":{"mods":["BaseMod","CapriCore","Colored Powertips","Downfall","GungeonMod","Hermit","Highlight Path","Koishi","Minty Spire (QoL Compilation)","Remilia£®¿Ÿ√◊¿Ú—«£©","Replay The Spire","Spicy Shops","StSLib","The Cursed","The Immortal","The Marked","Youmu£®ªÍ∆«—˝√Œ£©","°æ“≈ŒÔø®≈∆°øREMEMod"],"gold_per_floor":[118,130,144,319,19,19,50,50,73,103,118,46,63,63,63,161,161,174,193,193,240,9,9,9],"floor_reached":23,"playtime":6678,"items_purged":["Doubt"],"score":199,"play_id":"b4a28b86-6918-4c23-bfa5-97b39172fbae","local_time":"20210103122120","is_ascension_mode":false,"campfire_choices":[{"data":"theMarked:SoldierOfQuellstein","floor":6,"key":"SMITH"},{"data":"theMarked:Defy","floor":8,"key":"SMITH"},{"floor":15,"key":"RECALL"}],"circlet_count":0,"master_deck":["theMarked:Strike","theMarked:Strike","theMarked:Strike","theMarked:Strike","theMarked:Strike","theMarked:Defend","theMarked:Defend","theMarked:Defend","theMarked:Defend","theMarked:SoldierOfQuellstein+1","expansioncontent:DarkVoid","theMarked:ChainLightning","theMarked:Improvise","theMarked:EmpowerWeapon","Replay:SS_forest_2","theMarked:Defy+1","theMarked:Opportunist","theMarked:GodGivenPower","theMarked:SoldierForm","theMarked:Overcharge","Wrath_TH","EndlessPower"],"relics":["theMarked:ArtifactOfAir","REME_ComplimentaryCards","DemoMod:MonsterBlood","Pet Ghost","Gremlin Food","Juzu Bracelet","Toy Ornithopter","ReplayTheSpireMod:Lightbulb","Black Star","Replay:PocketPolymizer","MealTicket"],"acts_visited":["Exordium","TheCity"],"potions_floor_usage":[16,23],"damage_taken":[{"damage":5,"enemies":"Small Slimes","floor":1,"turns":3},{"damage":3,"enemies":"Jaw Worm","floor":2,"turns":3},{"damage":1,"enemies":"Cultist","floor":3,"turns":3},{"damage":26,"enemies":"Lagavulin","floor":7,"turns":6},{"damage":6,"enemies":"Replay:BlueRogue","floor":10,"turns":4},{"damage":0,"enemies":"Gremlin Gang","floor":11,"turns":1},{"damage":15,"enemies":"Exordium Thugs","floor":13,"turns":3},{"damage":15,"enemies":"Fading Forest","floor":16,"turns":11},{"damage":27,"enemies":"Chosen","floor":18,"turns":5},{"damage":31,"enemies":"Shell Parasite","floor":19,"turns":5},{"damage":32,"enemies":"Replay:Snechameleon","floor":23,"turns":2}],"seed_played":"4478750765604769490","potions_obtained":[{"floor":7,"key":"DemoMod:LeadSkinPotion"},{"floor":10,"key":"Regen Potion"},{"floor":16,"key":"Explosive Potion"}],"is_trial":false,"path_per_floor":["M","M","M","?","$","R","E","R","T","E","M","$","M","?","R","B",null,"M","M","?","T","$","E"],"character_chosen":"THE_DEFAULT","items_purchased":["DemoMod:MonsterBlood","Replay:SS_forest_2","Toy Ornithopter","Replay:PocketPolymizer","MealTicket"],"campfire_rested":0,"item_purchase_floors":[5,5,12,22,22],"current_hp_per_floor":[72,69,68,68,75,75,49,49,49,43,43,43,28,25,25,40,84,57,26,26,26,26,0,0],"gold":9,"neow_bonus":"TEN_PERCENT_HP_BONUS","is_daily":false,"chose_seed":false,"campfire_upgraded":2,"win_rate":0.0,"timestamp":1609647680,"path_taken":["M","M","M","?","$","R","E","R","T","E","M","$","M","?","R","BOSS","M","M","?","?","$","E"],"items_purchased_type":["Relic","Card","Relic","Relic","Relic"],"build_version":"2020-12-22","purchased_purges":1,"victory":false,"max_hp_per_floor":[77,77,77,77,84,84,84,84,84,84,84,84,84,84,84,84,84,84,84,84,84,84,84,84],"card_choices":[{"not_picked":["theMarked:WastefulAttack","theMarked:Parry"],"picked":"theMarked:ChainLightning","floor":1},{"not_picked":["theMarked:BanishingStrike","theMarked:TwofoldDefense"],"picked":"theMarked:Improvise","floor":2},{"not_picked":["theMarked:KeepCalmAndFightOn","theMarked:TakeCover"],"picked":"theMarked:EmpowerWeapon","floor":3},{"not_picked":["theMarked:Parry","theMarked:Seal"],"picked":"theMarked:Defy","floor":7},{"not_picked":["theMarked:RepellingDischarge","theMarked:TwofoldDefense","theMarked:TunnelVision"],"picked":"SKIP","floor":10},{"not_picked":["theMarked:BanishingWave","theMarked:Aftermath"],"picked":"theMarked:Opportunist","floor":11},{"not_picked":["theMarked:WastefulDefense","theMarked:ElectricStrings"],"picked":"theMarked:GodGivenPower","floor":13},{"not_picked":["theMarked:Vacuum","theMarked:DispelDoubt"],"picked":"theMarked:SoldierForm","floor":16},{"not_picked":["theMarked:WastefulDefense","theMarked:HeightenedSenses"],"picked":"theMarked:Overcharge","floor":18},{"not_picked":["theMarked:Parkour+1","theMarked:TwofoldDefense+1","theMarked:BanishingWave"],"picked":"SKIP","floor":19}],"player_experience":123716,"relics_obtained":[{"floor":7,"key":"Pet Ghost"},{"floor":9,"key":"Gremlin Food"},{"floor":10,"key":"Juzu Bracelet"}],"event_choices":[{"damage_healed":0,"gold_gain":175,"player_choice":"AGREE","damage_taken":0,"max_hp_gain":0,"max_hp_loss":0,"event_name":"Liars Game","floor":4,"gold_loss":0,"cards_obtained":["Doubt"]},{"damage_healed":0,"gold_gain":0,"player_choice":"Success","damage_taken":3,"relics_obtained":["ReplayTheSpireMod:Lightbulb"],"max_hp_gain":0,"max_hp_loss":0,"event_name":"Scrap Ooze","floor":14,"gold_loss":0}],"is_beta":false,"boss_relics":[{"not_picked":["SlaversCollar","Replay:Wanted Poster"],"picked":"Black Star"}],"items_purged_floors":[5],"is_endless":false,"potions_floor_spawned":[7,10,16],"killed_by":"Replay:Snechameleon","ascension_level":0}}