{"host":"ktg5lwritr12xyhv","time":1609663286,"event":{"mods":["ATMod(阿瑾Mod)","Aspiration","BaseMod","Challenge The Spire","Conspire","Downfall","Hermit","Minty Spire (QoL Compilation)","Quick Restart","Relic Stats","Replay The Spire","Robot Space Explorer","RumiaBox-露米娅的神秘盒子","SIMod","Spicy Shops","StSLib","The Alterego","The Dragon Tamer","vexMod","篝火指南"],"gold_per_floor":[100,100,100,100,200,227,227,152,62,81,111,124,49,34,54,149,149,149,162,132,102,87,98,143,28,26,26,0,20,30,30,15,111,161,86,96,107,77,47,17,17,2,2,30,30,18,18,18,168,331,350,350,350,349,52,52,52],"floor_reached":58,"playtime":3626,"items_purged":["Regret","alterego_mod:Strike","Writhe"],"score":1402,"play_id":"183378df-cbed-4135-83b2-dfa15059ebee","local_time":"20210103164126","is_ascension_mode":true,"campfire_choices":[{"data":"alterego_mod:BigMeatyClaws","floor":1.0,"key":"SMITH"},{"floor":8.0,"key":"RECALL"},{"data":"alterego_mod:Palingenesis","floor":13.0,"key":"SMITH"},{"data":"alterego_mod:Strike","floor":18.0,"key":"PURGE"},{"data":"alterego_mod:InsideBaseball","floor":27.0,"key":"SMITH"},{"data":"Echo Form","floor":35.0,"key":"SMITH"},{"floor":45.0,"key":"REST"},{"floor":56,"key":"REST"}],"circlet_count":0,"master_deck":["alterego_mod:Strike","alterego_mod:Strike","alterego_mod:Defend+1","alterego_mod:Defend","alterego_mod:Defend","alterego_mod:Defend","alterego_mod:Impale","alterego_mod:BigMeatyClaws+1","alterego_mod:BrynhildrsRune","alterego_mod:Undulate+1","alterego_mod:Punishment+1","alterego_mod:Rake","alterego_mod:Cushion","alterego_mod:Bounce","alterego_mod:Palingenesis+2","alterego_mod:DiscoLights","alterego_mod:TrashNCrash","alterego_mod:Rip","alterego_mod:InsideBaseball+1","alterego_mod:Mirror","alterego_mod:Punishment","Coolheaded","alterego_mod:Support+1","Static Discharge","White Noise","Capacitor","alterego_mod:Venus","alterego_mod:Undulate","Echo Form+1","Compile Driver","Turbo","alterego_mod:ChallengeComplete","Compile Driver","Skim","White Noise+1","alterego_mod:BreastValley+1","Echo Form","Replay:SS_forest_2","Defragment+1","FIFO Queue+1"],"relics":["alterego_mod:MasochisticConstitution","AT_ATBox","downfall:HeartsMalice","Question Card","Replay:Kaleidoscope","downfall:HeartBlessingGreen","Snack Pack","downfall:HeartBlessingRed","aspiration:DefectSkillbook","aspiration:HiddenCompartment","vexMod:MemoryStick","Tiny House","downfall:HeartBlessingBlue","conspire:DeflatedDodgeball","Anchor","Gremlin Horn","Lantern","aspiration:Nostalgia","DTMod:PactStone"],"acts_visited":["Exordium","TheCity","TheBeyond","TheEnding"],"potions_floor_usage":[57,57,57],"damage_taken":[{"damage":0.0,"enemies":"Jaw Worm","floor":2.0,"turns":1.0},{"damage":0.0,"enemies":"Small Slimes","floor":3.0,"turns":1.0},{"damage":0.0,"enemies":"Gremlin Nob","floor":6.0,"turns":1.0},{"damage":4.0,"enemies":"downfall:FleeingMerchant","floor":9.0,"turns":4.0},{"damage":2.0,"enemies":"Cultist","floor":10.0,"turns":3.0},{"damage":7.0,"enemies":"3 Sentries","floor":11.0,"turns":6.0},{"damage":10.0,"enemies":"Exordium Wildlife","floor":12.0,"turns":4.0},{"damage":29.0,"enemies":"downfall:FleeingMerchant","floor":14.0,"turns":4.0},{"damage":0.0,"enemies":"Blue Slaver","floor":15.0,"turns":4.0},{"damage":23.0,"enemies":"downfall:Silent","floor":16.0,"turns":9.0},{"damage":0.0,"enemies":"3 Byrds","floor":19.0,"turns":5.0},{"damage":5.0,"enemies":"Spheric Guardian","floor":20.0,"turns":3.0},{"damage":18.0,"enemies":"Snake Plant","floor":21.0,"turns":2.0},{"damage":20.0,"enemies":"downfall:FleeingMerchant","floor":22.0,"turns":4.0},{"damage":4.0,"enemies":"conspire:HollyBat","floor":23.0,"turns":6.0},{"damage":5.0,"enemies":"downfall:FleeingMerchant","floor":25.0,"turns":4.0},{"damage":7.0,"enemies":"Book of Stabbing","floor":26.0,"turns":2.0},{"damage":0.0,"enemies":"Snecko","floor":28.0,"turns":2.0},{"damage":31.0,"enemies":"Snake Plant","floor":29.0,"turns":4.0},{"damage":10.0,"enemies":"Replay:Snechameleon","floor":30.0,"turns":3.0},{"damage":7.0,"enemies":"3 Cultists","floor":32.0,"turns":4.0},{"damage":14.0,"enemies":"downfall:Defect","floor":33.0,"turns":6.0},{"damage":6.0,"enemies":"Orb Walker","floor":36.0,"turns":4.0},{"damage":16.0,"enemies":"3 Shapes","floor":37.0,"turns":5.0},{"damage":20.0,"enemies":"Transient","floor":38.0,"turns":1.0},{"damage":14.0,"enemies":"Maw","floor":39.0,"turns":4.0},{"damage":0.0,"enemies":"Spire Growth","floor":40.0,"turns":3.0},{"damage":47.0,"enemies":"downfall:FleeingMerchant","floor":42.0,"turns":4.0},{"damage":11.0,"enemies":"Giant Head","floor":44.0,"turns":2.0},{"damage":25.0,"enemies":"4 Shapes","floor":46.0,"turns":5.0},{"damage":1.0,"enemies":"downfall:FleeingMerchant","floor":50.0,"turns":2.0},{"damage":1.0,"enemies":"Jaw Worm Horde","floor":51.0,"turns":4.0},{"damage":12.0,"enemies":"downfall:Ironclad","floor":52.0,"turns":5.0},{"damage":58,"enemies":"downfall:CharBossMerchant","floor":54,"turns":6},{"damage":40,"enemies":"downfall:NeowBoss","floor":57,"turns":12}],"seed_played":"-7833627758815950271","potions_obtained":[{"floor":10.0,"key":"Adrenaline Potion"},{"floor":11.0,"key":"Strength Potion"},{"floor":12.0,"key":"EntropicBrew"},{"floor":15.0,"key":"SkillPotion"},{"floor":26.0,"key":"Explosive Potion"},{"floor":29.0,"key":"champ:CounterPotion"},{"floor":32.0,"key":"Reflective Coating"},{"floor":33.0,"key":"LiquidBronze"},{"floor":34.0,"key":"champ:CounterPotion"},{"floor":44.0,"key":"Elixir"},{"floor":51.0,"key":"Languid Potion"}],"is_trial":false,"path_per_floor":["R","M","M","?","?","E","T","R","$","M","E","M","R","$","M","B",null,"R","M","M","M","$","M","T","$","E","R","M","M","E","?","M","B",null,"R","M","M","M","M","M","T","$","?","E","R","M","PTL","PTL","?","$","M","B",null,"E","$","R","B",null],"character_chosen":"The_Alterego","items_purchased":["Replay:SS_forest_2","Lantern","aspiration:Nostalgia"],"campfire_rested":2,"item_purchase_floors":[50,55,55],"current_hp_per_floor":[70,70,70,70,70,70,70,70,67,66,60,64,64,40,46,36,76,76,76,72,55,42,52,52,54,50,50,52,68,59,59,67,66,91,101,100,94,75,64,64,64,22,22,16,48,24,24,24,24,32,40,35,111,59,59,92,72],"gold":52,"neow_bonus":"THREE_ENEMY_KILL","is_daily":false,"chose_seed":false,"campfire_upgraded":4,"win_rate":0.0,"timestamp":1609663286,"path_taken":["R","M","M","?","?","E","T","R","?","M","E","M","R","$","M","BOSS","R","M","M","M","$","?","T","$","E","R","M","M","E","?","M","BOSS","R","M","M","M","M","M","T","$","?","E","R","M","PTL","PTL","?","$","M","BOSS","E","$","R","BOSS"],"items_purchased_type":["Card","Relic","Relic"],"build_version":"2020-12-22","purchased_purges":3,"victory":true,"max_hp_per_floor":[70,70,70,70,70,70,70,70,71,72,73,74,74,75,75,76,76,76,76,77,78,79,80,80,81,82,82,82,83,84,84,85,86,91,101,102,103,104,105,105,105,106,106,107,107,108,108,108,108,109,110,111,111,112,112,112,113],"relic_stats":{"Gremlin Horn":[3,3],"counters":[35,134],"Question Card":30,"obtain_stats":[{"alterego_mod:MasochisticConstitution":0,"vexMod:MemoryStick":30,"Lantern":55,"AT_ATBox":0,"Tiny House":34,"downfall:HeartBlessingRed":13,"Gremlin Horn":54,"aspiration:Nostalgia":55,"downfall:HeartsMalice":0,"downfall:HeartBlessingGreen":8,"Replay:Kaleidoscope":7,"Question Card":6,"aspiration:HiddenCompartment":26,"Anchor":44,"aspiration:DefectSkillbook":17,"DTMod:PactStone":55,"downfall:HeartBlessingBlue":35,"Snack Pack":11,"Replay:Wax Seal":31,"conspire:DeflatedDodgeball":41},{"alterego_mod:MasochisticConstitution":0,"vexMod:MemoryStick":20,"Lantern":34,"AT_ATBox":0,"Tiny House":22,"downfall:HeartBlessingRed":7,"Gremlin Horn":34,"aspiration:Nostalgia":34,"downfall:HeartsMalice":0,"downfall:HeartBlessingGreen":3,"Replay:Kaleidoscope":3,"Question Card":3,"aspiration:HiddenCompartment":17,"Anchor":29,"aspiration:DefectSkillbook":10,"DTMod:PactStone":34,"downfall:HeartBlessingBlue":22,"Snack Pack":6,"Replay:Wax Seal":20,"conspire:DeflatedDodgeball":27},{"alterego_mod:MasochisticConstitution":0,"vexMod:MemoryStick":68,"Lantern":122,"AT_ATBox":0,"Tiny House":78,"downfall:HeartBlessingRed":17,"Gremlin Horn":122,"aspiration:Nostalgia":122,"downfall:HeartsMalice":0,"downfall:HeartBlessingGreen":0,"Replay:Kaleidoscope":0,"Question Card":0,"aspiration:HiddenCompartment":60,"Anchor":100,"aspiration:DefectSkillbook":34,"DTMod:PactStone":122,"downfall:HeartBlessingBlue":78,"Snack Pack":13,"Replay:Wax Seal":68,"conspire:DeflatedDodgeball":94}]},"card_choices":[{"not_picked":["alterego_mod:Birthday","alterego_mod:DustData"],"picked":"alterego_mod:Undulate","floor":2.0},{"not_picked":["alterego_mod:Jiggle","alterego_mod:BoobPocket"],"picked":"alterego_mod:Punishment","floor":3.0},{"not_picked":["alterego_mod:Clones","alterego_mod:Skirt"],"picked":"alterego_mod:Rake","floor":6.0},{"not_picked":["alterego_mod:GachaTicket","alterego_mod:Bunnysuit","alterego_mod:PurpleHair"],"picked":"alterego_mod:Cushion","floor":9.0},{"not_picked":["alterego_mod:DustData","alterego_mod:Pet","alterego_mod:PerceptionDisorder"],"picked":"alterego_mod:Bounce","floor":10.0},{"not_picked":["alterego_mod:Clap","alterego_mod:Rip","alterego_mod:Skirt"],"picked":"alterego_mod:Palingenesis","floor":11.0},{"not_picked":["alterego_mod:Mirror","alterego_mod:Bounce","alterego_mod:Maid"],"picked":"alterego_mod:DiscoLights","floor":12.0},{"not_picked":["alterego_mod:Bloomers","alterego_mod:BreastValley","alterego_mod:Skirt"],"picked":"alterego_mod:TrashNCrash","floor":14.0},{"not_picked":["alterego_mod:BreastValley","alterego_mod:1TonWallop","alterego_mod:Punishment"],"picked":"alterego_mod:Rip","floor":15.0},{"not_picked":["alterego_mod:Antipathy","alterego_mod:ClassAdvantage","alterego_mod:SideboobHour"],"picked":"alterego_mod:InsideBaseball","floor":16.0},{"not_picked":["alterego_mod:BiFurious","AT_ThunderBolt","alterego_mod:Belts","Go for the Eyes"],"picked":"alterego_mod:Mirror","floor":19.0},{"not_picked":["alterego_mod:Pet+1","alterego_mod:BiFurious","AT_HeatAcrobatics","Undo"],"picked":"alterego_mod:Punishment","floor":20.0},{"not_picked":["Stack","alterego_mod:Complex","Chaos","Hologram+1","Ball Lightning"],"picked":"SKIP","floor":21.0},{"not_picked":["alterego_mod:1TonWallop+1","alterego_mod:Rip","Cold Snap","ReplayTheSpireMod:Calculation Training"],"picked":"Coolheaded","floor":23.0},{"not_picked":["ReplayTheSpireMod:System Scan","Undo","AT_StudyProgram","Chill"],"picked":"alterego_mod:Support+1","floor":25.0},{"not_picked":["alterego_mod:VirginLaserPalladion","AT_DarkMatter","Redo","Panic Button+1"],"picked":"Static Discharge","floor":26.0},{"not_picked":["alterego_mod:TrashNCrash","alterego_mod:PurpleHair","alterego_mod:Punishment+1","alterego_mod:DeftHands"],"picked":"White Noise","floor":28.0},{"not_picked":["Recycle+1","Barrage","alterego_mod:BreastValley","alterego_mod:Complex"],"picked":"Capacitor","floor":29.0},{"not_picked":["AT_HeatAcrobatics+1","Beam Cell","alterego_mod:PresenceConcealment","alterego_mod:Skirt"],"picked":"alterego_mod:Venus","floor":30.0},{"not_picked":["alterego_mod:Pet","alterego_mod:1TonWallop","alterego_mod:Rip","AT_HeatAcrobatics"],"picked":"alterego_mod:Undulate","floor":32.0},{"not_picked":["Meteor Strike","alterego_mod:Lift","alterego_mod:Antipathy","Seek"],"picked":"Echo Form","floor":33.0},{"not_picked":["alterego_mod:GoddessCore+1","alterego_mod:PerceptionDisorder","alterego_mod:Rip","Sweeping Beam+1"],"picked":"Compile Driver","floor":36.0},{"not_picked":["alterego_mod:Belle+1","alterego_mod:Antipathy","alterego_mod:PurpleHair+1","alterego_mod:MaintainEyeContact"],"picked":"Turbo","floor":37.0},{"not_picked":["Undo+1","Fusion+1","Sunder+1","AT_HeatAcrobatics"],"picked":"alterego_mod:ChallengeComplete","floor":38.0},{"not_picked":["BasicCrystalCard","alterego_mod:DeftHands","Gash+1","Sunder"],"picked":"Compile Driver","floor":39.0},{"not_picked":["Go for the Eyes","Undo","alterego_mod:TrashNCrash+1","alterego_mod:Maid+1"],"picked":"Skim","floor":40.0},{"not_picked":["alterego_mod:DestructionOfProperty","Chaos","Core Surge","Lockon","alterego_mod:BeGentle+1"],"picked":"SKIP","floor":42.0},{"not_picked":["Cold Snap","ReplayTheSpireMod:Dual Polarity","Scrape","alterego_mod:Maid+1"],"picked":"White Noise+1","floor":44.0},{"not_picked":["alterego_mod:Collar","alterego_mod:Rip+1","Consume+1","alterego_mod:MagicResistance"],"picked":"alterego_mod:BreastValley+1","floor":46.0},{"not_picked":["Turbo+1","alterego_mod:DestructionOfProperty","Mirror Shield","alterego_mod:IndependentAction+1"],"picked":"Echo Form","floor":50.0},{"not_picked":["alterego_mod:Skirt+1","alterego_mod:GoddessCore+1","Self Repair+1","alterego_mod:Maid+1"],"picked":"Defragment+1","floor":51.0},{"not_picked":["alterego_mod:BoobPocket","alterego_mod:Mirror","AT_RobotInSpace","Undo"],"picked":"FIFO Queue+1","floor":54}],"player_experience":212239,"relics_obtained":[{"floor":6.0,"key":"Question Card"},{"floor":7.0,"key":"Replay:Kaleidoscope"},{"floor":11.0,"key":"Snack Pack"},{"floor":26.0,"key":"aspiration:HiddenCompartment"},{"floor":30.0,"key":"vexMod:MemoryStick"},{"floor":41.0,"key":"conspire:DeflatedDodgeball"},{"floor":44.0,"key":"Anchor"},{"floor":54,"key":"Gremlin Horn"}],"event_choices":[{"damage_healed":0.0,"max_hp_gain":0.0,"max_hp_loss":0.0,"gold_gain":0.0,"event_name":"conspire:Investor","player_choice":"Leave","floor":43.0,"gold_loss":0.0,"damage_taken":0.0}],"is_beta":false,"boss_relics":[{"not_picked":["Pandora\u0027s Box","conspire:RunicOctahedron"],"picked":"aspiration:DefectSkillbook"},{"not_picked":["Snecko Eye","Black Star"],"picked":"Tiny House"}],"items_purged_floors":[9,25,50],"is_endless":false,"potions_floor_spawned":[10,11,12,15,26,29,32,33,44,46,51],"ascension_level":1}}