{"host":"pf5oese4ka0eje7d","time":1609668635,"event":{"mods":["AchievementEnabler","BaseMod","Colored Map","Minty Spire (QoL Compilation)","StSLib","SuperFastMode"],"gold_per_floor":[117,169,187,187,207,235,265,278,278,47,66,66,66,82,82,185,185,197,207,227,76,76,103,103,116,116,81,97,97,97],"floor_reached":29,"playtime":750,"items_purged":["Strike_B","Strike_B"],"score":334,"play_id":"5ec234cd-a848-4f68-9394-85ecfb6cc8f3","local_time":"20210103111035","is_ascension_mode":true,"campfire_choices":[{"floor":12,"key":"REST"},{"floor":15,"key":"REST"},{"floor":24,"key":"REST"}],"circlet_count":0,"master_deck":["Strike_B","Strike_B","Defend_B","Defend_B","Defend_B","Defend_B","Zap+1","Dualcast","Machine Learning","Sunder","Blizzard","Cold Snap","Defragment","Cold Snap","Cold Snap","Cold Snap","Barrage","Redo+1","Capacitor","Redo"],"relics":["Cracked Core","PreservedInsect","Centennial Puzzle","Runic Capacitor","Bronze Scales","Sozu","Mummified Hand","Bottled Tornado"],"acts_visited":["Exordium","TheCity"],"potions_floor_usage":[6,16,16],"damage_taken":[{"damage":4,"enemies":"Small Slimes","floor":1,"turns":3},{"damage":0,"enemies":"2 Louse","floor":3,"turns":1},{"damage":0,"enemies":"Cultist","floor":5,"turns":3},{"damage":48,"enemies":"Gremlin Nob","floor":6,"turns":5},{"damage":5,"enemies":"Looter","floor":8,"turns":3},{"damage":16,"enemies":"Exordium Thugs","floor":11,"turns":5},{"damage":22,"enemies":"Gremlin Gang","floor":14,"turns":4},{"damage":19,"enemies":"Slime Boss","floor":16,"turns":11},{"damage":18,"enemies":"Shell Parasite","floor":18,"turns":6},{"damage":0,"enemies":"Chosen","floor":19,"turns":4},{"damage":7,"enemies":"3 Cultists","floor":20,"turns":5},{"damage":22,"enemies":"Slavers","floor":23,"turns":4},{"damage":25,"enemies":"Snake Plant","floor":25,"turns":4},{"damage":4,"enemies":"Snecko","floor":28,"turns":5},{"damage":12,"enemies":"Centurion and Healer","floor":29,"turns":1}],"seed_played":"-2290771743415698737","potions_obtained":[{"floor":1,"key":"PowerPotion"},{"floor":3,"key":"Swift Potion"},{"floor":11,"key":"EssenceOfSteel"},{"floor":16,"key":"SteroidPotion"}],"is_trial":false,"path_per_floor":["M","?","M","?","M","E","?","M","T","$","M","R","T","M","R","B",null,"M","M","M","$","?","E","R","M","T","$","M","M"],"character_chosen":"DEFECT","items_purchased":["Runic Capacitor","Barrage","Capacitor"],"campfire_rested":3,"item_purchase_floors":[10,21,27],"current_hp_per_floor":[71,71,71,71,71,23,23,18,18,18,2,24,24,2,24,5,58,40,40,33,33,33,11,33,8,8,8,4,0,0],"gold":97,"neow_bonus":"ONE_RANDOM_RARE_CARD","is_daily":false,"chose_seed":false,"campfire_upgraded":0,"win_rate":0.0,"timestamp":1609668635,"path_taken":["M","?","M","?","M","E","?","M","T","$","M","R","?","M","R","BOSS","M","?","M","$","?","E","R","M","T","?","?","M"],"items_purchased_type":["Relic","Card","Card"],"build_version":"2020-12-22","purchased_purges":2,"victory":false,"max_hp_per_floor":[75,75,75,75,75,75,75,75,75,75,75,75,75,75,75,75,75,75,75,75,75,75,75,75,75,75,75,75,75,75],"card_choices":[{"not_picked":["Reinforced Body","Sweeping Beam"],"picked":"Sunder","floor":1},{"not_picked":["Conserve Battery","Doom and Gloom"],"picked":"Blizzard","floor":3},{"not_picked":["Streamline","Recycle"],"picked":"Cold Snap","floor":5},{"not_picked":["Meteor Strike","Stack","Barrage"],"picked":"SKIP","floor":6},{"not_picked":["Reinforced Body","Glacier"],"picked":"Defragment","floor":8},{"not_picked":["Go for the Eyes","Streamline"],"picked":"Cold Snap","floor":11},{"not_picked":["White Noise","Sweeping Beam"],"picked":"Cold Snap","floor":14},{"not_picked":["Beam Cell","Streamline"],"picked":"Cold Snap","floor":18},{"not_picked":["Conserve Battery","Leap+1","Turbo+1"],"picked":"SKIP","floor":19},{"not_picked":["Steam","Compile Driver+1","Rebound"],"picked":"SKIP","floor":20},{"not_picked":["Leap+1","Steam Power","Conserve Battery"],"picked":"SKIP","floor":23},{"not_picked":["Recycle","Coolheaded"],"picked":"Redo+1","floor":25},{"not_picked":["Sweeping Beam+1","Coolheaded"],"picked":"Redo","floor":28}],"player_experience":310930,"relics_obtained":[{"floor":6,"key":"PreservedInsect"},{"floor":9,"key":"Centennial Puzzle"},{"floor":13,"key":"Bronze Scales"},{"floor":23,"key":"Mummified Hand"},{"floor":26,"key":"Bottled Tornado"}],"event_choices":[{"damage_healed":0,"gold_gain":52,"player_choice":"Gained Gold","damage_taken":0,"max_hp_gain":0,"max_hp_loss":0,"event_name":"Golden Wing","floor":2,"gold_loss":0},{"damage_healed":0,"gold_gain":0,"player_choice":"Grow","damage_taken":0,"max_hp_gain":0,"max_hp_loss":0,"event_name":"Living Wall","floor":4,"gold_loss":0,"cards_upgraded":["Zap"]},{"damage_healed":0,"gold_gain":30,"player_choice":"Searched \u00272\u0027 times","damage_taken":0,"max_hp_gain":0,"max_hp_loss":0,"event_name":"Dead Adventurer","floor":7,"gold_loss":0},{"damage_healed":0,"gold_gain":0,"player_choice":"Bought 0 Potions","damage_taken":0,"max_hp_gain":0,"max_hp_loss":0,"event_name":"The Woman in Blue","floor":22,"gold_loss":0}],"is_beta":false,"boss_relics":[{"not_picked":["Velvet Choker","Cursed Key"],"picked":"Sozu"}],"items_purged_floors":[10,21],"is_endless":false,"potions_floor_spawned":[1,3,11,16,18,23,28],"killed_by":"Centurion and Healer","ascension_level":5}}