{"host":"6pgtslebjnyv5xmi","time":1609675471,"event":{"mods":["AchievementEnabler","BaseMod","Colored Map","Minty Spire (QoL Compilation)","Rare Cards Sparkle","StSLib","SuperFastMode","everything is the same but u backflip on backflip"],"gold_per_floor":[367,367,292,306,306,335,335,187,187,33,33,48,60,78,78,174,174,154,154,167,180,180,193,206,206,206,216,216,247,90,103,103,103,103],"floor_reached":33,"playtime":1152,"items_purged":["Pain"],"score":269,"play_id":"64605e49-931b-409f-a046-63812a98cca6","local_time":"20210103210431","is_ascension_mode":false,"campfire_choices":[{"data":"Shrug It Off","floor":7,"key":"SMITH"},{"floor":11,"key":"REST"},{"data":"Thunderclap","floor":15,"key":"SMITH"},{"floor":28,"key":"REST"},{"floor":32,"key":"REST"}],"circlet_count":0,"master_deck":["Strike_R","Strike_R","Strike_R","Strike_R","Strike_R","Defend_R","Defend_R","Defend_R","Defend_R","Bash","Shrug It Off+1","Thunderclap+1","Impervious","Blood for Blood+1"],"relics":["Burning Blood","WarpedTongs","PreservedInsect","Bottled Lightning","Blood Vial","Singing Bowl","Pen Nib","Mark of Pain","Molten Egg 2","Omamori","Membership Card"],"acts_visited":["Exordium","TheCity"],"potions_floor_usage":[6,16,27,29,33,33],"damage_taken":[{"damage":6,"enemies":"Cultist","floor":1,"turns":3},{"damage":4,"enemies":"Jaw Worm","floor":4,"turns":4},{"damage":14,"enemies":"Gremlin Nob","floor":6,"turns":3},{"damage":0,"enemies":"Small Slimes","floor":12,"turns":3},{"damage":10,"enemies":"Looter","floor":13,"turns":3},{"damage":4,"enemies":"Blue Slaver","floor":14,"turns":5},{"damage":67,"enemies":"The Guardian","floor":16,"turns":20},{"damage":9,"enemies":"2 Thieves","floor":18,"turns":4},{"damage":9,"enemies":"Shell Parasite","floor":20,"turns":7},{"damage":18,"enemies":"Snake Plant","floor":21,"turns":6},{"damage":28,"enemies":"Cultist and Chosen","floor":23,"turns":7},{"damage":16,"enemies":"Centurion and Healer","floor":24,"turns":7},{"damage":17,"enemies":"Shelled Parasite and Fungi","floor":27,"turns":5},{"damage":21,"enemies":"Book of Stabbing","floor":29,"turns":6},{"damage":12,"enemies":"Snake Plant","floor":31,"turns":6},{"damage":128,"enemies":"Champ","floor":33,"turns":13}],"seed_played":"6238112958992088507","potions_obtained":[{"floor":1,"key":"Dexterity Potion"},{"floor":4,"key":"Explosive Potion"},{"floor":16,"key":"BloodPotion"},{"floor":18,"key":"SteroidPotion"},{"floor":27,"key":"LiquidBronze"},{"floor":29,"key":"Explosive Potion"}],"is_trial":false,"path_per_floor":["M","?","$","M","?","E","R","$","T","$","R","M","M","M","R","B",null,"M","?","M","M","$","M","M","$","T","M","R","E","$","M","R","B"],"character_chosen":"IRONCLAD","items_purchased":["Blood Vial","Pen Nib","Membership Card"],"campfire_rested":3,"item_purchase_floors":[8,10,30],"current_hp_per_floor":[72,72,72,72,65,57,57,57,57,57,72,74,72,78,78,17,78,77,77,78,70,70,52,46,46,46,39,66,53,53,51,78,0,0],"gold":103,"neow_bonus":"TWO_FIFTY_GOLD","is_daily":false,"chose_seed":false,"campfire_upgraded":2,"win_rate":0.0,"timestamp":1609675471,"path_taken":["M","?","$","?","?","E","R","$","T","?","R","M","M","M","R","BOSS","M","?","?","M","?","M","M","$","T","M","R","E","$","M","R","BOSS"],"items_purchased_type":["Relic","Relic","Relic"],"build_version":"2020-12-22","purchased_purges":1,"victory":false,"max_hp_per_floor":[72,72,72,72,72,72,72,72,72,72,72,74,76,78,78,78,78,80,80,82,84,84,86,88,88,88,90,90,90,90,92,92,92,92],"card_choices":[{"not_picked":["Clash","Rupture","True Grit"],"picked":"SKIP","floor":1},{"not_picked":["Clothesline","Sword Boomerang"],"picked":"Shrug It Off","floor":4},{"not_picked":["Feel No Pain","Dark Embrace"],"picked":"Thunderclap","floor":6},{"not_picked":["Rage","Armaments","Pommel Strike"],"picked":"Singing Bowl","floor":12},{"not_picked":["Perfected Strike","Shrug It Off","Rampage"],"picked":"Singing Bowl","floor":13},{"not_picked":["Dark Embrace","Brutality","Twin Strike"],"picked":"Singing Bowl","floor":14},{"not_picked":["Barricade","Bludgeon"],"picked":"Impervious","floor":16},{"not_picked":["Warcry","Infernal Blade","Thunderclap"],"picked":"Singing Bowl","floor":18},{"not_picked":["Rampage","Warcry","Clash"],"picked":"Singing Bowl","floor":20},{"not_picked":["Twin Strike+1","Heavy Blade","Searing Blow"],"picked":"Singing Bowl","floor":21},{"not_picked":["Sword Boomerang","Headbutt","Rupture"],"picked":"Singing Bowl","floor":23},{"not_picked":["Twin Strike","Perfected Strike","Entrench"],"picked":"Singing Bowl","floor":24},{"not_picked":["Perfected Strike+1","Shrug It Off","Headbutt+1"],"picked":"Singing Bowl","floor":27},{"not_picked":["Ghostly Armor","Disarm"],"picked":"Blood for Blood+1","floor":29},{"not_picked":["Anger+1","Ghostly Armor","Warcry"],"picked":"Singing Bowl","floor":31}],"player_experience":671772,"relics_obtained":[{"floor":6,"key":"Bottled Lightning"},{"floor":9,"key":"Singing Bowl"},{"floor":26,"key":"Molten Egg 2"},{"floor":29,"key":"Omamori"}],"event_choices":[{"damage_healed":0,"gold_gain":0,"player_choice":"Rummage","damage_taken":0,"relics_obtained":["WarpedTongs"],"max_hp_gain":0,"max_hp_loss":0,"event_name":"Accursed Blacksmith","floor":2,"gold_loss":0,"cards_obtained":["Pain"]},{"damage_healed":0,"gold_gain":0,"player_choice":"Success","damage_taken":7,"relics_obtained":["PreservedInsect"],"max_hp_gain":0,"max_hp_loss":0,"event_name":"Scrap Ooze","floor":5,"gold_loss":0},{"damage_healed":0,"gold_gain":0,"player_choice":"Ignored","damage_taken":0,"max_hp_gain":0,"max_hp_loss":0,"event_name":"N\u0027loth","floor":19,"gold_loss":0}],"is_beta":false,"boss_relics":[{"not_picked":["Astrolabe","Black Blood"],"picked":"Mark of Pain"}],"items_purged_floors":[3],"is_endless":false,"potions_floor_spawned":[1,4,16,18,27,29],"killed_by":"Champ","ascension_level":0}}