{"host":"z16h96csw6gsetxl","time":1609655153,"event":{"mods":["BaseMod","Minty Spire (QoL Compilation)"],"gold_per_floor":[109,109,126,139,159,192,205,220,220,220,220,238,238,257,257,358,358,376,389,401,316,326,326,343,343,366,397,154,168,168,168,168,266,266,280,280,96,96,96,96,114,193,193,246,258,11,22,34,34,34,34],"floor_reached":50,"playtime":3171,"items_purged":["Defend_R","Parasite"],"score":518,"play_id":"78813177-7909-4bc9-b464-a09da5bc335d","local_time":"20210103142553","is_ascension_mode":false,"campfire_choices":[{"data":"Rampage","floor":15,"key":"SMITH"},{"floor":25,"key":"REST"},{"floor":30,"key":"REST"},{"floor":32,"key":"REST"},{"data":"Demon Form","floor":40,"key":"SMITH"},{"floor":49,"key":"REST"}],"circlet_count":0,"master_deck":["Strike_R","Strike_R","Defend_R","Defend_R","Defend_R","Bash","Infernal Blade","Headbutt","Burning Pact","Clothesline","Rampage+1","Berserk","Ghostly Armor","Sword Boomerang","Demon Form+1","Shrug It Off+1","Power Through+1","Armaments","Heavy Blade","Rage+1","Shockwave+1","Panache+1","Warcry+1","Limit Break","Madness","Madness","Magnetism+1","Impatience","Seeing Red+1"],"relics":["Runic Dome","Juzu Bracelet","Mango","Lizard Tail","Empty Cage","Frozen Egg 2","Matryoshka","Bag of Preparation","Bag of Marbles","Mummified Hand","Runic Pyramid","Question Card","Happy Flower","Meat on the Bone","Calipers","StoneCalendar","Lee\u0027s Waffle"],"acts_visited":["Exordium","TheCity","TheBeyond"],"potions_floor_usage":[8,16,22,24,27,29,50,50],"damage_taken":[{"damage":2,"enemies":"2 Louse","floor":1,"turns":2},{"damage":5,"enemies":"Small Slimes","floor":3,"turns":3},{"damage":0,"enemies":"Cultist","floor":4,"turns":2},{"damage":8,"enemies":"Lots of Slimes","floor":5,"turns":2},{"damage":36,"enemies":"Lagavulin","floor":6,"turns":4},{"damage":20,"enemies":"Looter","floor":7,"turns":3},{"damage":10,"enemies":"Exordium Thugs","floor":8,"turns":5},{"damage":13,"enemies":"Red Slaver","floor":12,"turns":2},{"damage":7,"enemies":"3 Louse","floor":14,"turns":3},{"damage":68,"enemies":"Hexaghost","floor":16,"turns":9},{"damage":30,"enemies":"Shell Parasite","floor":18,"turns":5},{"damage":20,"enemies":"3 Byrds","floor":19,"turns":6},{"damage":13,"enemies":"Centurion and Healer","floor":20,"turns":5},{"damage":1,"enemies":"Snecko","floor":22,"turns":4},{"damage":25,"enemies":"Sentry and Sphere","floor":24,"turns":6},{"damage":69,"enemies":"Gremlin Leader","floor":27,"turns":6},{"damage":10,"enemies":"Centurion and Healer","floor":29,"turns":5},{"damage":59,"enemies":"Champ","floor":33,"turns":8},{"damage":9,"enemies":"Orb Walker","floor":35,"turns":3},{"damage":5,"enemies":"3 Darklings","floor":41,"turns":3},{"damage":48,"enemies":"2 Orb Walkers","floor":44,"turns":4},{"damage":5,"enemies":"Writhing Mass","floor":45,"turns":7},{"damage":6,"enemies":"4 Shapes","floor":47,"turns":3},{"damage":30,"enemies":"3 Darklings","floor":48,"turns":5},{"damage":105,"enemies":"Donu and Deca","floor":50,"turns":5}],"seed_played":"-7084132391360834735","potions_obtained":[{"floor":1,"key":"Regen Potion"},{"floor":8,"key":"DuplicationPotion"},{"floor":12,"key":"ElixirPotion"},{"floor":14,"key":"ColorlessPotion"},{"floor":16,"key":"DistilledChaos"},{"floor":24,"key":"Weak Potion"},{"floor":29,"key":"DuplicationPotion"},{"floor":33,"key":"FearPotion"},{"floor":41,"key":"DuplicationPotion"},{"floor":44,"key":"Explosive Potion"}],"is_trial":false,"path_per_floor":["M","?","M","M","M","E","M","M","T","?","?","M","?","M","R","B",null,"M","M","M","?","M","T","M","R","T","E","$","M","R","?","R","B",null,"M","?","$","?","?","R","M","T","T","?","M","$","M","M","R","B"],"character_chosen":"IRONCLAD","items_purchased":["Panache+1","Magnetism+1","Lee\u0027s Waffle"],"campfire_rested":4,"item_purchase_floors":[28,37,46],"current_hp_per_floor":[78,78,73,73,65,29,9,11,25,25,94,81,81,74,74,6,94,64,44,31,31,30,30,5,33,33,13,13,3,31,62,90,31,94,85,73,73,73,73,73,68,68,68,32,39,98,92,62,91,0,0],"gold":34,"neow_bonus":"BOSS_RELIC","is_daily":false,"chose_seed":false,"campfire_upgraded":2,"win_rate":0.0,"timestamp":1609655153,"path_taken":["M","?","M","M","M","E","M","M","T","?","?","M","?","M","R","BOSS","M","M","M","?","M","?","M","R","T","E","$","M","R","?","R","BOSS","M","?","$","?","?","R","M","?","T","?","M","$","M","M","R","BOSS"],"items_purchased_type":["Card","Card","Relic"],"build_version":"2020-12-22","purchased_purges":2,"victory":false,"max_hp_per_floor":[80,80,80,80,80,80,80,80,94,94,94,94,94,94,94,94,94,94,94,94,94,94,94,94,94,94,94,94,94,94,94,94,94,94,94,94,94,94,94,94,94,94,94,94,94,98,98,98,98,98,98],"card_choices":[{"not_picked":["Sever Soul","Searing Blow"],"picked":"Infernal Blade","floor":1},{"not_picked":["Wild Strike","Entrench"],"picked":"Headbutt","floor":3},{"not_picked":["Hemokinesis","Body Slam","Entrench"],"picked":"SKIP","floor":4},{"not_picked":["Clash","Cleave"],"picked":"Burning Pact","floor":5},{"not_picked":["Perfected Strike","Blood for Blood","Rupture"],"picked":"SKIP","floor":6},{"not_picked":["Iron Wave","Anger"],"picked":"Clothesline","floor":7},{"not_picked":["Searing Blow","Pommel Strike"],"picked":"Rampage","floor":8},{"not_picked":["Headbutt","Flex"],"picked":"Ghostly Armor","floor":12},{"not_picked":["Armaments","Feel No Pain"],"picked":"Sword Boomerang","floor":14},{"not_picked":["Berserk","Double Tap"],"picked":"Demon Form","floor":16},{"not_picked":["Twin Strike","Flex+1"],"picked":"Shrug It Off+1","floor":18},{"not_picked":["Feel No Pain","Cleave"],"picked":"Power Through+1","floor":19},{"not_picked":["Iron Wave","Carnage"],"picked":"Armaments","floor":20},{"not_picked":["Sword Boomerang","Clash"],"picked":"Heavy Blade","floor":22},{"not_picked":["Bloodletting+1","Flex"],"picked":"Rage+1","floor":24},{"not_picked":["Infernal Blade+1","Bludgeon"],"picked":"Shockwave+1","floor":27},{"not_picked":["Sword Boomerang","Heavy Blade"],"picked":"Warcry+1","floor":29},{"not_picked":["Demon Form+1","Barricade+1"],"picked":"Limit Break","floor":33},{"not_picked":["Heavy Blade","Searing Blow","Armaments"],"picked":"SKIP","floor":35},{"not_picked":["Blind","Dark Shackles","Trip"],"picked":"Impatience","floor":39},{"not_picked":["Wild Strike","Shockwave+1","Clothesline+1","Perfected Strike+1"],"picked":"SKIP","floor":41},{"not_picked":["Headbutt+1","Blood for Blood+1","Anger","Cleave+1"],"picked":"SKIP","floor":45},{"not_picked":["Rage+1","Corruption+1","Clothesline","Body Slam+1"],"picked":"SKIP","floor":47},{"not_picked":["Iron Wave","Pommel Strike","Warcry+1"],"picked":"Seeing Red+1","floor":48}],"player_experience":28412,"relics_obtained":[{"floor":6,"key":"Juzu Bracelet"},{"floor":9,"key":"Mango"},{"floor":23,"key":"Matryoshka"},{"floor":26,"key":"Bag of Preparation"},{"floor":26,"key":"Bag of Marbles"},{"floor":27,"key":"Mummified Hand"},{"floor":42,"key":"Happy Flower"},{"floor":42,"key":"Meat on the Bone"},{"floor":43,"key":"Calipers"},{"floor":44,"key":"StoneCalendar"}],"event_choices":[{"cards_removed":["Strike_R"],"damage_healed":0,"gold_gain":0,"player_choice":"Forget","damage_taken":0,"max_hp_gain":0,"max_hp_loss":0,"event_name":"Living Wall","floor":2,"gold_loss":0},{"damage_healed":0,"gold_gain":0,"cards_transformed":["Strike_R"],"player_choice":"Transformed","damage_taken":0,"max_hp_gain":0,"max_hp_loss":0,"event_name":"Transmorgrifier","floor":10,"gold_loss":0,"cards_obtained":["Berserk"]},{"damage_healed":69,"gold_gain":0,"player_choice":"Full Heal","damage_taken":0,"max_hp_gain":0,"max_hp_loss":0,"event_name":"Wheel of Change","floor":11,"gold_loss":0},{"damage_healed":0,"gold_gain":0,"player_choice":"Box","damage_taken":0,"relics_obtained":["Lizard Tail"],"max_hp_gain":0,"max_hp_loss":0,"event_name":"Big Fish","floor":13,"gold_loss":0,"cards_obtained":["Regret"]},{"damage_healed":0,"gold_gain":0,"player_choice":"Obtained Relic","damage_taken":0,"relics_obtained":["Frozen Egg 2"],"max_hp_gain":0,"max_hp_loss":0,"event_name":"Addict","floor":21,"gold_loss":85},{"damage_healed":31,"gold_gain":0,"player_choice":"Heal","damage_taken":0,"max_hp_gain":0,"max_hp_loss":0,"event_name":"The Library","floor":31,"gold_loss":0},{"damage_healed":0,"gold_gain":0,"player_choice":"Embrace Madness","damage_taken":12,"max_hp_gain":0,"max_hp_loss":0,"event_name":"Winding Halls","floor":36,"gold_loss":0,"cards_obtained":["Madness","Madness"]},{"damage_healed":0,"gold_gain":0,"player_choice":"Gave Potion","damage_taken":0,"relics_obtained":["Question Card"],"max_hp_gain":0,"max_hp_loss":0,"event_name":"WeMeetAgain","floor":38,"gold_loss":0},{"damage_healed":0,"gold_gain":0,"player_choice":"Memory 1","damage_taken":0,"max_hp_gain":0,"max_hp_loss":0,"event_name":"SensoryStone","floor":39,"gold_loss":0},{"damage_healed":0,"gold_gain":0,"player_choice":"Fight","damage_taken":0,"max_hp_gain":0,"max_hp_loss":0,"event_name":"Mysterious Sphere","floor":44,"gold_loss":0}],"is_beta":false,"boss_relics":[{"not_picked":["Ectoplasm","SacredBark"],"picked":"Empty Cage"},{"not_picked":["Fusion Hammer","Astrolabe"],"picked":"Runic Pyramid"}],"items_purged_floors":[28,46],"is_endless":false,"potions_floor_spawned":[1,8,12,14,16,19,24,29,33,41,44,47],"killed_by":"Donu and Deca","ascension_level":0}}