{"host":"n5pmm1kfrnqecobq","time":1609662011,"event":{"mods":["Act Like it!","BaseMod","Friendly Minions","Gensokyo","KinomotoSakuraMod(ƒæ÷Æ±æ”£)","KomeijiMod","Marisa£®ÏF”Í°°ƒß¿Ì…≥£©","Minty Spire (QoL Compilation)","Reimu£®≤©¿ˆ¡È√Œ£©","Remilia£®¿Ÿ√◊¿Ú—«£©","StSLib","The Bug Knight"],"gold_per_floor":[110,23,23,35,11,40,52,64,76,88,118,130,154,181,193,310,322,354,354],"floor_reached":18,"playtime":1221,"items_purged":[],"score":187,"play_id":"22625ab7-e56c-4b19-bfcb-fa6cfbb5248b","local_time":"20210103162011","is_ascension_mode":false,"campfire_choices":[{"data":"JyouchiJin+1","floor":12.0,"key":"SWEEP"},{"data":"Dash_Komeiji","floor":15.0,"key":"SMITH"}],"circlet_count":0,"master_deck":["Dash_Komeiji+1","NingyouSousou+1","NingyouKisou+1","EnMu+1","NingyouKisou+1","JyouchiJin+1","KokorosuKi+1","SemiAutomaton","EverywhereHibernate","NingyouKisou+1","FreezeTouchMe","SenseofElegance","NingyouSousou+1","SenseofElegance","MiraiBunraku","MissingPower","NingyouShinki+1"],"relics":["KomeijisEye","SpellCardsRule","MusicBox","NeowsBlessing","Gensokyo:NagashiBinaDoll","MawBank","Gensokyo:CelestialsFlawlessClothing","Strawberry","Potion Belt","Happy Flower","Pandora\u0027s Box"],"acts_visited":[],"potions_floor_usage":[18],"damage_taken":[{"damage":0.0,"enemies":"Gensokyo:Gryphon","floor":1.0,"turns":1.0},{"damage":0.0,"enemies":"Gensokyo:Python","floor":4.0,"turns":1.0},{"damage":0.0,"enemies":"Gensokyo:Aya","floor":6.0,"turns":1.0},{"damage":0.0,"enemies":"Gensokyo:3_Fairies","floor":11.0,"turns":3.0},{"damage":6.0,"enemies":"Gensokyo:Kitsune","floor":13.0,"turns":3.0},{"damage":0.0,"enemies":"Gensokyo:VengefulSpirit","floor":14.0,"turns":5.0},{"damage":8.0,"enemies":"Gensokyo:Yukari","floor":16.0,"turns":14.0},{"damage":18,"enemies":"Gensokyo:3_Dogs","floor":18,"turns":4}],"seed_played":"4931941245118556232","potions_obtained":[{"floor":4.0,"key":"EssenceOfSteel"},{"floor":6.0,"key":"PpointPotion"},{"floor":13.0,"key":"Explosive Potion"},{"floor":14.0,"key":"Fire Potion"},{"floor":16.0,"key":"Block Potion"}],"is_trial":false,"path_per_floor":["M","$","?","M","$","E","?","?","T","?","M","R","M","M","R","B",null,"M"],"character_chosen":"KomeijiSatori","items_purchased":["NingyouKisou+1","HisouNoKen","NingyouKisou+1"],"campfire_rested":0,"item_purchase_floors":[2,2,5],"current_hp_per_floor":[50,50,50,50,50,50,38,35,35,35,35,40,36,36,36,38,57,41,41],"gold":354,"neow_bonus":"THREE_ENEMY_KILL","is_daily":false,"chose_seed":false,"campfire_upgraded":1,"win_rate":0.0,"timestamp":1609662011,"path_taken":["M","?","?","?","$","E","?","?","T","?","M","R","M","M","R","BOSS","M"],"items_purchased_type":["Card","Card","Card"],"build_version":"2020-12-22","purchased_purges":0,"victory":false,"max_hp_per_floor":[50,50,50,50,50,50,50,57,57,57,57,57,57,57,57,57,57,57,57],"card_choices":[{"not_picked":["NingyouShinki+1","YoukiSo+1"],"picked":"NingyouSousou+1","floor":1.0},{"not_picked":["NingyouShinki+1","DemonLordCradle"],"picked":"EnMu+1","floor":4.0},{"not_picked":["Mishyaguji+1","HagoromoMizu"],"picked":"KeiseiJin+1","floor":6.0},{"not_picked":["GasuOrimono","SatsujinDooru","Sabishigari+1"],"picked":"SKIP","floor":11.0},{"not_picked":["JyouchiJin+1","Mishyaguji+1"],"picked":"KokorosuKi+1","floor":13.0},{"not_picked":["NarrowSpark","JigokuNoTaiyou","NingyouShinki+1"],"picked":"SKIP","floor":14.0},{"not_picked":["LunaDial","TerribleSouvenir"],"picked":"SemiAutomaton","floor":16.0},{"not_picked":["SuitokuNoKyoryu","Melting"],"picked":"NingyouShinki+1","floor":18}],"player_experience":338050,"relics_obtained":[{"floor":6.0,"key":"MawBank"},{"floor":9.0,"key":"Potion Belt"}],"event_choices":[],"is_beta":false,"boss_relics":[{"not_picked":["Cursed Key","Philosopher\u0027s Stone"],"picked":"Pandora\u0027s Box"}],"items_purged_floors":[],"is_endless":false,"potions_floor_spawned":[4,6,13,14,16],"killed_by":"Gensokyo:3_Dogs","ascension_level":0}}