{"host":"9l4mw5jqza9qz9hr","time":1609678927,"event":{"mods":["AchievementEnabler","Always Whale","BaseMod","Colored Map","Minty Spire (QoL Compilation)","StSLib","SuperFastMode"],"gold_per_floor":[17,17,17,36,111,111,149,177,216,242,270,282,318,330,330],"floor_reached":14,"playtime":417,"items_purged":[],"score":149,"play_id":"ea4c303a-4077-4413-b945-3dd17417863a","local_time":"20210103220207","is_ascension_mode":true,"campfire_choices":[{"data":"Entrench","floor":6,"key":"SMITH"},{"data":"Flame Barrier","floor":12,"key":"SMITH"}],"circlet_count":0,"master_deck":["Strike_R","Strike_R","Strike_R","Strike_R","Defend_R","Defend_R","Defend_R","Defend_R","Bash","Entrench+1","Flame Barrier+1","Shrug It Off","Carnage","Body Slam"],"relics":["Burning Blood","Golden Idol","MawBank","Oddly Smooth Stone"],"acts_visited":["Exordium"],"potions_floor_usage":[7,13,14,14],"damage_taken":[{"damage":2,"enemies":"Jaw Worm","floor":1,"turns":3},{"damage":13,"enemies":"2 Louse","floor":4,"turns":3},{"damage":45,"enemies":"Gremlin Nob","floor":7,"turns":5},{"damage":1,"enemies":"Cultist","floor":8,"turns":4},{"damage":0,"enemies":"3 Louse","floor":10,"turns":6},{"damage":4,"enemies":"2 Fungi Beasts","floor":11,"turns":5},{"damage":4,"enemies":"Large Slime","floor":13,"turns":13},{"damage":30,"enemies":"3 Sentries","floor":14,"turns":8}],"seed_played":"-4626696349774465975","potions_obtained":[{"floor":1,"key":"DistilledChaos"},{"floor":7,"key":"ColorlessPotion"},{"floor":8,"key":"HeartOfIron"},{"floor":10,"key":"Strength Potion"}],"is_trial":false,"path_per_floor":["M","?","?","M","?","R","E","M","T","M","M","R","M","E"],"character_chosen":"IRONCLAD","items_purchased":[],"campfire_rested":0,"item_purchase_floors":[],"current_hp_per_floor":[92,68,68,61,50,50,11,16,16,22,24,24,26,0,0],"gold":330,"neow_bonus":"TWENTY_PERCENT_HP_BONUS","is_daily":false,"chose_seed":false,"campfire_upgraded":2,"win_rate":0.0,"timestamp":1609678927,"path_taken":["M","?","?","?","?","R","E","M","T","M","M","R","M","E"],"items_purchased_type":[],"build_version":"2020-12-22","purchased_purges":0,"victory":false,"max_hp_per_floor":[96,96,96,96,96,96,96,96,96,96,96,96,96,96,96],"card_choices":[{"not_picked":["Evolve","Burning Pact"],"picked":"Entrench","floor":1},{"not_picked":["Sever Soul","Second Wind"],"picked":"Flame Barrier","floor":4},{"not_picked":["Warcry","Pommel Strike","Twin Strike"],"picked":"SKIP","floor":7},{"not_picked":["Searing Blow","Combust"],"picked":"Shrug It Off","floor":8},{"not_picked":["Twin Strike","Flex","Anger"],"picked":"SKIP","floor":10},{"not_picked":["Iron Wave","Cleave"],"picked":"Carnage","floor":11},{"not_picked":["Iron Wave","Rampage"],"picked":"Body Slam","floor":13}],"player_experience":161648,"relics_obtained":[{"floor":7,"key":"MawBank"},{"floor":9,"key":"Oddly Smooth Stone"}],"event_choices":[{"damage_healed":0,"gold_gain":0,"player_choice":"Take Damage","damage_taken":24,"relics_obtained":["Golden Idol"],"max_hp_gain":0,"max_hp_loss":0,"event_name":"Golden Idol","floor":2,"gold_loss":0},{"cards_removed":["Strike_R"],"damage_healed":0,"gold_gain":0,"player_choice":"Purged","damage_taken":0,"max_hp_gain":0,"max_hp_loss":0,"event_name":"Purifier","floor":3,"gold_loss":0},{"damage_healed":0,"gold_gain":75,"player_choice":"Gather Gold","damage_taken":11,"max_hp_gain":0,"max_hp_loss":0,"event_name":"World of Goop","floor":5,"gold_loss":0}],"is_beta":false,"boss_relics":[],"items_purged_floors":[],"is_endless":false,"potions_floor_spawned":[1,7,8,10],"killed_by":"3 Sentries","ascension_level":7}}