{"host":"143ld85m55v6o3h7","time":1609633526,"event":{"mods":["AchievementEnabler","BaseMod","DeckTracker","Minty Spire (QoL Compilation)","Permanent Neow","Rare Cards Sparkle","StSLib","everything is the same but u backflip on backflip"],"gold_per_floor":[111,36,111,125,47,80,80,109,133,19,19,46,46,63,63,168,168,186,196,60,70,70,98,128,140,152,179,191,216,246,258,270,377,389,415,140,0,13,25,25,45,45,99,99,99,99,112,127,127,127],"floor_reached":51,"playtime":1657,"items_purged":["Strike_G","Strike_G","Strike_G"],"score":770,"play_id":"498be847-788c-4f21-9515-be7e521f8d09","local_time":"20210103092526","is_ascension_mode":true,"campfire_choices":[{"data":"Infinite Blades","floor":7.0,"key":"SMITH"},{"data":"Envenom","floor":11.0,"key":"SMITH"},{"data":"Bane","floor":15.0,"key":"SMITH"},{"data":"Blade Dance","floor":25.0,"key":"SMITH"},{"data":"Blade Dance","floor":28.0,"key":"SMITH"},{"floor":32.0,"key":"REST"},{"floor":40,"key":"REST"},{"floor":42,"key":"REST"},{"floor":45,"key":"REST"},{"floor":49,"key":"REST"}],"circlet_count":0,"master_deck":["Strike_G","Defend_G","Defend_G","Defend_G","Defend_G","Survivor","Neutralize","Backflip","Dagger Throw","Infinite Blades+1","Acrobatics","Envenom+1","Poisoned Stab","Bouncing Flask","Bane+1","Poisoned Stab","Prepared","CurseOfTheBell","Blade Dance+1","Escape Plan","Noxious Fumes","Blade Dance+1","Dagger Throw+1","After Image","Ghostly","Ghostly","Ghostly","Ghostly","Ghostly","Wraith Form v2","Escape Plan+1","Impatience","Noxious Fumes","Riddle With Holes+1"],"relics":["Ring of the Snake","NeowsBlessing","Bag of Marbles","Ancient Tea Set","Snake Skull","Boot","Calling Bell","Orichalcum","Paper Crane","Bird Faced Urn","MawBank","Molten Egg 2","Fusion Hammer","Red Mask","Lantern"],"acts_visited":["Exordium","TheCity","TheBeyond"],"potions_floor_usage":[50,50,50,50],"damage_taken":[{"damage":0.0,"enemies":"Jaw Worm","floor":1.0,"turns":1.0},{"damage":0.0,"enemies":"Cultist","floor":4.0,"turns":1.0},{"damage":0.0,"enemies":"Lagavulin","floor":6.0,"turns":2.0},{"damage":24.0,"enemies":"3 Sentries","floor":8.0,"turns":11.0},{"damage":4.0,"enemies":"Gremlin Nob","floor":12.0,"turns":3.0},{"damage":4.0,"enemies":"2 Louse","floor":14.0,"turns":2.0},{"damage":12.0,"enemies":"Slime Boss","floor":16.0,"turns":9.0},{"damage":0.0,"enemies":"Chosen","floor":18.0,"turns":3.0},{"damage":7.0,"enemies":"3 Byrds","floor":19.0,"turns":4.0},{"damage":11.0,"enemies":"Cultist and Chosen","floor":21.0,"turns":5.0},{"damage":41.0,"enemies":"Book of Stabbing","floor":23.0,"turns":5.0},{"damage":14.0,"enemies":"Chosen and Byrds","floor":24.0,"turns":5.0},{"damage":2.0,"enemies":"Centurion and Healer","floor":27.0,"turns":5.0},{"damage":9.0,"enemies":"Snecko","floor":29.0,"turns":3.0},{"damage":11.0,"enemies":"3 Cultists","floor":30.0,"turns":5.0},{"damage":14.0,"enemies":"Collector","floor":33.0,"turns":8.0},{"damage":0.0,"enemies":"3 Darklings","floor":35.0,"turns":6.0},{"damage":0,"enemies":"Orb Walker","floor":38,"turns":3},{"damage":0,"enemies":"Maw","floor":39,"turns":6},{"damage":0,"enemies":"Transient","floor":41,"turns":5},{"damage":7,"enemies":"Sphere and 2 Shapes","floor":47,"turns":5},{"damage":0,"enemies":"Jaw Worm Horde","floor":48,"turns":5},{"damage":7,"enemies":"Time Eater","floor":50,"turns":10}],"seed_played":"2512642174197297953","potions_obtained":[{"floor":4.0,"key":"Weak Potion"},{"floor":8.0,"key":"FearPotion"},{"floor":14.0,"key":"SneckoOil"},{"floor":23.0,"key":"SteroidPotion"},{"floor":29.0,"key":"FairyPotion"},{"floor":38,"key":"EntropicBrew"}],"is_trial":false,"path_per_floor":["M","$","?","M","$","E","R","E","T","$","R","E","?","M","R","B",null,"M","M","$","M","$","E","M","R","T","M","R","M","M","?","R","B",null,"M","$","?","M","M","R","M","R","T","?","R","?","M","M","R","B",null],"character_chosen":"THE_SILENT","items_purchased":["Infinite Blades","Poisoned Stab","Bouncing Flask","Noxious Fumes","Impatience","Noxious Fumes"],"campfire_rested":5,"item_purchase_floors":[5,10,10,20,36,36],"current_hp_per_floor":[70,70,63,63,63,63,63,39,39,39,39,35,35,31,31,19,70,70,63,63,58,58,23,13,13,13,17,17,12,5,5,15,9,35,35,35,35,35,35,35,35,35,35,33,33,33,28,33,33,28],"gold":127,"neow_bonus":"THREE_ENEMY_KILL","is_daily":false,"chose_seed":false,"campfire_upgraded":5,"win_rate":0.0,"timestamp":1609633526,"path_taken":["M","$","?","?","$","E","R","E","T","?","R","E","?","M","R","BOSS","M","M","$","M","$","E","M","R","T","M","R","M","M","?","R","BOSS","M","$","?","M","M","R","M","R","T","?","R","?","?","M","R","BOSS"],"items_purchased_type":["Card","Card","Card","Card","Card","Card"],"build_version":"2020-12-22","purchased_purges":3,"victory":true,"max_hp_per_floor":[70,70,70,70,70,70,70,70,70,70,70,70,70,70,70,70,70,70,70,70,70,70,70,70,70,70,70,70,70,70,35,35,35,35,35,35,35,35,35,35,35,35,35,33,33,33,33,33,33,33],"card_choices":[{"not_picked":["Outmaneuver","Dodge and Roll"],"picked":"Backflip","floor":1.0},{"not_picked":["Dagger Spray","Acrobatics"],"picked":"Dagger Throw","floor":4.0},{"not_picked":["Quick Slash","PiercingWail"],"picked":"Acrobatics","floor":6.0},{"not_picked":["Deflect","Reflex"],"picked":"Envenom","floor":8.0},{"not_picked":["Finisher","Backflip"],"picked":"Bane","floor":12.0},{"not_picked":["Deflect","Eviscerate"],"picked":"Prepared","floor":14.0},{"not_picked":["Outmaneuver","Terror+1"],"picked":"Blade Dance","floor":18.0},{"not_picked":["Malaise","Quick Slash"],"picked":"Escape Plan","floor":19.0},{"not_picked":["Acrobatics+1","PiercingWail","Masterful Stab"],"picked":"SKIP","floor":21.0},{"not_picked":["Deflect","Slice","Terror+1"],"picked":"SKIP","floor":23.0},{"not_picked":["PiercingWail+1","Heel Hook+1"],"picked":"Blade Dance","floor":24.0},{"not_picked":["Deadly Poison","Bane+1"],"picked":"Dagger Throw+1","floor":27.0},{"not_picked":["Tools of the Trade","Sucker Punch+1","Dagger Throw+1"],"picked":"SKIP","floor":29.0},{"not_picked":["Deadly Poison+1","Prepared+1"],"picked":"After Image","floor":30.0},{"not_picked":["Glass Knife+1","Malaise"],"picked":"Wraith Form v2","floor":33.0},{"not_picked":["Dagger Spray+1","Deflect"],"picked":"Escape Plan+1","floor":35.0},{"not_picked":["Slice+1","Predator+1"],"picked":"Riddle With Holes+1","floor":38},{"not_picked":["PiercingWail","Outmaneuver+1","Infinite Blades+1"],"picked":"SKIP","floor":39},{"not_picked":["Dagger Spray+1","Deadly Poison+1","Distraction"],"picked":"SKIP","floor":41},{"not_picked":["Skewer+1","All Out Attack+1","Dagger Throw+1"],"picked":"SKIP","floor":47},{"not_picked":["Eviscerate+1","Tactician","Dagger Throw+1"],"picked":"SKIP","floor":48}],"player_experience":3387,"relics_obtained":[{"floor":6.0,"key":"Bag of Marbles"},{"floor":8.0,"key":"Ancient Tea Set"},{"floor":9.0,"key":"Snake Skull"},{"floor":12.0,"key":"Boot"},{"floor":17.0,"key":"Orichalcum"},{"floor":17.0,"key":"Paper Crane"},{"floor":17.0,"key":"Bird Faced Urn"},{"floor":23.0,"key":"MawBank"},{"floor":26.0,"key":"Molten Egg 2"},{"floor":43,"key":"Lantern"}],"event_choices":[{"damage_healed":0.0,"max_hp_gain":0.0,"max_hp_loss":0.0,"gold_gain":75.0,"event_name":"FaceTrader","player_choice":"Touch","floor":3.0,"gold_loss":0.0,"damage_taken":7.0},{"damage_healed":0.0,"max_hp_gain":0.0,"max_hp_loss":0.0,"gold_gain":0.0,"cards_transformed":["Strike_G"],"event_name":"Living Wall","player_choice":"Change","floor":13.0,"gold_loss":0.0,"damage_taken":0.0,"cards_obtained":["Poisoned Stab"]},{"damage_healed":0.0,"max_hp_gain":0.0,"max_hp_loss":35.0,"gold_gain":0.0,"event_name":"Ghosts","player_choice":"Became a Ghost","floor":31.0,"gold_loss":0.0,"damage_taken":0.0,"cards_obtained":["Ghostly","Ghostly","Ghostly","Ghostly","Ghostly"]},{"damage_healed":0,"gold_gain":0,"player_choice":"Paid","damage_taken":0,"relics_obtained":["Red Mask"],"max_hp_gain":0,"max_hp_loss":0,"event_name":"Tomb of Lord Red Mask","floor":37,"gold_loss":140},{"damage_healed":0,"gold_gain":0,"player_choice":"Max HP","damage_taken":0,"max_hp_gain":0,"max_hp_loss":2,"event_name":"Winding Halls","floor":44,"gold_loss":0},{"cards_removed":["Defend_G"],"damage_healed":0,"gold_gain":0,"player_choice":"Removed Skill","damage_taken":0,"max_hp_gain":0,"max_hp_loss":0,"event_name":"Falling","floor":46,"gold_loss":0}],"is_beta":false,"boss_relics":[{"not_picked":["Coffee Dripper","Ring of the Serpent"],"picked":"Calling Bell"},{"not_picked":["WristBlade","Runic Dome"],"picked":"Fusion Hammer"}],"items_purged_floors":[2,20,36],"is_endless":false,"potions_floor_spawned":[4,8,14,23,29,30,35,38,41,47],"ascension_level":1}}