{"host":"68ryiucqar8jyfi2","time":1609713249,"event":{"mods":["2.2 Compatiblity","Act Like it!","Aspiration","BaseMod","Better Match","Better Note","Better Skull","Better Third Choice","CCEM","CapriCore","Curses Come First","Defuse TimeMaze Blight","Displayed Cursed Tome","Emptier Cage","Energized Spire","Friendly Minions","GifTheSpireLib","HexUI Lib","Hubris","Hyrulean Relics","Infinite Spire","Minty Spire (QoL Compilation)","Permanent Neow","RNG Fix","Replay The Spire","Robot Space Explorer","StSLib","Stuff the Spire","The Blue Laboratory","Trackpad","Transform Curses","Uncapped","Wandering Minibosses"],"gold_per_floor":[111,111,319,319,319,319,333,361,361,361,361,361,218,262,262,372,372,395,395,295,326,287,287,116,116,116,144,164,189,189,189,189,292,292,310,216,14,14,87,87,87,87,114,114,0,31,31,52,52,144,144,153,72,142,27,27,27,27,23,23],"floor_reached":59,"playtime":2730,"items_purged":["Redo","Fusion+1","Go for the Eyes","Self Repair","Cold Snap","Beam Cell+1"],"score":1102,"play_id":"654ae263-fdde-4f68-ab52-cc81bf751194","local_time":"20210103223409","daily_mods":["SealedDeck","Vintage","Heirloom","Flight"],"is_ascension_mode":false,"campfire_choices":[{"data":"ReplayTheSpireMod:Calculation Training","floor":6,"key":"SMITH"},{"data":"StuffTheSpire:Coldhearted","floor":10,"key":"SMITH"},{"data":"Fusion","floor":11,"key":"SMITH"},{"data":"Defragment","floor":15,"key":"SMITH"},{"data":"Gash","floor":23,"key":"SMITH"},{"data":"StuffTheSpire:ShieldGenerator","floor":25,"key":"SMITH"},{"data":"Beam Cell","floor":30,"key":"SMITH"},{"data":"aspiration:Polymerization","floor":32,"key":"SMITH"},{"data":"Conserve Battery","floor":40,"key":"SMITH"},{"data":"StuffTheSpire:ShieldGenerator+1","floor":41,"key":"SMITH"},{"data":"StuffTheSpire:Snapshot","floor":47,"key":"SMITH"},{"data":"ReplayTheSpireMod:Calculation Training","floor":49,"key":"SMITH"},{"data":"StuffTheSpire:ShieldGenerator+2","floor":57,"key":"SMITH"},{"data":"StuffTheSpire:ShieldGenerator+3","floor":58,"key":"SMITH"}],"circlet_count":0,"master_deck":["Gash+1","StuffTheSpire:ShieldGenerator+4","ReplayTheSpireMod:Calculation Training+1","aspiration:Polymerization+1","Hologram+1","Defragment+1","Defragment+1","Conserve Battery+1","StuffTheSpire:Snapshot+1","ReplayTheSpireMod:Calculation Training+1"],"relics":["Cracked Core","trackpad:MiracleGrow","aspiration:Lifesprig","zeldaRelics:RedTunic","Replay:Bandana","Bag of Marbles","zeldaRelics:CourageTriforce","White Beast Statue","CCEMRelics:TechnogenicHelmet","ReplayTheSpireMod:Shallot","zeldaRelics:WisdomTriforce","CCEMRelics:GrapeVine","StuffTheSpire:Nightcore","Smiling Mask","infinitespire:WardingShard","Bronze Scales","zeldaRelics:PowerTriforce","StuffTheSpire:NeowsTribute","Red Mask","StuffTheSpire:Experiment12","Inserter","trackpad:BottledTsunami","infinitespire:Midas Blood","infinitespire:Satchel"],"acts_visited":["Exordium","TheCity","TheBeyond","Exordium"],"potions_floor_usage":[29,29,29,46],"damage_taken":[{"damage":2,"enemies":"Small Slimes","floor":1,"turns":3},{"damage":26,"enemies":"Small Slimes","floor":5,"turns":27},{"damage":0,"enemies":"Cultist","floor":7,"turns":3},{"damage":5,"enemies":"Jaw Worm","floor":8,"turns":3},{"damage":0,"enemies":"Gremlin Nob","floor":14,"turns":4},{"damage":0,"enemies":"The Guardian","floor":16,"turns":15},{"damage":2,"enemies":"Shell Parasite","floor":18,"turns":15},{"damage":2,"enemies":"Chosen","floor":21,"turns":4},{"damage":6,"enemies":"Centurion and Healer","floor":22,"turns":10},{"damage":0,"enemies":"Replay:Snechameleon","floor":27,"turns":8},{"damage":0,"enemies":"3 Cultists","floor":28,"turns":8},{"damage":0,"enemies":"Gremlin Leader","floor":29,"turns":9},{"damage":0,"enemies":"Automaton","floor":33,"turns":12},{"damage":0,"enemies":"Orb Walker","floor":35,"turns":3},{"damage":21,"enemies":"3 Shapes","floor":36,"turns":10},{"damage":0,"enemies":"R_Hoarder","floor":46,"turns":15},{"damage":0,"enemies":"Nightmare","floor":48,"turns":12},{"damage":0,"enemies":"Time Eater","floor":50,"turns":17},{"damage":0,"enemies":"2 Louse","floor":52,"turns":3},{"damage":0,"enemies":"Jaw Worm","floor":55,"turns":7},{"damage":0,"enemies":"Small Slimes","floor":59,"turns":1}],"seed_played":"-7265382172189562761","potions_obtained":[{"floor":7,"key":"blueLaboratory:HummingbirdPotion"},{"floor":8,"key":"blueLaboratory:PolymorphPotion"},{"floor":14,"key":"blueLaboratory:BottleOfRum"},{"floor":21,"key":"Strength Potion"},{"floor":28,"key":"Dexterity Potion"},{"floor":29,"key":"BlessingOfTheForge"},{"floor":33,"key":"blueLaboratory:BiasPotion"},{"floor":35,"key":"Block Potion"},{"floor":46,"key":"blueLaboratory:HeartbeatPotion"}],"is_trial":true,"path_per_floor":["M","?","?","?","?","R","M","M","T","R","R","T","$","E","R","B",null,"M","?","$","M","M","R","$","R","T","E","M","E","R","AVR","R","B",null,"M","M","$","?","T","R","R","AVR","T","?","?","E","R","NM","R","B",null,"M","?","T","M","?","R","R","M"],"character_chosen":"DEFECT","items_purchased":["Defragment","Conserve Battery","Bronze Scales"],"campfire_rested":0,"item_purchase_floors":[13,24,37],"current_hp_per_floor":[75,75,75,75,56,56,63,65,65,65,65,65,65,72,72,75,75,75,75,75,75,75,75,75,75,75,75,75,75,75,75,75,75,75,75,54,54,54,54,54,54,54,54,54,54,54,54,54,54,54,75,75,75,75,75,75,75,75,75,75],"gold":23,"neow_bonus":"","is_daily":false,"chose_seed":false,"campfire_upgraded":14,"win_rate":0.0,"timestamp":1609713249,"path_taken":["M","?","?","?","?","R","?","M","T","R","R","?","$","E","R","BOSS","M","?","?","?","M","R","$","R","T","E","?","E","R","AVR","R","BOSS","M","M","$","?","?","R","R","AVR","T","?","?","E","R","NM","R","BOSS","M","?","?","?","?","R","R","?"],"items_purchased_type":["Card","Card","Relic"],"build_version":"2020-12-22","purchased_purges":6,"victory":false,"max_hp_per_floor":[75,75,75,75,75,75,75,75,75,75,75,75,75,75,75,75,75,75,75,75,75,75,75,75,75,75,75,75,75,75,75,75,75,75,75,75,75,75,75,75,75,75,75,75,75,75,75,75,75,75,75,75,75,75,75,75,75,75,75,75],"card_choices":[{"not_picked":["Gash","Leap"],"picked":"aspiration:Polymerization","floor":3},{"not_picked":["Sunder","Stack"],"picked":"Hologram","floor":5},{"not_picked":["Self Repair","Skim","ReplayTheSpireMod:GoodbyeWorld"],"picked":"SKIP","floor":14},{"not_picked":["Compile Driver","Rebound","Streamline+1"],"picked":"SKIP","floor":27},{"not_picked":["ReplaySort","Beam Cell+1","ReplayTheSpireMod:Reroute Power"],"picked":"SKIP","floor":29},{"not_picked":["Rebound","Redo+1","ReplayTheSpireMod:Repulse"],"picked":"SKIP","floor":46},{"not_picked":["BasicCrystalCard","Scrape"],"picked":"ReplayTheSpireMod:Calculation Training","floor":48}],"player_experience":199677,"relics_obtained":[{"floor":1,"key":"aspiration:Lifesprig"},{"floor":5,"key":"zeldaRelics:RedTunic"},{"floor":7,"key":"Replay:Bandana"},{"floor":8,"key":"Bag of Marbles"},{"floor":9,"key":"zeldaRelics:CouragePiece"},{"floor":12,"key":"zeldaRelics:CouragePiece"},{"floor":14,"key":"zeldaRelics:CouragePiece"},{"floor":18,"key":"White Beast Statue"},{"floor":21,"key":"CCEMRelics:TechnogenicHelmet"},{"floor":22,"key":"ReplayTheSpireMod:Shallot"},{"floor":26,"key":"zeldaRelics:WisdomPiece"},{"floor":27,"key":"zeldaRelics:WisdomPiece"},{"floor":28,"key":"CCEMRelics:GrapeVine"},{"floor":29,"key":"zeldaRelics:WisdomPiece"},{"floor":35,"key":"Smiling Mask"},{"floor":36,"key":"infinitespire:WardingShard"},{"floor":39,"key":"zeldaRelics:PowerPiece"},{"floor":43,"key":"zeldaRelics:PowerPiece"},{"floor":46,"key":"zeldaRelics:PowerPiece"},{"floor":48,"key":"StuffTheSpire:Experiment12"},{"floor":54,"key":"infinitespire:Midas Blood"},{"floor":55,"key":"infinitespire:Satchel"}],"event_choices":[{"damage_healed":0,"gold_gain":0,"player_choice":"Copied","damage_taken":0,"max_hp_gain":0,"max_hp_loss":0,"event_name":"Duplicator","floor":19,"gold_loss":0,"cards_obtained":["Defragment"]},{"damage_healed":0,"gold_gain":0,"player_choice":"Upgraded","damage_taken":0,"max_hp_gain":0,"max_hp_loss":0,"event_name":"Upgrade Shrine","floor":38,"gold_loss":0,"cards_upgraded":["Hologram"]},{"damage_healed":0,"gold_gain":0,"player_choice":"Paid","damage_taken":0,"relics_obtained":["Red Mask"],"max_hp_gain":0,"max_hp_loss":0,"event_name":"Tomb of Lord Red Mask","floor":45,"gold_loss":114},{"damage_healed":0,"gold_gain":0,"player_choice":"Paid Gold","damage_taken":0,"relics_obtained":["trackpad:BottledTsunami"],"max_hp_gain":0,"max_hp_loss":0,"event_name":"WeMeetAgain","floor":53,"gold_loss":81},{"cards_removed":["StuffTheSpire:Coldhearted"],"damage_healed":0,"gold_gain":0,"player_choice":"Purged","damage_taken":0,"max_hp_gain":0,"max_hp_loss":0,"event_name":"Purifier","floor":56,"gold_loss":0}],"is_beta":false,"boss_relics":[{"not_picked":["Replay:Wanted Poster","trackpad:Trackpad","trackpad:NeutrinoGenerator"]},{"not_picked":["energizedSpire:StickyHand","energizedSpire:MagnifyingGlass","aspiration:PoetsPen_weak"]},{"not_picked":["Runic Pyramid","Fusion Hammer"],"picked":"Inserter"}],"items_purged_floors":[13,20,24,31,37,42],"is_endless":true,"potions_floor_spawned":[5,7,8,14,21,22,27,28,29,33,35,36,46,50,52,55],"killed_by":"Small Slimes","ascension_level":0}}