{"host":"dbga4p2yf89wcmt1","time":1609643954,"event":{"mods":["BaseMod","Colored Map","Googly Eyes","Minty Spire (QoL Compilation)","Relic Stats","StSLib"],"gold_per_floor":[118,134,134,134,152,152,152,152,152,152,76,87,97,112,112,112,112],"floor_reached":16,"playtime":456,"items_purged":[],"score":92,"play_id":"31249c62-2764-493d-a554-66493412e560","local_time":"20210102221914","is_ascension_mode":false,"campfire_choices":[{"data":"Eruption","floor":6,"key":"SMITH"},{"floor":8,"key":"REST"},{"data":"Crescendo","floor":10,"key":"SMITH"},{"floor":15,"key":"REST"}],"circlet_count":0,"master_deck":["Strike_P","Strike_P","Strike_P","Strike_P","Defend_P","Defend_P","Eruption+1","Vigilance","Crescendo+1","FlurryOfBlows+1","Conclude","ReachHeaven","FlurryOfBlows","Worship"],"relics":["PureWater","Kunai"],"acts_visited":["Exordium"],"potions_floor_usage":[16,16,16],"damage_taken":[{"damage":22,"enemies":"Jaw Worm","floor":1,"turns":2},{"damage":0,"enemies":"2 Louse","floor":2,"turns":1},{"damage":0,"enemies":"Small Slimes","floor":5,"turns":2},{"damage":12,"enemies":"3 Louse","floor":12,"turns":2},{"damage":13,"enemies":"Exordium Thugs","floor":13,"turns":2},{"damage":0,"enemies":"Large Slime","floor":14,"turns":2},{"damage":60,"enemies":"Hexaghost","floor":16,"turns":2}],"seed_played":"-3177440786866146160","potions_obtained":[{"floor":2,"key":"DuplicationPotion"},{"floor":5,"key":"Energy Potion"},{"floor":14,"key":"GamblersBrew"}],"is_trial":false,"path_per_floor":["M","M","?","?","M","R","T","R","T","R","$","M","M","M","R","B"],"character_chosen":"WATCHER","items_purchased":["Conclude"],"campfire_rested":2,"item_purchase_floors":[11],"current_hp_per_floor":[50,50,50,43,43,43,43,64,64,64,64,52,39,39,60,0,0],"gold":112,"neow_bonus":"REMOVE_CARD","is_daily":false,"chose_seed":false,"campfire_upgraded":2,"win_rate":0.0,"timestamp":1609643954,"path_taken":["M","M","?","?","M","R","?","R","T","R","$","M","M","M","R","BOSS"],"items_purchased_type":["Card"],"build_version":"2020-12-22","purchased_purges":0,"victory":false,"max_hp_per_floor":[72,72,72,72,72,72,72,72,72,72,72,72,72,72,72,72,72],"relic_stats":{"counters":[7,13],"Kunai":[5],"obtain_stats":[{"Kunai":7,"PureWater":0},{"Kunai":3,"PureWater":0},{"Kunai":5,"PureWater":0}]},"card_choices":[{"not_picked":["ThirdEye","CrushJoints"],"picked":"Crescendo","floor":1},{"not_picked":["CrushJoints","Alpha"],"picked":"FlurryOfBlows","floor":2},{"not_picked":["ThirdEye","EmptyBody","InnerPeace"],"picked":"SKIP","floor":5},{"not_picked":["JustLucky","Vengeance"],"picked":"ReachHeaven","floor":12},{"not_picked":["Perseverance","ForeignInfluence"],"picked":"FlurryOfBlows","floor":13},{"not_picked":["Protect","Sanctity"],"picked":"Worship","floor":14}],"player_experience":151915,"relics_obtained":[{"floor":7,"key":"Kunai"}],"event_choices":[{"damage_healed":0,"gold_gain":0,"player_choice":"Grow","damage_taken":0,"max_hp_gain":0,"max_hp_loss":0,"event_name":"Living Wall","floor":3,"gold_loss":0,"cards_upgraded":["FlurryOfBlows"]},{"cards_removed":["Defend_P"],"damage_healed":0,"gold_gain":0,"player_choice":"Card Removal","damage_taken":7,"max_hp_gain":0,"max_hp_loss":0,"event_name":"Golden Wing","floor":4,"gold_loss":0}],"is_beta":false,"boss_relics":[],"items_purged_floors":[],"is_endless":false,"potions_floor_spawned":[2,5,14],"killed_by":"Hexaghost","ascension_level":0}}