{"host":"na09lpbrez4gbfiz","time":1609644365,"event":{"mods":["Act Like it!","BaseMod","BetterRewards","Colored Map","Colored Powertips","DeckTracker","Googly Eyes","Highlight Path","Minty Spire (QoL Compilation)","Quick Restart","Spicy Shops","StSLib","SuperFastMode","Synergy Search"],"gold_per_floor":[115,115,290,365,377,408,428,450,450,470,470,4,14,46,46,144,144,159,0,99,109,129,129,143,143,143,177,177,177,4,4,4],"floor_reached":31,"playtime":945,"items_purged":["Doubt","Strike_R+1"],"score":461,"play_id":"140d77d4-78e0-4044-a778-3a5348aff179","local_time":"20210103042605","is_ascension_mode":true,"campfire_choices":[{"data":"Flame Barrier","floor":15,"key":"SMITH"},{"data":"Demon Form","floor":23,"key":"SMITH"},{"data":"True Grit","floor":25,"key":"SMITH"},{"data":"1","floor":29,"key":"LIFT"}],"circlet_count":0,"master_deck":["AscendersBane","Strike_R+1","Strike_R+1","Strike_R+1","Defend_R+1","Defend_R+1","Defend_R+1","Defend_R+1","Bash+1","Flex","Cleave","Flame Barrier+1","Ghostly Armor","Bludgeon+1","Carnage+1","Demon Form+1","Shrug It Off","True Grit+1","Inflame+1"],"relics":["Black Blood","NeowsBlessing","Lizard Tail","Odd Mushroom","Gremlin Horn","Membership Card","Molten Egg 2","Medical Kit","Blood Vial","Centennial Puzzle","Frozen Egg 2","Singing Bowl","Girya","Toxic Egg 2"],"acts_visited":["Exordium","TheCity"],"potions_floor_usage":[16,16,22],"damage_taken":[{"damage":0,"enemies":"Jaw Worm","floor":1,"turns":1},{"damage":0,"enemies":"Small Slimes","floor":5,"turns":1},{"damage":0,"enemies":"Gremlin Nob","floor":6,"turns":1},{"damage":0,"enemies":"2 Louse","floor":7,"turns":2},{"damage":25,"enemies":"The Mushroom Lair","floor":8,"turns":5},{"damage":19,"enemies":"Large Slime","floor":10,"turns":6},{"damage":1,"enemies":"Exordium Wildlife","floor":13,"turns":4},{"damage":5,"enemies":"3 Sentries","floor":14,"turns":6},{"damage":35,"enemies":"Hexaghost","floor":16,"turns":8},{"damage":12,"enemies":"Chosen","floor":18,"turns":4},{"damage":22,"enemies":"2 Thieves","floor":21,"turns":3},{"damage":23,"enemies":"Snecko","floor":22,"turns":5},{"damage":12,"enemies":"Centurion and Healer","floor":24,"turns":5},{"damage":84,"enemies":"Gremlin Leader","floor":27,"turns":9},{"damage":24,"enemies":"Chosen and Byrds","floor":31,"turns":4}],"seed_played":"2214259708442516430","potions_obtained":[{"floor":1,"key":"GamblersBrew"},{"floor":8,"key":"Swift Potion"},{"floor":16,"key":"FearPotion"},{"floor":21,"key":"Ancient Potion"},{"floor":22,"key":"FearPotion"}],"is_trial":false,"path_per_floor":["M","?","?","?","M","E","M","?","T","M","?","$","M","E","R","B",null,"M","$","?","M","M","R","M","R","T","E","?","R","$","M"],"character_chosen":"IRONCLAD","items_purchased":["Membership Card","Molten Egg 2","Medical Kit","Blood Vial","Frozen Egg 2","Shrug It Off","Toxic Egg 2"],"campfire_rested":0,"item_purchase_floors":[12,12,12,12,19,19,30],"current_hp_per_floor":[78,71,71,60,66,72,78,59,59,46,30,30,37,40,40,13,63,65,65,65,57,48,48,50,50,50,21,21,21,21,0,0],"gold":4,"neow_bonus":"THREE_ENEMY_KILL","is_daily":false,"chose_seed":false,"campfire_upgraded":3,"win_rate":0.0,"timestamp":1609644365,"path_taken":["M","?","?","?","M","E","M","?","T","M","?","?","M","E","R","BOSS","M","$","?","M","M","R","M","R","T","E","?","R","?","M"],"items_purchased_type":["Relic","Relic","Relic","Relic","Relic","Card","Relic"],"build_version":"2020-12-22","purchased_purges":2,"victory":false,"max_hp_per_floor":[80,80,80,80,80,80,80,80,80,80,80,80,80,80,80,80,80,80,80,80,80,80,80,80,80,80,80,80,80,80,80,80],"card_choices":[{"not_picked":["Blood for Blood","Heavy Blade"],"picked":"Flex","floor":1},{"not_picked":["Clothesline","Intimidate"],"picked":"Cleave","floor":5},{"not_picked":["Rupture","Fire Breathing"],"picked":"Flame Barrier","floor":6},{"not_picked":["Twin Strike","Entrench","Body Slam"],"picked":"SKIP","floor":7},{"not_picked":["Heavy Blade","Twin Strike"],"picked":"Ghostly Armor","floor":10},{"not_picked":["Uppercut+1","Intimidate"],"picked":"Bludgeon+1","floor":13},{"not_picked":["Intimidate","Shrug It Off"],"picked":"Carnage+1","floor":14},{"not_picked":["Exhume","Offering"],"picked":"Demon Form","floor":16},{"not_picked":["Wild Strike+1","Clothesline+1","Dark Embrace"],"picked":"SKIP","floor":18},{"not_picked":["Wild Strike+1","Clothesline+1","Dark Embrace"],"picked":"SKIP","floor":18},{"not_picked":["Wild Strike+1","Clothesline+1","Dark Embrace"],"picked":"SKIP","floor":18},{"not_picked":["Clash+1","Infernal Blade","True Grit"],"picked":"SKIP","floor":21},{"not_picked":["Anger+1","Thunderclap+1","Body Slam+1"],"picked":"SKIP","floor":22},{"not_picked":["Iron Wave+1","Anger+1"],"picked":"True Grit","floor":24},{"not_picked":["Power Through","Whirlwind+1"],"picked":"Inflame+1","floor":27}],"player_experience":263135,"relics_obtained":[{"floor":6,"key":"Lizard Tail"},{"floor":8,"key":"Odd Mushroom"},{"floor":9,"key":"Gremlin Horn"},{"floor":14,"key":"Centennial Puzzle"},{"floor":26,"key":"Singing Bowl"},{"floor":27,"key":"Girya"}],"event_choices":[{"cards_removed":["Strike_R"],"damage_healed":0,"gold_gain":0,"player_choice":"Card Removal","damage_taken":7,"max_hp_gain":0,"max_hp_loss":0,"event_name":"Golden Wing","floor":2,"gold_loss":0},{"damage_healed":0,"gold_gain":175,"player_choice":"AGREE","damage_taken":0,"max_hp_gain":0,"max_hp_loss":0,"event_name":"Liars Game","floor":3,"gold_loss":0,"cards_obtained":["Doubt"]},{"damage_healed":0,"gold_gain":75,"player_choice":"Gather Gold","damage_taken":11,"max_hp_gain":0,"max_hp_loss":0,"event_name":"World of Goop","floor":4,"gold_loss":0},{"damage_healed":0,"gold_gain":0,"player_choice":"Fought Mushrooms","damage_taken":0,"max_hp_gain":0,"max_hp_loss":0,"event_name":"Mushrooms","floor":8,"gold_loss":0},{"damage_healed":0,"gold_gain":0,"player_choice":"Entered Light","damage_taken":16,"max_hp_gain":0,"max_hp_loss":0,"event_name":"Shining Light","floor":11,"gold_loss":0,"cards_upgraded":["Strike_R","Bash"]},{"damage_healed":0,"gold_gain":99,"player_choice":"Stole From Cult","damage_taken":0,"max_hp_gain":0,"max_hp_loss":0,"event_name":"Nest","floor":20,"gold_loss":0},{"damage_healed":0,"gold_gain":0,"player_choice":"Simplicity","damage_taken":0,"max_hp_gain":0,"max_hp_loss":0,"event_name":"Back to Basics","floor":28,"gold_loss":0,"cards_upgraded":["Strike_R","Strike_R","Strike_R","Defend_R","Defend_R","Defend_R","Defend_R"]}],"is_beta":false,"boss_relics":[{"not_picked":["Astrolabe","Runic Dome"],"picked":"Black Blood"}],"items_purged_floors":[12,30],"is_endless":false,"potions_floor_spawned":[1,8,14,16,21,22],"killed_by":"Chosen and Byrds","ascension_level":12}}