{"host":"xurz8oye0j2lsa2k","time":1609704054,"event":{"mods":["AchievementEnabler","BaseMod","Colored Map","Downfall","Hubris","Marisa????????","Minty Spire (QoL Compilation)","Permanent Neow","StSLib"],"gold_per_floor":[110,60,60,94,94,134,134,134,134],"floor_reached":8,"playtime":653,"items_purged":[],"score":54,"play_id":"3c3e3a77-2736-46d1-b5cb-aed7f7a3c630","local_time":"20210103150054","is_ascension_mode":false,"campfire_choices":[{"data":"StarlightTyphoon","floor":7,"key":"SMITH"}],"circlet_count":0,"master_deck":["Strike_MRS","Strike_MRS","Defend_MRS","Defend_MRS","Defend_MRS","MasterSpark","UpSweep","ManaConvection","WitchOfGreed","StarlightTyphoon+1","WitchLeyline","DC"],"relics":["MiniHakkero","hubris:Icosahedron","hubris:OldNail"],"acts_visited":["Exordium"],"potions_floor_usage":[6,6,8,8],"damage_taken":[{"damage":9,"enemies":"Jaw Worm","floor":1,"turns":4},{"damage":17,"enemies":"Small Slimes","floor":4,"turns":3},{"damage":18,"enemies":"3 Sentries","floor":6,"turns":6},{"damage":32,"enemies":"Gremlin Nob","floor":8,"turns":3}],"seed_played":"-1228631694919730339","potions_obtained":[{"floor":4,"key":"Strength Potion"},{"floor":4,"key":"Block Potion"},{"floor":6,"key":"Strength Potion"}],"is_trial":false,"path_per_floor":["M","?","?","M","?","E","R","E"],"character_chosen":"MARISA","items_purchased":[],"campfire_rested":0,"item_purchase_floors":[],"current_hp_per_floor":[59,59,59,42,42,24,24,0,0],"gold":134,"neow_bonus":"TRANSFORM_TWO_CARDS","is_daily":false,"chose_seed":false,"campfire_upgraded":1,"win_rate":0.0,"timestamp":1609704054,"path_taken":["M","?","?","M","?","E","R","E"],"items_purchased_type":[],"build_version":"2020-12-22","purchased_purges":0,"victory":false,"max_hp_per_floor":[68,68,68,68,68,68,68,68,68],"card_choices":[{"not_picked":["DoubleSpark","StarlightTyphoon"],"picked":"WitchOfGreed","floor":1},{"not_picked":["ShootTheMoon","NonDirectionalLaser"],"picked":"WitchLeyline","floor":4},{"not_picked":["ShootTheMoon","MagicAbsorber"],"picked":"DC","floor":6}],"player_experience":489170,"relics_obtained":[{"floor":6,"key":"hubris:OldNail"}],"event_choices":[{"cards_removed":["CollectingQuirk"],"damage_healed":0,"gold_gain":0,"player_choice":"Card Removal","damage_taken":0,"max_hp_gain":0,"max_hp_loss":0,"event_name":"The Cleric","floor":2,"gold_loss":50},{"damage_healed":0,"gold_gain":0,"cards_transformed":["Strike_MRS"],"player_choice":"Change","damage_taken":0,"max_hp_gain":0,"max_hp_loss":0,"event_name":"Living Wall","floor":3,"gold_loss":0,"cards_obtained":["StarlightTyphoon"]}],"is_beta":false,"boss_relics":[],"items_purged_floors":[],"is_endless":false,"potions_floor_spawned":[4],"killed_by":"Gremlin Nob","ascension_level":0}}