{"host":"wuk1ltmmka824l9y","time":1609662917,"event":{"mods":["AchievementEnabler","BaseMod","Custom Start","DeckTracker","Minty Spire (QoL Compilation)","Quick Restart","StSLib","SuperFastMode"],"gold_per_floor":[116,116,116,131,152,172,25,25,51,51,51,51,70,89,89,208,208,221,246,345,194,109,109,133,133,133,166,166,180,64,85,85,214,214,235,107,127,127,127,127,148,174,197,213,24,24,49,63,63,63],"floor_reached":51,"playtime":2913,"items_purged":["Strike_P"],"score":684,"play_id":"293cac30-6118-430f-b274-bfc7fb482174","local_time":"20210103173517","is_ascension_mode":false,"campfire_choices":[{"data":"Eruption","floor":8.0,"key":"SMITH"},{"data":"EmptyFist","floor":12.0,"key":"SMITH"},{"data":"Meditate","floor":15.0,"key":"SMITH"},{"data":"Study","floor":23.0,"key":"SMITH"},{"data":"TalkToTheHand","floor":28.0,"key":"SMITH"},{"floor":32.0,"key":"REST"},{"floor":40,"key":"REST"},{"floor":46,"key":"REST"},{"floor":49,"key":"REST"}],"circlet_count":0,"master_deck":["Strike_P","Strike_P","Defend_P+1","Defend_P","Eruption+1","Vigilance","Halt+1","FollowUp","Adaptation","EmptyFist+1","Establishment","Meditate+1","Omniscience","Study+1","TalkToTheHand+1","Halt","Protect","JustLucky","Fasting2","EmptyMind","Ragnarok","SandsOfTime","FlurryOfBlows","Protect+1","SandsOfTime","Crescendo"],"relics":["PureWater","NeowsBlessing","Golden Idol","ClockworkSouvenir","War Paint","Sozu","Bag of Preparation","Ginger","GoldenEye","SlaversCollar","Strawberry","Boot","HandDrill"],"acts_visited":["Exordium","TheCity","TheBeyond"],"potions_floor_usage":[50],"damage_taken":[{"damage":0.0,"enemies":"Jaw Worm","floor":1.0,"turns":1.0},{"damage":0.0,"enemies":"Small Slimes","floor":4.0,"turns":1.0},{"damage":0.0,"enemies":"Cultist","floor":5.0,"turns":1.0},{"damage":9.0,"enemies":"Large Slime","floor":6.0,"turns":6.0},{"damage":14.0,"enemies":"3 Louse","floor":13.0,"turns":3.0},{"damage":0.0,"enemies":"Blue Slaver","floor":14.0,"turns":1.0},{"damage":0.0,"enemies":"Slime Boss","floor":16.0,"turns":7.0},{"damage":4.0,"enemies":"3 Byrds","floor":18.0,"turns":6.0},{"damage":2.0,"enemies":"Shell Parasite","floor":19.0,"turns":5.0},{"damage":0.0,"enemies":"Cultist and Chosen","floor":24.0,"turns":3.0},{"damage":31.0,"enemies":"Slavers","floor":27.0,"turns":6.0},{"damage":9.0,"enemies":"Snake Plant","floor":29.0,"turns":4.0},{"damage":2.0,"enemies":"Centurion and Healer","floor":31.0,"turns":6.0},{"damage":9.0,"enemies":"Automaton","floor":33.0,"turns":10.0},{"damage":28.0,"enemies":"3 Shapes","floor":35.0,"turns":5.0},{"damage":17,"enemies":"3 Darklings","floor":37,"turns":7},{"damage":11,"enemies":"Transient","floor":41,"turns":5},{"damage":12,"enemies":"Jaw Worm Horde","floor":44,"turns":4},{"damage":8,"enemies":"4 Shapes","floor":47,"turns":4},{"damage":6,"enemies":"Sphere and 2 Shapes","floor":48,"turns":4},{"damage":46,"enemies":"Time Eater","floor":50,"turns":9}],"seed_played":"-6644112211801446776","potions_obtained":[{"floor":6.0,"key":"BlessingOfTheForge"},{"floor":14.0,"key":"SteroidPotion"}],"is_trial":false,"path_per_floor":["M","?","?","M","M","M","$","R","T","?","?","R","M","M","R","B",null,"M","M","?","$","?","R","M","$","T","E","R","M","$","M","R","B",null,"M","$","M","?","?","R","M","T","T","M","$","R","M","M","R","B",null],"character_chosen":"WATCHER","items_purchased":["ClockworkSouvenir","TalkToTheHand","Fasting2","EmptyMind","SandsOfTime","FlurryOfBlows","SandsOfTime","HandDrill"],"campfire_rested":4,"item_purchase_floors":[7,21,30,30,36,36,45,45],"current_hp_per_floor":[72,54,54,54,54,45,45,45,45,38,38,38,24,24,24,24,72,68,66,66,66,66,66,66,66,66,35,35,26,26,24,45,36,72,44,44,27,27,27,48,37,44,44,32,32,55,47,41,64,18],"gold":63,"neow_bonus":"THREE_ENEMY_KILL","is_daily":false,"chose_seed":false,"campfire_upgraded":5,"win_rate":0.0,"timestamp":1609662917,"path_taken":["M","?","?","M","M","?","$","R","T","?","?","R","M","M","R","BOSS","M","?","?","$","?","R","M","?","T","E","R","M","$","M","R","BOSS","M","?","M","?","?","R","?","?","T","M","$","R","M","M","R","BOSS"],"items_purchased_type":["Relic","Card","Card","Card","Card","Card","Card","Relic"],"build_version":"2020-12-22","purchased_purges":1,"victory":true,"max_hp_per_floor":[72,72,72,72,72,72,72,72,72,72,72,72,72,72,72,72,72,72,72,72,72,72,72,72,72,72,72,72,72,72,72,72,72,72,72,72,72,72,72,72,72,79,79,79,79,79,79,79,79,79],"card_choices":[{"not_picked":["SashWhip","BowlingBash"],"picked":"Halt","floor":1.0},{"not_picked":["Protect","ClearTheMind"],"picked":"FollowUp","floor":4.0},{"not_picked":["JustLucky","EmptyFist"],"picked":"Adaptation","floor":5.0},{"not_picked":["ThirdEye","Wallop"],"picked":"EmptyFist","floor":6.0},{"not_picked":["SashWhip","ThirdEye"],"picked":"Establishment","floor":13.0},{"not_picked":["EmptyBody","Crescendo"],"picked":"Meditate","floor":14.0},{"not_picked":["Ragnarok","MasterReality"],"picked":"Omniscience","floor":16.0},{"not_picked":["Halt+1","SashWhip+1"],"picked":"Study","floor":18.0},{"not_picked":["PathToVictory","Meditate","Nirvana"],"picked":"SKIP","floor":19.0},{"not_picked":["Adaptation","InnerPeace"],"picked":"Halt","floor":24.0},{"not_picked":["Establishment","Adaptation"],"picked":"Protect","floor":27.0},{"not_picked":["CrushJoints","Collect"],"picked":"JustLucky","floor":29.0},{"not_picked":["Worship+1","SashWhip+1","CutThroughFate"],"picked":"SKIP","floor":31.0},{"not_picked":["ConjureBlade","Judgement"],"picked":"Ragnarok","floor":33.0},{"not_picked":["Weave+1","Evaluate+1","BowlingBash+1"],"picked":"SKIP","floor":35.0},{"not_picked":["BowlingBash+1","Evaluate","FlyingSleeves"],"picked":"SKIP","floor":37},{"not_picked":["WindmillStrike","Establishment"],"picked":"Protect+1","floor":41},{"not_picked":["SignatureMove","JustLucky","Protect"],"picked":"SKIP","floor":44},{"not_picked":["Meditate","Protect","Sanctity"],"picked":"SKIP","floor":47},{"not_picked":["JustLucky+1","Establishment"],"picked":"Crescendo","floor":48}],"player_experience":336640,"relics_obtained":[{"floor":9.0,"key":"War Paint"},{"floor":26.0,"key":"Ginger"},{"floor":27.0,"key":"GoldenEye"},{"floor":42,"key":"Strawberry"},{"floor":43,"key":"Boot"}],"event_choices":[{"damage_healed":0.0,"max_hp_gain":0.0,"max_hp_loss":0.0,"gold_gain":0.0,"event_name":"Golden Idol","player_choice":"Take Damage","floor":2.0,"gold_loss":0.0,"damage_taken":18.0,"relics_obtained":["Golden Idol"]},{"cards_removed":["Strike_P"],"damage_healed":0.0,"max_hp_gain":0.0,"max_hp_loss":0.0,"gold_gain":0.0,"event_name":"Living Wall","player_choice":"Forget","floor":3.0,"gold_loss":0.0,"damage_taken":0.0},{"cards_removed":["Defend_P"],"damage_healed":0.0,"max_hp_gain":0.0,"max_hp_loss":0.0,"gold_gain":0.0,"event_name":"Golden Wing","player_choice":"Card Removal","floor":10.0,"gold_loss":0.0,"damage_taken":7.0},{"cards_removed":["Defend_P"],"damage_healed":0.0,"max_hp_gain":0.0,"max_hp_loss":0.0,"gold_gain":0.0,"event_name":"NoteForYourself","player_choice":"Took Card","floor":11.0,"gold_loss":0.0,"damage_taken":0.0,"cards_obtained":["Defend_B"]},{"damage_healed":0.0,"max_hp_gain":0.0,"max_hp_loss":0.0,"gold_gain":99.0,"event_name":"Nest","player_choice":"Stole From Cult","floor":20.0,"gold_loss":0.0,"damage_taken":0.0},{"damage_healed":0.0,"max_hp_gain":0.0,"max_hp_loss":0.0,"gold_gain":0.0,"event_name":"Addict","player_choice":"Obtained Relic","floor":22.0,"gold_loss":85.0,"damage_taken":0.0,"relics_obtained":["Bag of Preparation"]},{"damage_healed":0,"gold_gain":0,"player_choice":"Ignored","damage_taken":0,"max_hp_gain":0,"max_hp_loss":0,"event_name":"Mysterious Sphere","floor":38,"gold_loss":0},{"cards_removed":["Defend_B"],"damage_healed":0,"gold_gain":0,"player_choice":"Removed Skill","damage_taken":0,"max_hp_gain":0,"max_hp_loss":0,"event_name":"Falling","floor":39,"gold_loss":0}],"is_beta":false,"boss_relics":[{"not_picked":["Coffee Dripper","HolyWater"],"picked":"Sozu"},{"not_picked":["Astrolabe","Philosopher\u0027s Stone"],"picked":"SlaversCollar"}],"items_purged_floors":[21],"is_endless":false,"potions_floor_spawned":[6,14,24,27,35,41],"ascension_level":0}}