{"host":"7bzprrpqr2usgpra","time":1609669370,"event":{"mods":["ATMod(阿瑾Mod)","BaseMod","BetterRewards","Dota2Spire","HololiveMod","Lobotomy","Minty Spire (QoL Compilation)","MostiFishMod","Quick Restart","Spicy Shops","StSLib","TestMod","TheWitcher","[IsaacMod]以撒尖塔","【遗物卡牌】REMEMod"],"gold_per_floor":[120,195,216,216,366,407,438,485,485,512,173,215,234,277,277,412,412,428,428,462,472,472],"floor_reached":21,"playtime":1276,"items_purged":["Doubt"],"score":610,"play_id":"9d780ae9-7775-444f-85a7-9b4cbad8aec5","local_time":"20210103182250","is_ascension_mode":true,"campfire_choices":[{"data":"AT_FamilyPortrait","floor":15,"key":"SMITH"}],"circlet_count":0,"master_deck":["AscendersBane","Strike_P","Strike_P","Strike_P","Defend_P","Defend_P","Defend_P","Defend_P","Eruption","Vigilance","MostiFishMod:Neptune","MostiFishMod:TheEndOfMoonlight","MostiFishMod:FantasySummer","AT_FamilyPortrait+1","Bloodbath","FlurryOfBlows","UniverseFragment","CrumblingArmor","Prostrate","FairyFestival","MostiFishMod:Adaptation","Funeral","Scarecrow","Prostrate","Scorched","ShyLook","MostiFishMod:OutWit","Pray","CurseOfTheBell","GreedKing","Prostrate","LaLuna","SandsOfTime"],"relics":["PureWater","AT_ATBox","testmod-TestBox","HushsDoor","REME_ComplimentaryCards","CogitoBucket","MoonlightInvasionPlan","BelialBook","testmod-DeterminationOfClimber","SynthV:TestCard","Golden Idol","BlankCard","Dota2Spire:EchoSabre","SkinProphecy","BookOfRevelations","DoctorsRemote","testmod-Déjàvu","Calling Bell","AT_ChloranthyRing","SharpPlug","Dota2Spire:AssaultCuirass","BehaviorAdjustment","DaveBox","ImprovedEquipment"],"acts_visited":["Exordium","TheCity"],"potions_floor_usage":[12],"damage_taken":[{"damage":0,"enemies":"Jaw Worm","floor":1,"turns":1},{"damage":0,"enemies":"2 Louse","floor":3,"turns":2},{"damage":0,"enemies":"Lagavulin","floor":6,"turns":1},{"damage":5,"enemies":"Small Slimes","floor":7,"turns":2},{"damage":46,"enemies":"3 Sentries","floor":8,"turns":7},{"damage":11,"enemies":"Exordium Thugs","floor":10,"turns":2},{"damage":0,"enemies":"Gremlin Nob","floor":12,"turns":1},{"damage":13,"enemies":"Red Slaver","floor":13,"turns":1},{"damage":5,"enemies":"Lagavulin","floor":14,"turns":1},{"damage":12,"enemies":"The Guardian","floor":16,"turns":4},{"damage":3,"enemies":"Spheric Guardian","floor":18,"turns":2},{"damage":0,"enemies":"3 Byrds","floor":20,"turns":2},{"damage":0,"enemies":"Cultist and Chosen","floor":21,"turns":1}],"seed_played":"-8714233001975277851","potions_obtained":[{"floor":6,"key":"AttackPotion"},{"floor":10,"key":"Dexterity Potion"},{"floor":12,"key":"SteroidPotion"}],"is_trial":false,"path_per_floor":["M","?","M","?","?","E","M","E","T","M","$","E","M","E","R","B",null,"M","?","M","M"],"character_chosen":"WATCHER","items_purchased":["BookOfRevelations","testmod-Dream"],"campfire_rested":0,"item_purchase_floors":[11,11],"current_hp_per_floor":[63,52,54,31,31,41,48,47,47,45,45,55,49,53,53,85,85,81,81,91,0,0],"gold":472,"neow_bonus":"","is_daily":false,"chose_seed":false,"campfire_upgraded":1,"win_rate":0.0,"timestamp":1609669370,"path_taken":["M","?","M","?","?","E","M","E","T","M","$","E","M","E","R","BOSS","M","?","M","M"],"items_purchased_type":["Relic","Card"],"build_version":"2020-12-22","purchased_purges":1,"victory":false,"max_hp_per_floor":[68,68,68,68,68,71,74,74,74,74,74,76,81,83,83,85,85,89,89,91,93,93],"card_choices":[{"not_picked":[],"picked":"ChaosCard","floor":0},{"not_picked":["Murderer","MHz"],"picked":"Bloodbath","floor":1},{"not_picked":["PathToVictory","Consecrate"],"picked":"FlurryOfBlows","floor":1},{"not_picked":["MeatLantern","Scorched"],"picked":"UniverseFragment","floor":3},{"not_picked":["REME_MusicOfDeath","AT_SoftenMuscles","Crescendo","FlyingSleeves"],"picked":"TalkToTheHand","floor":3},{"not_picked":["Laetitia","WallGazer"],"picked":"CrumblingArmor","floor":6},{"not_picked":["Study","Sanctity","AT_SoftenMuscles","PathToVictory"],"picked":"Prostrate","floor":6},{"not_picked":["PunishingBird","CherryBlossoms"],"picked":"FairyFestival","floor":7},{"not_picked":["EmptyFist","SashWhip","Evaluate","MostiFishMod:Clarity"],"picked":"MostiFishMod:Adaptation","floor":7},{"not_picked":["Wellcheers","Scorched"],"picked":"Funeral","floor":8},{"not_picked":["CrushJoints","REME_Repentance","Consecrate","FollowUp"],"picked":"MostiFishMod:FlowState","floor":8},{"not_picked":["MeatLantern","OSAHOGD"],"picked":"Scarecrow","floor":10},{"not_picked":["FlyingSleeves","Bomb","REME_Repentance","Halt"],"picked":"Prostrate","floor":10},{"not_picked":["Mercenary","LittleHelper"],"picked":"Scorched","floor":12},{"not_picked":["InnerPeace","MostiFishMod:PathToVictory","Pray","WheelKick"],"picked":"ForeignInfluence","floor":12},{"not_picked":["WallGazer","Mercenary"],"picked":"ShyLook","floor":13},{"not_picked":["SandsOfTime","Wireheading","FlyingSleeves","EmptyBody"],"picked":"MostiFishMod:OutWit","floor":13},{"not_picked":["SpiderBud","OldLady","BeautyBeast"],"picked":"Singing Bowl","floor":14},{"not_picked":["LittleHelper","LongBird"],"picked":"Yin","floor":14},{"not_picked":["REME_Repentance","ThirdEye","Indignation","Evaluate"],"picked":"Pray","floor":14},{"not_picked":["Wish","MostiFishMod:Pointsdynamics","MostiFishMod:Moonprays","MostiFishMod:DisColor"],"picked":"Omniscience","floor":16},{"not_picked":["BigBadWolf","Murderer","MHz"],"picked":"Singing Bowl","floor":18},{"not_picked":["SilentOrchestra","Woodsman"],"picked":"GreedKing","floor":18},{"not_picked":["CutThroughFate","ThirdEye","Halt","Adaptation"],"picked":"Prostrate","floor":18},{"not_picked":["Mercenary","Wellcheers"],"picked":"LaLuna","floor":20},{"not_picked":["Meditate","Tantrum","InnerPeace+1","EmptyMind"],"picked":"SandsOfTime","floor":20}],"player_experience":239165,"relics_obtained":[{"floor":1,"key":"SynthV:TestCard"},{"floor":6,"key":"BlankCard"},{"floor":8,"key":"Dota2Spire:EchoSabre"},{"floor":12,"key":"DoctorsRemote"},{"floor":14,"key":"testmod-Déjàvu"},{"floor":17,"key":"AT_ChloranthyRing"},{"floor":17,"key":"SharpPlug"},{"floor":17,"key":"Dota2Spire:AssaultCuirass"}],"event_choices":[{"damage_healed":0,"gold_gain":75,"player_choice":"Gather Gold","damage_taken":11,"max_hp_gain":0,"max_hp_loss":0,"event_name":"World of Goop","floor":2,"gold_loss":0},{"damage_healed":0,"gold_gain":0,"player_choice":"Take Damage","damage_taken":23,"relics_obtained":["Golden Idol"],"max_hp_gain":0,"max_hp_loss":0,"event_name":"Golden Idol","floor":4,"gold_loss":0},{"damage_healed":0,"gold_gain":150,"player_choice":"AGREE","damage_taken":0,"max_hp_gain":0,"max_hp_loss":0,"event_name":"Liars Game","floor":5,"gold_loss":0,"cards_obtained":["Doubt"]},{"damage_healed":0,"gold_gain":0,"player_choice":"Swap Relic","damage_taken":0,"relics_obtained":["DaveBox"],"max_hp_gain":0,"max_hp_loss":0,"event_name":"给自己的盒子","floor":19,"relics_lost":["DaveBox"],"gold_loss":0}],"is_beta":false,"boss_relics":[{"not_picked":["testmod-EnergyCheck","Snecko Eye"],"picked":"Calling Bell"},{"not_picked":[]}],"items_purged_floors":[11],"is_endless":false,"potions_floor_spawned":[6,10,12],"killed_by":"Cultist and Chosen","ascension_level":15}}