{"host":"xz7n3qy1zq36rzpg","time":1609666921,"event":{"mods":["BaseMod","Colored Map","Colored Powertips","Highlight Path","Minty Spire (QoL Compilation)","Quick Restart","Shop Mod"],"gold_per_floor":[112,112,20,39,8,42,42,55,55,81,92,125,125,140,140,140,140],"floor_reached":16,"playtime":699,"items_purged":[],"score":138,"play_id":"e812167f-89e6-4a69-9978-6f933a1b4297","local_time":"20210103104201","is_ascension_mode":true,"campfire_choices":[{"data":"Sucker Punch","floor":7,"key":"SMITH"},{"floor":15,"key":"REST"}],"circlet_count":0,"master_deck":["Strike_G","Strike_G","Strike_G","Strike_G","Defend_G","Defend_G","Defend_G","Defend_G","Defend_G","Survivor","Neutralize","Backflip","Flying Knee","Noxious Fumes","Sucker Punch+1","Sucker Punch+1","Caltrops","Bullet Time","Poisoned Stab+1","Heel Hook+1","Deflect"],"relics":["Ring of the Snake","Anchor","GremlinMask","Molten Egg 2","PreservedInsect","Bag of Marbles","Omamori"],"acts_visited":["Exordium"],"potions_floor_usage":[14,16],"damage_taken":[{"damage":0,"enemies":"Jaw Worm","floor":1,"turns":4},{"damage":1,"enemies":"Cultist","floor":4,"turns":5},{"damage":18,"enemies":"3 Sentries","floor":6,"turns":10},{"damage":1,"enemies":"2 Louse","floor":8,"turns":3},{"damage":10,"enemies":"Lagavulin","floor":10,"turns":6},{"damage":0,"enemies":"Red Slaver","floor":11,"turns":5},{"damage":28,"enemies":"Gremlin Nob","floor":12,"turns":4},{"damage":2,"enemies":"Lots of Slimes","floor":14,"turns":3},{"damage":33,"enemies":"Slime Boss","floor":16,"turns":8}],"seed_played":"2034323017860076978","potions_obtained":[{"floor":4,"key":"BlessingOfTheForge"},{"floor":11,"key":"Energy Potion"},{"floor":12,"key":"AttackPotion"}],"is_trial":false,"path_per_floor":["M","?","$","M","?","E","R","M","T","E","M","E","?","M","R","B"],"character_chosen":"THE_SILENT","items_purchased":["Flying Knee","Noxious Fumes"],"campfire_rested":1,"item_purchase_floors":[3,3],"current_hp_per_floor":[70,70,70,69,69,51,51,50,50,40,40,12,12,10,31,0,0],"gold":140,"neow_bonus":"RANDOM_COMMON_RELIC","is_daily":false,"chose_seed":false,"campfire_upgraded":1,"win_rate":0.0,"timestamp":1609666921,"path_taken":["M","?","?","M","?","E","R","M","T","E","M","E","?","?","R","BOSS"],"items_purchased_type":["Card","Card"],"build_version":"2020-12-22","purchased_purges":0,"victory":false,"max_hp_per_floor":[70,70,70,70,70,70,70,70,70,70,70,70,70,70,70,70,70],"card_choices":[{"not_picked":["Deadly Poison","Tactician"],"picked":"Backflip","floor":1},{"not_picked":["Deflect","Choke"],"picked":"Sucker Punch","floor":4},{"not_picked":["Expertise","A Thousand Cuts"],"picked":"Sucker Punch+1","floor":6},{"not_picked":["Expertise","Acrobatics"],"picked":"Caltrops","floor":8},{"not_picked":["Sucker Punch+1","Malaise"],"picked":"Bullet Time","floor":10},{"not_picked":["Blur","Predator+1"],"picked":"Poisoned Stab+1","floor":11},{"not_picked":["Dagger Spray+1","Endless Agony+1"],"picked":"Heel Hook+1","floor":12},{"not_picked":["Deadly Poison","PiercingWail"],"picked":"Deflect","floor":14}],"player_experience":280107,"relics_obtained":[{"floor":6,"key":"Molten Egg 2"},{"floor":9,"key":"PreservedInsect"},{"floor":10,"key":"Bag of Marbles"},{"floor":12,"key":"Omamori"}],"event_choices":[{"damage_healed":0,"gold_gain":0,"player_choice":"Trade","damage_taken":0,"relics_obtained":["GremlinMask"],"max_hp_gain":0,"max_hp_loss":0,"event_name":"FaceTrader","floor":2,"gold_loss":0},{"damage_healed":0,"gold_gain":0,"player_choice":"Left Gold","damage_taken":0,"max_hp_gain":0,"max_hp_loss":0,"event_name":"World of Goop","floor":5,"gold_loss":31},{"cards_removed":["Strike_G"],"damage_healed":0,"gold_gain":0,"player_choice":"Purged","damage_taken":0,"max_hp_gain":0,"max_hp_loss":0,"event_name":"Purifier","floor":13,"gold_loss":0}],"is_beta":false,"boss_relics":[],"items_purged_floors":[],"is_endless":false,"potions_floor_spawned":[4,11,12],"killed_by":"Slime Boss","ascension_level":3}}