{"host":"kev6uqotw4tlyx8l","time":1609643849,"event":{"mods":["Act Like it!","Aspiration","BaseMod","Colored Powertips","Dota2Spire","Downfall","Hallownest","Infinite Spire","Marisa????????","Minty Spire (QoL Compilation)","Quick Restart","Remilia??????","Replay The Spire","StSLib","The Cursed","The Jungle","The Marked","The Mystic","The Servant 0.9.4"],"gold_per_floor":[110,122,122,92,106,106,131,142,142,166,13,13,24,38,38,137,137,153,172,172,24,124,151,62,62,113,141,141,157,171,189,189,291,291,307,307,353,353,403,403,205,217,217,229,240,268,147,162,238,337,437,445,520,520,695,700,700,720,720,744,748,748,748,748,759,759,841,891,896,905,908,912,918,918,939,939,939,939,939,947,958,953,953,1053,1053,1080,1080,1091,991,991,1021,1021,1063,1090,1138,1138,1146,1156,1200,1200,1307,1307,1318,1393,1393,1404,1408,1431,1431,1448,1448,1476,1476,1531,1604,1640,1640,1744,1744,1781,1781,1785,1785,1706,1764,1764,1637,1637,1637,1647,1701,1760,1782,1782,1872,1872,1875,1631,1643,1687,1613,1613,1628,1628,1651,1679,1680,1688,1692,1692,1692,2117,2117,2117,1938,1962,2035],"floor_reached":158,"playtime":4702,"items_purged":[],"score":4867,"play_id":"6458abe2-e8f6-4cee-a2f1-6f92d1fa8839","local_time":"20210103101729","is_ascension_mode":true,"campfire_choices":[{"data":"Twin Strike","floor":6,"key":"SMITH"},{"floor":15,"key":"DIG"},{"floor":25,"key":"REST"},{"data":"Guardian:FloatingOrbs","floor":28,"key":"SMITH"},{"floor":32,"key":"REST"},{"data":"Adrenaline","floor":40,"key":"SMITH"},{"data":"UnstableBomb","floor":57,"key":"SMITH"},{"data":"6A","floor":59,"key":"SMITH"},{"data":"Double Tap","floor":63,"key":"SMITH"},{"data":"ManaConvection","floor":66,"key":"SMITH"},{"data":"Flex","floor":74,"key":"SMITH"},{"data":"FinalSpark","floor":76,"key":"SMITH"},{"data":"Twin Strike","floor":78,"key":"SMITH"},{"data":"infinitespire:Oblivion","floor":83,"key":"SMITH"},{"data":"Atom Bomb","floor":100,"key":"SMITH"},{"data":"Finisher","floor":126,"key":"SMITH"},{"data":"NonDirectionalLaser","floor":129,"key":"SMITH"},{"data":"A Thousand Cuts","floor":134,"key":"SMITH"},{"data":"OortCloud","floor":142,"key":"SMITH"},{"floor":154,"key":"REST"}],"circlet_count":0,"master_deck":["Strike_G","Strike_G","Strike_G","Defend_G","Defend_G","Defend_G","Defend_G","Survivor","Neutralize+1","Guardian:Gem_Red","Twin Strike+1","Slice","Guardian:FloatingOrbs+1","Dagger Throw+1","Neutralize+1","Twin Strike+1","Flex+1","Blade Dance","Double Tap+1","Quick Slash","Dagger Throw+1","Calculated Gamble","Pot Of Greed","Pot Of Greed","Pot Of Greed","Deflect+1","Deflect","Prepared","Blade Dance","Adrenaline+1","Backstab+1","DC+1","MilkyWay+1","GravityBeat+1","Riddle With Holes+1","ShootingEcho+1","EarthLightRay+1","Pot Of Greed+1","ShootTheMoon+1","Riddle With Holes+1","FinalSpark+1","UnstableBomb+1","ManaConvection+1","6A+1","Quick Slash+1","FairyDestructionRay","A Thousand Cuts+1","Deflect","Pot Of Greed","infinitespire:Oblivion+1","WitchOfGreed+1","Slice","Dagger Spray+1","Flying Knee+1","Guardian:FloatingOrbs+1","GravityBeat","Robbery","FairyDestructionRay+1","Atom Bomb+1","NonDirectionalLaser+1","ShootingEcho","Pot Of Greed","Footwork+1","Slice+1","WitchOfGreed+1","Prepared+1","Adrenaline","AbeCurse","Finisher+1","OortCloud+1","TreasureHunter","UnstableBomb+1","Robbery","Pot Of Greed","Quick Slash","BlazeAway","Slice","NonDirectionalLaser+1","ShootingEcho","ShootingEcho+1","WitchLeyline","infinitespire:Starlight","DoubleSpark+1","GravityBeat+1","AlicesGift+1","UltimateShortwave","GravityBeat+1","MachineGunSpark+1","DragonMeteor+1","UnstableBomb+1","ForecastOfChange+1","BottledTime","Replay:SS_fish_3+1","HandOfGreed+1","Finisher+1","Finisher+1","FollowUp+1","Pot Of Greed"],"relics":["Ring of the Snake","aspiration:Nostalgia","m_GuardianBlood","Meat on the Bone","aspiration:FrozenJewel","Odd Mushroom","Vajra","Dota2Spire:ArcaneBoots","Sozu","Membership Card","Grinning Jar","Replay:Mystery Machine","Toy Ornithopter","AntiCross","aspiration:MarisaSkillbook","Dota2Spire:CrimsonGuard","Black Star","CatCart","Byrd Skull","Iron Hammer","Orrery","Ninja Scroll","infinitespire:PuzzleCube","Dota2Spire:AghanimScepter","Shuriken","Replay:Wanted Poster","Dota2Spire:ArmletOfMordiggian","infinitespire:CheckeredPen","Nunchaku","War Paint","Tiny House","Red Mask","Quantum Egg","Mirror","Oddly Smooth Stone","WristBlade","Pen Nib","Dota2Spire:EyeOfSkadi","Dota2Spire:MaskOfMadness","ReplayTheSpireMod:Ninjato","Sundial","infinitespire:Satchel","Bag of Preparation","FossilizedHelix","aspiration:FetidBarrel","Abe\u0027s Treasure","Dota2Spire:DrumOfEndurance","infinitespire:Lucky Rock","Dota2Spire:LotusOrb","aspiration:HummingbirdHeart","Dota2Spire:LinkenSphere","Whetstone","The Specimen","Ancient Tea Set","Pet Ghost","Question Card","aspiration:Lifesprig","Dota2Spire:Bloodstone","Spirit Poop","TwistedFunnel","Molten Egg 2","Dota2Spire:PowerTreads","infinitespire:EmpoweringShard","Snack Pack","Dota2Spire:Mjollnir","Dota2Spire:DivineRapier","Dota2Spire:MantaStyle","PreservedInsect","Philosopher\u0027s Stone","aspiration:SeaSaltIceCream","infinitespire:BottledMercury","aspiration:Nostalgia","infinitespire:DarkRift","Dota2Spire:HeartOfTarrasque","HandDrill","PrismaticShard","Ring of the Serpent","Dota2Spire:BladeMail","Mummified Hand","aspiration:VileToxins","Fusion Hammer","Lee\u0027s Waffle","Bag of Marbles","Kunai","Dota2Spire:PhaseBoots"],"acts_visited":["Exordium","Exordium","TheBeyond","Exordium","TheCity","TheBeyond","Exordium","Exordium","TheBeyond","TheEnding"],"potions_floor_usage":[7,10,16,37,44],"damage_taken":[{"damage":2,"enemies":"2 Louse","floor":1,"turns":3},{"damage":0,"enemies":"Cultist","floor":2,"turns":4},{"damage":0,"enemies":"Jaw Worm","floor":5,"turns":3},{"damage":12,"enemies":"Gremlin Nob","floor":7,"turns":2},{"damage":5,"enemies":"Red Slaver","floor":8,"turns":3},{"damage":16,"enemies":"The Mushroom Lair","floor":10,"turns":4},{"damage":9,"enemies":"Exordium Thugs","floor":13,"turns":4},{"damage":0,"enemies":"Blue Slaver","floor":14,"turns":2},{"damage":13,"enemies":"Slime Boss","floor":16,"turns":7},{"damage":0,"enemies":"theJungle:GiantWrat","floor":18,"turns":4},{"damage":8,"enemies":"Shell Parasite","floor":19,"turns":3},{"damage":49,"enemies":"Nightmare","floor":23,"turns":6},{"damage":21,"enemies":"theJungle:MamaSnecko","floor":27,"turns":4},{"damage":13,"enemies":"theJungle:2_Flameangoes","floor":29,"turns":3},{"damage":19,"enemies":"Snake Plant","floor":30,"turns":4},{"damage":1,"enemies":"theJungle:SlimyTreeVines","floor":31,"turns":3},{"damage":4,"enemies":"theJungle:QueenSpyder","floor":33,"turns":5},{"damage":0,"enemies":"Orb Walker","floor":35,"turns":2},{"damage":19,"enemies":"Orin","floor":37,"turns":6},{"damage":15,"enemies":"2 Orb Walkers","floor":39,"turns":3},{"damage":0,"enemies":"3 Darklings","floor":42,"turns":1},{"damage":0,"enemies":"Transient","floor":44,"turns":5},{"damage":0,"enemies":"Maw","floor":45,"turns":1},{"damage":5,"enemies":"Giant Head","floor":46,"turns":2},{"damage":0,"enemies":"Spire Growth","floor":48,"turns":1},{"damage":4,"enemies":"Time Eater","floor":50,"turns":3},{"damage":0,"enemies":"Jaw Worm","floor":52,"turns":1},{"damage":0,"enemies":"Cultist","floor":56,"turns":1},{"damage":0,"enemies":"Lagavulin","floor":58,"turns":1},{"damage":0,"enemies":"Small Slimes","floor":61,"turns":1},{"damage":0,"enemies":"Exordium Thugs","floor":65,"turns":1},{"damage":0,"enemies":"Hexaghost","floor":67,"turns":2},{"damage":0,"enemies":"Chosen","floor":69,"turns":1},{"damage":0,"enemies":"Shell Parasite","floor":70,"turns":1},{"damage":0,"enemies":"Snake Plant","floor":71,"turns":1},{"damage":0,"enemies":"Shelled Parasite and Fungi","floor":72,"turns":1},{"damage":0,"enemies":"Centurion and Healer","floor":73,"turns":1},{"damage":0,"enemies":"Masked Bandits","floor":75,"turns":1},{"damage":15,"enemies":"Book of Stabbing","floor":80,"turns":2},{"damage":0,"enemies":"Snecko","floor":81,"turns":1},{"damage":0,"enemies":"3 Cultists","floor":82,"turns":1},{"damage":0,"enemies":"Automaton","floor":84,"turns":2},{"damage":0,"enemies":"3 Darklings","floor":86,"turns":2},{"damage":2,"enemies":"Orb Walker","floor":88,"turns":1},{"damage":0,"enemies":"R_Hoarder","floor":91,"turns":1},{"damage":0,"enemies":"Nemesis","floor":93,"turns":1},{"damage":0,"enemies":"Giant Head","floor":95,"turns":1},{"damage":0,"enemies":"Jaw Worm Horde","floor":97,"turns":1},{"damage":6,"enemies":"4 Shapes","floor":98,"turns":1},{"damage":0,"enemies":"3 Darklings","floor":99,"turns":1},{"damage":53,"enemies":"infinitespire:MassOfShapes","floor":101,"turns":3},{"damage":0,"enemies":"Small Slimes","floor":103,"turns":1},{"damage":0,"enemies":"Jaw Worm","floor":106,"turns":1},{"damage":0,"enemies":"Cultist","floor":107,"turns":1},{"damage":0,"enemies":"Gremlin Nob","floor":108,"turns":1},{"damage":0,"enemies":"3 Sentries","floor":110,"turns":1},{"damage":0,"enemies":"Gremlin Nob","floor":112,"turns":1},{"damage":0,"enemies":"Large Slime","floor":114,"turns":1},{"damage":0,"enemies":"3 Sentries","floor":115,"turns":1},{"damage":0,"enemies":"Looter","floor":116,"turns":1},{"damage":0,"enemies":"Hexaghost","floor":118,"turns":2},{"damage":0,"enemies":"theJungle:Flameango_and_Byrd","floor":120,"turns":1},{"damage":0,"enemies":"Shell Parasite","floor":122,"turns":1},{"damage":0,"enemies":"theJungle:2_Phrogs","floor":125,"turns":1},{"damage":0,"enemies":"theJungle:Snecko_Cultist_And_Trap","floor":130,"turns":1},{"damage":0,"enemies":"Nightmare","floor":131,"turns":1},{"damage":0,"enemies":"theJungle:SlimyTreeVines","floor":132,"turns":1},{"damage":0,"enemies":"theJungle:2_Phrogs","floor":133,"turns":1},{"damage":0,"enemies":"theJungle:QueenSpyder","floor":135,"turns":1},{"damage":0,"enemies":"3 Darklings","floor":137,"turns":1},{"damage":0,"enemies":"Orb Walker","floor":139,"turns":1},{"damage":0,"enemies":"2 Orb Walkers","floor":140,"turns":1},{"damage":0,"enemies":"Spire Growth","floor":143,"turns":1},{"damage":0,"enemies":"Nemesis","floor":146,"turns":1},{"damage":0,"enemies":"Maw","floor":147,"turns":1},{"damage":0,"enemies":"Jaw Worm Horde","floor":148,"turns":1},{"damage":0,"enemies":"Writhing Mass","floor":149,"turns":1},{"damage":7,"enemies":"infinitespire:LordOfFortification","floor":152,"turns":4},{"damage":0,"enemies":"Shield and Spear","floor":156,"turns":1},{"damage":78,"enemies":"The Heart","floor":157,"turns":5}],"seed_played":"3514911786183477335","potions_obtained":[{"floor":2,"key":"Explosive Potion"},{"floor":4,"key":"Death Potion"},{"floor":4,"key":"Energy Potion"},{"floor":8,"key":"Weak Potion"},{"floor":14,"key":"PowerPotion"},{"floor":16,"key":"Strength Potion"}],"is_trial":false,"path_per_floor":["M","M","?","?","M","R","E","M","T","?","$","?","M","M","R","B",null,"M","M","?","$","?","NM","$","R","T","E","R","M","M","M","R","B",null,"M","AVR","?","?","?","R","$","M","T","M","M","E","$","M","R","B",null,"M","?","?","?","M","R","E","R","T","M","?","R","AVR","M","R","B",null,"M","M","M","M","M","R","?","R","T","R","?","E","M","M","R","B",null,"M","?","M","$","AVR","E","?","E","T","E","?","M","M","M","R","B",null,"M","?","?","M","M","E","?","E","T","E","?","M","E","M","R","B",null,"M","?","M","?","$","E","R","$","T","R","M","NM","M","E","R","B",null,"M","$","M","?","$","R","M","AVR","T","E","M","M","M","?","R","B",null,"R","$","E","B",null],"character_chosen":"THE_SILENT","items_purchased":["Vajra","Membership Card","Replay:Mystery Machine","Deflect","Iron Hammer","Orrery","Shuriken","Pen Nib","ShootingEcho","TwistedFunnel","infinitespire:EmpoweringShard","aspiration:SeaSaltIceCream","infinitespire:BottledMercury","HandDrill","Lee\u0027s Waffle","Bag of Marbles","Finisher+1"],"campfire_rested":3,"item_purchase_floors":[11,21,24,24,41,41,47,89,89,124,127,138,138,141,155,155,155],"current_hp_per_floor":[70,70,70,70,70,70,64,65,65,55,55,55,52,58,58,51,70,70,68,68,68,64,33,33,54,54,51,51,44,43,51,70,70,70,70,70,57,57,48,48,48,54,54,70,70,70,70,70,70,70,70,70,59,59,59,65,65,70,70,70,70,70,70,70,70,70,70,75,75,75,75,75,75,75,75,75,75,75,75,66,72,75,75,75,75,75,68,72,72,77,80,80,80,80,80,76,76,76,76,76,76,76,76,65,65,71,76,76,61,67,67,73,73,76,76,76,76,76,76,76,76,76,57,57,63,63,63,63,63,71,76,76,76,76,76,76,76,76,76,84,84,84,84,84,84,84,84,84,84,84,80,80,80,80,87,87,31],"gold":2035,"neow_bonus":"NOSTALGIA","is_daily":false,"chose_seed":false,"campfire_upgraded":16,"win_rate":0.0,"timestamp":1609643849,"path_taken":["M","M","?","?","?","R","E","M","T","?","$","?","?","M","R","BOSS","M","M","?","?","?","NM","$","R","T","E","R","M","?","M","R","BOSS","M","AVR","?","?","?","R","?","?","T","M","M","E","$","M","R","BOSS","M","?","?","?","M","R","E","R","T","M","?","R","AVR","M","R","BOSS","M","?","M","M","M","R","?","R","T","R","?","E","?","M","R","BOSS","M","?","M","?","AVR","E","?","E","T","E","?","M","M","M","R","BOSS","M","?","?","M","M","E","?","E","T","E","?","?","E","M","R","BOSS","M","?","?","?","$","E","R","$","T","R","M","NM","M","E","R","BOSS","M","$","M","?","$","R","M","AVR","T","E","M","M","M","?","R","BOSS","R","$","E","BOSS"],"items_purchased_type":["Relic","Relic","Relic","Card","Relic","Relic","Relic","Relic","Card","Relic","Relic","Relic","Relic","Relic","Relic","Relic","Card"],"build_version":"2020-12-22","purchased_purges":0,"victory":true,"max_hp_per_floor":[70,70,70,70,70,70,70,70,70,70,70,70,70,70,70,70,70,70,70,70,70,70,70,70,70,70,70,70,70,70,70,70,70,70,70,70,70,70,70,70,70,70,70,70,70,70,70,70,70,70,70,70,70,70,70,70,70,70,70,70,70,70,70,70,70,70,70,75,75,75,75,75,75,75,75,75,75,75,75,75,75,75,75,75,75,75,75,75,75,80,80,80,80,80,80,76,76,76,76,76,76,76,76,76,76,76,76,76,76,76,76,76,76,76,76,76,76,76,76,76,76,76,76,76,76,76,76,76,76,76,76,76,76,76,76,76,76,76,76,84,84,84,84,84,84,84,84,84,84,84,80,80,80,80,87,87,87],"card_choices":[{"not_picked":["Deflect","Slice"],"picked":"Guardian:Gem_Red","floor":1},{"not_picked":["Endless Agony","Flechettes"],"picked":"Twin Strike","floor":2},{"not_picked":["Deflect","Hidden Blade"],"picked":"Slice","floor":5},{"not_picked":["Limit Break","Blade Dance"],"picked":"Guardian:FloatingOrbs","floor":7},{"not_picked":["Guardian:RefractedBeam","Toxin Wave","Blur"],"picked":"SKIP","floor":8},{"not_picked":["ReplayTheSpireMod:Speed Training","Guardian:GuardianWhirl"],"picked":"Dagger Throw","floor":10},{"not_picked":["Dagger Spray","Sucker Punch"],"picked":"Flex","floor":13},{"not_picked":["Caltrops","Guardian:Gem_Red"],"picked":"Blade Dance","floor":14},{"not_picked":["Replay:Bag of Tricks","Tools of the Trade"],"picked":"Double Tap","floor":16},{"not_picked":["Dodge and Roll","Flying Knee"],"picked":"Quick Slash","floor":18},{"not_picked":["ReplayTheSpireMod:Speed Training+1","Skewer"],"picked":"Dagger Throw+1","floor":19},{"not_picked":["Underhanded Strike","Dagger Throw"],"picked":"Deflect","floor":23},{"not_picked":["Infinite Blades","Catalyst","ReplayTheSpireMod:Scrap Shanks"],"picked":"SKIP","floor":27},{"not_picked":["PiercingWail","Toxin Wave+1"],"picked":"Prepared","floor":29},{"not_picked":["Acrobatics","Eviscerate"],"picked":"Blade Dance","floor":30},{"not_picked":["Dagger Throw+1","Underhanded Strike"],"picked":"Adrenaline","floor":31},{"not_picked":["GravityBeat","Sucker Punch+1","DC"],"picked":"Backstab+1","floor":35},{"not_picked":["WitchLeyline","Bane+1","Singularity"],"picked":"DC+1","floor":37},{"not_picked":["Acceleration","MysteriousBeam","GalacticHalo+1"],"picked":"MilkyWay+1","floor":39},{"not_picked":["Well Laid Plans+1","IllusionStar+1","DC+1"],"picked":"GravityBeat+1","floor":41},{"not_picked":["Dash","Deadly Poison+1","Acrobatics+1"],"picked":"Riddle With Holes","floor":41},{"not_picked":["WitchLeyline+1","RefractionSpark+1","Draining Mist"],"picked":"ShootingEcho+1","floor":41},{"not_picked":["OrrerysSun+1","Deadly Poison","Deflect"],"picked":"EarthLightRay+1","floor":41},{"not_picked":["Deflect+1","MilkyWay+1","Blade Dance+1"],"picked":"ShootTheMoon+1","floor":42},{"not_picked":["Dodge and Roll","Deflect+1","DC+1"],"picked":"Riddle With Holes+1","floor":44},{"not_picked":["ReplayTheSpireMod:Shiv Toss+1","WitchLeyline+1","Dagger Spray","Quick Slash"],"picked":"SKIP","floor":45},{"not_picked":["BlazingStar","DC+1","Predator","MillisecondPulsars"],"picked":"SKIP","floor":46},{"not_picked":["DarkSpark+1","StarlightTyphoon+1","OpenUniverse+1","Outmaneuver"],"picked":"SKIP","floor":48},{"not_picked":["Venomology","Night Terror","A Thousand Cuts"],"picked":"FinalSpark","floor":50},{"not_picked":["Dodge and Roll","ChargeUpSpray","Eviscerate"],"picked":"UnstableBomb","floor":52},{"not_picked":["Heel Hook","PiercingWail","ReplayTheSpireMod:Speed Training"],"picked":"ManaConvection","floor":56},{"not_picked":["DC","Corpse Explosion","Backstab"],"picked":"6A","floor":58},{"not_picked":["Flying Knee","GasGiant","SporeBomb"],"picked":"Quick Slash","floor":61},{"not_picked":["Skewer","Underhanded Strike","WitchOfGreed"],"picked":"FairyDestructionRay","floor":65},{"not_picked":["Poison Darts","Envenom","MaximisePower"],"picked":"A Thousand Cuts","floor":67},{"not_picked":["Acceleration","Terror","Dagger Spray"],"picked":"Deflect","floor":68},{"not_picked":["ReplayTheSpireMod:Chaos Vortex","ReplayTheSpireMod:Book of Names"],"picked":"infinitespire:Oblivion","floor":68},{"not_picked":["Outmaneuver","DC","ReplayTheSpireMod:Shiv Toss","ReplayTheSpireMod:Exploit Weakness"],"picked":"SKIP","floor":69},{"not_picked":["MilkyWay","ReplayTheSpireMod:Scrap Shanks","Replay:Poison Smokescreen+1","Poisoned Stab"],"picked":"SKIP","floor":70},{"not_picked":["Choke","Calculated Gamble","Quick Slash"],"picked":"WitchOfGreed+1","floor":71},{"not_picked":["ReplayTheSpireMod:Tripwire","Hidden Blade","MaximisePower"],"picked":"Slice","floor":72},{"not_picked":["MagicChant+1","OpenUniverse","Backstab"],"picked":"Dagger Spray+1","floor":73},{"not_picked":["Acceleration","EnergyRecoil+1","AsteroidBelt+1"],"picked":"Flying Knee+1","floor":75},{"not_picked":["Poisoned Stab","SprinkleStarSeal","Outmaneuver"],"picked":"GravityBeat","floor":80},{"not_picked":["NonDirectionalLaser","Flechettes","Heel Hook"],"picked":"Robbery","floor":81},{"not_picked":["Eviscerate","Hidden Blade","Underhanded Strike"],"picked":"FairyDestructionRay","floor":82},{"not_picked":["Poison Darts","Wraith Form v2","FinalSpark"],"picked":"Atom Bomb","floor":84},{"not_picked":["ReplayTheSpireMod:Shiv Toss+1","Dodge and Roll","PowerUp","DC"],"picked":"SKIP","floor":86},{"not_picked":["OortCloud","GalacticHalo+1","MilkyWay+1"],"picked":"NonDirectionalLaser+1","floor":88},{"not_picked":["Replay:Poison Smokescreen+1","MillisecondPulsars","Hidden Blade+1"],"picked":"Footwork+1","floor":91},{"not_picked":["MilkyWay","Crippling Poison","DarkMatter","Unload"],"picked":"SKIP","floor":93},{"not_picked":["ReplayTheSpireMod:Scrap Shanks","DC+1","Dagger Throw"],"picked":"Slice+1","floor":95},{"not_picked":["Draining Mist","ChargingUp","Deflect"],"picked":"WitchOfGreed+1","floor":97},{"not_picked":["DC","Calculated Gamble","Leg Sweep+1"],"picked":"Prepared+1","floor":98},{"not_picked":["Acceleration","MysteriousBeam","Dagger Throw+1","Underhanded Strike+1"],"picked":"SKIP","floor":99},{"not_picked":["Die Die Die","A Thousand Cuts","ReplayTheSpireMod:From All Sides"],"picked":"Adrenaline","floor":101},{"not_picked":["GrandCross","Quick Slash","EventHorizon"],"picked":"Finisher","floor":103},{"not_picked":["DC","Hidden Blade","Blade Dance"],"picked":"OortCloud","floor":106},{"not_picked":["Prepared","Sucker Punch","Draining Mist"],"picked":"TreasureHunter","floor":107},{"not_picked":["Flying Knee","A Thousand Cuts","OneTimeOff"],"picked":"UnstableBomb","floor":108},{"not_picked":["Dagger Throw","Predator","PowerUp"],"picked":"Robbery","floor":110},{"not_picked":["Tactician","Terror","Dodge and Roll"],"picked":"Quick Slash","floor":112},{"not_picked":["Acrobatics","MaximisePower","GalacticHalo"],"picked":"Slice","floor":114},{"not_picked":["PropBag","Footwork","Slice"],"picked":"NonDirectionalLaser","floor":115},{"not_picked":["Poisoned Stab","Toxin Wave","Underhanded Strike","PiercingWail"],"picked":"ShootingEcho","floor":116},{"not_picked":["Eviscerate","Dodge and Roll+1","Sucker Punch+1","Backflip+1"],"picked":"ShootingEcho+1","floor":120},{"not_picked":["Deflect","ChargeUpSpray","Terror","Slice"],"picked":"WitchLeyline","floor":122},{"not_picked":["ReplayTheSpireMod:??????????????????????","infinitespire:FinalStrike"],"picked":"infinitespire:Starlight","floor":123},{"not_picked":["DC+1","Footwork+1","Skewer+1","Sucker Punch+1","IllusionStar"],"picked":"SKIP","floor":125},{"not_picked":["Expertise+1","Quick Slash+1","PowerUp","Bouncing Flask"],"picked":"DoubleSpark+1","floor":130},{"not_picked":["PiercingWail+1","Sucker Punch+1","MagicChant","Well Laid Plans"],"picked":"GravityBeat+1","floor":131},{"not_picked":["Blade Dance","EarthLightRay","ReplayTheSpireMod:Speed Training+1","Deflect"],"picked":"AlicesGift+1","floor":132},{"not_picked":["Hidden Blade+1","Prepared","Bane+1","Deadly Poison+1","ReplayTheSpireMod:From All Sides+1"],"picked":"SKIP","floor":133},{"not_picked":["Malaise","Bullet Time","Wraith Form v2","Burst"],"picked":"UltimateShortwave","floor":135},{"not_picked":["GrandCross+1","StarlightTyphoon+1","Prepared+1","Sucker Punch+1"],"picked":"GravityBeat+1","floor":137},{"not_picked":["Poisoned Stab+1","WitchOfGreed+1","OortCloud+1","WitchLeyline+1"],"picked":"MachineGunSpark+1","floor":139},{"not_picked":["GravityBeat+1","IllusionStar","AlicesGift+1","DoubleSpark+1"],"picked":"DragonMeteor+1","floor":140},{"not_picked":["PowerUp","Dagger Throw+1","MilkyWay","PiercingWail"],"picked":"UnstableBomb+1","floor":143},{"not_picked":["GrandCross+1","expansioncontent:PrepareCrush+1","Slimebound:SpikyOuterGoop","theMarked:ChainLightning+1"],"picked":"ForecastOfChange+1","floor":146},{"not_picked":["theMarked:ElementalBlade","Slimebound:SplitBruiser+1","ReplayTheSpireMod:Scrap Shanks","Gash+1","sneckomod:QuickMove"],"picked":"SKIP","floor":147},{"not_picked":["mysticmod:VorpalThrust+1","hexamod:ThermalTransfer+1","Crow Ritual","Havoc","mysticmod:Sideswipe+1"],"picked":"SKIP","floor":148},{"not_picked":["champ:Backstep","Noxious Fumes+1","Slimebound:RollThrough+1","Backflip+1"],"picked":"BottledTime","floor":149},{"not_picked":["Secret Technique","Replay:SS_hec_2","expansioncontent:ChargeUp","Chrysalis"],"picked":"Replay:SS_fish_3+1","floor":150},{"not_picked":["sneckomod:SerpentMind","Envenom","Corruption","FlawlessForm"],"picked":"HandOfGreed+1","floor":152},{"not_picked":["expansioncontent:SlimeTackle+1","Iron Wave+1","DC+1","sneckomod:SnakeSap+1"],"picked":"FollowUp+1","floor":156}],"player_experience":69962,"relics_obtained":[{"floor":7,"key":"Meat on the Bone"},{"floor":9,"key":"aspiration:FrozenJewel"},{"floor":10,"key":"Odd Mushroom"},{"floor":15,"key":"Dota2Spire:ArcaneBoots"},{"floor":23,"key":"Grinning Jar"},{"floor":26,"key":"Toy Ornithopter"},{"floor":27,"key":"AntiCross"},{"floor":37,"key":"CatCart"},{"floor":39,"key":"Byrd Skull"},{"floor":43,"key":"Ninja Scroll"},{"floor":46,"key":"infinitespire:PuzzleCube"},{"floor":46,"key":"Dota2Spire:AghanimScepter"},{"floor":58,"key":"Dota2Spire:ArmletOfMordiggian"},{"floor":58,"key":"infinitespire:CheckeredPen"},{"floor":60,"key":"Nunchaku"},{"floor":75,"key":"Red Mask"},{"floor":77,"key":"Quantum Egg"},{"floor":80,"key":"Mirror"},{"floor":80,"key":"Oddly Smooth Stone"},{"floor":91,"key":"Dota2Spire:MaskOfMadness"},{"floor":91,"key":"ReplayTheSpireMod:Ninjato"},{"floor":93,"key":"Sundial"},{"floor":93,"key":"infinitespire:Satchel"},{"floor":94,"key":"Bag of Preparation"},{"floor":95,"key":"FossilizedHelix"},{"floor":95,"key":"aspiration:FetidBarrel"},{"floor":105,"key":"Dota2Spire:DrumOfEndurance"},{"floor":108,"key":"infinitespire:Lucky Rock"},{"floor":108,"key":"Dota2Spire:LotusOrb"},{"floor":110,"key":"aspiration:HummingbirdHeart"},{"floor":110,"key":"Dota2Spire:LinkenSphere"},{"floor":110,"key":"Whetstone"},{"floor":111,"key":"The Specimen"},{"floor":112,"key":"Ancient Tea Set"},{"floor":112,"key":"Pet Ghost"},{"floor":115,"key":"Question Card"},{"floor":115,"key":"aspiration:Lifesprig"},{"floor":125,"key":"Molten Egg 2"},{"floor":125,"key":"Dota2Spire:PowerTreads"},{"floor":128,"key":"Snack Pack"},{"floor":131,"key":"Dota2Spire:Mjollnir"},{"floor":131,"key":"Dota2Spire:DivineRapier"},{"floor":133,"key":"Dota2Spire:MantaStyle"},{"floor":133,"key":"PreservedInsect"},{"floor":140,"key":"Dota2Spire:HeartOfTarrasque"},{"floor":145,"key":"Dota2Spire:BladeMail"},{"floor":146,"key":"Mummified Hand"},{"floor":146,"key":"aspiration:VileToxins"},{"floor":156,"key":"Kunai"},{"floor":156,"key":"Dota2Spire:PhaseBoots"}],"event_choices":[{"damage_healed":0,"gold_gain":0,"player_choice":"Grow","damage_taken":0,"max_hp_gain":0,"max_hp_loss":0,"event_name":"Living Wall","floor":3,"gold_loss":0,"cards_upgraded":["Neutralize"]},{"damage_healed":0,"gold_gain":0,"player_choice":"Bought 2 Potions","damage_taken":0,"max_hp_gain":0,"max_hp_loss":0,"event_name":"The Woman in Blue","floor":4,"gold_loss":0},{"damage_healed":0,"gold_gain":0,"player_choice":"Fought Mushrooms","damage_taken":0,"max_hp_gain":0,"max_hp_loss":0,"event_name":"Mushrooms","floor":10,"gold_loss":0},{"damage_healed":0,"gold_gain":0,"player_choice":"2 cards matched","damage_taken":0,"max_hp_gain":0,"max_hp_loss":0,"event_name":"Match and Keep!","floor":12,"gold_loss":0,"cards_obtained":["Neutralize","Twin Strike"]},{"damage_healed":0,"gold_gain":0,"cards_transformed":["Defend_G"],"player_choice":"Transformed","damage_taken":0,"max_hp_gain":0,"max_hp_loss":0,"event_name":"Transmorgrifier","floor":20,"gold_loss":0,"cards_obtained":["Calculated Gamble"]},{"damage_healed":0,"gold_gain":0,"player_choice":"Fight","damage_taken":0,"max_hp_gain":0,"max_hp_loss":0,"event_name":"OrinTheCat","floor":37,"gold_loss":0},{"cards_removed":["Strike_G"],"damage_healed":0,"gold_gain":0,"player_choice":"Removed Attack","damage_taken":0,"max_hp_gain":0,"max_hp_loss":0,"event_name":"Falling","floor":38,"gold_loss":0},{"damage_healed":0,"gold_gain":0,"player_choice":"Fight","damage_taken":0,"max_hp_gain":0,"max_hp_loss":0,"event_name":"Mysterious Sphere","floor":39,"gold_loss":0},{"damage_healed":0,"gold_gain":75,"player_choice":"Gather Gold","damage_taken":11,"max_hp_gain":0,"max_hp_loss":0,"event_name":"World of Goop","floor":53,"gold_loss":0},{"damage_healed":0,"gold_gain":175,"player_choice":"AGREE","damage_taken":0,"max_hp_gain":0,"max_hp_loss":0,"event_name":"Liars Game","floor":55,"gold_loss":0,"cards_obtained":["Doubt"]},{"damage_healed":0,"gold_gain":0,"player_choice":"Got Potions","damage_taken":0,"max_hp_gain":0,"max_hp_loss":0,"event_name":"Lab","floor":62,"gold_loss":0},{"damage_healed":0,"gold_gain":0,"player_choice":"Fought Bandits","damage_taken":0,"max_hp_gain":0,"max_hp_loss":0,"event_name":"Masked Bandits","floor":75,"gold_loss":0},{"damage_healed":0,"gold_gain":0,"player_choice":"Copied","damage_taken":0,"max_hp_gain":0,"max_hp_loss":0,"event_name":"Duplicator","floor":79,"gold_loss":0,"cards_obtained":["Guardian:FloatingOrbs"]},{"damage_healed":0,"gold_gain":0,"player_choice":"Damaged","damage_taken":7,"max_hp_gain":0,"max_hp_loss":0,"event_name":"Wheel of Change","floor":87,"gold_loss":0},{"damage_healed":0,"gold_gain":0,"player_choice":"Max HP","damage_taken":0,"max_hp_gain":0,"max_hp_loss":4,"event_name":"Winding Halls","floor":96,"gold_loss":0},{"damage_healed":0,"gold_gain":75,"player_choice":"Gather Gold","damage_taken":11,"max_hp_gain":0,"max_hp_loss":0,"event_name":"World of Goop","floor":104,"gold_loss":0},{"damage_healed":0,"gold_gain":0,"player_choice":"Entered Light","damage_taken":15,"max_hp_gain":0,"max_hp_loss":0,"event_name":"Shining Light","floor":109,"gold_loss":0,"cards_upgraded":["Dagger Throw","Neutralize"]},{"damage_healed":0,"gold_gain":0,"cards_transformed":["Strike_G"],"player_choice":"Transformed","damage_taken":0,"max_hp_gain":0,"max_hp_loss":0,"event_name":"Transmorgrifier","floor":113,"gold_loss":0,"cards_obtained":["BlazeAway"]},{"cards_removed":["Doubt"],"damage_healed":0,"gold_gain":0,"player_choice":"Offered Curse","damage_taken":0,"relics_obtained":["Spirit Poop"],"max_hp_gain":0,"max_hp_loss":0,"event_name":"Bonfire Elementals","floor":121,"gold_loss":0},{"damage_healed":0,"gold_gain":0,"player_choice":"Fight","damage_taken":0,"max_hp_gain":0,"max_hp_loss":0,"event_name":"Mysterious Sphere","floor":140,"gold_loss":0},{"damage_healed":0,"gold_gain":0,"player_choice":"Memory 1","damage_taken":0,"max_hp_gain":0,"max_hp_loss":0,"event_name":"SensoryStone","floor":150,"gold_loss":0},{"damage_healed":0,"gold_gain":0,"player_choice":"Max HP","damage_taken":0,"max_hp_gain":0,"max_hp_loss":4,"event_name":"Winding Halls","floor":151,"gold_loss":0}],"is_beta":false,"boss_relics":[{"not_picked":["HoveringKite","Replay:Grab Bag"],"picked":"Sozu"},{"not_picked":["Snecko Scales","Coffee Dripper"],"picked":"aspiration:MarisaSkillbook"},{"not_picked":["Empty Cage","aspiration:SecretTechniqueScroll"],"picked":"Replay:Wanted Poster"},{"not_picked":["Empty Cage","ReplayTheSpireMod:SealedPack"],"picked":"Tiny House"},{"not_picked":["Snecko Scales","Coffee Dripper"],"picked":"WristBlade"},{"not_picked":["aspiration:PoetsPen_weak","Cursed Key"],"picked":"Abe\u0027s Treasure"},{"not_picked":["infinitespire:Cupcake","Coffee Dripper"],"picked":"Dota2Spire:Bloodstone"},{"not_picked":["Replay:Drink Me","Astrolabe"],"picked":"Philosopher\u0027s Stone"},{"not_picked":["Replay:Bronze Core","SacredBark"],"picked":"Fusion Hammer"}],"items_purged_floors":[],"is_endless":true,"potions_floor_spawned":[2,8,14,16,27,30,35,42,44,50,56,58,67,69,73,75,81,91,95,97,99,103,106,116,130,132,135,139,140,146,148,157],"ascension_level":1}}