{"host":"51f0ad793vly1w6u","time":1609662374,"event":{"mods":["BaseMod","Colored Map","DeckTracker","Minty Spire (QoL Compilation)","StSLib","SuperFastMode"],"gold_per_floor":[18,18,36,55,355,355,76,226,226,151,178,15,40,14,14,90,90,104,104,104],"floor_reached":19,"playtime":313,"items_purged":["Strike_B"],"score":330,"play_id":"15b2a3a2-2154-44ba-be99-0cdf4e27a2ee","local_time":"20210103172614","is_ascension_mode":true,"campfire_choices":[{"data":"Apotheosis","floor":6.0,"key":"SMITH"},{"data":"Capacitor","floor":15.0,"key":"SMITH"}],"circlet_count":0,"master_deck":["AscendersBane","Strike_B","Strike_B","Strike_B","Defend_B","Defend_B","Defend_B","Defend_B","Zap","Dualcast","Apotheosis+1","Cold Snap","White Noise","Leap","Capacitor+1","Aggregate","Beam Cell","Ball Lightning","Seek"],"relics":["Cracked Core","Old Coin","OrangePellets","Meat on the Bone","Odd Mushroom","ClockworkSouvenir","Snecko Eye"],"acts_visited":["Exordium","TheCity"],"potions_floor_usage":[],"damage_taken":[{"damage":0.0,"enemies":"Small Slimes","floor":1.0,"turns":2.0},{"damage":4.0,"enemies":"Cultist","floor":3.0,"turns":3.0},{"damage":12.0,"enemies":"2 Louse","floor":4.0,"turns":3.0},{"damage":8.0,"enemies":"The Mushroom Lair","floor":11.0,"turns":5.0},{"damage":18.0,"enemies":"Lagavulin","floor":13.0,"turns":8.0},{"damage":11.0,"enemies":"Exordium Thugs","floor":14.0,"turns":4.0},{"damage":10.0,"enemies":"Hexaghost","floor":16.0,"turns":9.0},{"damage":16.0,"enemies":"Shell Parasite","floor":18.0,"turns":5.0},{"damage":0,"enemies":"2 Thieves","floor":19,"turns":1}],"seed_played":"-4284943658026958693","potions_obtained":[{"floor":1.0,"key":"LiquidBronze"},{"floor":2.0,"key":"GamblersBrew"},{"floor":11.0,"key":"Block Potion"}],"is_trial":false,"path_per_floor":["M","?","M","M","?","R","$","?","T","?","?","$","E","M","R","B",null,"M","M"],"character_chosen":"DEFECT","items_purchased":["Capacitor","OrangePellets","ClockworkSouvenir"],"campfire_rested":0,"item_purchase_floors":[7,7,12],"current_hp_per_floor":[64,64,60,48,37,37,37,37,37,37,41,41,35,36,36,38,63,47,47,47],"gold":104,"neow_bonus":"RANDOM_COLORLESS_2","is_daily":false,"chose_seed":false,"campfire_upgraded":2,"win_rate":0.0,"timestamp":1609662374,"path_taken":["M","?","?","M","?","R","?","?","T","?","?","$","E","M","R","BOSS","M","M"],"items_purchased_type":["Card","Relic","Relic"],"build_version":"2020-12-22","purchased_purges":1,"victory":false,"max_hp_per_floor":[71,71,71,71,71,71,71,71,71,71,71,71,71,71,71,71,71,71,71,71],"card_choices":[{"not_picked":["Transmutation","Chrysalis"],"picked":"Apotheosis","floor":0.0},{"not_picked":["Streamline","Compile Driver"],"picked":"Cold Snap","floor":1.0},{"not_picked":["Double Energy","Rebound"],"picked":"White Noise","floor":3.0},{"not_picked":["Loop","Reinforced Body"],"picked":"Leap","floor":4.0},{"not_picked":["Double Energy","Streamline"],"picked":"Aggregate","floor":11.0},{"not_picked":["Sweeping Beam","Redo"],"picked":"Beam Cell","floor":13.0},{"not_picked":["Coolheaded","Aggregate"],"picked":"Ball Lightning","floor":14.0},{"not_picked":["Echo Form","Buffer"],"picked":"Seek","floor":16.0},{"not_picked":["Rebound","Steam","Go for the Eyes"],"picked":"SKIP","floor":18.0}],"player_experience":1381001,"relics_obtained":[{"floor":9.0,"key":"Meat on the Bone"},{"floor":11.0,"key":"Odd Mushroom"}],"event_choices":[{"damage_healed":0.0,"max_hp_gain":0.0,"max_hp_loss":0.0,"gold_gain":0.0,"event_name":"Lab","player_choice":"Got Potions","floor":2.0,"gold_loss":0.0,"damage_taken":0.0},{"damage_healed":0.0,"max_hp_gain":0.0,"max_hp_loss":0.0,"gold_gain":0.0,"event_name":"Scrap Ooze","player_choice":"Success","floor":5.0,"gold_loss":0.0,"damage_taken":11.0,"relics_obtained":["Old Coin"]},{"damage_healed":0.0,"max_hp_gain":0.0,"max_hp_loss":0.0,"gold_gain":150.0,"event_name":"Liars Game","player_choice":"AGREE","floor":8.0,"gold_loss":0.0,"damage_taken":0.0,"cards_obtained":["Doubt"]},{"cards_removed":["Doubt"],"damage_healed":0.0,"max_hp_gain":0.0,"max_hp_loss":0.0,"gold_gain":0.0,"event_name":"The Cleric","player_choice":"Card Removal","floor":10.0,"gold_loss":75.0,"damage_taken":0.0},{"damage_healed":0.0,"max_hp_gain":0.0,"max_hp_loss":0.0,"gold_gain":0.0,"event_name":"Mushrooms","player_choice":"Fought Mushrooms","floor":11.0,"gold_loss":0.0,"damage_taken":0.0}],"is_beta":false,"boss_relics":[{"not_picked":["Philosopher\u0027s Stone","Coffee Dripper"],"picked":"Snecko Eye"}],"items_purged_floors":[7],"is_endless":false,"potions_floor_spawned":[1,11,13],"killed_by":"2 Thieves","ascension_level":20}}