{"host":"gkp57zoegrd3f2ij","time":1609693446,"event":{"mods":["BaseMod","Colored Map","Colored Powertips","Downfall","Minty Spire (QoL Compilation)","StSLib"],"gold_per_floor":[117,117,127,127,139,139,157,157,157,173,28,28,56,70,70,171,171,186,197,197,29,48,48,78,78,78,94,94,108,108,135,135,135,135],"floor_reached":33,"playtime":2033,"items_purged":[],"score":301,"play_id":"a80d289a-36c1-4c67-9194-606e7968d339","local_time":"20210103180406","is_ascension_mode":true,"campfire_choices":[{"data":"Zap","floor":6,"key":"SMITH"},{"data":"Loop","floor":8,"key":"SMITH"},{"data":"Auto Shields","floor":12,"key":"SMITH"},{"floor":15,"key":"REST"},{"floor":23,"key":"REST"},{"data":"Go for the Eyes","floor":25,"key":"SMITH"},{"floor":28,"key":"REST"},{"floor":32,"key":"REST"}],"circlet_count":0,"master_deck":["Strike_B","Strike_B","Strike_B","Defend_B","Defend_B","Defend_B","Defend_B","Zap+1","Dualcast","Auto Shields+1","Loop+1","Ball Lightning","Go for the Eyes+1","Rainbow","Conserve Battery","Cold Snap+1","Darkness+1","Normality","Compile Driver"],"relics":["Cracked Core","Orichalcum","Mummified Hand","Bottled Lightning","Lantern","Happy Flower","Cursed Key","HandDrill","Bottled Flame","HornCleat","Kunai"],"acts_visited":["Exordium","TheCity"],"potions_floor_usage":[24,24,24],"damage_taken":[{"damage":0,"enemies":"Small Slimes","floor":1,"turns":3},{"damage":0,"enemies":"2 Louse","floor":3,"turns":2},{"damage":0,"enemies":"Cultist","floor":5,"turns":3},{"damage":0,"enemies":"Large Slime","floor":7,"turns":4},{"damage":7,"enemies":"2 Fungi Beasts","floor":10,"turns":3},{"damage":12,"enemies":"Lagavulin","floor":13,"turns":5},{"damage":13,"enemies":"Gremlin Gang","floor":14,"turns":4},{"damage":5,"enemies":"Slime Boss","floor":16,"turns":9},{"damage":3,"enemies":"Chosen","floor":18,"turns":4},{"damage":7,"enemies":"Spheric Guardian","floor":19,"turns":5},{"damage":12,"enemies":"Snecko","floor":22,"turns":5},{"damage":1,"enemies":"Book of Stabbing","floor":24,"turns":6},{"damage":25,"enemies":"Sentry and Sphere","floor":27,"turns":6},{"damage":14,"enemies":"Cultist and Chosen","floor":29,"turns":7},{"damage":28,"enemies":"Gremlin Leader","floor":31,"turns":7},{"damage":53,"enemies":"Collector","floor":33,"turns":12}],"seed_played":"-7159710457835539188","potions_obtained":[{"floor":7,"key":"FearPotion"},{"floor":10,"key":"FocusPotion"},{"floor":16,"key":"Slimebound:ThreeZeroPotion"},{"floor":19,"key":"Fire Potion"}],"is_trial":false,"path_per_floor":["M","?","M","?","M","R","M","R","T","M","$","R","E","M","R","B",null,"M","M","?","$","M","R","E","R","T","M","R","M","?","E","R","B"],"character_chosen":"DEFECT","items_purchased":["Lantern","HandDrill","Conserve Battery"],"campfire_rested":4,"item_purchase_floors":[11,21,21],"current_hp_per_floor":[75,68,68,68,68,68,68,68,68,61,61,61,49,36,58,53,75,72,65,59,59,47,69,68,68,68,43,65,51,56,28,50,0,0],"gold":135,"neow_bonus":"RANDOM_COMMON_RELIC","is_daily":false,"chose_seed":false,"campfire_upgraded":4,"win_rate":0.0,"timestamp":1609693446,"path_taken":["M","?","M","?","M","R","M","R","T","M","$","R","E","M","R","BOSS","M","?","?","$","M","R","E","R","T","M","R","M","?","E","R","BOSS"],"items_purchased_type":["Relic","Relic","Card"],"build_version":"2020-12-22","purchased_purges":0,"victory":false,"max_hp_per_floor":[75,75,75,75,75,75,75,75,75,75,75,75,75,75,75,75,75,75,75,75,75,75,75,75,75,75,75,75,75,75,75,75,75,75],"card_choices":[{"not_picked":["Barrage","Turbo"],"picked":"Auto Shields","floor":1},{"not_picked":["Rip and Tear","Compile Driver"],"picked":"Loop","floor":3},{"not_picked":["Leap","Redo"],"picked":"Ball Lightning","floor":5},{"not_picked":["Hologram","Multi-Cast","Hello World"],"picked":"SKIP","floor":7},{"not_picked":["Beam Cell","Compile Driver","Steam Power"],"picked":"SKIP","floor":10},{"not_picked":["Skim","Double Energy"],"picked":"Go for the Eyes","floor":13},{"not_picked":["Ball Lightning","Sweeping Beam","Hologram"],"picked":"SKIP","floor":14},{"not_picked":["Hyperbeam","Buffer"],"picked":"Rainbow","floor":16},{"not_picked":["Stack","White Noise","Double Energy"],"picked":"SKIP","floor":18},{"not_picked":["Turbo","Heatsinks","Rip and Tear+1"],"picked":"SKIP","floor":19},{"not_picked":["Double Energy","Hologram"],"picked":"Cold Snap+1","floor":22},{"not_picked":["Fission","Hologram+1"],"picked":"Darkness+1","floor":24},{"not_picked":["Cold Snap","Turbo"],"picked":"Compile Driver","floor":27},{"not_picked":["Cold Snap","Scrape+1","Genetic Algorithm"],"picked":"SKIP","floor":29},{"not_picked":["Redo","Lockon","Hologram"],"picked":"SKIP","floor":31}],"player_experience":204465,"relics_obtained":[{"floor":9,"key":"Bottled Lightning"},{"floor":13,"key":"Happy Flower"},{"floor":24,"key":"Bottled Flame"},{"floor":26,"key":"HornCleat"},{"floor":31,"key":"Kunai"}],"event_choices":[{"damage_healed":0,"gold_gain":0,"player_choice":"Success","damage_taken":7,"relics_obtained":["Mummified Hand"],"max_hp_gain":0,"max_hp_loss":0,"event_name":"Scrap Ooze","floor":2,"gold_loss":0},{"cards_removed":["Strike_B"],"damage_healed":0,"gold_gain":0,"player_choice":"Purged","damage_taken":0,"max_hp_gain":0,"max_hp_loss":0,"event_name":"Purifier","floor":4,"gold_loss":0},{"damage_healed":0,"gold_gain":0,"player_choice":"Joined the Cult","damage_taken":6,"max_hp_gain":0,"max_hp_loss":0,"event_name":"Nest","floor":20,"gold_loss":0,"cards_obtained":["RitualDagger"]},{"cards_removed":["RitualDagger"],"damage_healed":5,"gold_gain":0,"player_choice":"Offered Special","damage_taken":0,"max_hp_gain":0,"max_hp_loss":0,"event_name":"Bonfire Elementals","floor":30,"gold_loss":0}],"is_beta":false,"boss_relics":[{"not_picked":["Pandora\u0027s Box","Tiny House"],"picked":"Cursed Key"}],"items_purged_floors":[],"is_endless":false,"potions_floor_spawned":[7,10,16,19,22],"killed_by":"Collector","ascension_level":1}}