{"host":"na09lpbrez4gbfiz","time":1609706372,"event":{"mods":["Act Like it!","BaseMod","BetterRewards","Colored Map","Colored Powertips","DeckTracker","Googly Eyes","Highlight Path","Minty Spire (QoL Compilation)","Quick Restart","Spicy Shops","StSLib","SuperFastMode","Synergy Search"],"gold_per_floor":[117,392,11,21,21,21,54,79,79,98,98,139,164,177,177,298,298,312,7,7,7,7,38,38,69,120,120,120,120,120,148,148,252,252,271,146,146,146,1,26,46,46,46,46,71,106,106,116,116,116],"floor_reached":51,"playtime":1006,"items_purged":["Regret","Battle Trance","Clothesline"],"score":1053,"play_id":"38183e05-bf7b-49a2-b711-2890a8a415be","local_time":"20210103213932","is_ascension_mode":true,"campfire_choices":[{"data":"Uppercut","floor":6,"key":"SMITH"},{"data":"Sword Boomerang","floor":11,"key":"SMITH"},{"data":"Heavy Blade","floor":15,"key":"SMITH"},{"data":"Double Tap","floor":24,"key":"SMITH"},{"data":"Ghostly Armor","floor":28,"key":"SMITH"},{"data":"Exhume","floor":32,"key":"SMITH"},{"floor":42,"key":"REST"},{"data":"Berserk","floor":44,"key":"SMITH"},{"data":"Madness","floor":47,"key":"SMITH"},{"data":"Madness","floor":49,"key":"SMITH"}],"circlet_count":0,"master_deck":["Uppercut+1","Twin Strike","Rampage","Sword Boomerang+1","Heavy Blade+1","Offering","Rampage","Exhume+1","Iron Wave","Double Tap+1","Headbutt","Inflame","Anger","Metallicize+1","Ghostly Armor+1","Berserk+1","Madness+1","Madness+1"],"relics":["Burning Blood","NeowsBlessing","Brimstone","Tiny Chest","Bloody Idol","Eternal Feather","Blue Candle","Bottled Flame","Pandora\u0027s Box","Juzu Bracelet","Paper Frog","Singing Bowl","Darkstone Periapt","Regal Pillow","Bronze Scales","Turnip","Dream Catcher","Busted Crown","Membership Card","Bag of Marbles","Mercury Hourglass","Ancient Tea Set","Unceasing Top"],"acts_visited":["Exordium","TheCity","TheBeyond"],"potions_floor_usage":[16,16,25,25,33,33,50,50,50],"damage_taken":[{"damage":0,"enemies":"2 Louse","floor":1,"turns":1},{"damage":0,"enemies":"Cultist","floor":4,"turns":1},{"damage":0,"enemies":"3 Sentries","floor":7,"turns":1},{"damage":0,"enemies":"Small Slimes","floor":8,"turns":2},{"damage":9,"enemies":"Looter","floor":10,"turns":2},{"damage":0,"enemies":"Gremlin Nob","floor":12,"turns":2},{"damage":9,"enemies":"Blue Slaver","floor":13,"turns":2},{"damage":5,"enemies":"Large Slime","floor":14,"turns":4},{"damage":20,"enemies":"The Guardian","floor":16,"turns":5},{"damage":19,"enemies":"Shell Parasite","floor":18,"turns":2},{"damage":29,"enemies":"Gremlin Leader","floor":23,"turns":5},{"damage":22,"enemies":"Book of Stabbing","floor":25,"turns":3},{"damage":25,"enemies":"Gremlin Leader","floor":31,"turns":3},{"damage":59,"enemies":"Collector","floor":33,"turns":5},{"damage":10,"enemies":"3 Darklings","floor":35,"turns":3},{"damage":49,"enemies":"Reptomancer","floor":40,"turns":4},{"damage":32,"enemies":"3 Shapes","floor":41,"turns":2},{"damage":12,"enemies":"Giant Head","floor":46,"turns":3},{"damage":0,"enemies":"Jaw Worm Horde","floor":48,"turns":1},{"damage":32,"enemies":"Time Eater","floor":50,"turns":3}],"seed_played":"-6491436745052790495","potions_obtained":[{"floor":7,"key":"SmokeBomb"},{"floor":10,"key":"AttackPotion"},{"floor":12,"key":"Dexterity Potion"},{"floor":14,"key":"Strength Potion"},{"floor":18,"key":"SkillPotion"},{"floor":31,"key":"ColorlessPotion"},{"floor":40,"key":"Weak Potion"},{"floor":41,"key":"Block Potion"},{"floor":48,"key":"SteroidPotion"}],"is_trial":false,"path_per_floor":["M","?","$","M","?","R","E","M","T","M","R","E","M","M","R","B",null,"M","$","?","T","?","E","R","E","T","?","R","?","T","E","R","B",null,"M","$","?","?","$","E","M","R","T","R","T","E","R","M","R","B",null],"character_chosen":"IRONCLAD","items_purchased":["Brimstone","Tiny Chest","Juzu Bracelet","SteroidPotion","Membership Card"],"campfire_rested":1,"item_purchase_floors":[3,3,19,19,39],"current_hp_per_floor":[80,80,80,80,60,60,66,72,72,69,75,80,77,78,80,66,80,67,67,67,67,67,49,58,49,54,60,69,69,69,57,66,18,90,92,92,92,80,80,44,25,79,79,88,93,94,100,102,102,76],"gold":116,"neow_bonus":"THREE_ENEMY_KILL","is_daily":false,"chose_seed":false,"campfire_upgraded":9,"win_rate":0.0,"timestamp":1609706372,"path_taken":["M","?","$","?","?","R","E","M","T","M","R","E","M","M","R","BOSS","M","$","?","?","?","E","R","E","T","?","R","?","?","E","R","BOSS","M","$","?","?","?","E","M","R","T","R","?","E","R","M","R","BOSS"],"items_purchased_type":["Relic","Relic","Relic","Potion","Relic"],"build_version":"2020-12-22","purchased_purges":3,"victory":true,"max_hp_per_floor":[80,80,80,80,80,80,80,80,80,80,80,80,80,80,80,80,80,80,80,80,80,80,80,80,82,82,88,88,88,88,90,90,90,90,92,92,92,92,92,94,96,98,98,98,98,100,100,102,102,102],"card_choices":[{"not_picked":["Pommel Strike","Heavy Blade"],"picked":"Uppercut","floor":1},{"not_picked":["Dual Wield","Sever Soul"],"picked":"Twin Strike","floor":4},{"not_picked":["Thunderclap","Dropkick"],"picked":"Rampage","floor":7},{"not_picked":["Pommel Strike","Second Wind","Perfected Strike"],"picked":"SKIP","floor":8},{"not_picked":["Clash","Iron Wave"],"picked":"Sword Boomerang","floor":10},{"not_picked":["Power Through","Flex","Rampage"],"picked":"SKIP","floor":12},{"not_picked":["Intimidate","Cleave","Inflame"],"picked":"SKIP","floor":13},{"not_picked":["Exhume","Thunderclap"],"picked":"Heavy Blade","floor":14},{"not_picked":["Exhume","Fiend Fire"],"picked":"Offering","floor":16},{"not_picked":["Rampage+1","Burning Pact+1"],"picked":"Metallicize+1","floor":18},{"not_picked":["Rampage+1","Perfected Strike"],"picked":"Ghostly Armor","floor":23},{"not_picked":["Infernal Blade","Cleave","Inflame"],"picked":"Singing Bowl","floor":25},{"not_picked":["Cleave","Hemokinesis","Dropkick"],"picked":"Singing Bowl","floor":31},{"not_picked":["Barricade","Corruption"],"picked":"Berserk","floor":33},{"not_picked":["True Grit"],"picked":"Singing Bowl","floor":35},{"not_picked":["Carnage+1"],"picked":"Singing Bowl","floor":40},{"not_picked":["Power Through"],"picked":"Singing Bowl","floor":41},{"not_picked":["Body Slam"],"picked":"Singing Bowl","floor":42},{"not_picked":["Spot Weakness"],"picked":"Singing Bowl","floor":46},{"not_picked":["Iron Wave+1"],"picked":"Singing Bowl","floor":48}],"player_experience":146686,"relics_obtained":[{"floor":7,"key":"Eternal Feather"},{"floor":9,"key":"Blue Candle"},{"floor":12,"key":"Bottled Flame"},{"floor":21,"key":"Paper Frog"},{"floor":23,"key":"Singing Bowl"},{"floor":25,"key":"Darkstone Periapt"},{"floor":26,"key":"Regal Pillow"},{"floor":30,"key":"Turnip"},{"floor":31,"key":"Dream Catcher"},{"floor":40,"key":"Bag of Marbles"},{"floor":43,"key":"Mercury Hourglass"},{"floor":45,"key":"Ancient Tea Set"},{"floor":46,"key":"Unceasing Top"}],"event_choices":[{"damage_healed":0,"gold_gain":275,"player_choice":"Desecrate","damage_taken":0,"max_hp_gain":0,"max_hp_loss":0,"event_name":"Golden Shrine","floor":2,"gold_loss":0,"cards_obtained":["Regret"]},{"damage_healed":0,"gold_gain":0,"player_choice":"Take Damage","damage_taken":20,"relics_obtained":["Golden Idol"],"max_hp_gain":0,"max_hp_loss":0,"event_name":"Golden Idol","floor":5,"gold_loss":0},{"damage_healed":0,"gold_gain":0,"player_choice":"Gave Idol","damage_taken":0,"relics_obtained":["Bloody Idol"],"max_hp_gain":0,"max_hp_loss":0,"event_name":"Forgotten Altar","floor":20,"relics_lost":["Golden Idol"],"gold_loss":0},{"damage_healed":0,"gold_gain":0,"player_choice":"Ignored","damage_taken":0,"max_hp_gain":0,"max_hp_loss":0,"event_name":"Vampires","floor":22,"gold_loss":0},{"damage_healed":0,"gold_gain":0,"player_choice":"Opened","damage_taken":0,"relics_obtained":["Bronze Scales"],"max_hp_gain":0,"max_hp_loss":0,"event_name":"The Mausoleum","floor":27,"gold_loss":0,"cards_obtained":["Writhe"]},{"cards_removed":["Writhe"],"damage_healed":0,"gold_gain":0,"player_choice":"Elegance","damage_taken":0,"max_hp_gain":0,"max_hp_loss":0,"event_name":"Back to Basics","floor":29,"gold_loss":0},{"cards_removed":["Bash"],"damage_healed":0,"gold_gain":0,"player_choice":"Removed Attack","damage_taken":0,"max_hp_gain":0,"max_hp_loss":0,"event_name":"Falling","floor":37,"gold_loss":0},{"damage_healed":0,"gold_gain":0,"player_choice":"Embrace Madness","damage_taken":12,"max_hp_gain":0,"max_hp_loss":0,"event_name":"Winding Halls","floor":38,"gold_loss":0,"cards_obtained":["Madness","Madness"]}],"is_beta":false,"boss_relics":[{"not_picked":["Runic Cube","Snecko Eye"],"picked":"Pandora\u0027s Box"},{"not_picked":["Runic Dome","Velvet Choker"],"picked":"Busted Crown"}],"items_purged_floors":[3,19,36],"is_endless":false,"potions_floor_spawned":[7,10,12,13,14,18,31,40,41,48],"ascension_level":4}}