{"host":"c7yluuzpqlymemjk","time":1609634193,"event":{"mods":["BaseMod","Colored Map","GifTheSpireLib","Minty Spire (QoL Compilation)","Relic Stats","StSLib","slay the spire mod where everything is the same but ironclad has a cowboy hat"],"gold_per_floor":[114,132,132,150,170,205,205,205,205,205,217,217,237,268,268,369,369,386,421,421,441,441,441,65,65,133,148,173,183,183,183],"floor_reached":30,"playtime":1919,"items_purged":["Strike_P"],"score":273,"play_id":"f330adb0-b698-4755-a83e-21dd0335f529","local_time":"20210102163633","is_ascension_mode":true,"campfire_choices":[{"floor":7,"key":"REST"},{"floor":12,"key":"REST"},{"floor":15,"key":"REST"},{"data":"Tantrum","floor":23,"key":"SMITH"},{"floor":25,"key":"RECALL"}],"circlet_count":0,"master_deck":["Strike_P","Strike_P","Strike_P+1","Defend_P","Defend_P+1","Defend_P","Eruption","Vigilance","Tantrum+1","Pray","Perseverance","PathToVictory","DeceiveReality","ThirdEye","BowlingBash","EmptyFist","Prostrate","Judgement","Evaluate","Wallop","EmptyMind","Judgement","FollowUp","CutThroughFate","EmptyBody","Halt"],"relics":["PureWater","Torii","Incense Burner","FaceOfCleric","Sundial","SlaversCollar","Red Mask","Shuriken","Du-Vu Doll"],"acts_visited":["Exordium","TheCity"],"potions_floor_usage":[5,6,14,19,21],"damage_taken":[{"damage":1,"enemies":"2 Louse","floor":1,"turns":3},{"damage":7,"enemies":"Cultist","floor":2,"turns":3},{"damage":3,"enemies":"Jaw Worm","floor":4,"turns":3},{"damage":2,"enemies":"2 Fungi Beasts","floor":5,"turns":3},{"damage":49,"enemies":"Lagavulin","floor":6,"turns":8},{"damage":4,"enemies":"Lots of Slimes","floor":11,"turns":8},{"damage":0,"enemies":"Large Slime","floor":13,"turns":5},{"damage":28,"enemies":"Gremlin Nob","floor":14,"turns":3},{"damage":62,"enemies":"Slime Boss","floor":16,"turns":9},{"damage":0,"enemies":"Spheric Guardian","floor":18,"turns":2},{"damage":7,"enemies":"Masked Bandits","floor":19,"turns":4},{"damage":8,"enemies":"3 Byrds","floor":21,"turns":5},{"damage":1,"enemies":"Centurion and Healer","floor":27,"turns":5},{"damage":19,"enemies":"Gremlin Leader","floor":28,"turns":4},{"damage":8,"enemies":"Snecko","floor":29,"turns":4},{"damage":56,"enemies":"Slavers","floor":30,"turns":3}],"seed_played":"3209664969992355003","potions_obtained":[{"floor":3,"key":"FairyPotion"},{"floor":3,"key":"Weak Potion"},{"floor":3,"key":"Weak Potion"},{"floor":11,"key":"Fire Potion"},{"floor":13,"key":"CultistPotion"},{"floor":14,"key":"BottledMiracle"},{"floor":18,"key":"LiquidMemories"},{"floor":29,"key":"BottledMiracle"}],"is_trial":false,"path_per_floor":["M","M","?","M","M","E","R","?","T","?","M","R","M","E","R","B",null,"M","?","?","M","?","R","$","R","T","M","E","M","E"],"character_chosen":"WATCHER","items_purchased":["Shuriken","FollowUp"],"campfire_rested":3,"item_purchase_floors":[24,24],"current_hp_per_floor":[71,64,64,61,59,10,31,17,17,17,14,35,36,9,31,23,76,77,71,71,64,64,64,64,64,64,64,46,39,0,0],"gold":183,"neow_bonus":"TRANSFORM_CARD","is_daily":false,"chose_seed":false,"campfire_upgraded":1,"win_rate":0.0,"timestamp":1609634193,"path_taken":["M","M","?","?","M","E","R","?","T","?","M","R","?","E","R","BOSS","M","?","?","M","?","R","$","R","T","M","E","?","E"],"items_purchased_type":["Relic","Card"],"build_version":"2020-12-22","purchased_purges":1,"victory":false,"max_hp_per_floor":[72,72,72,72,72,72,72,72,72,72,73,73,74,75,75,76,76,77,78,78,79,79,79,79,79,79,80,81,82,82,82],"relic_stats":{"Torii":23,"FaceOfCleric":10,"counters":[16,72],"Sundial":[2],"Shuriken":[4],"obtain_stats":[{"Du-Vu Doll":28,"SlaversCollar":17,"Torii":6,"FaceOfCleric":10,"Sundial":14,"Shuriken":24,"Incense Burner":9,"Red Mask":19,"PureWater":0},{"Du-Vu Doll":14,"SlaversCollar":9,"Torii":5,"FaceOfCleric":5,"Sundial":8,"Shuriken":12,"Incense Burner":5,"Red Mask":11,"PureWater":0},{"Du-Vu Doll":65,"SlaversCollar":45,"Torii":20,"FaceOfCleric":20,"Sundial":36,"Shuriken":56,"Incense Burner":20,"Red Mask":51,"PureWater":0}]},"card_choices":[{"not_picked":["Evaluate","Fasting2"],"picked":"Pray","floor":1},{"not_picked":["MentalFortress","SashWhip"],"picked":"Perseverance","floor":2},{"not_picked":["SashWhip","EmptyBody"],"picked":"PathToVictory","floor":4},{"not_picked":["Nirvana","SashWhip"],"picked":"DeceiveReality","floor":5},{"not_picked":["Collect","ClearTheMind"],"picked":"ThirdEye","floor":6},{"not_picked":["FlurryOfBlows","ForeignInfluence"],"picked":"BowlingBash","floor":11},{"not_picked":["CrushJoints","BattleHymn"],"picked":"EmptyFist","floor":13},{"not_picked":["Scrawl","Consecrate"],"picked":"Prostrate","floor":14},{"not_picked":["Brilliance","Alpha"],"picked":"Judgement","floor":16},{"not_picked":["WindmillStrike","Protect"],"picked":"Evaluate","floor":18},{"not_picked":["DeceiveReality","CutThroughFate"],"picked":"Wallop","floor":19},{"not_picked":["LikeWater+1","Prostrate"],"picked":"EmptyMind","floor":21},{"not_picked":["Evaluate","SashWhip+1"],"picked":"CutThroughFate","floor":27},{"not_picked":["BattleHymn","ReachHeaven"],"picked":"EmptyBody","floor":28},{"not_picked":["FearNoEvil","Protect+1"],"picked":"Halt","floor":29}],"player_experience":334825,"relics_obtained":[{"floor":6,"key":"Torii"},{"floor":9,"key":"Incense Burner"},{"floor":14,"key":"Sundial"},{"floor":19,"key":"Red Mask"},{"floor":28,"key":"Du-Vu Doll"}],"event_choices":[{"damage_healed":0,"gold_gain":0,"player_choice":"Got Potions","damage_taken":0,"max_hp_gain":0,"max_hp_loss":0,"event_name":"Lab","floor":3,"gold_loss":0},{"damage_healed":0,"gold_gain":0,"player_choice":"Entered Light","damage_taken":14,"max_hp_gain":0,"max_hp_loss":0,"event_name":"Shining Light","floor":8,"gold_loss":0,"cards_upgraded":["Defend_P","Strike_P"]},{"damage_healed":0,"gold_gain":0,"player_choice":"Trade","damage_taken":0,"relics_obtained":["FaceOfCleric"],"max_hp_gain":0,"max_hp_loss":0,"event_name":"FaceTrader","floor":10,"gold_loss":0},{"damage_healed":0,"gold_gain":0,"player_choice":"Fought Bandits","damage_taken":0,"max_hp_gain":0,"max_hp_loss":0,"event_name":"Masked Bandits","floor":19,"gold_loss":0},{"damage_healed":0,"gold_gain":0,"player_choice":"Ignored","damage_taken":0,"max_hp_gain":0,"max_hp_loss":0,"event_name":"Vampires","floor":20,"gold_loss":0},{"damage_healed":0,"gold_gain":0,"player_choice":"Copied","damage_taken":0,"max_hp_gain":0,"max_hp_loss":0,"event_name":"Duplicator","floor":22,"gold_loss":0,"cards_obtained":["Judgement"]}],"is_beta":false,"boss_relics":[{"not_picked":["Runic Dome","Velvet Choker"],"picked":"SlaversCollar"}],"items_purged_floors":[24],"is_endless":false,"potions_floor_spawned":[11,13,14,18,29],"killed_by":"Slavers","ascension_level":1}}