{"host":"oluf6aumjll4vfac","time":1609653577,"event":{"mods":["BaseMod","Colored Map","Colored Powertips","Conspire","Downfall","Minty Spire (QoL Compilation)","Quick Restart","Shop Mod","StSLib","SuperFastMode"],"gold_per_floor":[116,126,146,162,16,47,47,79,79,94,94,105,120,134,134,134,134],"floor_reached":16,"playtime":339,"items_purged":[],"score":116,"play_id":"8427b199-a648-4577-ab8f-6ad3d1ea5acd","local_time":"20210103135937","is_ascension_mode":false,"campfire_choices":[{"floor":11,"key":"REST"},{"floor":15,"key":"REST"}],"circlet_count":0,"master_deck":["Strike_R","Strike_R","Strike_R","Strike_R","Strike_R","Defend_R","Defend_R","Defend_R","Defend_R","Bash","Twin Strike","Flex","Flex","Cleave","Twin Strike","Thunderclap","Combust+1","Headbutt","Barricade+1"],"relics":["Burning Blood","NeowsBlessing","Membership Card","Charon\u0027s Ashes","Frozen Egg 2","conspire:Flyswatter","Mummified Hand"],"acts_visited":["Exordium"],"potions_floor_usage":[6,6,10,13,16,16],"damage_taken":[{"damage":0,"enemies":"Cultist","floor":1,"turns":1},{"damage":0,"enemies":"Small Slimes","floor":2,"turns":1},{"damage":0,"enemies":"Jaw Worm","floor":3,"turns":1},{"damage":19,"enemies":"conspire:2 RoseBushes","floor":4,"turns":4},{"damage":22,"enemies":"Gremlin Nob","floor":6,"turns":4},{"damage":36,"enemies":"Lagavulin","floor":8,"turns":5},{"damage":2,"enemies":"Exordium Thugs","floor":10,"turns":4},{"damage":9,"enemies":"Red Slaver","floor":12,"turns":2},{"damage":13,"enemies":"Gremlin Gang","floor":13,"turns":2},{"damage":19,"enemies":"Blue Slaver","floor":14,"turns":3},{"damage":54,"enemies":"Hexaghost","floor":16,"turns":7}],"seed_played":"4790720982910458697","potions_obtained":[{"floor":1,"key":"Weak Potion"},{"floor":2,"key":"ColorlessPotion"},{"floor":8,"key":"HeartOfIron"},{"floor":10,"key":"BlessingOfTheForge"},{"floor":12,"key":"EssenceOfSteel"},{"floor":14,"key":"DuplicationPotion"}],"is_trial":false,"path_per_floor":["M","M","M","M","$","E","T","E","T","M","R","M","M","M","R","B"],"character_chosen":"IRONCLAD","items_purchased":["Membership Card"],"campfire_rested":2,"item_purchase_floors":[5],"current_hp_per_floor":[80,80,80,67,67,51,51,21,21,25,49,46,39,26,50,0,0],"gold":134,"neow_bonus":"THREE_ENEMY_KILL","is_daily":false,"chose_seed":false,"campfire_upgraded":0,"win_rate":0.0,"timestamp":1609653577,"path_taken":["M","M","M","M","$","E","?","E","T","M","R","?","M","M","R","BOSS"],"items_purchased_type":["Relic"],"build_version":"2020-12-22","purchased_purges":0,"victory":false,"max_hp_per_floor":[80,80,80,80,80,80,80,80,80,80,80,80,80,80,80,80,80],"card_choices":[{"not_picked":["Fire Breathing","Shrug It Off"],"picked":"Twin Strike","floor":1},{"not_picked":["Body Slam","Wild Strike"],"picked":"Flex","floor":2},{"not_picked":["Rupture","Wild Strike"],"picked":"Flex","floor":3},{"not_picked":["Searing Blow","Bloodletting"],"picked":"Cleave","floor":4},{"not_picked":["Havoc","Burning Pact"],"picked":"Twin Strike","floor":6},{"not_picked":["Infernal Blade","Clash"],"picked":"Thunderclap","floor":8},{"not_picked":["Clash","Flex"],"picked":"Combust+1","floor":10},{"not_picked":["Fire Breathing+1","Clothesline"],"picked":"Headbutt","floor":12},{"not_picked":["Body Slam","Iron Wave","True Grit"],"picked":"SKIP","floor":13},{"not_picked":["Battle Trance","Dark Embrace+1"],"picked":"Barricade+1","floor":14}],"player_experience":58102,"relics_obtained":[{"floor":6,"key":"Charon\u0027s Ashes"},{"floor":7,"key":"Frozen Egg 2"},{"floor":8,"key":"conspire:Flyswatter"},{"floor":9,"key":"Mummified Hand"}],"event_choices":[],"is_beta":false,"boss_relics":[],"items_purged_floors":[],"is_endless":false,"potions_floor_spawned":[1,2,8,10,12,14],"killed_by":"Hexaghost","ascension_level":0}}