{"host":"a1u4jo6xlg3w0wsm","time":1609669757,"event":{"mods":["BaseMod","Better Third Choice","DeckTracker","Downfall","Hermit","Hubris","Minty Spire (QoL Compilation)","Replay The Spire","StSLib"],"gold_per_floor":[115,51,66,241,241,241,268,268,268,268,302,302,318,334,609,609,609],"floor_reached":16,"playtime":615,"items_purged":[],"score":153,"play_id":"a55f1e92-918a-4552-9094-0cc4ac0a8b16","local_time":"20210103232917","is_ascension_mode":true,"campfire_choices":[{"data":"hermit:Gestalt","floor":6,"key":"SMITH"},{"data":"hermit:Determination","floor":10,"key":"SMITH"},{"data":"hermit:FatalDesire","floor":12,"key":"SMITH"}],"circlet_count":0,"master_deck":["hermit:Strike_Hermit","hermit:Strike_Hermit","hermit:Strike_Hermit","hermit:Strike_Hermit","hermit:Defend_Hermit","hermit:Defend_Hermit","hermit:Defend_Hermit","hermit:Defend_Hermit","hermit:Snapshot","hermit:Covet","hermit:Gestalt+1","Doubt","hermit:FinalCanter","ReplayTheSpireMod:Restless Dread","hermit:Determination+1","hermit:FatalDesire+1","hermit:Determination","Regret"],"relics":["hermit:Momento","NeowsBlessing","ReplayTheSpireMod:Lightbulb","hubris:Icosahedron","Mango","White Beast Statue","Ornamental Fan"],"acts_visited":["Exordium"],"potions_floor_usage":[11,13,14,16,16],"damage_taken":[{"damage":0,"enemies":"Cultist","floor":1,"turns":1},{"damage":0,"enemies":"Small Slimes","floor":3,"turns":1},{"damage":0,"enemies":"3 Sentries","floor":7,"turns":1},{"damage":25,"enemies":"Gremlin Nob","floor":11,"turns":4},{"damage":12,"enemies":"2 Louse","floor":13,"turns":3},{"damage":3,"enemies":"2 Fungi Beasts","floor":14,"turns":4},{"damage":34,"enemies":"Hexaghost","floor":16,"turns":8}],"seed_played":"8364316929777445335","potions_obtained":[{"floor":3,"key":"Dexterity Potion"},{"floor":11,"key":"sneckomod:MuddlingPotion"},{"floor":13,"key":"Cursed Concoction"},{"floor":14,"key":"hermit:Tonic"}],"is_trial":false,"path_per_floor":["M","?","M","?","?","R","E","?","T","R","E","R","M","M","R","B"],"character_chosen":"HERMIT","items_purchased":[],"campfire_rested":0,"item_purchase_floors":[],"current_hp_per_floor":[75,75,75,75,75,75,89,89,89,89,64,64,52,49,49,15,15],"gold":609,"neow_bonus":"THREE_ENEMY_KILL","is_daily":false,"chose_seed":false,"campfire_upgraded":3,"win_rate":0.0,"timestamp":1609669757,"path_taken":["M","?","?","?","?","R","E","?","T","R","E","R","M","M","R","BOSS"],"items_purchased_type":[],"build_version":"2020-12-13","purchased_purges":0,"victory":false,"max_hp_per_floor":[75,75,75,75,75,75,89,89,89,89,89,89,89,89,89,89,89],"card_choices":[{"not_picked":["hermit:SprayPray","hermit:Snipe"],"picked":"hermit:Gestalt","floor":1},{"not_picked":["hermit:Roulette","hermit:WideOpen","hermit:HighCaliber"],"picked":"SKIP","floor":3},{"not_picked":["hermit:Coalescence","hermit:BodyArmor"],"picked":"hermit:FinalCanter","floor":7},{"not_picked":["hermit:NoHoldsBarred","hermit:TakeAim"],"picked":"hermit:FatalDesire","floor":11},{"not_picked":["hermit:BodyArmor","hermit:LuckOfTheDraw"],"picked":"hermit:Determination","floor":13},{"not_picked":["hermit:TrackingShot","hermit:Misfire","hermit:Ricochet"],"picked":"SKIP","floor":14}],"player_experience":291019,"relics_obtained":[{"floor":7,"key":"Mango"},{"floor":9,"key":"White Beast Statue"},{"floor":11,"key":"Ornamental Fan"}],"event_choices":[{"damage_healed":0,"gold_gain":0,"player_choice":"Paid Gold","damage_taken":0,"relics_obtained":["ReplayTheSpireMod:Lightbulb"],"max_hp_gain":0,"max_hp_loss":0,"event_name":"WeMeetAgain","floor":2,"gold_loss":64},{"damage_healed":0,"gold_gain":175,"player_choice":"AGREE","damage_taken":66,"max_hp_gain":0,"max_hp_loss":0,"event_name":"betterThird:BetterSerpent","floor":4,"gold_loss":0},{"damage_healed":0,"gold_gain":0,"player_choice":"2 cards matched","damage_taken":0,"max_hp_gain":0,"max_hp_loss":0,"event_name":"Match and Keep!","floor":8,"gold_loss":0,"cards_obtained":["ReplayTheSpireMod:Restless Dread","hermit:Determination"]},{"damage_healed":0,"gold_gain":275,"player_choice":"Desecrate","damage_taken":0,"max_hp_gain":0,"max_hp_loss":0,"event_name":"Golden Shrine","floor":15,"gold_loss":0,"cards_obtained":["Regret"]}],"is_beta":false,"boss_relics":[],"items_purged_floors":[],"is_endless":false,"potions_floor_spawned":[3,11,13,14],"killed_by":"Hexaghost","ascension_level":3}}