{"host":"sc0o2qwpf9j16a4i","time":1609683827,"event":{"mods":["AchievementEnabler","BaseMod","BetterRewards","Block Reminder","Colored Map","Colored Powertips","Custom Start","Highlight Path","Minty Spire (QoL Compilation)","Relic Stats"],"gold_per_floor":[114,124,124,174,194,194,224,224,224,238,238,257,257,271,271,346,346,366,366,366,385,141,141,170,170,170,170,189,202,202,202],"floor_reached":30,"playtime":977,"items_purged":["Strike_B"],"score":750,"play_id":"6a02685a-1b22-43df-99d9-76812da0a6b9","local_time":"20210103162347","is_ascension_mode":true,"campfire_choices":[{"floor":6,"key":"REST"},{"floor":11,"key":"REST"},{"data":"Defragment","floor":13,"key":"SMITH"},{"floor":15,"key":"REST"},{"floor":23,"key":"REST"},{"floor":25,"key":"REST"},{"floor":27,"key":"REST"}],"circlet_count":0,"master_deck":["AscendersBane","Strike_B","Strike_B","Defend_B","Defend_B","Defend_B","Defend_B","Zap","Dualcast","Defragment+1","Rebound","Rainbow","Coolheaded","Loop","Leap","Core Surge","Echo Form","Coolheaded","Ball Lightning","Creative AI","Fission","Compile Driver"],"relics":["Cracked Core","Orichalcum","PreservedInsect","Happy Flower","Nunchaku","Fusion Hammer","Nloth\u0027s Gift","The Courier","Sundial"],"acts_visited":["Exordium","TheCity"],"potions_floor_usage":[7,12,16,16,27],"damage_taken":[{"damage":0,"enemies":"Small Slimes","floor":1,"turns":3},{"damage":7,"enemies":"Jaw Worm","floor":2,"turns":4},{"damage":0,"enemies":"Cultist","floor":5,"turns":3},{"damage":8,"enemies":"Lagavulin","floor":7,"turns":5},{"damage":3,"enemies":"2 Fungi Beasts","floor":10,"turns":3},{"damage":14,"enemies":"Gremlin Gang","floor":12,"turns":4},{"damage":20,"enemies":"Lots of Slimes","floor":14,"turns":4},{"damage":21,"enemies":"The Guardian","floor":16,"turns":9},{"damage":4,"enemies":"Chosen","floor":18,"turns":6},{"damage":19,"enemies":"3 Byrds","floor":21,"turns":7},{"damage":31,"enemies":"Gremlin Leader","floor":24,"turns":10},{"damage":26,"enemies":"3 Cultists","floor":28,"turns":6},{"damage":32,"enemies":"Shelled Parasite and Fungi","floor":29,"turns":7},{"damage":23,"enemies":"Slavers","floor":30,"turns":1}],"seed_played":"-2540996852078409346","potions_obtained":[{"floor":2,"key":"PowerPotion"},{"floor":7,"key":"DistilledChaos"},{"floor":14,"key":"PotionOfCapacity"},{"floor":24,"key":"Fruit Juice"}],"is_trial":false,"path_per_floor":["M","M","?","?","M","R","E","?","T","M","R","M","R","M","R","B",null,"M","?","?","M","$","R","E","R","T","R","M","M","E"],"character_chosen":"DEFECT","items_purchased":["Orichalcum","PreservedInsect","Happy Flower","Defragment","AttackPotion","Creative AI"],"campfire_rested":6,"item_purchase_floors":[0,0,0,0,0,22],"current_hp_per_floor":[37,30,23,23,23,44,36,36,36,33,54,40,40,20,41,20,58,54,54,54,35,35,56,25,46,46,73,47,15,0,0],"gold":202,"neow_bonus":"","is_daily":false,"chose_seed":false,"campfire_upgraded":1,"win_rate":0.0,"timestamp":1609683827,"path_taken":["M","M","?","?","?","R","E","?","T","?","R","?","R","M","R","BOSS","M","?","?","M","$","R","E","R","T","R","?","M","E"],"items_purchased_type":["Relic","Relic","Relic","Card","Potion","Card"],"build_version":"2020-12-22","purchased_purges":1,"victory":false,"max_hp_per_floor":[71,71,71,71,71,71,71,71,71,71,71,71,71,71,71,71,71,71,71,71,71,71,71,71,71,71,76,76,76,76,76],"relic_stats":{"Nunchaku":[6],"Happy Flower":[78],"counters":[110,553],"Sundial":[2],"PreservedInsect":116,"Nloth\u0027s Gift":0,"Orichalcum":[132],"obtain_stats":[{"Ice Cream":38,"Calipers":9,"Runic Capacitor":22,"Whetstone":0,"Bottled Tornado":24,"Old Coin":3,"Sozu":17,"Blood Vial":7,"Sundial":26,"Philosopher\u0027s Stone":34,"Fusion Hammer":17,"Toxic Egg 2":30,"Girya":9,"Happy Flower":0,"Astrolabe":17,"Blue Candle":7,"Dead Branch":42,"Oddly Smooth Stone":0,"Eternal Feather":21,"Pen Nib":0,"War Paint":0,"Question Card":25,"Akabeko":0,"Cables":0,"OrangePellets":36,"Shuriken":26,"Bronze Scales":9,"Bird Faced Urn":11,"Molten Egg 2":0,"Nloth\u0027s Gift":20,"Symbiotic Virus":9,"Regal Pillow":45,"Lantern":25,"Singing Bowl":31,"StoneCalendar":8,"Juzu Bracelet":12,"Incense Burner":0,"Smiling Mask":24,"Nunchaku":9,"Matryoshka":7,"WingedGreaves":8,"Red Mask":19,"Cracked Core":0,"Potion Belt":9,"Lee\u0027s Waffle":0,"Golden Idol":14,"Thread and Needle":0,"PreservedInsect":0,"The Courier":24,"Odd Mushroom":10,"Frozen Egg 2":9,"Orichalcum":47,"White Beast Statue":10,"Mercury Hourglass":30,"Calling Bell":0,"Peace Pipe":26,"CaptainsWheel":13,"Anchor":29,"Ornamental Fan":7,"Bloody Idol":22,"Bag of Marbles":0,"Coffee Dripper":17,"Membership Card":30,"Bottled Lightning":0,"Toy Ornithopter":0},{"Ice Cream":79,"Calipers":39,"Runic Capacitor":91,"Whetstone":59,"Bottled Tornado":48,"Old Coin":36,"Sozu":20,"Blood Vial":84,"Sundial":107,"Philosopher\u0027s Stone":50,"Fusion Hammer":30,"Toxic Egg 2":73,"Girya":63,"Happy Flower":34,"Astrolabe":9,"Blue Candle":16,"Dead Branch":56,"Oddly Smooth Stone":59,"Eternal Feather":91,"Pen Nib":0,"War Paint":59,"Question Card":32,"Akabeko":59,"Cables":34,"OrangePellets":51,"Shuriken":72,"Bronze Scales":17,"Bird Faced Urn":39,"Molten Egg 2":0,"Nloth\u0027s Gift":105,"Symbiotic Virus":5,"Regal Pillow":57,"Lantern":72,"Singing Bowl":49,"StoneCalendar":39,"Juzu Bracelet":7,"Incense Burner":80,"Smiling Mask":92,"Nunchaku":100,"Matryoshka":4,"WingedGreaves":63,"Red Mask":11,"Cracked Core":0,"Potion Belt":5,"Lee\u0027s Waffle":12,"Golden Idol":19,"Thread and Needle":0,"PreservedInsect":96,"The Courier":107,"Odd Mushroom":18,"Frozen Egg 2":26,"Orichalcum":58,"White Beast Statue":27,"Mercury Hourglass":94,"Calling Bell":0,"Peace Pipe":48,"CaptainsWheel":41,"Anchor":72,"Ornamental Fan":63,"Bloody Idol":31,"Bag of Marbles":34,"Coffee Dripper":89,"Membership Card":48,"Bottled Lightning":80,"Toy Ornithopter":59},{"Ice Cream":406,"Calipers":168,"Runic Capacitor":452,"Whetstone":299,"Bottled Tornado":213,"Old Coin":158,"Sozu":77,"Blood Vial":423,"Sundial":539,"Philosopher\u0027s Stone":237,"Fusion Hammer":129,"Toxic Egg 2":372,"Girya":313,"Happy Flower":151,"Astrolabe":35,"Blue Candle":60,"Dead Branch":273,"Oddly Smooth Stone":299,"Eternal Feather":452,"Pen Nib":0,"War Paint":299,"Question Card":141,"Akabeko":299,"Cables":151,"OrangePellets":242,"Shuriken":367,"Bronze Scales":65,"Bird Faced Urn":168,"Molten Egg 2":0,"Nloth\u0027s Gift":522,"Symbiotic Virus":18,"Regal Pillow":283,"Lantern":367,"Singing Bowl":220,"StoneCalendar":168,"Juzu Bracelet":23,"Incense Burner":410,"Smiling Mask":457,"Nunchaku":496,"Matryoshka":16,"WingedGreaves":313,"Red Mask":44,"Cracked Core":0,"Potion Belt":18,"Lee\u0027s Waffle":47,"Golden Idol":72,"Thread and Needle":0,"PreservedInsect":481,"The Courier":539,"Odd Mushroom":69,"Frozen Egg 2":103,"Orichalcum":293,"White Beast Statue":110,"Mercury Hourglass":469,"Calling Bell":0,"Peace Pipe":213,"CaptainsWheel":176,"Anchor":367,"Ornamental Fan":313,"Bloody Idol":132,"Bag of Marbles":151,"Coffee Dripper":445,"Membership Card":213,"Bottled Lightning":410,"Toy Ornithopter":299}]},"card_choices":[{"not_picked":["Force Field","Reprogram","Turbo"],"picked":"SKIP","floor":1},{"not_picked":["Stack","Gash"],"picked":"Rebound","floor":2},{"not_picked":["Chaos","Compile Driver"],"picked":"Rainbow","floor":5},{"not_picked":["Static Discharge","Sweeping Beam"],"picked":"Coolheaded","floor":7},{"not_picked":["Go for the Eyes","Rebound"],"picked":"Loop","floor":10},{"not_picked":["FTL","Barrage"],"picked":"Leap","floor":12},{"not_picked":["Conserve Battery","FTL"],"picked":"Core Surge","floor":14},{"not_picked":["Hyperbeam","Machine Learning"],"picked":"Echo Form","floor":16},{"not_picked":["Gash","Turbo"],"picked":"Coolheaded","floor":18},{"not_picked":["Compile Driver","Coolheaded+1"],"picked":"Ball Lightning","floor":21},{"not_picked":["Ball Lightning","Redo"],"picked":"Fission","floor":24},{"not_picked":["Steam","Lockon+1"],"picked":"Compile Driver","floor":28},{"not_picked":["Tempest","Aggregate","Streamline+1"],"picked":"SKIP","floor":29}],"player_experience":536107,"relics_obtained":[{"floor":7,"key":"Symbiotic Virus"},{"floor":9,"key":"Nunchaku"},{"floor":24,"key":"The Courier"},{"floor":26,"key":"Sundial"}],"event_choices":[{"cards_removed":["Strike_B"],"damage_healed":0,"gold_gain":0,"player_choice":"Card Removal","damage_taken":7,"max_hp_gain":0,"max_hp_loss":0,"event_name":"Golden Wing","floor":3,"gold_loss":0},{"damage_healed":0,"gold_gain":50,"player_choice":"Pray","damage_taken":0,"max_hp_gain":0,"max_hp_loss":0,"event_name":"Golden Shrine","floor":4,"gold_loss":0},{"damage_healed":0,"gold_gain":0,"player_choice":"Cursed","damage_taken":0,"max_hp_gain":0,"max_hp_loss":0,"event_name":"Wheel of Change","floor":8,"gold_loss":0,"cards_obtained":["Decay"]},{"cards_removed":["Decay"],"damage_healed":0,"gold_gain":0,"player_choice":"Elegance","damage_taken":0,"max_hp_gain":0,"max_hp_loss":0,"event_name":"Back to Basics","floor":19,"gold_loss":0},{"damage_healed":0,"gold_gain":0,"player_choice":"Traded Relic","damage_taken":0,"relics_obtained":["Nloth\u0027s Gift"],"max_hp_gain":0,"max_hp_loss":0,"event_name":"N\u0027loth","floor":20,"relics_lost":["Symbiotic Virus"],"gold_loss":0}],"is_beta":false,"boss_relics":[{"not_picked":["Calling Bell","Inserter"],"picked":"Fusion Hammer"}],"items_purged_floors":[22],"is_endless":false,"potions_floor_spawned":[2,5,7,14,24],"killed_by":"Slavers","ascension_level":20}}