{"host":"qm4rv4rkpk76sbxu","time":1609708100,"event":{"mods":["BaseMod","Bestiary","Block Reminder","Filter the Spire","Keyboard Shortcuts","Minty Spire (QoL Compilation)","MonsterHotkey","Potion Indicator Mod","Quick Restart","Relic Stats","Slay-I","StSLib","ojb\u0027s Better Paths Mod"],"gold_per_floor":[114,127,41,113,113,141,195,345,345,345,41,41,76,93,93,168,168,181,10,10,20,39,66,66,78,105,133,133,167,5,31,31,105,105,115,135,151,151,151],"floor_reached":38,"playtime":1595,"items_purged":["Doubt"],"score":1045,"play_id":"9d3100b0-428d-47ed-961c-d6df104ae237","local_time":"20210103220820","is_ascension_mode":true,"campfire_choices":[{"data":"Sunder","floor":12.0,"key":"SMITH"},{"data":"Tempest","floor":15.0,"key":"SMITH"},{"floor":24.0,"key":"REST"},{"floor":28,"key":"REST"},{"data":"Double Energy","floor":32,"key":"SMITH"}],"circlet_count":0,"master_deck":["AscendersBane","Strike_B+1","Strike_B","Strike_B+1","Defend_B","Defend_B+1","Defend_B","Defend_B","Zap+1","Dualcast","Reinforced Body+1","Sunder+1","Tempest+1","Compile Driver+1","Core Surge","Seek","Reinforced Body","Genetic Algorithm","Cold Snap","Core Surge","Conserve Battery","Double Energy+1","Electrodynamics","Go for the Eyes+1","Coolheaded"],"relics":["Cracked Core","NeowsBlessing","Akabeko","Bronze Scales","Whetstone","PreservedInsect","MealTicket","SacredBark","Runic Capacitor","White Beast Statue","Anchor","Regal Pillow","Du-Vu Doll","War Paint","Unceasing Top","Cursed Key"],"acts_visited":["Exordium","TheCity","TheBeyond"],"potions_floor_usage":[27,29,31,33,33,36,37,38,38],"damage_taken":[{"damage":0.0,"enemies":"2 Louse","floor":1.0,"turns":1.0},{"damage":0.0,"enemies":"Small Slimes","floor":2.0,"turns":1.0},{"damage":0.0,"enemies":"3 Sentries","floor":6.0,"turns":1.0},{"damage":0.0,"enemies":"Gremlin Nob","floor":13.0,"turns":2.0},{"damage":0.0,"enemies":"Jaw Worm","floor":14.0,"turns":2.0},{"damage":33.0,"enemies":"The Guardian","floor":16.0,"turns":10.0},{"damage":0.0,"enemies":"3 Byrds","floor":18.0,"turns":2.0},{"damage":27.0,"enemies":"Shell Parasite","floor":21.0,"turns":6.0},{"damage":30.0,"enemies":"Centurion and Healer","floor":22.0,"turns":5.0},{"damage":11.0,"enemies":"Gremlin Leader","floor":23.0,"turns":6.0},{"damage":40.0,"enemies":"Shelled Parasite and Fungi","floor":25.0,"turns":7.0},{"damage":7,"enemies":"Book of Stabbing","floor":27,"turns":3},{"damage":3,"enemies":"Slavers","floor":29,"turns":3},{"damage":13,"enemies":"Book of Stabbing","floor":31,"turns":4},{"damage":7,"enemies":"Champ","floor":33,"turns":8},{"damage":0,"enemies":"3 Darklings","floor":35,"turns":3},{"damage":1,"enemies":"3 Shapes","floor":36,"turns":3},{"damage":46,"enemies":"Transient","floor":37,"turns":6},{"damage":41,"enemies":"2 Orb Walkers","floor":38,"turns":5}],"seed_played":"-5552460968376904282","potions_obtained":[{"floor":1.0,"key":"Block Potion"},{"floor":13.0,"key":"SteroidPotion"},{"floor":16.0,"key":"Fruit Juice"},{"floor":20.0,"key":"Fruit Juice"},{"floor":20.0,"key":"EntropicBrew"},{"floor":25.0,"key":"Strength Potion"},{"floor":27,"key":"Swift Potion"},{"floor":29,"key":"PowerPotion"},{"floor":31,"key":"LiquidMemories"},{"floor":33,"key":"Weak Potion"},{"floor":35,"key":"Fire Potion"},{"floor":36,"key":"LiquidMemories"},{"floor":37,"key":"SkillPotion"}],"is_trial":false,"path_per_floor":["M","M","$","?","?","E","T","?","T","?","$","R","E","M","R","B",null,"M","$","?","M","M","E","R","M","T","E","R","E","$","E","R","B",null,"M","M","M","?"],"character_chosen":"DEFECT","items_purchased":["Sunder","PreservedInsect","FocusPotion","Runic Capacitor","War Paint"],"campfire_rested":2,"item_purchase_floors":[3,11,11,19,30],"current_hp_per_floor":[64,64,64,64,64,64,64,64,64,43,43,43,43,43,43,10,56,56,71,91,64,34,23,50,10,10,3,45,42,57,44,44,37,78,78,77,31,0,0],"gold":151,"neow_bonus":"THREE_ENEMY_KILL","is_daily":false,"chose_seed":false,"campfire_upgraded":3,"win_rate":0.0,"timestamp":1609708100,"path_taken":["M","M","$","?","?","E","?","?","T","?","$","R","E","M","R","BOSS","M","$","?","?","M","E","R","M","T","E","R","E","$","E","R","BOSS","M","?","?","?"],"items_purchased_type":["Card","Relic","Potion","Relic","Relic"],"build_version":"2020-12-22","purchased_purges":1,"victory":false,"max_hp_per_floor":[71,71,71,71,71,71,71,71,71,71,71,71,71,71,71,71,71,71,71,91,91,91,91,91,91,91,91,91,91,91,91,91,91,91,91,91,91,91,91],"relic_stats":{"Regal Pillow":15,"counters":[19,78],"Bronze Scales":[279],"MealTicket":30,"PreservedInsect":199,"Whetstone":["Strike_B","Compile Driver"],"War Paint":["Reinforced Body","Defend_B"],"Cursed Key":0,"obtain_stats":[{"Regal Pillow":27,"NeowsBlessing":0,"SacredBark":17,"PreservedInsect":11,"Runic Capacitor":19,"Whetstone":9,"War Paint":30,"Cursed Key":34,"Akabeko":6,"White Beast Statue":23,"Du-Vu Doll":29,"Anchor":26,"Bronze Scales":7,"MealTicket":13,"Cracked Core":0,"Unceasing Top":31},{"Regal Pillow":12,"NeowsBlessing":0,"SacredBark":6,"PreservedInsect":3,"Runic Capacitor":7,"Whetstone":3,"War Paint":13,"Cursed Key":15,"Akabeko":3,"White Beast Statue":10,"Du-Vu Doll":13,"Anchor":11,"Bronze Scales":3,"MealTicket":4,"Cracked Core":0,"Unceasing Top":14},{"Regal Pillow":46,"NeowsBlessing":0,"SacredBark":17,"PreservedInsect":3,"Runic Capacitor":19,"Whetstone":3,"War Paint":49,"Cursed Key":61,"Akabeko":3,"White Beast Statue":36,"Du-Vu Doll":49,"Anchor":43,"Bronze Scales":3,"MealTicket":5,"Cracked Core":0,"Unceasing Top":53}],"Unceasing Top":[15]},"card_choices":[{"not_picked":["Heatsinks","White Noise"],"picked":"Reinforced Body","floor":1.0},{"not_picked":["Redo","Coolheaded","Leap"],"picked":"SKIP","floor":2.0},{"not_picked":["Turbo","Barrage"],"picked":"Compile Driver","floor":6.0},{"not_picked":["Rebound","Stack"],"picked":"Core Surge","floor":13.0},{"not_picked":["Undo","Heatsinks","Skim"],"picked":"SKIP","floor":14.0},{"not_picked":["Meteor Strike","Reboot"],"picked":"Seek","floor":16.0},{"not_picked":["Fusion","Capacitor"],"picked":"Reinforced Body","floor":18.0},{"not_picked":["Double Energy","Rebound"],"picked":"Genetic Algorithm","floor":21.0},{"not_picked":["Streamline","Turbo+1"],"picked":"Cold Snap","floor":22.0},{"not_picked":["Beam Cell","Reinforced Body"],"picked":"Core Surge","floor":23.0},{"not_picked":["Skim","Streamline"],"picked":"Conserve Battery","floor":25.0},{"not_picked":["Turbo","Tempest"],"picked":"Double Energy","floor":27},{"not_picked":["Redo","Amplify","Tempest"],"picked":"SKIP","floor":29},{"not_picked":["Leap+1","Multi-Cast","Sweeping Beam"],"picked":"SKIP","floor":31},{"not_picked":["Thunder Strike","All For One"],"picked":"Electrodynamics","floor":33},{"not_picked":["Sweeping Beam","Storm+1","Cold Snap"],"picked":"SKIP","floor":35},{"not_picked":["Leap","Sweeping Beam"],"picked":"Go for the Eyes+1","floor":36},{"not_picked":["Barrage","Gash"],"picked":"Coolheaded","floor":37}],"player_experience":1188531,"relics_obtained":[{"floor":6.0,"key":"Akabeko"},{"floor":7.0,"key":"Bronze Scales"},{"floor":9.0,"key":"Whetstone"},{"floor":13.0,"key":"MealTicket"},{"floor":23.0,"key":"White Beast Statue"},{"floor":26.0,"key":"Anchor"},{"floor":27,"key":"Regal Pillow"},{"floor":29,"key":"Du-Vu Doll"},{"floor":31,"key":"Unceasing Top"}],"event_choices":[{"damage_healed":0.0,"max_hp_gain":0.0,"max_hp_loss":0.0,"gold_gain":72.0,"event_name":"Golden Wing","player_choice":"Gained Gold","floor":4.0,"gold_loss":0.0,"damage_taken":0.0},{"damage_healed":0.0,"max_hp_gain":0.0,"max_hp_loss":0.0,"gold_gain":0.0,"cards_transformed":["Strike_B"],"event_name":"Living Wall","player_choice":"Change","floor":5.0,"gold_loss":0.0,"damage_taken":0.0,"cards_obtained":["Tempest"]},{"damage_healed":0.0,"max_hp_gain":0.0,"max_hp_loss":0.0,"gold_gain":150.0,"event_name":"Liars Game","player_choice":"AGREE","floor":8.0,"gold_loss":0.0,"damage_taken":0.0,"cards_obtained":["Doubt"]},{"damage_healed":0.0,"max_hp_gain":0.0,"max_hp_loss":0.0,"gold_gain":0.0,"event_name":"Shining Light","player_choice":"Entered Light","floor":10.0,"gold_loss":0.0,"damage_taken":21.0,"cards_upgraded":["Strike_B","Zap"]},{"damage_healed":0.0,"max_hp_gain":0.0,"max_hp_loss":0.0,"gold_gain":0.0,"event_name":"Lab","player_choice":"Got Potions","floor":20.0,"gold_loss":0.0,"damage_taken":0.0},{"damage_healed":0,"gold_gain":0,"player_choice":"Fight","damage_taken":0,"max_hp_gain":0,"max_hp_loss":0,"event_name":"Mysterious Sphere","floor":38,"gold_loss":0}],"is_beta":false,"boss_relics":[{"not_picked":["Tiny House","Empty Cage"],"picked":"SacredBark"},{"not_picked":["Coffee Dripper","Black Star"],"picked":"Cursed Key"}],"items_purged_floors":[11],"is_endless":false,"potions_floor_spawned":[1,13,16,21,25,27,29,31,33,35,36,37],"killed_by":"2 Orb Walkers","ascension_level":20}}