{"host":"y89x8uui45kcjy42","time":1609683153,"event":{"mods":["2.2 Compatiblity","BaseMod","CapriCore","Colored Map","Colored Powertips","Custom Start","Friendly Minions","Keyboard Shortcuts","Minty Spire (QoL Compilation)","Relic Stats","Slay the Relics Exporter","StSLib","SuperFastMode"],"gold_per_floor":[112,112,112,131,151,186,196,196,249,249,249],"floor_reached":10,"playtime":212,"items_purged":[],"score":136,"play_id":"4c4fa55e-0e35-40d5-9f33-23045d640f75","local_time":"20210103231233","is_ascension_mode":true,"campfire_choices":[{"data":"Alpha","floor":8,"key":"SMITH"}],"circlet_count":0,"master_deck":["AscendersBane","Strike_P","Strike_P","Strike_P","Defend_P","Defend_P","Defend_P","Defend_P","Eruption","Vigilance","FlurryOfBlows","BattleHymn","SashWhip","Alpha+1"],"relics":["PureWater","NeowsBlessing","Pear","Bag of Preparation"],"acts_visited":["Exordium"],"potions_floor_usage":[6,6],"damage_taken":[{"damage":0,"enemies":"2 Louse","floor":1,"turns":1},{"damage":0,"enemies":"Small Slimes","floor":4,"turns":1},{"damage":0,"enemies":"Cultist","floor":5,"turns":1},{"damage":29,"enemies":"Lagavulin","floor":6,"turns":8},{"damage":13,"enemies":"Red Slaver","floor":7,"turns":4},{"damage":44,"enemies":"Gremlin Nob","floor":10,"turns":3}],"seed_played":"4966309972746136974","potions_obtained":[{"floor":4,"key":"SkillPotion"},{"floor":5,"key":"BlessingOfTheForge"}],"is_trial":false,"path_per_floor":["M","?","?","M","M","E","M","R","T","E"],"character_chosen":"WATCHER","items_purchased":[],"campfire_rested":0,"item_purchase_floors":[],"current_hp_per_floor":[61,54,54,54,54,35,22,22,22,0,0],"gold":249,"neow_bonus":"THREE_ENEMY_KILL","is_daily":false,"chose_seed":false,"campfire_upgraded":1,"win_rate":0.0,"timestamp":1609683153,"path_taken":["M","?","?","M","?","E","M","R","T","E"],"items_purchased_type":[],"build_version":"2020-12-22","purchased_purges":0,"victory":false,"max_hp_per_floor":[68,68,68,68,68,78,78,78,78,78,78],"relic_stats":{"counters":[6,18],"Bag of Preparation":[2],"obtain_stats":[{"Pear":6,"NeowsBlessing":0,"Bag of Preparation":9,"PureWater":0},{"Pear":4,"NeowsBlessing":0,"Bag of Preparation":5,"PureWater":0},{"Pear":11,"NeowsBlessing":0,"Bag of Preparation":15,"PureWater":0}]},"card_choices":[{"not_picked":["Halt","CarveReality"],"picked":"FlurryOfBlows","floor":1},{"not_picked":["Crescendo","WindmillStrike"],"picked":"BattleHymn","floor":4},{"not_picked":["Protect","EmptyBody"],"picked":"SashWhip","floor":5},{"not_picked":["CrushJoints","EmptyFist"],"picked":"Alpha","floor":6},{"not_picked":["Prostrate","Perseverance","Indignation"],"picked":"SKIP","floor":7}],"player_experience":550799,"relics_obtained":[{"floor":6,"key":"Pear"},{"floor":9,"key":"Bag of Preparation"}],"event_choices":[{"cards_removed":["Strike_P"],"damage_healed":0,"gold_gain":0,"player_choice":"Card Removal","damage_taken":7,"max_hp_gain":0,"max_hp_loss":0,"event_name":"Golden Wing","floor":2,"gold_loss":0},{"damage_healed":0,"gold_gain":0,"player_choice":"0 cards matched","damage_taken":0,"max_hp_gain":0,"max_hp_loss":0,"event_name":"Match and Keep!","floor":3,"gold_loss":0,"cards_obtained":[]}],"is_beta":false,"boss_relics":[],"items_purged_floors":[],"is_endless":false,"potions_floor_spawned":[4,5],"killed_by":"Gremlin Nob","ascension_level":20}}