{"host":"w9yruvs4bqht6bhw","time":1609635795,"event":{"mods":["BaseMod","Colored Powertips","Minty Spire (QoL Compilation)"],"gold_per_floor":[17,17,77,77,87,87,12,43,96,45,56,75,75,93,93,191,191,202,232,243,50,65,92,92,92],"floor_reached":24,"playtime":793,"items_purged":["Strike_R","Strike_R"],"score":342,"play_id":"79fc4423-54af-41c6-a6a6-9964cfed2775","local_time":"20210102200315","is_ascension_mode":true,"campfire_choices":[{"data":"Anger","floor":6,"key":"SMITH"},{"data":"Clash","floor":15,"key":"SMITH"}],"circlet_count":0,"master_deck":["Strike_R","Strike_R","Strike_R+1","Defend_R","Defend_R+1","Defend_R","Defend_R","Bash","Feed+1","Anger+1","Clash+1","Flex","Spot Weakness","Limit Break","Ghostly Armor","Warcry+1","Shrug It Off","Blind","Intimidate+1"],"relics":["Burning Blood","Question Card","Happy Flower","SlaversCollar","Red Mask","Strawberry"],"acts_visited":["Exordium","TheCity"],"potions_floor_usage":[8,16,16,18,20],"damage_taken":[{"damage":2,"enemies":"Small Slimes","floor":1,"turns":4},{"damage":4,"enemies":"Jaw Worm","floor":5,"turns":2},{"damage":14,"enemies":"Lagavulin","floor":8,"turns":5},{"damage":0,"enemies":"2 Louse","floor":11,"turns":2},{"damage":0,"enemies":"Lots of Slimes","floor":12,"turns":3},{"damage":3,"enemies":"Blue Slaver","floor":14,"turns":2},{"damage":8,"enemies":"Slime Boss","floor":16,"turns":5},{"damage":18,"enemies":"3 Byrds","floor":18,"turns":7},{"damage":28,"enemies":"Masked Bandits","floor":19,"turns":4},{"damage":22,"enemies":"2 Thieves","floor":20,"turns":4},{"damage":40,"enemies":"Chosen and Byrds","floor":22,"turns":5},{"damage":18,"enemies":"Book of Stabbing","floor":23,"turns":4},{"damage":27,"enemies":"Snecko","floor":24,"turns":5}],"seed_played":"8306530851292299261","potions_obtained":[{"floor":5,"key":"BlessingOfTheForge"},{"floor":11,"key":"Weak Potion"},{"floor":12,"key":"AttackPotion"},{"floor":14,"key":"Swift Potion"},{"floor":19,"key":"Fire Potion"}],"is_trial":false,"path_per_floor":["M","?","?","?","M","R","$","E","T","$","M","M","$","M","R","B",null,"M","?","M","$","M","E","M"],"character_chosen":"IRONCLAD","items_purchased":["Clash","Blind"],"campfire_rested":0,"item_purchase_floors":[10,21],"current_hp_per_floor":[79,79,79,62,68,68,68,64,64,64,74,84,84,91,91,93,104,96,78,66,66,32,27,0,0],"gold":92,"neow_bonus":"THREE_RARE_CARDS","is_daily":false,"chose_seed":false,"campfire_upgraded":2,"win_rate":0.0,"timestamp":1609635795,"path_taken":["M","?","?","?","M","R","$","E","T","$","M","M","?","?","R","BOSS","M","?","M","$","M","E","M"],"items_purchased_type":["Card","Card"],"build_version":"2020-12-22","purchased_purges":2,"victory":false,"max_hp_per_floor":[83,83,83,83,87,87,87,91,91,91,95,99,99,103,103,107,107,111,115,119,119,119,126,126,126],"card_choices":[{"not_picked":["Demon Form","Exhume"],"picked":"Feed","floor":0},{"not_picked":["Wild Strike","Sword Boomerang","Searing Blow"],"picked":"SKIP","floor":1},{"not_picked":["Uppercut","Warcry"],"picked":"Anger","floor":5},{"not_picked":["Perfected Strike","Carnage","Blood for Blood"],"picked":"SKIP","floor":8},{"not_picked":["Armaments","Pommel Strike","Iron Wave","True Grit"],"picked":"SKIP","floor":11},{"not_picked":["Twin Strike","Shrug It Off","Anger"],"picked":"Flex","floor":12},{"not_picked":["Pommel Strike","Havoc","Rage"],"picked":"Spot Weakness","floor":14},{"not_picked":["Corruption","Impervious","Barricade"],"picked":"Limit Break","floor":16},{"not_picked":["Shrug It Off","Twin Strike+1","Armaments+1"],"picked":"Ghostly Armor","floor":18},{"not_picked":["Iron Wave+1","Sever Soul","Cleave"],"picked":"Warcry+1","floor":19},{"not_picked":["Pommel Strike+1","Corruption","Anger"],"picked":"Shrug It Off","floor":20},{"not_picked":["True Grit","Wild Strike+1","Iron Wave","Flex"],"picked":"SKIP","floor":22},{"not_picked":["Inflame","Anger","Searing Blow+1"],"picked":"Intimidate+1","floor":23}],"player_experience":280802,"relics_obtained":[{"floor":8,"key":"Question Card"},{"floor":9,"key":"Happy Flower"},{"floor":19,"key":"Red Mask"},{"floor":23,"key":"Strawberry"}],"event_choices":[{"damage_healed":0,"gold_gain":0,"player_choice":"Grow","damage_taken":0,"max_hp_gain":0,"max_hp_loss":0,"event_name":"Living Wall","floor":2,"gold_loss":0,"cards_upgraded":["Feed"]},{"damage_healed":0,"gold_gain":60,"player_choice":"Gained Gold","damage_taken":0,"max_hp_gain":0,"max_hp_loss":0,"event_name":"Golden Wing","floor":3,"gold_loss":0},{"damage_healed":0,"gold_gain":0,"player_choice":"Entered Light","damage_taken":17,"max_hp_gain":0,"max_hp_loss":0,"event_name":"Shining Light","floor":4,"gold_loss":0,"cards_upgraded":["Defend_R","Strike_R"]},{"damage_healed":0,"gold_gain":0,"player_choice":"Fought Bandits","damage_taken":0,"max_hp_gain":0,"max_hp_loss":0,"event_name":"Masked Bandits","floor":19,"gold_loss":0}],"is_beta":false,"boss_relics":[{"not_picked":["Velvet Choker","Tiny House"],"picked":"SlaversCollar"}],"items_purged_floors":[7,21],"is_endless":false,"potions_floor_spawned":[5,11,12,14,19],"killed_by":"Snecko","ascension_level":7}}