{"host":"91blwi3hgehj6ch9","time":1609677340,"event":{"mods":["2.2 Compatiblity","AchievementEnabler","BaseMod","Colored Map","DeckTracker","Keyboard Shortcuts","Minty Spire (QoL Compilation)","Permanent Neow","Quick Restart","StSLib","SuperFastMode"],"gold_per_floor":[111,36,55,65,65,65,65,65,65,65,76,76,76,176,176,271,271,271,271,211,211,211,211],"floor_reached":22,"playtime":722,"items_purged":["Defend_G"],"score":244,"play_id":"41288f53-d34f-4b2d-be37-b270cb2dc219","local_time":"20210103213540","is_ascension_mode":true,"campfire_choices":[{"data":"Prepared","floor":6,"key":"SMITH"},{"data":"Deadly Poison","floor":12,"key":"SMITH"},{"floor":15,"key":"REST"}],"circlet_count":0,"master_deck":["Strike_G","Strike_G+1","Strike_G","Defend_G","Defend_G","Defend_G","Survivor","Neutralize","Prepared+1","Dagger Spray","Cloak And Dagger+1","Deadly Poison+1","Phantasmal Killer","Escape Plan"],"relics":["Ring of the Snake","Tiny Chest","Orichalcum","Ectoplasm","Pear"],"acts_visited":["Exordium","TheCity"],"potions_floor_usage":[16],"damage_taken":[{"damage":4,"enemies":"2 Louse","floor":1,"turns":3},{"damage":0,"enemies":"Small Slimes","floor":3,"turns":3},{"damage":2,"enemies":"Cultist","floor":4,"turns":4},{"damage":2,"enemies":"Red Slaver","floor":11,"turns":3},{"damage":26,"enemies":"Slime Boss","floor":16,"turns":10},{"damage":12,"enemies":"Spheric Guardian","floor":18,"turns":4},{"damage":17,"enemies":"2 Thieves","floor":20,"turns":4},{"damage":20,"enemies":"Centurion and Healer","floor":21,"turns":7},{"damage":21,"enemies":"Snake Plant","floor":22,"turns":2}],"seed_played":"-7619969607382263568","potions_obtained":[{"floor":1,"key":"Fire Potion"}],"is_trial":false,"path_per_floor":["M","$","M","M","?","R","$","?","T","?","M","R","$","?","R","B",null,"M","T","M","M","M"],"character_chosen":"THE_SILENT","items_purchased":[],"campfire_rested":1,"item_purchase_floors":[],"current_hp_per_floor":[41,41,41,39,36,36,36,22,22,22,20,20,20,20,41,15,56,44,54,37,17,0,0],"gold":211,"neow_bonus":"REMOVE_TWO","is_daily":false,"chose_seed":false,"campfire_upgraded":2,"win_rate":0.0,"timestamp":1609677340,"path_taken":["M","$","M","M","?","R","$","?","T","?","M","R","$","?","R","BOSS","M","?","M","?","M"],"items_purchased_type":[],"build_version":"2020-12-22","purchased_purges":1,"victory":false,"max_hp_per_floor":[70,70,70,70,70,70,70,70,70,70,70,70,70,70,70,70,70,70,80,80,80,80,80],"card_choices":[{"not_picked":["Endless Agony","Bane"],"picked":"Prepared","floor":1},{"not_picked":["Sucker Punch","Flying Knee"],"picked":"Dagger Spray","floor":3},{"not_picked":["Acrobatics","Escape Plan"],"picked":"Cloak And Dagger","floor":4},{"not_picked":["Slice","Corpse Explosion"],"picked":"Deadly Poison","floor":11},{"not_picked":["Doppelganger","Wraith Form v2"],"picked":"Phantasmal Killer","floor":16},{"not_picked":["Outmaneuver","Noxious Fumes"],"picked":"Escape Plan","floor":18},{"not_picked":["Crippling Poison+1","Sucker Punch","Deadly Poison"],"picked":"SKIP","floor":20},{"not_picked":["Dash","Noxious Fumes+1","Quick Slash"],"picked":"SKIP","floor":21}],"player_experience":129784,"relics_obtained":[{"floor":9,"key":"Orichalcum"},{"floor":19,"key":"Pear"}],"event_choices":[{"damage_healed":0,"gold_gain":0,"player_choice":"Success","damage_taken":3,"relics_obtained":["Tiny Chest"],"max_hp_gain":0,"max_hp_loss":0,"event_name":"Scrap Ooze","floor":5,"gold_loss":0},{"damage_healed":0,"gold_gain":0,"player_choice":"Entered Light","damage_taken":14,"max_hp_gain":0,"max_hp_loss":0,"event_name":"Shining Light","floor":8,"gold_loss":0,"cards_upgraded":["Cloak And Dagger","Strike_G"]},{"cards_removed":["Strike_G"],"damage_healed":0,"gold_gain":0,"player_choice":"Forget","damage_taken":0,"max_hp_gain":0,"max_hp_loss":0,"event_name":"Living Wall","floor":10,"gold_loss":0},{"damage_healed":0,"gold_gain":100,"player_choice":"Pray","damage_taken":0,"max_hp_gain":0,"max_hp_loss":0,"event_name":"Golden Shrine","floor":14,"gold_loss":0}],"is_beta":false,"boss_relics":[{"not_picked":["Snecko Eye","Pandora\u0027s Box"],"picked":"Ectoplasm"}],"items_purged_floors":[2],"is_endless":false,"potions_floor_spawned":[1],"killed_by":"Snake Plant","ascension_level":8}}