{"host":"4np54w3ai1r5lqo1","time":1609703922,"event":{"mods":["BaseMod","Colored Map","Minty Spire (QoL Compilation)","Quick Restart"],"gold_per_floor":[112,112,125,136,29,29,47,67,92,121,121,156,169,179,179,282,282,299,299,317,13,24,58,58,87,113,36,56,56,66,79,79,178,178,193,193,212,261,108,135,155,155,155,155,155,155,174,194,194,194,194,194,13,38,38,38],"floor_reached":55,"playtime":2383,"items_purged":["Strike_R","Strike_R"],"score":911,"play_id":"e98442f0-b769-4791-9792-5c885d88b495","local_time":"20210103175842","is_ascension_mode":true,"campfire_choices":[{"data":"Immolate","floor":6.0,"key":"SMITH"},{"data":"Feel No Pain","floor":15.0,"key":"SMITH"},{"data":"Burning Pact","floor":24.0,"key":"SMITH"},{"data":"Burning Pact","floor":29.0,"key":"SMITH"},{"data":"Whirlwind","floor":32.0,"key":"SMITH"},{"floor":42.0,"key":"REST"},{"data":"Limit Break","floor":46.0,"key":"SMITH"},{"floor":49.0,"key":"RECALL"},{"data":"Burning Pact","floor":52.0,"key":"SMITH"}],"circlet_count":0,"master_deck":["Strike_R","Strike_R","Defend_R","Defend_R","Defend_R","Defend_R+1","Immolate+1","Shockwave","Thunderclap","Ghostly Armor+1","Feel No Pain+1","Battle Trance","Burning Pact+1","Burning Pact+1","Sword Boomerang","Whirlwind+1","Shockwave","Reaper","Disarm","Disarm","Fire Breathing+1","Rage","Burning Pact+1","Shrug It Off+1","Spot Weakness","Metallicize+1","Ghostly Armor+1","Headbutt+1","Limit Break+1","Dropkick+1","Pommel Strike+1","Inflame+1","Dark Embrace+1"],"relics":["Burning Blood","War Paint","Frozen Egg 2","Red Skull","Mark of Pain","NlothsMask","DollysMirror","Omamori","Self Forming Clay","Busted Crown","Turnip","Charon\u0027s Ashes","Bottled Tornado","Bottled Flame"],"acts_visited":["Exordium","TheCity","TheBeyond","TheEnding"],"potions_floor_usage":[54],"damage_taken":[{"damage":2.0,"enemies":"Jaw Worm","floor":1.0,"turns":3.0},{"damage":1.0,"enemies":"Cultist","floor":3.0,"turns":3.0},{"damage":5.0,"enemies":"2 Louse","floor":4.0,"turns":2.0},{"damage":7.0,"enemies":"Looter","floor":7.0,"turns":3.0},{"damage":9.0,"enemies":"3 Louse","floor":8.0,"turns":2.0},{"damage":7.0,"enemies":"3 Sentries","floor":10.0,"turns":2.0},{"damage":28.0,"enemies":"Gremlin Nob","floor":12.0,"turns":5.0},{"damage":0.0,"enemies":"Exordium Wildlife","floor":13.0,"turns":1.0},{"damage":6.0,"enemies":"Lots of Slimes","floor":14.0,"turns":2.0},{"damage":13.0,"enemies":"Hexaghost","floor":16.0,"turns":9.0},{"damage":9.0,"enemies":"3 Byrds","floor":18.0,"turns":3.0},{"damage":12.0,"enemies":"Chosen","floor":20.0,"turns":6.0},{"damage":11.0,"enemies":"Centurion and Healer","floor":22.0,"turns":5.0},{"damage":24.0,"enemies":"Book of Stabbing","floor":23.0,"turns":6.0},{"damage":17.0,"enemies":"Gremlin Leader","floor":25.0,"turns":7.0},{"damage":16.0,"enemies":"3 Cultists","floor":28.0,"turns":4.0},{"damage":15.0,"enemies":"Shelled Parasite and Fungi","floor":30.0,"turns":6.0},{"damage":6.0,"enemies":"Snake Plant","floor":31.0,"turns":5.0},{"damage":34.0,"enemies":"Collector","floor":33.0,"turns":12.0},{"damage":15.0,"enemies":"3 Darklings","floor":35.0,"turns":4.0},{"damage":10.0,"enemies":"3 Shapes","floor":37.0,"turns":5.0},{"damage":32.0,"enemies":"2 Orb Walkers","floor":38.0,"turns":5.0},{"damage":58.0,"enemies":"Giant Head","floor":40.0,"turns":9.0},{"damage":10.0,"enemies":"Spire Growth","floor":41.0,"turns":6.0},{"damage":23.0,"enemies":"Transient","floor":47.0,"turns":5.0},{"damage":4.0,"enemies":"Sphere and 2 Shapes","floor":48.0,"turns":3.0},{"damage":53.0,"enemies":"Awakened One","floor":50.0,"turns":11.0},{"damage":46,"enemies":"Shield and Spear","floor":54,"turns":6},{"damage":54,"enemies":"The Heart","floor":55,"turns":2}],"seed_played":"-7843574703659240246","potions_obtained":[{"floor":1.0,"key":"ElixirPotion"},{"floor":8.0,"key":"AttackPotion"},{"floor":10.0,"key":"EntropicBrew"},{"floor":14.0,"key":"SkillPotion"},{"floor":18.0,"key":"BloodPotion"},{"floor":25.0,"key":"BloodPotion"},{"floor":28.0,"key":"DistilledChaos"},{"floor":30.0,"key":"DuplicationPotion"},{"floor":35.0,"key":"Ancient Potion"},{"floor":37.0,"key":"ColorlessPotion"},{"floor":38.0,"key":"BlessingOfTheForge"},{"floor":47.0,"key":"GamblersBrew"}],"is_trial":false,"path_per_floor":["M","?","M","M","$","R","M","M","T","E","T","E","M","M","R","B",null,"M","?","M","$","M","E","R","E","T","$","M","R","M","M","R","B",null,"M","?","M","?","$","E","M","R","T","?","?","R","M","M","R","B",null,"R","$","E","B"],"character_chosen":"IRONCLAD","items_purchased":["Feel No Pain","Battle Trance","Fire Breathing+1","Rage","DollysMirror","Metallicize+1","Inflame+1","Dark Embrace+1"],"campfire_rested":1,"item_purchase_floors":[5,5,21,21,21,27,39,53],"current_hp_per_floor":[55,55,60,61,61,61,60,57,57,56,56,34,40,40,40,33,68,77,77,77,77,75,73,73,76,76,76,70,70,61,65,65,70,78,69,80,79,53,53,17,23,47,47,47,47,47,49,59,59,35,69,69,69,29,0,0],"gold":38,"neow_bonus":"THREE_RARE_CARDS","is_daily":false,"chose_seed":false,"campfire_upgraded":7,"win_rate":0.0,"timestamp":1609703922,"path_taken":["M","?","?","M","$","R","M","M","T","E","?","E","?","M","R","BOSS","M","?","M","$","M","E","R","E","T","$","M","R","M","M","R","BOSS","M","?","M","?","$","E","M","R","T","?","?","R","?","M","R","BOSS","R","$","E","BOSS"],"items_purchased_type":["Card","Card","Card","Card","Relic","Card","Card","Card"],"build_version":"2020-12-22","purchased_purges":2,"victory":false,"max_hp_per_floor":[80,80,80,80,80,80,80,80,80,80,80,80,80,80,80,80,80,80,80,80,80,80,80,80,80,80,80,80,80,80,80,80,80,80,80,80,80,80,80,80,80,80,80,80,80,80,80,80,80,80,80,80,80,80,80,80],"card_choices":[{"not_picked":["Barricade","Impervious"],"picked":"Immolate","floor":0.0},{"not_picked":["Sentinel","Heavy Blade"],"picked":"Shockwave","floor":1.0},{"not_picked":["Feel No Pain","Clash"],"picked":"Thunderclap","floor":3.0},{"not_picked":["Wild Strike","Perfected Strike"],"picked":"Ghostly Armor","floor":4.0},{"not_picked":["Headbutt","Heavy Blade"],"picked":"Burning Pact","floor":7.0},{"not_picked":["Sword Boomerang","Clothesline","Bludgeon"],"picked":"SKIP","floor":8.0},{"not_picked":["Seeing Red","Dark Embrace"],"picked":"Burning Pact","floor":10.0},{"not_picked":["Flex","Entrench"],"picked":"Sword Boomerang","floor":12.0},{"not_picked":["Sword Boomerang","Perfected Strike"],"picked":"Whirlwind","floor":13.0},{"not_picked":["Pummel","Rupture+1","Shockwave"],"picked":"SKIP","floor":14.0},{"not_picked":["Pummel","Rupture+1"],"picked":"Shockwave","floor":14.0},{"not_picked":["Bludgeon","Immolate"],"picked":"Reaper","floor":16.0},{"not_picked":["Clothesline","Armaments"],"picked":"Disarm","floor":18.0},{"not_picked":["Shockwave","Twin Strike+1"],"picked":"Disarm","floor":20.0},{"not_picked":["Flex","Armaments"],"picked":"Shrug It Off+1","floor":22.0},{"not_picked":["Iron Wave","Rampage+1","Sword Boomerang"],"picked":"SKIP","floor":23.0},{"not_picked":["Rage","Second Wind"],"picked":"Spot Weakness","floor":25.0},{"not_picked":["Berserk+1","Spot Weakness+1"],"picked":"Ghostly Armor+1","floor":28.0},{"not_picked":["Sever Soul","Cleave","Anger+1"],"picked":"SKIP","floor":30.0},{"not_picked":["Ghostly Armor","Blood for Blood"],"picked":"Headbutt+1","floor":31.0},{"not_picked":["Brutality+1","Corruption+1"],"picked":"Limit Break","floor":33.0},{"not_picked":[],"picked":"Dropkick+1","floor":35.0},{"not_picked":["Iron Wave+1"],"picked":"SKIP","floor":37.0},{"not_picked":[],"picked":"Pommel Strike+1","floor":38.0},{"not_picked":["Pommel Strike"],"picked":"SKIP","floor":40.0},{"not_picked":["Dropkick"],"picked":"SKIP","floor":41.0},{"not_picked":["Infernal Blade"],"picked":"SKIP","floor":47.0},{"not_picked":["Carnage"],"picked":"SKIP","floor":48.0},{"not_picked":["Carnage"],"picked":"SKIP","floor":54}],"player_experience":471221,"relics_obtained":[{"floor":10.0,"key":"War Paint"},{"floor":11.0,"key":"Frozen Egg 2"},{"floor":12.0,"key":"Red Skull"},{"floor":23.0,"key":"Omamori"},{"floor":25.0,"key":"Self Forming Clay"},{"floor":38.0,"key":"Turnip"},{"floor":40.0,"key":"Charon\u0027s Ashes"},{"floor":43.0,"key":"Bottled Tornado"},{"floor":54,"key":"Bottled Flame"}],"event_choices":[{"cards_removed":["Strike_R"],"damage_healed":0.0,"max_hp_gain":0.0,"max_hp_loss":0.0,"gold_gain":0.0,"event_name":"Bonfire Elementals","player_choice":"Offered Basic","floor":2.0,"gold_loss":0.0,"damage_taken":0.0},{"damage_healed":0.0,"max_hp_gain":0.0,"max_hp_loss":0.0,"gold_gain":0.0,"event_name":"FaceTrader","player_choice":"Trade","floor":19.0,"gold_loss":0.0,"damage_taken":0.0,"relics_obtained":["NlothsMask"]},{"damage_healed":20.0,"max_hp_gain":0.0,"max_hp_loss":0.0,"gold_gain":0.0,"event_name":"Winding Halls","player_choice":"Writhe","floor":36.0,"gold_loss":0.0,"damage_taken":0.0,"cards_obtained":["Writhe"]},{"damage_healed":0.0,"max_hp_gain":0.0,"max_hp_loss":0.0,"gold_gain":0.0,"event_name":"Mysterious Sphere","player_choice":"Fight","floor":38.0,"gold_loss":0.0,"damage_taken":0.0},{"cards_removed":["Bash"],"damage_healed":0.0,"max_hp_gain":0.0,"max_hp_loss":0.0,"gold_gain":0.0,"event_name":"Falling","player_choice":"Removed Attack","floor":44.0,"gold_loss":0.0,"damage_taken":0.0},{"damage_healed":0.0,"max_hp_gain":0.0,"max_hp_loss":0.0,"gold_gain":0.0,"event_name":"SensoryStone","player_choice":"Memory 1","floor":45.0,"gold_loss":0.0,"damage_taken":0.0}],"is_beta":false,"boss_relics":[{"not_picked":["Runic Dome","SacredBark"],"picked":"Mark of Pain"},{"not_picked":["Black Star","Empty Cage"],"picked":"Busted Crown"}],"items_purged_floors":[39,53],"is_endless":false,"potions_floor_spawned":[1,8,10,14,18,25,28,30,35,37,38,47],"killed_by":"The Heart","ascension_level":6}}