{"host":"csp9nt53rootlkah","time":1609667619,"event":{"mods":["Act Like it!","BaseMod","Colored Powertips","Friendly Minions","Gensokyo","Highlight Path","Minty Spire (QoL Compilation)","Quick Restart","Replay The Spire","Robot Space Explorer","StSLib","TestMod","The Factory","The Jungle","UnlockEverythingMod","【遗物卡牌】REMEMod"],"gold_per_floor":[112,128,128,142,217,252,252,285,285,285,15,15,33,47,47,148,148,158,6,25,25,25,25,53,53,53,53,107,124,74,89,101,117,117,215,215,231,281,281,281,298,324,337,337,337,337,337,355,254,287,287,0,0,0],"floor_reached":55,"playtime":2480,"items_purged":["Regret","RobotSpaceExplorer:Defend","RobotSpaceExplorer:Defend"],"score":782,"play_id":"9383b3c5-775c-4e77-8731-9a3f1fc8e9dd","local_time":"20210103175339","is_ascension_mode":false,"campfire_choices":[{"data":"RobotSpaceExplorer:ShockMissile","floor":7.0,"key":"SMITH"},{"data":"RobotSpaceExplorer:PlasmaMissile","floor":10.0,"key":"SMITH"},{"data":"RobotSpaceExplorer:Scan","floor":12.0,"key":"SMITH"},{"data":"RobotSpaceExplorer:Autoloader","floor":23.0,"key":"SMITH"},{"data":"RobotSpaceExplorer:MiniLasers","floor":25.0,"key":"SMITH"},{"floor":34.0,"key":"RECALL"},{"data":"RobotSpaceExplorer:Strike","floor":44,"key":"SMITH"},{"data":"RobotSpaceExplorer:StarLightning","floor":53,"key":"SMITH"}],"circlet_count":0,"master_deck":["RobotSpaceExplorer:Strike","RobotSpaceExplorer:Strike","RobotSpaceExplorer:Strike","RobotSpaceExplorer:Defend","RobotSpaceExplorer:Defend","RobotSpaceExplorer:Scan+1","RobotSpaceExplorer:ShockMissile+1","RobotSpaceExplorer:PlasmaMissile+1","testmod-EternalityOfKhronos+1","RobotSpaceExplorer:Pulsar+1","RobotSpaceExplorer:IronShell+1","RobotSpaceExplorer:Autoloader+1","RobotSpaceExplorer:Pulsar+1","RobotSpaceExplorer:Ammunition+1","RobotSpaceExplorer:BlastShield+1","RobotSpaceExplorer:Autoloader+1","RobotSpaceExplorer:StarLightning+1","RobotSpaceExplorer:Reload+1"],"relics":["RobotSpaceExplorer:RoboCore","testmod-TestBox","REME_ComplimentaryCards","testmod-RealStoneCalender","NeowsBlessing","Toxic Egg 2","testmod-Déjàvu","Onion Ring","testmod-FatalChain","Velvet Choker","Membership Card","Replay:WaspNest","Anchor","testmod-AssaultLearning","testmod-StringDisintegrator","Simple Rune","Replay:Baseball","Pantograph","Pear","Red Mask"],"acts_visited":["Exordium","TheCity","TheBeyond"],"potions_floor_usage":[38],"damage_taken":[{"damage":0.0,"enemies":"Jaw Worm","floor":1.0,"turns":1.0},{"damage":0.0,"enemies":"2 Louse","floor":2.0,"turns":1.0},{"damage":0.0,"enemies":"Cultist","floor":4.0,"turns":1.0},{"damage":32.0,"enemies":"Gremlin Nob","floor":6.0,"turns":4.0},{"damage":20.0,"enemies":"3 Sentries","floor":8.0,"turns":5.0},{"damage":0.0,"enemies":"Blue Slaver","floor":13.0,"turns":3.0},{"damage":0.0,"enemies":"Exordium Thugs","floor":14.0,"turns":3.0},{"damage":1.0,"enemies":"Hexaghost","floor":16.0,"turns":7.0},{"damage":10.0,"enemies":"3 Byrds","floor":18.0,"turns":4.0},{"damage":0.0,"enemies":"Chosen","floor":20.0,"turns":4.0},{"damage":11.0,"enemies":"Book of Stabbing","floor":24.0,"turns":5.0},{"damage":4.0,"enemies":"Shelled Parasite and Fungi","floor":29.0,"turns":4.0},{"damage":0.0,"enemies":"Centurion and Healer","floor":31.0,"turns":5.0},{"damage":0.0,"enemies":"Sentry and Sphere","floor":32.0,"turns":5.0},{"damage":0.0,"enemies":"Chosen and Byrds","floor":33.0,"turns":4.0},{"damage":6.0,"enemies":"Automaton","floor":35.0,"turns":7.0},{"damage":0,"enemies":"3 Shapes","floor":37,"turns":3},{"damage":0,"enemies":"3 Darklings","floor":38,"turns":3},{"damage":16,"enemies":"Spire Growth","floor":41,"turns":5},{"damage":0,"enemies":"Giant Head","floor":42,"turns":9},{"damage":0,"enemies":"Transient","floor":43,"turns":8},{"damage":5,"enemies":"4 Shapes","floor":48,"turns":4},{"damage":6,"enemies":"R_Hoarder","floor":50,"turns":6},{"damage":15,"enemies":"Time Eater","floor":54,"turns":9}],"seed_played":"-3424363335250887194","potions_obtained":[{"floor":2.0,"key":"RobotSpaceExplorer:LiquidFusion"},{"floor":6.0,"key":"Energy Potion"},{"floor":13.0,"key":"SneckoOil"},{"floor":14.0,"key":"AttackPotion"},{"floor":24.0,"key":"Swift Potion"},{"floor":37,"key":"REME_GoldPotion"},{"floor":41,"key":"REME_GoldPotion"}],"is_trial":false,"path_per_floor":["M","M","?","M","?","E","R","E","T","R","$","R","M","M","R","B",null,"M","$","M","?","T","R","E","R","PTL","PTL","T","M","$","M","M","M","R","B",null,"M","M","?","?","M","E","M","R","PTL","PTL","T","M","$","E","?","?","R","B",null],"character_chosen":"RobotSpaceExplorer","items_purchased":["testmod-EternalityOfKhronos+1","Membership Card","RobotSpaceExplorer:StarLightning"],"campfire_rested":0,"item_purchase_floors":[11,19,49],"current_hp_per_floor":[75,75,75,75,64,32,32,12,12,12,12,12,12,12,34,33,75,65,65,65,65,65,65,54,54,54,54,54,50,50,50,50,50,50,44,75,75,75,75,75,59,59,59,59,59,59,59,54,54,58,58,58,58,68],"gold":0,"neow_bonus":"THREE_ENEMY_KILL","is_daily":false,"chose_seed":false,"campfire_upgraded":7,"win_rate":0.0,"timestamp":1609667619,"path_taken":["M","M","?","M","?","E","R","E","T","R","?","R","?","M","R","BOSS","M","$","M","?","?","R","E","R","PTL","PTL","T","M","$","M","M","M","R","BOSS","M","M","?","?","?","E","M","R","PTL","PTL","T","M","$","E","?","?","R","BOSS"],"items_purchased_type":["Card","Relic","Card"],"build_version":"2020-12-22","purchased_purges":3,"victory":true,"max_hp_per_floor":[75,75,75,75,75,75,75,75,75,75,75,75,75,75,75,75,75,75,75,75,75,75,75,75,75,75,75,75,75,75,75,75,75,75,75,75,75,75,75,75,75,75,75,75,75,75,75,75,75,85,85,85,85,85],"card_choices":[{"not_picked":["RobotSpaceExplorer:ShockKick","RobotSpaceExplorer:ImprovisedAttack","RobotSpaceExplorer:SlimeMissile"],"picked":"SKIP","floor":1.0},{"not_picked":["RobotSpaceExplorer:Blitz","RobotSpaceExplorer:SurgingShield"],"picked":"RobotSpaceExplorer:PlasmaMissile","floor":2.0},{"not_picked":["RobotSpaceExplorer:Counterblock+1","RobotSpaceExplorer:LuckyStrike","RobotSpaceExplorer:SlimeMissile"],"picked":"SKIP","floor":4.0},{"not_picked":["RobotSpaceExplorer:PowerCollector","RobotSpaceExplorer:LaserBurst","RobotSpaceExplorer:ScrapToss"],"picked":"SKIP","floor":6.0},{"not_picked":["RobotSpaceExplorer:ScrapMissile","RobotSpaceExplorer:Counterblock+1","RobotSpaceExplorer:PowerGlove"],"picked":"SKIP","floor":8.0},{"not_picked":["RobotSpaceExplorer:RigExplosive+1","RobotSpaceExplorer:MetalStrike"],"picked":"RobotSpaceExplorer:Pulsar+1","floor":13.0},{"not_picked":["RobotSpaceExplorer:RigExplosive+1","RobotSpaceExplorer:Pulsar+1"],"picked":"RobotSpaceExplorer:IronShell+1","floor":14.0},{"not_picked":["RobotSpaceExplorer:Scanner","RobotSpaceExplorer:ChargingLaser"],"picked":"RobotSpaceExplorer:Autoloader","floor":16.0},{"not_picked":["RobotSpaceExplorer:Counterblock+1","RobotSpaceExplorer:ImprovisedAttack"],"picked":"RobotSpaceExplorer:Pulsar+1","floor":18.0},{"not_picked":["RobotSpaceExplorer:LaserBurst","RobotSpaceExplorer:Electropulse","RobotSpaceExplorer:ScrapShield+1"],"picked":"SKIP","floor":20.0},{"not_picked":["RobotSpaceExplorer:SwiftStep+1","RobotSpaceExplorer:SurgingShield+1"],"picked":"RobotSpaceExplorer:Ammunition+1","floor":24.0},{"not_picked":["RobotSpaceExplorer:LaserBurst","RobotSpaceExplorer:MakeshiftVolley","RobotSpaceExplorer:Probe"],"picked":"SKIP","floor":29.0},{"not_picked":["RobotSpaceExplorer:Electropulse+1","RobotSpaceExplorer:Pulsar+1","RobotSpaceExplorer:GlueShot+1"],"picked":"SKIP","floor":31.0},{"not_picked":["RobotSpaceExplorer:Ammunition+1","RobotSpaceExplorer:ImprovisedAttack","RobotSpaceExplorer:ShockKick"],"picked":"SKIP","floor":32.0},{"not_picked":["RobotSpaceExplorer:SelfCleaning+1","RobotSpaceExplorer:JunkDive+1","RobotSpaceExplorer:Counterblock+1"],"picked":"SKIP","floor":33.0},{"not_picked":["RobotSpaceExplorer:SelfCleaning+1","RobotSpaceExplorer:JunkDive+1","RobotSpaceExplorer:Counterblock+1"],"picked":"SKIP","floor":33.0},{"not_picked":["RobotSpaceExplorer:Blaster","RobotSpaceExplorer:HighVoltage"],"picked":"RobotSpaceExplorer:BlastShield+1","floor":35.0},{"not_picked":["RobotSpaceExplorer:MiniDrones","RobotSpaceExplorer:SurgingShield+1","RobotSpaceExplorer:RigExplosive+1"],"picked":"SKIP","floor":37},{"not_picked":["RobotSpaceExplorer:TurboDodge+1","RobotSpaceExplorer:ScrapShield+1","RobotSpaceExplorer:ShovelStrike+1"],"picked":"SKIP","floor":38},{"not_picked":["RobotSpaceExplorer:Counterblock+1","RobotSpaceExplorer:SwiftStep+1","RobotSpaceExplorer:GlueSpray+1"],"picked":"SKIP","floor":41},{"not_picked":["RobotSpaceExplorer:MiniDrones","RobotSpaceExplorer:Jetpack+1","RobotSpaceExplorer:SurgingStrike+1"],"picked":"SKIP","floor":42},{"not_picked":["RobotSpaceExplorer:ScrapMissile","RobotSpaceExplorer:Electroshield+1","RobotSpaceExplorer:ImprovisedAttack"],"picked":"SKIP","floor":43},{"not_picked":["RobotSpaceExplorer:SlimeMissile+1","RobotSpaceExplorer:SwiftStep+1"],"picked":"RobotSpaceExplorer:Exploration+1","floor":48},{"not_picked":["RobotSpaceExplorer:Pulsar+1","RobotSpaceExplorer:Electroshield+1"],"picked":"RobotSpaceExplorer:Reload+1","floor":50}],"player_experience":116689,"relics_obtained":[{"floor":6.0,"key":"testmod-Déjàvu"},{"floor":8.0,"key":"Onion Ring"},{"floor":9.0,"key":"testmod-FatalChain"},{"floor":22.0,"key":"Replay:WaspNest"},{"floor":24.0,"key":"Anchor"},{"floor":28.0,"key":"testmod-AssaultLearning"},{"floor":42,"key":"Simple Rune"},{"floor":47,"key":"Replay:Baseball"},{"floor":50,"key":"Pantograph"},{"floor":50,"key":"Pear"}],"event_choices":[{"damage_healed":0.0,"max_hp_gain":0.0,"max_hp_loss":0.0,"gold_gain":0.0,"event_name":"Big Fish","player_choice":"Box","floor":3.0,"gold_loss":0.0,"damage_taken":0.0,"relics_obtained":["Toxic Egg 2"],"cards_obtained":["Regret"]},{"damage_healed":0.0,"max_hp_gain":0.0,"max_hp_loss":0.0,"gold_gain":75.0,"event_name":"World of Goop","player_choice":"Gather Gold","floor":5.0,"gold_loss":0.0,"damage_taken":11.0},{"cards_removed":["RobotSpaceExplorer:Strike"],"damage_healed":0.0,"max_hp_gain":0.0,"max_hp_loss":0.0,"gold_gain":0.0,"event_name":"Back to Basics","player_choice":"Elegance","floor":21.0,"gold_loss":0.0,"damage_taken":0.0},{"cards_removed":["RobotSpaceExplorer:MiniLasers"],"damage_healed":0,"gold_gain":0,"player_choice":"Removed Attack","damage_taken":0,"max_hp_gain":0,"max_hp_loss":0,"event_name":"Falling","floor":39,"gold_loss":0},{"damage_healed":0,"gold_gain":0,"player_choice":"Copied","damage_taken":0,"max_hp_gain":0,"max_hp_loss":0,"event_name":"Duplicator","floor":40,"gold_loss":0,"cards_obtained":["RobotSpaceExplorer:Autoloader"]},{"damage_healed":0,"gold_gain":0,"player_choice":"Ignored","damage_taken":0,"max_hp_gain":0,"max_hp_loss":0,"event_name":"给自己的盒子","floor":51,"gold_loss":0},{"damage_healed":0,"gold_gain":0,"player_choice":"Paid","damage_taken":0,"relics_obtained":["Red Mask"],"max_hp_gain":0,"max_hp_loss":0,"event_name":"Tomb of Lord Red Mask","floor":52,"gold_loss":287}],"is_beta":false,"boss_relics":[{"not_picked":["REME_DemonsWealth","REME_DuelDisc"],"picked":"Velvet Choker"},{"not_picked":["Abe\u0027s Treasure","Calling Bell"],"picked":"testmod-StringDisintegrator"}],"items_purged_floors":[11,30,49],"is_endless":false,"potions_floor_spawned":[2,6,13,14,24,32,37,41,43,50],"ascension_level":0}}