{"host":"tb138zs7vhci6g1j","time":1609642442,"event":{"mods":["2.2 Compatiblity","Aspiration","BaseMod","Better Note","Friendly Minions","Minty Spire (QoL Compilation)","RNG Fix","Rare Cards Sparkle","StSLib","The Marked"],"gold_per_floor":[364,379,390,465,640,671,671,690,715,715,715,747,761,779,779,880,880,897,897,897,897,949,949,979,979,979,979,1013,1023,1058,1076,1076,1076,1076],"floor_reached":33,"playtime":1397,"items_purged":[],"score":439,"play_id":"17a7580c-ed9d-4162-95e6-8c5a5c1f9d83","local_time":"20210103045402","is_ascension_mode":true,"campfire_choices":[{"data":"theMarked:StartUp","floor":7,"key":"SMITH"},{"data":"theMarked:SoldierOfQuellstein","floor":10,"key":"SMITH"},{"floor":15,"key":"REST"},{"data":"theMarked:DispelDoubt","floor":23,"key":"SMITH"},{"floor":25,"key":"REST"},{"data":"theMarked:TunnelVision","floor":27,"key":"SMITH"},{"floor":32,"key":"REST"}],"circlet_count":0,"master_deck":["theMarked:Strike","theMarked:Strike","theMarked:Strike","theMarked:Strike","theMarked:Strike","theMarked:Defend","theMarked:Defend","theMarked:Defend","theMarked:Defend","theMarked:SoldierOfQuellstein+1","theMarked:StartUp+1","theMarked:TakeCover","theMarked:Panic","Doubt","theMarked:CreepingChasm","theMarked:TunnelVision+1","theMarked:HeightenedSenses","theMarked:DispelDoubt+1","theMarked:Levitate","theMarked:RepellingDischarge+1","theMarked:ElementalBlade+1","theMarked:TwofoldDefense","theMarked:Indomitable"],"relics":["theMarked:ArtifactOfAir","Dream Catcher","Pen Nib","MealTicket","Bag of Marbles","Philosopher\u0027s Stone","Omamori","aspiration:DSix","Dead Branch","Nunchaku","Ancient Tea Set"],"acts_visited":["Exordium","TheCity"],"potions_floor_usage":[6,16,18,19,28,28,28,28,29,30,30,33],"damage_taken":[{"damage":2,"enemies":"Jaw Worm","floor":1,"turns":3},{"damage":0,"enemies":"2 Louse","floor":2,"turns":2},{"damage":0,"enemies":"Cultist","floor":3,"turns":3},{"damage":8,"enemies":"3 Sentries","floor":6,"turns":3},{"damage":0,"enemies":"Large Slime","floor":8,"turns":6},{"damage":12,"enemies":"Lagavulin","floor":12,"turns":6},{"damage":3,"enemies":"Blue Slaver","floor":13,"turns":3},{"damage":0,"enemies":"2 Fungi Beasts","floor":14,"turns":2},{"damage":8,"enemies":"The Guardian","floor":16,"turns":10},{"damage":0,"enemies":"3 Byrds","floor":18,"turns":4},{"damage":34,"enemies":"Book of Stabbing","floor":24,"turns":6},{"damage":0,"enemies":"Gremlin Leader","floor":28,"turns":3},{"damage":8,"enemies":"Shell Parasite","floor":29,"turns":3},{"damage":2,"enemies":"Book of Stabbing","floor":30,"turns":3},{"damage":19,"enemies":"Centurion and Healer","floor":31,"turns":6},{"damage":48,"enemies":"Champ","floor":33,"turns":7}],"seed_played":"-6587737475539622621","potions_obtained":[{"floor":1,"key":"ColorlessPotion"},{"floor":12,"key":"Strength Potion"},{"floor":13,"key":"PowerPotion"},{"floor":14,"key":"Fire Potion"},{"floor":18,"key":"BlessingOfTheForge"},{"floor":19,"key":"Fruit Juice"},{"floor":19,"key":"EntropicBrew"},{"floor":19,"key":"ColorlessPotion"},{"floor":29,"key":"Fruit Juice"},{"floor":31,"key":"LiquidBronze"}],"is_trial":false,"path_per_floor":["M","M","M","?","?","E","R","M","T","R","?","E","M","M","R","B",null,"M","?","?","?","T","R","E","R","T","R","E","M","E","M","R","B"],"character_chosen":"THE_DEFAULT","items_purchased":[],"campfire_rested":3,"item_purchase_floors":[],"current_hp_per_floor":[61,61,61,50,50,42,42,42,42,42,30,18,15,15,33,25,54,54,59,59,53,53,53,19,39,39,39,39,36,34,15,36,0,0],"gold":1076,"neow_bonus":"TWO_FIFTY_GOLD","is_daily":false,"chose_seed":false,"campfire_upgraded":4,"win_rate":0.0,"timestamp":1609642442,"path_taken":["M","?","?","?","?","E","R","M","T","R","?","E","M","M","R","BOSS","M","?","?","?","?","R","E","R","T","R","E","M","E","?","R","BOSS"],"items_purchased_type":[],"build_version":"2020-12-22","purchased_purges":0,"victory":false,"max_hp_per_floor":[63,63,63,63,63,63,63,63,63,63,63,63,63,63,63,63,63,63,68,68,68,68,68,68,68,68,68,68,73,73,73,73,73,73],"card_choices":[{"not_picked":["theMarked:Indomitable","theMarked:ChainLightning"],"picked":"theMarked:StartUp","floor":1},{"not_picked":["theMarked:Standoff","theMarked:GodGivenPower"],"picked":"theMarked:TakeCover","floor":2},{"not_picked":["theMarked:PowerFlow","theMarked:BanishingWave"],"picked":"theMarked:Panic","floor":3},{"not_picked":["theMarked:MysticalArsenal","theMarked:BanishingStrike"],"picked":"theMarked:CreepingChasm","floor":6},{"not_picked":["theMarked:CreepingChasm","theMarked:Static","theMarked:Frustration"],"picked":"SKIP","floor":8},{"not_picked":["theMarked:MaelstromOfLightning","theMarked:WardOff","theMarked:Parry"],"picked":"SKIP","floor":12},{"not_picked":["theMarked:Parry","theMarked:Polarize"],"picked":"theMarked:TunnelVision","floor":13},{"not_picked":["theMarked:RogueSparks","theMarked:Parkour"],"picked":"theMarked:HeightenedSenses","floor":14},{"not_picked":["theMarked:ChainLightning","theMarked:WastefulDefense"],"picked":"theMarked:DispelDoubt","floor":15},{"not_picked":["theMarked:UnarmedFury","theMarked:Snap"],"picked":"theMarked:Levitate","floor":16},{"not_picked":["theMarked:WastefulAttack","theMarked:Convert"],"picked":"theMarked:RepellingDischarge+1","floor":18},{"not_picked":["theMarked:WastefulDefense","theMarked:Indomitable"],"picked":"theMarked:ElementalBlade+1","floor":24},{"not_picked":["theMarked:HeritageOfTheMarked+1","theMarked:BanishingStrike","theMarked:Static"],"picked":"SKIP","floor":28},{"not_picked":["theMarked:WastefulAttack","theMarked:Parry","theMarked:Aftermath+1"],"picked":"SKIP","floor":29},{"not_picked":["theMarked:Parry","theMarked:RogueSparks"],"picked":"theMarked:TwofoldDefense","floor":30},{"not_picked":["theMarked:Aftermath","theMarked:ElectricStrings","theMarked:ElementalBlade"],"picked":"SKIP","floor":31},{"not_picked":["theMarked:Convert","theMarked:WastefulDefense+1"],"picked":"theMarked:Indomitable","floor":32}],"player_experience":1719173,"relics_obtained":[{"floor":6,"key":"Dream Catcher"},{"floor":9,"key":"Pen Nib"},{"floor":12,"key":"Bag of Marbles"},{"floor":22,"key":"Omamori"},{"floor":24,"key":"aspiration:DSix"},{"floor":26,"key":"Dead Branch"},{"floor":28,"key":"Nunchaku"},{"floor":30,"key":"Ancient Tea Set"}],"event_choices":[{"damage_healed":0,"gold_gain":75,"player_choice":"Gather Gold","damage_taken":11,"max_hp_gain":0,"max_hp_loss":0,"event_name":"World of Goop","floor":4,"gold_loss":0},{"damage_healed":0,"gold_gain":175,"player_choice":"AGREE","damage_taken":0,"max_hp_gain":0,"max_hp_loss":0,"event_name":"Liars Game","floor":5,"gold_loss":0,"cards_obtained":["Doubt"]},{"damage_healed":0,"gold_gain":0,"player_choice":"Success","damage_taken":12,"relics_obtained":["MealTicket"],"max_hp_gain":0,"max_hp_loss":0,"event_name":"Scrap Ooze","floor":11,"gold_loss":0},{"damage_healed":0,"gold_gain":0,"player_choice":"Got Potions","damage_taken":0,"max_hp_gain":0,"max_hp_loss":0,"event_name":"Lab","floor":19,"gold_loss":0},{"damage_healed":0,"gold_gain":0,"player_choice":"Ignored","damage_taken":0,"max_hp_gain":0,"max_hp_loss":0,"event_name":"N\u0027loth","floor":20,"gold_loss":0},{"damage_healed":0,"gold_gain":0,"player_choice":"Damaged","damage_taken":6,"max_hp_gain":0,"max_hp_loss":0,"event_name":"Wheel of Change","floor":21,"gold_loss":0}],"is_beta":false,"boss_relics":[{"not_picked":["aspiration:RitualDagger","Astrolabe"],"picked":"Philosopher\u0027s Stone"}],"items_purged_floors":[],"is_endless":false,"potions_floor_spawned":[1,12,13,14,18,24,29,31],"killed_by":"Champ","ascension_level":6}}