{"host":"ordk2y2ebcetabk6","time":1609699568,"event":{"mods":["Astrologer","Bard","BaseMod","Colored Map","Colored Powertips","Highlight Path","Minty Spire (QoL Compilation)","Rare Cards Sparkle","StSLib","TheLocksmith","Wandering Minibosses","Wide Potions","thorton"],"gold_per_floor":[131,143,105,132,155,167,179,221,315,341,353,377,389,412,424,436,436,436],"floor_reached":16,"playtime":776,"items_purged":[],"score":102,"play_id":"4df4256f-6397-4d00-b8d1-f9d5ae584c05","local_time":"20210103114608","is_ascension_mode":false,"campfire_choices":[{"data":"locksmith:LockCrash","floor":6,"key":"SMITH"},{"data":"locksmith:DDummy","floor":11,"key":"SMITH"},{"floor":13,"key":"REST"},{"data":"locksmith:DarkMagic","floor":15,"key":"SMITH"}],"circlet_count":0,"master_deck":["locksmith:Strike+1","locksmith:Strike","locksmith:Strike","locksmith:Defend","locksmith:Defend","locksmith:Defend","locksmith:Defend","locksmith:KeyMove","locksmith:LockCrash+1","locksmith:ExplodingDummy","locksmith:DarkMagic+1","locksmith:Capitalize+1","locksmith:DarkDoom","locksmith:DDummy+1","locksmith:TrashSlam"],"relics":["locksmith:FreeKey","MawBank","locksmith:BlockKey","Kunai"],"acts_visited":["Exordium"],"potions_floor_usage":[10,16,16,16],"damage_taken":[{"damage":0,"enemies":"Small Slimes","floor":1,"turns":3},{"damage":0,"enemies":"2 Louse","floor":4,"turns":2},{"damage":5,"enemies":"Jaw Worm","floor":5,"turns":4},{"damage":30,"enemies":"Lagavulin","floor":8,"turns":7},{"damage":10,"enemies":"2 Fungi Beasts","floor":10,"turns":3},{"damage":17,"enemies":"Large Slime","floor":12,"turns":7},{"damage":22,"enemies":"Exordium Wildlife","floor":14,"turns":6},{"damage":11,"enemies":"Hexaghost","floor":16,"turns":9}],"seed_played":"4189266305619087190","potions_obtained":[{"floor":1,"key":"Regen Potion"},{"floor":10,"key":"Dexterity Potion"},{"floor":12,"key":"SpeedPotion"},{"floor":14,"key":"Fire Potion"}],"is_trial":false,"path_per_floor":["M","?","?","M","M","R","?","E","T","M","R","M","R","M","R","B"],"character_chosen":"THE_LOCKSMITH","items_purchased":[],"campfire_rested":1,"item_purchase_floors":[],"current_hp_per_floor":[79,79,79,79,74,74,58,28,28,27,27,10,33,11,11,0,0,0],"gold":436,"neow_bonus":"RANDOM_COMMON_RELIC","is_daily":false,"chose_seed":false,"campfire_upgraded":3,"win_rate":0.0,"timestamp":1609699568,"path_taken":["M","?","?","M","M","R","?","E","T","M","R","M","R","M","R","BOSS"],"items_purchased_type":[],"build_version":"2020-12-22","purchased_purges":0,"victory":false,"max_hp_per_floor":[79,79,79,79,79,79,79,79,79,79,79,79,79,79,79,79,79,79],"card_choices":[{"not_picked":["locksmith:Influx","locksmith:HiddenPower"],"picked":"locksmith:ExplodingDummy","floor":1},{"not_picked":["locksmith:Keysmack","locksmith:SoulSucker"],"picked":"locksmith:DarkMagic","floor":4},{"not_picked":["locksmith:Prep","locksmith:DeathGaze"],"picked":"locksmith:Capitalize","floor":5},{"not_picked":["locksmith:HiddenPower","locksmith:SappingKeys"],"picked":"locksmith:DarkDoom","floor":8},{"not_picked":["locksmith:FeelNoFeign","locksmith:PuppetGuard"],"picked":"locksmith:DDummy","floor":10},{"not_picked":["locksmith:Horrify","locksmith:BlockBurnDraw"],"picked":"locksmith:TrashSlam","floor":12},{"not_picked":["locksmith:ShrapnelLock","locksmith:SmackSmackBurn","locksmith:JingleLoan"],"picked":"SKIP","floor":14}],"player_experience":1084899,"relics_obtained":[{"floor":8,"key":"locksmith:BlockKey"},{"floor":9,"key":"Kunai"}],"event_choices":[{"damage_healed":0,"gold_gain":0,"player_choice":"Ignored","damage_taken":0,"max_hp_gain":0,"max_hp_loss":0,"event_name":"Liars Game","floor":2,"gold_loss":0},{"cards_removed":["locksmith:Strike"],"damage_healed":0,"gold_gain":0,"player_choice":"Card Removal","damage_taken":0,"max_hp_gain":0,"max_hp_loss":0,"event_name":"The Cleric","floor":3,"gold_loss":50},{"damage_healed":0,"gold_gain":0,"player_choice":"Entered Light","damage_taken":16,"max_hp_gain":0,"max_hp_loss":0,"event_name":"Shining Light","floor":7,"gold_loss":0,"cards_upgraded":["locksmith:Capitalize","locksmith:Strike"]}],"is_beta":false,"boss_relics":[],"items_purged_floors":[],"is_endless":false,"potions_floor_spawned":[1,10,12,14],"killed_by":"Hexaghost","ascension_level":0}}