{"host":"3iouabftir4t7z56","time":1609705178,"event":{"mods":["2.2 Compatiblity","Act Like it!","BaseMod","Colored Map","Hallownest","Minty Spire (QoL Compilation)","StSLib","The Bug Knight"],"gold_per_floor":[109,109,109,121,131,131,142,155,155,155,155,190,221,237,237,339,339,353,370,295,295,315,315,9,43,68,68,68,218,138,173,173,173,173],"floor_reached":33,"playtime":2638,"items_purged":["HollowMod:NailStrikeStart","HollowMod:NailStrikeStart"],"score":320,"play_id":"337b0f4a-a514-438e-8b8d-5e13fec728c7","local_time":"20210103211938","is_ascension_mode":false,"campfire_choices":[{"data":"HollowMod:AbyssShriek","floor":6,"key":"SMITH"},{"data":"HollowMod:FocusHealStart","floor":10,"key":"SMITH"},{"floor":15,"key":"REST"},{"floor":23,"key":"REST"},{"floor":32,"key":"REST"}],"circlet_count":0,"master_deck":["HollowMod:NailStrikeStart","HollowMod:NailStrikeStart","HollowMod:QuickDashStart","HollowMod:QuickDashStart","HollowMod:QuickDashStart","HollowMod:QuickDashStart","HollowMod:FocusHealStart+1","HollowMod:PogoStrike","HollowMod:CloakDash","HollowMod:AbyssShriek+1","HollowMod:BlackTendrils","HollowMod:WraithStrike","HollowMod:MantisMark","HollowMod:DoubleDash","HollowMod:Weaversong","HollowMod:GoodIntentions+1","HollowMod:CycloneSlash","Hallownest:attackMasterCycloneSlash","HollowMod:HuntersJournal","HollowMod:ShadowDash","Hallownest:skillCityofTearsMap"],"relics":["HollowMod:VesselMask","NeowsBlessing","Hallownest:DreamNailRelic","Hallownest:SalubrasBlessingRelic","PreservedInsect","Calipers","Philosopher\u0027s Stone","Juzu Bracelet","Shuriken","Potion Belt","Bronze Scales"],"acts_visited":["Hallownest:Greenpath","Hallownest:CityofTears"],"potions_floor_usage":[14,16,16,19,19,27,31,31,33],"damage_taken":[{"damage":0,"enemies":"Hallownest:2_Baldur","floor":1,"turns":1},{"damage":0,"enemies":"2_ Uuma","floor":4,"turns":1},{"damage":0,"enemies":"Hallownest:2_Tiktiks_and_1_Crawlid","floor":5,"turns":2},{"damage":0,"enemies":"Hallownest:2_Tiktiks_1_Baldur_1_Crawlid","floor":7,"turns":2},{"damage":0,"enemies":"Hallownest:monsterAspidMother","floor":8,"turns":3},{"damage":6,"enemies":"Hallownest:eliteVengeflyKing","floor":12,"turns":5},{"damage":0,"enemies":"Hallownest:eliteMossKnight","floor":13,"turns":3},{"damage":5,"enemies":"Hallownest:1_Baldur_1_Crawlid_1_Warrior","floor":14,"turns":3},{"damage":70,"enemies":"Hallownest:BossBrokenVessel","floor":16,"turns":10},{"damage":8,"enemies":"Hallownest:3_Youths","floor":18,"turns":5},{"damage":30,"enemies":"Hallownest:2_Mistakes","floor":19,"turns":3},{"damage":12,"enemies":"Hallownest:Master_and_Novice","floor":22,"turns":3},{"damage":18,"enemies":"Hallownest:Nosk","floor":25,"turns":8},{"damage":11,"enemies":"Hallownest:Warrior_and_Youth","floor":27,"turns":3},{"damage":28,"enemies":"Hallownest:eliteSoulWarrior","floor":31,"turns":4},{"damage":50,"enemies":"Hallownest:BossMantisLord","floor":33,"turns":3}],"seed_played":"-3003113687502037856","potions_obtained":[{"floor":4,"key":"AttackPotion"},{"floor":5,"key":"EntropicBrew"},{"floor":12,"key":"LiquidBronze"},{"floor":19,"key":"SmokeBomb"},{"floor":25,"key":"SteroidPotion"},{"floor":31,"key":"AttackPotion"}],"is_trial":false,"path_per_floor":["M","?","?","M","M","R","M","M","T","R","?","E","?","M","R","B",null,"M","M","$","?","M","R","$","E","T","M","?","?","?","E","R","B"],"character_chosen":"THE_BUGKNIGHT","items_purchased":["HollowMod:ShadowDash","Juzu Bracelet"],"campfire_rested":3,"item_purchase_floors":[24,24],"current_hp_per_floor":[75,75,75,75,75,75,75,75,75,75,75,75,75,72,77,15,77,69,39,39,39,35,60,60,52,52,43,43,43,43,25,50,0,0],"gold":173,"neow_bonus":"THREE_ENEMY_KILL","is_daily":false,"chose_seed":false,"campfire_upgraded":2,"win_rate":0.0,"timestamp":1609705178,"path_taken":["M","?","?","?","M","R","M","M","T","R","?","E","?","M","R","BOSS","M","M","$","?","M","R","$","E","T","M","?","?","?","E","R","BOSS"],"items_purchased_type":["Card","Relic"],"build_version":"2020-12-22","purchased_purges":2,"victory":false,"max_hp_per_floor":[75,75,75,75,75,75,75,75,75,75,75,75,75,75,77,77,77,77,77,77,77,77,79,79,79,79,79,79,79,79,79,81,81,81],"card_choices":[{"not_picked":["HollowMod:ChannelNail","HollowMod:LuriensSpire"],"picked":"HollowMod:CloakDash","floor":1},{"not_picked":["HollowMod:LifebloodCocoon","HollowMod:InfectedCysts","HollowMod:ChannelNail"],"picked":"SKIP","floor":4},{"not_picked":["HollowMod:BlackTendrils","HollowMod:GreatSlash"],"picked":"HollowMod:AbyssShriek","floor":5},{"not_picked":["HollowMod:HeavyBlow","HollowMod:QuirrelsAssistance","HollowMod:NewLittleFool"],"picked":"SKIP","floor":7},{"not_picked":["HollowMod:CloakDash","HollowMod:ChannelNail"],"picked":"HollowMod:BlackTendrils","floor":8},{"not_picked":["HollowMod:SoulStrike","HollowMod:LuriensSpire"],"picked":"HollowMod:WraithStrike","floor":12},{"not_picked":["HollowMod:HuntersJournal","HollowMod:PerfectDash"],"picked":"HollowMod:MantisMark","floor":13},{"not_picked":["HollowMod:SoulShaman","HollowMod:MidwifesHunger"],"picked":"HollowMod:DoubleDash","floor":14},{"not_picked":["HollowMod:HerrahsAnger","HollowMod:LifebloodCore"],"picked":"HollowMod:Weaversong","floor":16},{"not_picked":["HollowMod:MonomonsArchive","HollowMod:InfectedCysts+1"],"picked":"HollowMod:GoodIntentions+1","floor":18},{"not_picked":["HollowMod:VengefulVoid","HollowMod:InfectedAttack"],"picked":"HollowMod:CycloneSlash","floor":19},{"not_picked":["HollowMod:WraithStrike","HollowMod:SoulVessel"],"picked":"HollowMod:HuntersJournal","floor":22},{"not_picked":["HollowMod:WraithStrike","HollowMod:InfectedAttack","HollowMod:LuriensSpire+1"],"picked":"SKIP","floor":25},{"not_picked":["HollowMod:SoulVessel","HollowMod:MawleksShell","HollowMod:HeavyBlow"],"picked":"SKIP","floor":31}],"player_experience":611034,"relics_obtained":[{"floor":12,"key":"PreservedInsect"},{"floor":13,"key":"Calipers"},{"floor":25,"key":"Shuriken"},{"floor":26,"key":"Potion Belt"},{"floor":31,"key":"Bronze Scales"}],"event_choices":[],"is_beta":false,"boss_relics":[{"not_picked":["Ectoplasm","Busted Crown"],"picked":"Philosopher\u0027s Stone"}],"items_purged_floors":[20,24],"is_endless":false,"potions_floor_spawned":[4,5,12,13,19,25,31],"killed_by":"Hallownest:BossMantisLord","ascension_level":0}}