{"host":"emut9mh212kd9b86","time":1609685360,"event":{"mods":["ATMod(°¢èªMod)","Act Like it!","BaseMod","Better Vampires","Gensokyo","KomeijiMod","Minty Spire (QoL Compilation)","MostiFishMod","Shop Mod","Spicy Shops","StSLib","TestMod","noobMod","¡¾ÒÅÎï¿¨ÅÆ¡¿REMEMod"],"gold_per_floor":[112,126,140,160,160,190,190,224,250,277,294,190,204,57,57,155,155,574,196,207,227,64,99,99,133,133,316,316,416,416,450,450,548,548,567,567,567,577,285,320,320,336,363,396,396,396,396,422,422,422],"floor_reached":51,"playtime":1983,"items_purged":[],"score":1766,"play_id":"d5e47c1d-993a-42e3-8012-96f3f6c98ead","local_time":"20210103224920","is_ascension_mode":true,"campfire_choices":[{"data":"DemonLordCradle","floor":7.0,"key":"SMITH"},{"floor":15.0,"key":"RECALL"},{"data":"SenseofElegance","floor":24.0,"key":"SMITH"},{"data":"SenseofElegance+1","floor":30.0,"key":"SMITH"},{"data":"SenseofElegance+2","floor":32.0,"key":"SMITH"},{"data":"SenseofElegance+3","floor":41.0,"key":"SMITH"},{"data":"SenseofElegance+4","floor":46.0,"key":"SMITH"},{"data":"SenseofElegance+5","floor":49.0,"key":"SMITH"}],"circlet_count":0,"master_deck":["SenseofElegance+6"],"relics":["KomeijisEye","SpellCardsRule","MusicBox","testmod-TestBox","ice","DaveBox","AT_ATBox","REME_ComplimentaryCards","FeatherPendant","MealTicket","SynthV:TestCard","Gensokyo:YoukaiFlower","Juzu Bracelet","Centennial Puzzle","Omamori","Tiny Chest","MerchantsRug","FrostBlade","Ginger","Lee\u0027s Waffle","Torii","Mango","Regal Pillow","PreservedInsect","Vajra","AT_GuinsooRageblade","MigarariNingyou","testmod-ThousandKnives","Calipers","AT_LudenTempest","testmod-CrystalShield","GuanYuAspect","SpellExtend","testmod-Acrobat","Bronze Scales","Blue Candle","testmod-TurbochargingSystem","Blood Vial","AT_SpeedBoots"],"acts_visited":["Exordium","Gensokyo:Gensokyo","Gensokyo:Gensokyoer"],"potions_floor_usage":[],"damage_taken":[{"damage":0.0,"enemies":"Gensokyo:3_Fairies","floor":1.0,"turns":7.0},{"damage":2.0,"enemies":"Gensokyo:2_Kodama","floor":2.0,"turns":8.0},{"damage":0.0,"enemies":"Gensokyo:Python","floor":3.0,"turns":2.0},{"damage":9.0,"enemies":"Gensokyo:Kitsune","floor":4.0,"turns":4.0},{"damage":0.0,"enemies":"Gensokyo:Aya","floor":6.0,"turns":10.0},{"damage":0.0,"enemies":"Gensokyo:Cirno","floor":8.0,"turns":4.0},{"damage":8.0,"enemies":"Gensokyo:Aya","floor":10.0,"turns":3.0},{"damage":0.0,"enemies":"Gensokyo:LivingMonolith","floor":11.0,"turns":2.0},{"damage":15.0,"enemies":"Gensokyo:3_Kodama","floor":13.0,"turns":2.0},{"damage":13.0,"enemies":"Gensokyo:Kokoro","floor":16.0,"turns":13.0},{"damage":2.0,"enemies":"Gensokyo:2_Gloops","floor":18.0,"turns":3.0},{"damage":0.0,"enemies":"Gensokyo:CosmicMonolith","floor":20.0,"turns":2.0},{"damage":33.0,"enemies":"Gensokyo:Swordslinger","floor":21.0,"turns":2.0},{"damage":48.0,"enemies":"Gensokyo:Koishi","floor":23.0,"turns":6.0},{"damage":0.0,"enemies":"Gensokyo:Reisen","floor":25.0,"turns":3.0},{"damage":0.0,"enemies":"Gensokyo:Koishi","floor":27.0,"turns":3.0},{"damage":0.0,"enemies":"Gensokyo:Koishi","floor":29.0,"turns":4.0},{"damage":0.0,"enemies":"Gensokyo:Reisen","floor":31.0,"turns":2.0},{"damage":37.0,"enemies":"Gensokyo:Eternal_Rivals","floor":33.0,"turns":5.0},{"damage":0.0,"enemies":"Gensokyo:3_Bats","floor":35.0,"turns":1.0},{"damage":7.0,"enemies":"Gensokyo:3_Boulders","floor":38.0,"turns":3.0},{"damage":0.0,"enemies":"Gensokyo:Marisa","floor":40.0,"turns":2.0},{"damage":0.0,"enemies":"Gensokyo:Marisa","floor":42.0,"turns":2.0},{"damage":0.0,"enemies":"Gensokyo:Doremy","floor":44.0,"turns":2.0},{"damage":0,"enemies":"Gensokyo:Scarlet_Devils","floor":50,"turns":5}],"seed_played":"139960189605962764","potions_obtained":[{"floor":2.0,"key":"Ancient Potion"},{"floor":4.0,"key":"BlessingOfTheForge"},{"floor":16.0,"key":"Weak Potion"},{"floor":20.0,"key":"ColorlessPotion"},{"floor":23.0,"key":"BlessingOfTheForge"},{"floor":33.0,"key":"REME_GoldPotion"},{"floor":40.0,"key":"GamblersBrew"}],"is_trial":false,"path_per_floor":["M","M","M","M","?","E","R","E","T","?","M","COS","M","$","R","B",null,"M","$","M","M","COS","E","R","E","T","E","T","?","R","E","R","B",null,"M","?","T","M","$","E","R","?","T","E","?","R","?","T","R","B",null],"character_chosen":"KomeijiSatori","items_purchased":["MerchantsRug","RoshinSou+1","Ginger","KokorosuKi+1","Lee\u0027s Waffle","testmod-Acrobat","Bronze Scales"],"campfire_rested":0,"item_purchase_floors":[14,14,19,19,19,39,39],"current_hp_per_floor":[45,43,43,34,34,34,34,34,34,28,28,28,13,28,28,15,41,39,57,57,24,24,41,41,41,41,41,41,41,41,41,41,4,37,37,32,32,31,38,38,38,38,38,38,38,38,38,38,38,38],"gold":422,"neow_bonus":"RANDOM_COMMON_RELIC","is_daily":false,"chose_seed":false,"campfire_upgraded":7,"win_rate":0.0,"timestamp":1609685360,"path_taken":["M","M","M","M","?","E","R","E","T","?","M","COS","M","$","R","BOSS","M","$","M","M","COS","E","R","E","T","E","?","?","R","E","R","BOSS","M","?","?","M","$","E","R","?","T","E","?","R","?","?","R","BOSS"],"items_purchased_type":["Relic","Card","Relic","Card","Relic","Relic","Relic"],"build_version":"2020-12-22","purchased_purges":0,"victory":true,"max_hp_per_floor":[50,50,50,50,50,50,50,50,50,50,50,50,50,50,50,50,50,50,57,57,57,57,74,74,74,74,74,74,74,74,74,74,74,37,37,37,37,38,38,38,38,38,38,38,38,38,38,38,38,38],"card_choices":[{"not_picked":["NingyouOkisou+1","MusuNoYume"],"picked":"KinbakuJin+1","floor":1.0},{"not_picked":["NingyouShinki+1","HagoromoKu","SeekerWire+1","SeekerDolls"],"picked":"RoshinSou+1","floor":2.0},{"not_picked":["KoKei+1","DochyakuKami+1","RikonNoKama+1","Mishyaguji+1"],"picked":"NingyouKisou+1","floor":3.0},{"not_picked":["MajikuruSanhai+1","ShyakuBuku","ShanghaiNingyou","Mishyaguji+1"],"picked":"RoshinSou+1","floor":4.0},{"not_picked":["Agarareta+1","MunenMusou","Mishyaguji+1","GroundStardust+1"],"picked":"DemonLordCradle","floor":6.0},{"not_picked":["ShyakuBuku","JyouchiJin+1","DochyakuKami+1","MunenMusou"],"picked":"RikonNoKama+1","floor":8.0},{"not_picked":["Agarareta+1","DochyakuKami+1","ShyakuBuku","SeekerDolls"],"picked":"HagoromoMizu","floor":10.0},{"not_picked":["GroundStardust+1","GasuOrimono","Mishyaguji+1","KeiseiJin+1"],"picked":"SatsujinDooru","floor":11.0},{"not_picked":["NingyouOkisou+1","NingyouSousou+1","GasuOrimono","DochyakuKami+1"],"picked":"KeiseiJin+1","floor":13.0},{"not_picked":["LunaDial","ShanghaiNingyou","LunaticRedEyes","YuumeiNoKurin"],"picked":"WumiGaWareru","floor":16.0},{"not_picked":["Mishyaguji+1","KeiseiJin+1","NingyouSP+1","HagoromoKu"],"picked":"KinbakuJin+1","floor":18.0},{"not_picked":["ArtfulChanter","NingyouSP+1","Mishyaguji+1","DochyakuKami+1"],"picked":"SenseofElegance","floor":20.0},{"not_picked":["SeekerWire+1","IceTornado","SeishiRoten+1","NingyouYunhei+1","DemonLordCradle"],"picked":"SKIP","floor":21.0},{"not_picked":["KokorosuKi+1","NingyouKisou+1","NingyouMusou+1","RikonNoKama+1","FreezeTouchMe"],"picked":"SKIP","floor":23.0},{"not_picked":["NingyouFukuhei+1","FreezeTouchMe+1","EverywhereHibernate","Melting+1","Sabishigari+1"],"picked":"SKIP","floor":25.0},{"not_picked":["HagoromoMizu","InscribeRedSoul","SeishiRoten+1","NingyouKasou+1","NingyouYunhei+1"],"picked":"SKIP","floor":27.0},{"not_picked":["GroundStardust+1","SuitokuNoKyoryu","Agarareta+1","TerribleSouvenir","AbyssNova"],"picked":"SKIP","floor":31.0},{"not_picked":["GroundStardust+1","ShyakuBuku","KinbakuJin+1","SenseofElegance+1","RikonNoKama+1"],"picked":"SKIP","floor":35.0},{"not_picked":["NingyouFukuhei+1","GroundStardust+1","MusuNoYume","DemonsDinnerFork+1","KeiseiJin+1"],"picked":"SKIP","floor":38.0},{"not_picked":["NarrowSpark+1","RikonNoKama+1","DemonLordCradle","DemonsDinnerFork+1","Mishyaguji+1"],"picked":"SKIP","floor":40.0},{"not_picked":["Gensokyo:UnhurriedMind+1","Gensokyo:DreamlikeParadise+1"],"picked":"Gensokyo:Dawn+1","floor":42.0},{"not_picked":["KinbakuJin+1","OoedoNingyou+1","SeekerDolls","MissingPower+1","SatsujinDooru"],"picked":"SKIP","floor":44.0}],"player_experience":367314,"relics_obtained":[{"floor":1.0,"key":"SynthV:TestCard"},{"floor":6.0,"key":"Juzu Bracelet"},{"floor":8.0,"key":"Centennial Puzzle"},{"floor":9.0,"key":"Omamori"},{"floor":10.0,"key":"Tiny Chest"},{"floor":23.0,"key":"Mango"},{"floor":25.0,"key":"Regal Pillow"},{"floor":26.0,"key":"PreservedInsect"},{"floor":27.0,"key":"AT_GuinsooRageblade"},{"floor":28.0,"key":"MigarariNingyou"},{"floor":29.0,"key":"Calipers"},{"floor":29.0,"key":"AT_LudenTempest"},{"floor":31.0,"key":"testmod-CrystalShield"},{"floor":37.0,"key":"SpellExtend"},{"floor":40.0,"key":"Blue Candle"},{"floor":43.0,"key":"testmod-TurbochargingSystem"},{"floor":44.0,"key":"Blood Vial"},{"floor":48.0,"key":"AT_SpeedBoots"}],"event_choices":[],"is_beta":false,"boss_relics":[{"not_picked":["testmod-Fanaticism","testmod-HarvestTotem"],"picked":"FrostBlade"},{"not_picked":["xbg","REME_ChargedStone"],"picked":"GuanYuAspect"}],"items_purged_floors":[],"is_endless":false,"potions_floor_spawned":[2,4,8,13,16,20,23,31,33,40],"ascension_level":11}}