{"host":"areou1to5q11ox5u","time":1609693946,"event":{"mods":["AchievementEnabler","Act Like it!","BaseMod","Bestiary","Better Note","Better Third Choice","BetterRewards","Block Reminder","Colored Map","Colored Powertips","DeckTracker","Downfall","Hermit","Highlight Path","Infinite Spire","Minty Spire (QoL Compilation)","Permanent Neow","Random Character Button","Relic Sorter","Relic Stats","StSLib","The Construct","The Jungle"],"gold_per_floor":[109,184,203,228,242,242,212,212,212,231,247,247,281,293,293,293,293],"floor_reached":16,"playtime":1189,"items_purged":[],"score":152,"play_id":"bf2d22e6-e50c-46bd-9b1d-9549c6ad3491","local_time":"20210103181226","is_ascension_mode":false,"campfire_choices":[{"data":"construct:SyphonStrike","floor":6.0,"key":"SMITH"},{"data":"construct:QuickAttack","floor":8.0,"key":"SMITH"},{"data":"construct:Isolate","floor":12.0,"key":"SMITH"},{"data":"construct:Forcefield","floor":15.0,"key":"SMITH"}],"circlet_count":0,"master_deck":["construct:Strike_Gold","construct:Strike_Gold","construct:Strike_Gold","construct:Strike_Gold","construct:Strike_Gold","construct:Defend_Gold","construct:Defend_Gold","construct:Defend_Gold","construct:Defend_Gold","construct:Defend_Gold","construct:AttackMode","construct:DefenseMode","construct:BatteryAcid","construct:SuppressiveFire","construct:Isolate+1","construct:SyphonStrike+1","construct:QuickAttack+1","construct:Forcefield+1","construct:ScrapCannon","construct:Disrupt","construct:SyphonStrike"],"relics":["construct:Cogwheel","infinitespire:Lucky Rock","Potion Belt","Ornamental Fan","Juzu Bracelet"],"acts_visited":["Exordium"],"potions_floor_usage":[],"damage_taken":[{"damage":0.0,"enemies":"Small Slimes","floor":1.0,"turns":3.0},{"damage":9.0,"enemies":"Cultist","floor":3.0,"turns":4.0},{"damage":1.0,"enemies":"Jaw Worm","floor":5.0,"turns":3.0},{"damage":5.0,"enemies":"Looter","floor":7.0,"turns":4.0},{"damage":0.0,"enemies":"3 Louse","floor":10.0,"turns":4.0},{"damage":1.0,"enemies":"2 Fungi Beasts","floor":11.0,"turns":4.0},{"damage":13.0,"enemies":"Lagavulin","floor":13.0,"turns":5.0},{"damage":4.0,"enemies":"Looter","floor":14.0,"turns":4.0},{"damage":17,"enemies":"The Guardian","floor":16,"turns":8}],"seed_played":"2274646412908748429","potions_obtained":[{"floor":1.0,"key":"SteroidPotion"},{"floor":10.0,"key":"Explosive Potion"},{"floor":14.0,"key":"DuplicationPotion"}],"is_trial":false,"path_per_floor":["M","?","M","T","M","R","M","R","T","M","M","R","E","M","R","B"],"character_chosen":"THE_CONSTRUCT_MOD","items_purchased":["infinitespire:Lucky Rock","construct:BatteryAcid"],"campfire_rested":0,"item_purchase_floors":[0,0],"current_hp_per_floor":[77,66,57,57,56,56,51,51,51,51,50,50,37,33,33,16,16],"gold":293,"neow_bonus":"","is_daily":false,"chose_seed":false,"campfire_upgraded":4,"win_rate":0.0,"timestamp":1609693946,"path_taken":["M","?","M","?","M","R","M","R","T","?","M","R","E","M","R","BOSS"],"items_purchased_type":["Relic","Card"],"build_version":"2020-12-22","purchased_purges":0,"victory":false,"max_hp_per_floor":[85,85,85,85,85,85,85,85,85,85,85,85,85,85,85,85,85],"relic_stats":{"counters":[25,114],"Ornamental Fan":[20],"Juzu Bracelet":1,"obtain_stats":[{"Potion Belt":4,"construct:RocketBooster":9,"construct:FoamFinger":27,"infinitespire:Joker Card":27,"Incense Burner":11,"Juzu Bracelet":13,"infinitespire:Lucky Rock":0,"Ancient Tea Set":27,"Calling Bell":27,"Bottled Flame":22,"Ornamental Fan":9,"construct:Cogwheel":0,"Bronze Scales":26,"Pantograph":29,"Philosopher\u0027s Stone":17,"Bottled Lightning":8,"construct:MasterCore":21},{"Potion Belt":18,"construct:RocketBooster":6,"construct:FoamFinger":13,"infinitespire:Joker Card":13,"Incense Burner":7,"Juzu Bracelet":23,"infinitespire:Lucky Rock":16,"Ancient Tea Set":13,"Calling Bell":13,"Bottled Flame":11,"Ornamental Fan":20,"construct:Cogwheel":0,"Bronze Scales":13,"Pantograph":15,"Philosopher\u0027s Stone":9,"Bottled Lightning":6,"construct:MasterCore":11},{"Potion Belt":82,"construct:RocketBooster":26,"construct:FoamFinger":65,"infinitespire:Joker Card":65,"Incense Burner":32,"Juzu Bracelet":102,"infinitespire:Lucky Rock":75,"Ancient Tea Set":65,"Calling Bell":65,"Bottled Flame":54,"Ornamental Fan":89,"construct:Cogwheel":0,"Bronze Scales":65,"Pantograph":74,"Philosopher\u0027s Stone":45,"Bottled Lightning":26,"construct:MasterCore":54}]},"card_choices":[{"not_picked":["construct:SaveState","construct:Failsafe"],"picked":"construct:SuppressiveFire","floor":1.0},{"not_picked":["construct:BatteryAcid","construct:Backfire"],"picked":"construct:Isolate","floor":3.0},{"not_picked":["construct:SaveState","construct:Anticipate"],"picked":"construct:SyphonStrike","floor":5.0},{"not_picked":["construct:FierceBash","construct:ShiftStrike"],"picked":"construct:QuickAttack","floor":7.0},{"not_picked":["construct:Impenetrable","construct:Boost"],"picked":"construct:Forcefield","floor":10.0},{"not_picked":["construct:Reinforce","construct:Backup"],"picked":"construct:ScrapCannon","floor":11.0},{"not_picked":["construct:PanicFire","construct:Backup"],"picked":"construct:Disrupt","floor":13.0},{"not_picked":["construct:VentSteam","construct:Reinforce"],"picked":"construct:SyphonStrike","floor":14.0}],"player_experience":57990,"relics_obtained":[{"floor":4.0,"key":"Potion Belt"},{"floor":9.0,"key":"Ornamental Fan"},{"floor":13.0,"key":"Juzu Bracelet"}],"event_choices":[{"damage_healed":0.0,"max_hp_gain":0.0,"max_hp_loss":0.0,"gold_gain":75.0,"event_name":"betterThird:BetterGoop","player_choice":"Gold","floor":2.0,"gold_loss":0.0,"damage_taken":11.0}],"is_beta":false,"boss_relics":[],"items_purged_floors":[],"is_endless":false,"potions_floor_spawned":[1,10,14],"killed_by":"The Guardian","ascension_level":0}}