{"host":"zes78fzwct0uoxij","time":1609700872,"event":{"mods":["BaseMod","Colored Map","Highlight Path","Minty Spire (QoL Compilation)"],"gold_per_floor":[117,133,133,144,160,186,211,236,263,263,31,45,45,59,59,159,159,171,96,96,96,115,115,15,15,42,89,117,129,161,183,195,306,318,341,228,241,258,258,258,268,268,268,284,134,154,154,154],"floor_reached":47,"playtime":3076,"items_purged":["Strike_R","Strike_R","Defend_R","Defend_R"],"score":459,"play_id":"df80065e-a2ce-49f1-9cb8-0d91c549aab6","local_time":"20210103200752","is_ascension_mode":false,"campfire_choices":[{"floor":15,"key":"REST"},{"data":"Armaments","floor":23,"key":"SMITH"},{"floor":29,"key":"REST"},{"floor":32,"key":"REST"},{"floor":40,"key":"REST"}],"circlet_count":0,"master_deck":["Defend_R+1","Defend_R+1","Bash","Cleave","Headbutt","Metallicize","Rampage","Armaments+1","Impervious","Rage+1","Headbutt","Shrug It Off+1","Madness","Madness"],"relics":["Burning Blood","Vajra","NlothsMask","Bronze Scales","War Paint","Happy Flower","Anchor","Shuriken","Mark of Pain","MawBank","Ornamental Fan","Runic Cube","Regal Pillow"],"acts_visited":["Exordium","TheCity","TheBeyond"],"potions_floor_usage":[33,47],"damage_taken":[{"damage":5,"enemies":"Jaw Worm","floor":1,"turns":4},{"damage":0,"enemies":"Cultist","floor":2,"turns":2},{"damage":4,"enemies":"Small Slimes","floor":4,"turns":3},{"damage":0,"enemies":"Blue Slaver","floor":5,"turns":5},{"damage":14,"enemies":"3 Sentries","floor":6,"turns":7},{"damage":14,"enemies":"Gremlin Nob","floor":8,"turns":3},{"damage":0,"enemies":"3 Louse","floor":12,"turns":4},{"damage":0,"enemies":"Looter","floor":14,"turns":2},{"damage":12,"enemies":"The Guardian","floor":16,"turns":9},{"damage":7,"enemies":"2 Thieves","floor":18,"turns":4},{"damage":0,"enemies":"Shell Parasite","floor":22,"turns":4},{"damage":27,"enemies":"Book of Stabbing","floor":27,"turns":5},{"damage":12,"enemies":"3 Cultists","floor":28,"turns":7},{"damage":28,"enemies":"Snecko","floor":30,"turns":8},{"damage":24,"enemies":"Cultist and Chosen","floor":31,"turns":7},{"damage":53,"enemies":"Collector","floor":33,"turns":12},{"damage":6,"enemies":"3 Darklings","floor":35,"turns":12},{"damage":34,"enemies":"Orb Walker","floor":37,"turns":6},{"damage":9,"enemies":"4 Shapes","floor":38,"turns":9},{"damage":29,"enemies":"3 Darklings","floor":41,"turns":8},{"damage":13,"enemies":"Transient","floor":44,"turns":5},{"damage":22,"enemies":"Spire Growth","floor":46,"turns":7},{"damage":34,"enemies":"Jaw Worm Horde","floor":47,"turns":3}],"seed_played":"-5429508931703977482","potions_obtained":[{"floor":1,"key":"ElixirPotion"},{"floor":4,"key":"BlessingOfTheForge"},{"floor":8,"key":"Energy Potion"},{"floor":33,"key":"BloodPotion"}],"is_trial":false,"path_per_floor":["M","M","?","M","M","E","T","E","T","?","$","M","?","M","R","B",null,"M","?","?","?","M","R","$","$","T","E","M","R","M","M","R","B",null,"M","$","M","M","?","R","M","?","T","M","$","M","M"],"character_chosen":"IRONCLAD","items_purchased":["Anchor"],"campfire_rested":4,"item_purchase_floors":[11],"current_hp_per_floor":[80,80,80,80,80,72,72,64,64,64,64,70,45,51,75,69,80,79,79,79,79,80,80,80,80,80,59,53,77,55,37,61,14,80,80,80,52,49,39,63,40,40,40,33,33,17,0,0],"gold":154,"neow_bonus":"RANDOM_COMMON_RELIC","is_daily":false,"chose_seed":false,"campfire_upgraded":1,"win_rate":0.0,"timestamp":1609700872,"path_taken":["M","M","?","?","M","E","?","E","T","?","$","?","?","M","R","BOSS","M","?","?","?","M","R","?","$","T","E","?","R","M","M","R","BOSS","M","$","M","M","?","R","M","?","T","M","$","M","M"],"items_purchased_type":["Relic"],"build_version":"2020-12-22","purchased_purges":4,"victory":false,"max_hp_per_floor":[80,80,80,80,80,80,80,80,80,80,80,80,80,80,80,80,80,80,80,80,80,80,80,80,80,80,80,80,80,80,80,80,80,80,80,80,80,80,80,80,80,80,80,80,80,80,80,80],"card_choices":[{"not_picked":["Headbutt","Seeing Red"],"picked":"Cleave","floor":1},{"not_picked":["Whirlwind","Reckless Charge"],"picked":"Headbutt","floor":2},{"not_picked":["Heavy Blade","Havoc"],"picked":"Metallicize","floor":4},{"not_picked":["Anger","Feel No Pain","Body Slam"],"picked":"SKIP","floor":5},{"not_picked":["Body Slam","Double Tap"],"picked":"Rampage","floor":6},{"not_picked":["Flex","Sword Boomerang","Body Slam"],"picked":"SKIP","floor":8},{"not_picked":["Power Through","Uppercut","Sentinel"],"picked":"SKIP","floor":12},{"not_picked":["Fire Breathing","Searing Blow"],"picked":"Armaments","floor":14},{"not_picked":["Brutality","Immolate"],"picked":"Impervious","floor":16},{"not_picked":["Clothesline","Twin Strike","Anger+1"],"picked":"SKIP","floor":18},{"not_picked":["Warcry","Blood for Blood","Twin Strike+1"],"picked":"SKIP","floor":22},{"not_picked":["Heavy Blade","Hemokinesis"],"picked":"Rage+1","floor":27},{"not_picked":["Sword Boomerang","Clash","Whirlwind"],"picked":"SKIP","floor":28},{"not_picked":["Exhume","Anger","Spot Weakness+1"],"picked":"SKIP","floor":30},{"not_picked":["Cleave","True Grit"],"picked":"Headbutt","floor":31},{"not_picked":["True Grit+1","Carnage"],"picked":"Shrug It Off+1","floor":35},{"not_picked":["Bloodletting","Pommel Strike","True Grit+1"],"picked":"SKIP","floor":37},{"not_picked":["Heavy Blade","Anger+1","Rupture+1"],"picked":"SKIP","floor":38},{"not_picked":["Reckless Charge","Whirlwind","Intimidate+1"],"picked":"SKIP","floor":41},{"not_picked":["Intimidate","Wild Strike","Flex"],"picked":"SKIP","floor":44},{"not_picked":["Shockwave","Flex+1","Wild Strike+1"],"picked":"SKIP","floor":46}],"player_experience":583411,"relics_obtained":[{"floor":6,"key":"Bronze Scales"},{"floor":8,"key":"War Paint"},{"floor":9,"key":"Happy Flower"},{"floor":26,"key":"MawBank"},{"floor":27,"key":"Ornamental Fan"},{"floor":43,"key":"Regal Pillow"}],"event_choices":[{"damage_healed":0,"gold_gain":0,"player_choice":"Trade","damage_taken":0,"relics_obtained":["NlothsMask"],"max_hp_gain":0,"max_hp_loss":0,"event_name":"FaceTrader","floor":3,"gold_loss":0},{"cards_removed":["Strike_R"],"damage_healed":0,"gold_gain":0,"player_choice":"Offered Basic","damage_taken":0,"max_hp_gain":0,"max_hp_loss":0,"event_name":"Bonfire Elementals","floor":10,"gold_loss":0},{"damage_healed":0,"gold_gain":0,"player_choice":"Success","damage_taken":25,"relics_obtained":["Shuriken"],"max_hp_gain":0,"max_hp_loss":0,"event_name":"Scrap Ooze","floor":13,"gold_loss":0},{"cards_removed":["Strike_R"],"damage_healed":0,"gold_gain":0,"player_choice":"Gave Gold","damage_taken":0,"max_hp_gain":0,"max_hp_loss":0,"event_name":"Beggar","floor":19,"gold_loss":75},{"cards_removed":["Strike_R"],"damage_healed":0,"gold_gain":0,"player_choice":"Elegance","damage_taken":0,"max_hp_gain":0,"max_hp_loss":0,"event_name":"Back to Basics","floor":20,"gold_loss":0},{"damage_healed":0,"gold_gain":0,"player_choice":"Ignored","damage_taken":0,"max_hp_gain":0,"max_hp_loss":0,"event_name":"The Mausoleum","floor":21,"gold_loss":0},{"damage_healed":0,"gold_gain":0,"player_choice":"Embrace Madness","damage_taken":10,"max_hp_gain":0,"max_hp_loss":0,"event_name":"Winding Halls","floor":39,"gold_loss":0,"cards_obtained":["Madness","Madness"]},{"damage_healed":0,"gold_gain":0,"player_choice":"Ignored","damage_taken":0,"max_hp_gain":0,"max_hp_loss":0,"event_name":"Tomb of Lord Red Mask","floor":42,"gold_loss":0}],"is_beta":false,"boss_relics":[{"not_picked":["Pandora\u0027s Box","Calling Bell"],"picked":"Mark of Pain"},{"not_picked":["Cursed Key","Snecko Eye"],"picked":"Runic Cube"}],"items_purged_floors":[11,24,36,45],"is_endless":false,"potions_floor_spawned":[1,4,8,18,30,31,33,37,44,46],"killed_by":"Jaw Worm Horde","ascension_level":0}}