{"host":"18uyx1ev7cnsl5lv","time":1609713056,"event":{"mods":["AchievementEnabler","BaseMod","Colored Map","Minty Spire (QoL Compilation)","Rare Cards Sparkle","StSLib","slay the spire mod where everything is the same but ironclad has a cowboy hat"],"gold_per_floor":[15,15,15,26,38,38,69,69,69,69,80,80,80,96,96,197,197,209,209,25,37,54,54,70,70,147,247,258,269,285,285,285,383,383,393,404,454,464,482,482,495,495,495,514,514,528,50,65,65,65,65],"floor_reached":50,"playtime":9505,"items_purged":["Defend_B"],"score":520,"play_id":"559188bb-1518-443b-943a-1095e4e063f3","local_time":"20210103173055","is_ascension_mode":true,"campfire_choices":[{"data":"Rip and Tear","floor":6,"key":"SMITH"},{"floor":8,"key":"REST"},{"floor":10,"key":"REST"},{"data":"Buffer","floor":12,"key":"SMITH"},{"data":"Conserve Battery","floor":15,"key":"SMITH"},{"floor":23,"key":"REST"},{"data":"Core Surge","floor":25,"key":"SMITH"},{"data":"Go for the Eyes","floor":32,"key":"SMITH"},{"floor":40,"key":"REST"},{"floor":42,"key":"REST"},{"data":"Melter","floor":49,"key":"SMITH"}],"circlet_count":0,"master_deck":["Defend_B","Defend_B","Defend_B","Zap","Dualcast","Auto Shields","Compile Driver","Rip and Tear+1","Buffer+1","Conserve Battery+1","Electrodynamics","CurseOfTheBell","Melter","Bite","Bite","Bite","Bite","Bite","Melter+1","Go for the Eyes+1","Core Surge+1","Reinforced Body+1","Beam Cell+1","Rip and Tear+1","Rebound+1","Creative AI","Sweeping Beam","Conserve Battery+1","Reinforced Body+1","Stack+1","Secret Technique","Reinforced Body+1"],"relics":["Cracked Core","Lizard Tail","Gremlin Horn","Cables","Calling Bell","Lantern","Letter Opener","Gambling Chip","Pen Nib","Symbiotic Virus","Nuclear Battery","Du-Vu Doll","Shuriken","Bottled Flame"],"acts_visited":["Exordium","TheCity","TheBeyond"],"potions_floor_usage":[16,33,33,38,39,50,50,50],"damage_taken":[{"damage":9,"enemies":"2 Louse","floor":1,"turns":2},{"damage":10,"enemies":"Small Slimes","floor":4,"turns":3},{"damage":1,"enemies":"Cultist","floor":5,"turns":3},{"damage":34,"enemies":"Lagavulin","floor":7,"turns":9},{"damage":0,"enemies":"Blue Slaver","floor":11,"turns":3},{"damage":6,"enemies":"Looter","floor":14,"turns":3},{"damage":70,"enemies":"Slime Boss","floor":16,"turns":18},{"damage":0,"enemies":"Chosen","floor":18,"turns":5},{"damage":14,"enemies":"3 Byrds","floor":21,"turns":3},{"damage":21,"enemies":"Snake Plant","floor":22,"turns":5},{"damage":0,"enemies":"Snecko","floor":24,"turns":5},{"damage":0,"enemies":"Sentry and Sphere","floor":28,"turns":3},{"damage":2,"enemies":"Shelled Parasite and Fungi","floor":29,"turns":2},{"damage":0,"enemies":"Snecko","floor":30,"turns":4},{"damage":39,"enemies":"Collector","floor":33,"turns":7},{"damage":5,"enemies":"3 Darklings","floor":35,"turns":4},{"damage":1,"enemies":"Orb Walker","floor":36,"turns":2},{"damage":27,"enemies":"Mind Bloom Boss Battle","floor":37,"turns":5},{"damage":57,"enemies":"Writhing Mass","floor":38,"turns":6},{"damage":3,"enemies":"3 Darklings","floor":39,"turns":5},{"damage":1,"enemies":"Sphere and 2 Shapes","floor":41,"turns":3},{"damage":5,"enemies":"Jaw Worm Horde","floor":44,"turns":4},{"damage":8,"enemies":"Maw","floor":46,"turns":6},{"damage":0,"enemies":"Sphere and 2 Shapes","floor":48,"turns":5},{"damage":66,"enemies":"Time Eater","floor":50,"turns":11}],"seed_played":"-4934884797145308640","potions_obtained":[{"floor":5,"key":"BlessingOfTheForge"},{"floor":14,"key":"AttackPotion"},{"floor":21,"key":"PotionOfCapacity"},{"floor":22,"key":"SteroidPotion"},{"floor":33,"key":"GamblersBrew"},{"floor":36,"key":"FairyPotion"},{"floor":37,"key":"Fire Potion"},{"floor":48,"key":"Swift Potion"}],"is_trial":false,"path_per_floor":["M","$","?","M","M","R","E","R","T","R","M","R","?","M","R","B",null,"M","?","$","M","M","R","M","R","T","?","M","M","M","$","R","B",null,"M","M","?","M","M","R","M","R","T","M","?","M","$","M","R","B"],"character_chosen":"DEFECT","items_purchased":["Melter","Pen Nib","CultistPotion","Bottled Flame","Swift Potion"],"campfire_rested":5,"item_purchase_floors":[20,20,47,47,47],"current_hp_per_floor":[66,66,66,56,55,55,21,43,43,65,65,65,58,52,52,20,75,75,52,52,43,30,45,51,51,51,51,52,50,52,52,52,20,52,50,51,31,4,11,26,33,48,48,49,49,48,48,52,52,0,0],"gold":65,"neow_bonus":"ONE_RARE_RELIC","is_daily":false,"chose_seed":false,"campfire_upgraded":6,"win_rate":0.0,"timestamp":1609713055,"path_taken":["M","$","?","M","M","R","E","R","T","R","M","R","?","M","R","BOSS","M","?","$","M","M","R","M","R","T","?","?","M","M","$","R","BOSS","M","M","?","M","M","R","M","R","T","M","?","M","?","M","R","BOSS"],"items_purchased_type":["Card","Relic","Potion","Relic","Potion"],"build_version":"2020-12-22","purchased_purges":1,"victory":false,"max_hp_per_floor":[75,75,75,75,75,75,75,75,75,75,75,75,75,75,75,75,75,75,52,52,52,52,52,52,52,52,52,52,52,52,52,52,52,52,52,52,52,52,52,52,52,52,52,52,52,52,52,52,52,52,52],"card_choices":[{"not_picked":["Streamline","Redo"],"picked":"Auto Shields","floor":1},{"not_picked":["Steam","Streamline"],"picked":"Compile Driver","floor":4},{"not_picked":["Hello World","Defragment"],"picked":"Rip and Tear","floor":5},{"not_picked":["Genetic Algorithm","Compile Driver","Coolheaded"],"picked":"SKIP","floor":7},{"not_picked":["Redo","Coolheaded"],"picked":"Buffer","floor":11},{"not_picked":["Compile Driver","Sweeping Beam"],"picked":"Conserve Battery","floor":14},{"not_picked":["Meteor Strike","All For One"],"picked":"Electrodynamics","floor":16},{"not_picked":["FTL","Double Energy"],"picked":"Melter","floor":18},{"not_picked":["Compile Driver","Coolheaded+1"],"picked":"Go for the Eyes","floor":21},{"not_picked":["Turbo","Stack"],"picked":"Core Surge","floor":22},{"not_picked":["Streamline","Beam Cell"],"picked":"Reinforced Body+1","floor":24},{"not_picked":["Melter+1","White Noise"],"picked":"Beam Cell+1","floor":28},{"not_picked":["Static Discharge","Tempest+1"],"picked":"Rip and Tear+1","floor":29},{"not_picked":["Leap","Steam+1"],"picked":"Rebound+1","floor":30},{"not_picked":["Seek","Rainbow"],"picked":"Creative AI","floor":33},{"not_picked":["Beam Cell","Blizzard+1","Go for the Eyes"],"picked":"SKIP","floor":35},{"not_picked":["Aggregate","Streamline"],"picked":"Sweeping Beam","floor":36},{"not_picked":["Sweeping Beam","Redo"],"picked":"Conserve Battery+1","floor":37},{"not_picked":["Barrage+1","Scrape+1"],"picked":"Reinforced Body+1","floor":38},{"not_picked":["Coolheaded+1","Genetic Algorithm"],"picked":"Stack+1","floor":39},{"not_picked":["Leap+1","Coolheaded+1","Compile Driver"],"picked":"SKIP","floor":41},{"not_picked":["Leap","Hologram","Double Energy"],"picked":"SKIP","floor":44},{"not_picked":["Swift Strike","Finesse"],"picked":"Secret Technique","floor":45},{"not_picked":["Ball Lightning+1","Lockon","Coolheaded"],"picked":"SKIP","floor":46},{"not_picked":["Steam","Redo"],"picked":"Reinforced Body+1","floor":48}],"player_experience":415103,"relics_obtained":[{"floor":7,"key":"Gremlin Horn"},{"floor":9,"key":"Cables"},{"floor":17,"key":"Lantern"},{"floor":17,"key":"Letter Opener"},{"floor":17,"key":"Gambling Chip"},{"floor":26,"key":"Symbiotic Virus"},{"floor":37,"key":"Du-Vu Doll"},{"floor":43,"key":"Shuriken"}],"event_choices":[{"cards_removed":["Strike_B"],"damage_healed":0,"gold_gain":0,"player_choice":"Forget","damage_taken":0,"max_hp_gain":0,"max_hp_loss":0,"event_name":"Living Wall","floor":3,"gold_loss":0},{"cards_removed":["Strike_B"],"damage_healed":0,"gold_gain":0,"player_choice":"Card Removal","damage_taken":7,"max_hp_gain":0,"max_hp_loss":0,"event_name":"Golden Wing","floor":13,"gold_loss":0},{"damage_healed":0,"gold_gain":0,"player_choice":"Became a vampire","damage_taken":0,"max_hp_gain":0,"max_hp_loss":23,"event_name":"Vampires","floor":19,"gold_loss":0,"cards_obtained":["Bite","Bite","Bite","Bite","Bite"]},{"damage_healed":0,"gold_gain":100,"player_choice":"Pray","damage_taken":0,"max_hp_gain":0,"max_hp_loss":0,"event_name":"Golden Shrine","floor":27,"gold_loss":0},{"damage_healed":0,"gold_gain":0,"player_choice":"Fight","damage_taken":0,"max_hp_gain":0,"max_hp_loss":0,"event_name":"MindBloom","floor":37,"gold_loss":0},{"damage_healed":0,"gold_gain":0,"player_choice":"Memory 1","damage_taken":0,"max_hp_gain":0,"max_hp_loss":0,"event_name":"SensoryStone","floor":45,"gold_loss":0}],"is_beta":false,"boss_relics":[{"not_picked":["Busted Crown","Ectoplasm"],"picked":"Calling Bell"},{"not_picked":["Tiny House","Black Star"],"picked":"Nuclear Battery"}],"items_purged_floors":[47],"is_endless":false,"potions_floor_spawned":[5,14,21,22,24,33,36,37,48],"killed_by":"Time Eater","ascension_level":2}}