{"host":"lnnm69al9x392px5","time":1609667702,"event":{"mods":["BaseMod","Downfall","Hermit","Minty Spire (QoL Compilation)","Replay The Spire","Robot Space Explorer","StSLib","The Cursed","The Dragon Tamer","The Marked"],"gold_per_floor":[115,310,310,329,342,367,387,387,387,151,175,192,214,239,239,344,344,344,344,16,16,16,16,16,16,16,16,16,16,16,0,0,0,0,0,0,0,0,0,0,0,0,0,0,0,0,0,0,0,0,0,0,0,0,0,0,0],"floor_reached":55,"playtime":3261,"items_purged":[],"score":782,"play_id":"83af9929-218a-4f91-8dcd-cdf8e5ac47a0","local_time":"20210103015502","is_ascension_mode":false,"metric_token":659,"campfire_choices":[{"data":"DTMod:InvisibleFlame","floor":8,"key":"SMITH"},{"floor":15,"key":"REST"},{"data":"DTMod:SealedStrike","floor":23,"key":"SMITH"},{"data":"DTMod:SealedStrike+1","floor":25,"key":"SMITH"},{"data":"DTMod:SealedStrike+2","floor":27,"key":"SMITH"},{"floor":32,"key":"DIG"},{"data":"DTMod:SealedStrike+3","floor":40,"key":"SMITH"},{"data":"DTMod:SealedStrike+4","floor":42,"key":"SMITH"},{"floor":49,"key":"RECALL"},{"data":"DTMod:Astonish","floor":52,"key":"SMITH"}],"dtmod_dragon_data":[0,50,1,3,14,3],"circlet_count":0,"master_deck":["DTMod:Strike+1","DTMod:Strike+1","DTMod:Strike+1","DTMod:Strike+1","DTMod:DoubleHit+1","DTMod:TargetDefense+1","DTMod:TargetDefense+1","DTMod:TargetDefense+1","DTMod:TargetDefense+1","DTMod:SwitchingTactic+1","DTMod:InvisibleFlame+1","DTMod:ComboAttack+1","DTMod:Training+1","DTMod:TagTeam+1","DTMod:ComboAttack+1","DTMod:ComboAttack+1","DTMod:CleansingStrike+1","DTMod:Dissolve+1","DTMod:ShieldDrain+1","DTMod:DarkBreath+1","DTMod:Safeguard+1","DTMod:MagicField+1","DTMod:HeadStart+1","DTMod:WarmUp+1","DTMod:BuildUp+1","DTMod:CrossStep+1","DTMod:CleansingStrike+1","DTMod:Training+1","DTMod:SealedStrike+5","DTMod:DragonDance+1","DTMod:Threaten+1","DTMod:ComboAttack+1","DTMod:BuildUp+1","DTMod:LightShield+1","DTMod:ComboAttack+1","DTMod:Coolant+1","DTMod:Shift+1","DTMod:ForkedFire+1","DTMod:Observe+1","DTMod:Astonish+1","DTMod:Overwhelm+1"],"relics":["DTMod:PactStone","Tiny Chest","ReplayTheSpireMod:Lightbulb","Replay:Bandana","Ectoplasm","Strawberry","ReplayTheSpireMod:TigerMarble","Painkiller Herb","Snack Pack","Orichalcum","Bronze Scales","Simple Rune"],"acts_visited":["Exordium","TheCity","TheBeyond","TheEnding"],"potions_floor_usage":[16,16,16,18,35,47,55,55],"damage_taken":[{"damage":0,"enemies":"Small Slimes","floor":1,"turns":4},{"damage":0,"enemies":"Jaw Worm","floor":4,"turns":3},{"damage":0,"enemies":"Cultist","floor":5,"turns":3},{"damage":2,"enemies":"Replay:BlueRogue","floor":6,"turns":6},{"damage":0,"enemies":"Large Slime","floor":7,"turns":3},{"damage":0,"enemies":"Looter","floor":11,"turns":3},{"damage":0,"enemies":"Blue Slaver","floor":12,"turns":2},{"damage":0,"enemies":"2 Fungi Beasts","floor":13,"turns":3},{"damage":9,"enemies":"3 Louse","floor":14,"turns":2},{"damage":17,"enemies":"Fading Forest","floor":16,"turns":11},{"damage":0,"enemies":"Chosen","floor":18,"turns":4},{"damage":8,"enemies":"Shell Parasite","floor":19,"turns":4},{"damage":18,"enemies":"Snecko","floor":22,"turns":5},{"damage":0,"enemies":"Centurion and Healer","floor":24,"turns":7},{"damage":4,"enemies":"Cultist and Chosen","floor":28,"turns":5},{"damage":0,"enemies":"Shelled Parasite and Fungi","floor":29,"turns":6},{"damage":0,"enemies":"Snake Plant","floor":30,"turns":4},{"damage":20,"enemies":"Champ","floor":33,"turns":10},{"damage":0,"enemies":"3 Darklings","floor":35,"turns":5},{"damage":0,"enemies":"3 Shapes","floor":38,"turns":3},{"damage":15,"enemies":"Sphere and 2 Shapes","floor":39,"turns":3},{"damage":0,"enemies":"Jaw Worm Horde","floor":45,"turns":4},{"damage":0,"enemies":"Writhing Mass","floor":46,"turns":4},{"damage":19,"enemies":"Reptomancer","floor":47,"turns":4},{"damage":0,"enemies":"Spire Growth","floor":48,"turns":4},{"damage":0,"enemies":"Time Eater","floor":50,"turns":6},{"damage":0,"enemies":"Shield and Spear","floor":54,"turns":6},{"damage":59,"enemies":"The Heart","floor":55,"turns":8}],"seed_played":"-3726762096682223467","potions_obtained":[{"floor":3,"key":"Block Potion"},{"floor":3,"key":"Adrenaline Potion"},{"floor":3,"key":"Languid Potion"},{"floor":4,"key":"Explosive Potion"},{"floor":6,"key":"SkillPotion"},{"floor":16,"key":"Swift Potion"},{"floor":22,"key":"LifebloodPotion"},{"floor":28,"key":"champ:CounterPotion"},{"floor":30,"key":"EssenceOfSteel"},{"floor":45,"key":"SkillPotion"},{"floor":47,"key":"SteroidPotion"}],"is_trial":false,"path_per_floor":["M","?","?","M","M","E","M","R","T","$","M","M","M","M","R","B",null,"M","M","$","?","M","R","M","R","T","R","M","M","M","?","R","B",null,"?","T","T","?","?","T","T","T","T","T","?","?","E","?","T","B",null,"T","T","E","B"],"character_chosen":"THE_DT","items_purchased":["Replay:Bandana","DTMod:CleansingStrike","DTMod:Dissolve","DTMod:CrossStep","DTMod:CleansingStrike","DTMod:Training","Strawberry"],"campfire_rested":1,"item_purchase_floors":[10,10,10,20,20,20,20],"current_hp_per_floor":[49,49,49,49,49,47,47,47,47,47,47,47,47,38,49,39,49,49,41,48,48,30,30,30,30,30,30,26,26,26,26,26,6,56,56,56,56,56,41,41,41,41,41,41,45,47,32,32,32,36,56,56,56,56,0,0,0],"gold":0,"neow_bonus":"TEN_PERCENT_HP_BONUS","is_daily":false,"chose_seed":false,"campfire_upgraded":7,"win_rate":0.0,"timestamp":1609667702,"path_taken":["M","?","?","M","M","E","M","R","T","$","?","M","M","M","R","BOSS","M","M","$","?","M","R","M","R","T","R","M","M","M","?","R","BOSS","?","?","T","?","?","T","T","T","T","T","?","?","E","?","T","BOSS","T","T","E","BOSS"],"items_purchased_type":["Relic","Card","Card","Card","Card","Card","Relic"],"build_version":"2020-12-22","purchased_purges":0,"victory":false,"max_hp_per_floor":[49,49,49,49,49,49,49,49,49,49,49,49,49,49,49,49,49,49,49,56,56,56,56,56,56,56,56,56,56,56,56,56,56,56,56,56,56,56,56,56,56,56,56,56,56,56,56,56,56,56,56,56,56,56,56,56,56],"card_choices":[{"not_picked":["DTMod:QuickFly","DTMod:Threaten"],"picked":"DTMod:InvisibleFlame","floor":1},{"not_picked":["DTMod:LowKick","DTMod:Hide"],"picked":"DTMod:ComboAttack","floor":2},{"not_picked":["DTMod:BreakAttack","DTMod:BurningEnergy"],"picked":"DTMod:Training","floor":4},{"not_picked":["DTMod:Cover","DTMod:RecklessFlurry"],"picked":"DTMod:TagTeam","floor":5},{"not_picked":["DTMod:Adaptation","DTMod:BurningEnergy"],"picked":"DTMod:ComboAttack","floor":6},{"not_picked":["DTMod:DeepFocus","DTMod:MasterPlan"],"picked":"DTMod:ComboAttack","floor":7},{"not_picked":["DTMod:FlameSlash","DTMod:MaximumCharge"],"picked":"DTMod:ShieldDrain","floor":11},{"not_picked":["DTMod:Punisher","DTMod:MasterPlan"],"picked":"DTMod:DarkBreath","floor":12},{"not_picked":["DTMod:FlameSlash","DTMod:Training"],"picked":"DTMod:Safeguard","floor":13},{"not_picked":["DTMod:DeepFocus","DTMod:Threaten"],"picked":"DTMod:MagicField","floor":14},{"not_picked":["DTMod:Inferno","DTMod:ResonanceForm"],"picked":"DTMod:HeadStart","floor":16},{"not_picked":["DTMod:Observe","DTMod:MagicField"],"picked":"DTMod:WarmUp","floor":18},{"not_picked":["DTMod:RunningTactic","DTMod:MagicField"],"picked":"DTMod:BuildUp","floor":19},{"not_picked":["DTMod:BreakAttack","DTMod:QuickFly"],"picked":"DTMod:SealedStrike","floor":22},{"not_picked":["DTMod:Threaten+1","DTMod:Feint+1"],"picked":"DTMod:DragonDance","floor":24},{"not_picked":["DTMod:TagTeam","DTMod:MagicField+1"],"picked":"DTMod:Threaten+1","floor":28},{"not_picked":["DTMod:Cover","DTMod:MagicField"],"picked":"DTMod:ComboAttack","floor":29},{"not_picked":["DTMod:Hide","DTMod:Threaten"],"picked":"DTMod:BuildUp+1","floor":30},{"not_picked":["DTMod:ResonanceForm","DTMod:ExcessFootwork"],"picked":"DTMod:LightShield","floor":33},{"not_picked":["DTMod:Threaten+1","DTMod:BizarreTactic"],"picked":"DTMod:ComboAttack","floor":35},{"not_picked":["DTMod:BlazingStrike","DTMod:Threaten+1"],"picked":"DTMod:Coolant+1","floor":38},{"not_picked":["DTMod:MasterPlan+1","DTMod:BlueScale+1"],"picked":"DTMod:Shift+1","floor":39},{"not_picked":["DTMod:GearUp","DTMod:TauntingStrike+1"],"picked":"DTMod:ForkedFire+1","floor":45},{"not_picked":["DTMod:Training","DTMod:Cover","DTMod:MasterPlan+1"],"picked":"SKIP","floor":46},{"not_picked":["DTMod:CleansingStrike","DTMod:RunningTactic+1"],"picked":"DTMod:Observe+1","floor":47},{"not_picked":["DTMod:CleansingStrike","DTMod:RecklessFlurry+1"],"picked":"DTMod:Astonish","floor":48},{"not_picked":["DTMod:TagTeam","DTMod:ExcessFootwork"],"picked":"DTMod:Overwhelm+1","floor":54}],"player_experience":294236,"relics_obtained":[{"floor":6,"key":"Tiny Chest"},{"floor":9,"key":"ReplayTheSpireMod:Lightbulb"},{"floor":32,"key":"ReplayTheSpireMod:TigerMarble"},{"floor":36,"key":"Snack Pack"},{"floor":43,"key":"Orichalcum"},{"floor":47,"key":"Bronze Scales"},{"floor":54,"key":"Simple Rune"}],"event_choices":[{"damage_healed":0,"gold_gain":0,"player_choice":"Got Potions","damage_taken":0,"max_hp_gain":0,"max_hp_loss":0,"event_name":"Lab","floor":3,"gold_loss":0},{"damage_healed":0,"gold_gain":0,"player_choice":"Paid Fearfully","damage_taken":0,"max_hp_gain":0,"max_hp_loss":0,"event_name":"Masked Bandits","floor":31,"gold_loss":16}],"is_beta":false,"boss_relics":[{"not_picked":["Abe\u0027s Treasure","Astrolabe"],"picked":"Ectoplasm"},{"not_picked":["Fusion Hammer","ChewingGum"],"picked":"Painkiller Herb"}],"items_purged_floors":[],"is_endless":false,"potions_floor_spawned":[4,6,12,16,22,28,30,45,47],"killed_by":"The Heart","ascension_level":0}}