{"host":"yecadp3kwkksam5a","time":1609656210,"event":{"mods":["BaseMod","Minty Spire (QoL Compilation)","StSLib"],"gold_per_floor":[110,127,147,157,157,157,192,211,281,281,301,8,21,34,34,135,135,147,165,18,36,56,87,87,115,115,150,168,198,198,215,215,315,315,327,381,27,77,92,117,418,418,418,418,447,447,478,491,491,491,491,491,98,130,130],"floor_reached":56,"playtime":4358,"items_purged":["Defend_B","Strike_B","Defend_B","Darkness+1"],"score":2285,"play_id":"9d0df63a-393c-4195-bab8-b44d44aacf90","local_time":"20210103154330","is_ascension_mode":true,"campfire_choices":[{"data":"Chaos","floor":6,"key":"SMITH"},{"data":"1","floor":10,"key":"LIFT"},{"data":"Darkness","floor":15,"key":"SMITH"},{"data":"Chaos","floor":24,"key":"SMITH"},{"data":"Dualcast","floor":32,"key":"SMITH"},{"floor":42,"key":"RECALL"},{"data":"Zap","floor":44,"key":"PURGE"},{"data":"Hologram","floor":49,"key":"SMITH"},{"data":"Strike_B+1","floor":52,"key":"PURGE"}],"circlet_count":0,"master_deck":["Dualcast+1","Skim","Genetic Algorithm","Chaos+1","Glacier","Redo","Core Surge","Chaos+1","Seek","Biased Cognition","Fission+1","Meteor Strike+1","Compile Driver+1","Skim","Loop+1","Turbo","Meteor Strike","Reinforced Body","Echo Form+1","Conserve Battery","Hologram+1","Coolheaded+1","Hologram+1"],"relics":["Cracked Core","Girya","Singing Bowl","Orrery","Nuclear Battery","Bird Faced Urn","Nunchaku","Whetstone","Gremlin Horn","Anchor","Ice Cream","Sozu","Gambling Chip","Bottled Tornado","Calipers","Peace Pipe","Ornamental Fan","Thread and Needle","Sundial","Symbiotic Virus","InkBottle","Bronze Scales"],"acts_visited":["Exordium","TheCity","TheBeyond","TheEnding"],"potions_floor_usage":[25],"damage_taken":[{"damage":0,"enemies":"Small Slimes","floor":1,"turns":3},{"damage":6,"enemies":"2 Louse","floor":2,"turns":3},{"damage":3,"enemies":"Jaw Worm","floor":3,"turns":4},{"damage":3,"enemies":"Blue Slaver","floor":4,"turns":3},{"damage":9,"enemies":"Lagavulin","floor":7,"turns":11},{"damage":0,"enemies":"2 Fungi Beasts","floor":8,"turns":4},{"damage":1,"enemies":"Exordium Wildlife","floor":11,"turns":6},{"damage":3,"enemies":"Red Slaver","floor":13,"turns":4},{"damage":1,"enemies":"Looter","floor":14,"turns":4},{"damage":26,"enemies":"Hexaghost","floor":16,"turns":10},{"damage":1,"enemies":"2 Thieves","floor":18,"turns":4},{"damage":0,"enemies":"Spheric Guardian","floor":19,"turns":2},{"damage":13,"enemies":"Snecko","floor":21,"turns":5},{"damage":2,"enemies":"3 Cultists","floor":22,"turns":5},{"damage":34,"enemies":"Slavers","floor":23,"turns":6},{"damage":0,"enemies":"Gremlin Leader","floor":25,"turns":4},{"damage":6,"enemies":"Book of Stabbing","floor":27,"turns":4},{"damage":0,"enemies":"Snake Plant","floor":28,"turns":2},{"damage":0,"enemies":"Slavers","floor":29,"turns":1},{"damage":2,"enemies":"Cultist and Chosen","floor":31,"turns":3},{"damage":0,"enemies":"Champ","floor":33,"turns":8},{"damage":0,"enemies":"3 Darklings","floor":35,"turns":4},{"damage":17,"enemies":"2 Orb Walkers","floor":36,"turns":4},{"damage":3,"enemies":"Mind Bloom Boss Battle","floor":38,"turns":3},{"damage":1,"enemies":"Orb Walker","floor":39,"turns":2},{"damage":3,"enemies":"Giant Head","floor":40,"turns":6},{"damage":0,"enemies":"Nemesis","floor":45,"turns":3},{"damage":0,"enemies":"Reptomancer","floor":47,"turns":3},{"damage":0,"enemies":"Sphere and 2 Shapes","floor":48,"turns":2},{"damage":0,"enemies":"Donu and Deca","floor":50,"turns":4},{"damage":0,"enemies":"Shield and Spear","floor":54,"turns":2},{"damage":0,"enemies":"The Heart","floor":55,"turns":4}],"seed_played":"-7306493728358559365","potions_obtained":[{"floor":3,"key":"SteroidPotion"},{"floor":4,"key":"DistilledChaos"},{"floor":8,"key":"PowerPotion"},{"floor":29,"key":"DuplicationPotion"}],"is_trial":false,"path_per_floor":["M","M","M","M","?","R","E","M","T","R","M","$","M","M","R","B",null,"M","M","$","M","M","E","R","E","T","E","M","E","?","M","R","B",null,"M","?","$","?","M","E","$","R","T","R","E","?","E","M","R","B",null,"R","$","E","B",null],"character_chosen":"DEFECT","items_purchased":["Orrery","Darkness","Fission","Bottled Tornado","Ornamental Fan","Thread and Needle","InkBottle"],"campfire_rested":0,"item_purchase_floors":[12,12,20,37,41,41,53],"current_hp_per_floor":[68,62,59,56,49,49,40,40,40,40,39,47,46,47,47,21,65,66,68,68,57,55,21,21,25,25,21,25,25,25,29,29,33,77,81,70,70,73,74,81,81,81,81,81,89,89,93,93,93,93,93,93,93,95,95],"gold":130,"neow_bonus":"REMOVE_TWO","is_daily":false,"chose_seed":false,"campfire_upgraded":5,"win_rate":0.0,"timestamp":1609656210,"path_taken":["M","M","M","M","?","R","E","M","T","R","M","$","M","M","R","BOSS","M","M","$","M","M","E","R","E","T","E","M","E","?","M","R","BOSS","M","?","$","?","M","E","$","R","T","R","E","?","E","M","R","BOSS","R","$","E","BOSS"],"items_purchased_type":["Relic","Card","Card","Relic","Relic","Relic","Relic"],"build_version":"2020-12-22","purchased_purges":4,"victory":true,"max_hp_per_floor":[68,68,68,68,68,68,68,68,68,68,68,76,78,80,80,80,80,82,84,84,86,86,86,86,88,88,88,90,90,90,92,92,92,92,92,94,94,94,94,96,96,96,96,96,98,93,93,93,93,93,93,93,93,95,95],"card_choices":[{"not_picked":["Leap","Hologram"],"picked":"Skim","floor":1},{"not_picked":["Sweeping Beam","Streamline"],"picked":"Genetic Algorithm","floor":2},{"not_picked":["Go for the Eyes","Ball Lightning"],"picked":"Chaos","floor":3},{"not_picked":["Redo","Doom and Gloom"],"picked":"Glacier","floor":4},{"not_picked":["Reprogram","Rebound"],"picked":"Redo","floor":7},{"not_picked":["Cold Snap","Sweeping Beam"],"picked":"Core Surge","floor":8},{"not_picked":["Tempest","Coolheaded"],"picked":"Chaos","floor":11},{"not_picked":["Hologram","Genetic Algorithm","Scrape"],"picked":"Singing Bowl","floor":12},{"not_picked":["Hologram","Leap"],"picked":"Seek","floor":12},{"not_picked":["Stack","Rebound","Auto Shields"],"picked":"Singing Bowl","floor":12},{"not_picked":["Ball Lightning","BootSequence","Go for the Eyes"],"picked":"Singing Bowl","floor":12},{"not_picked":["Blizzard","Beam Cell","Rebound"],"picked":"Singing Bowl","floor":12},{"not_picked":["Reprogram","Redo","Compile Driver"],"picked":"Singing Bowl","floor":13},{"not_picked":["Ball Lightning","Streamline","Consume"],"picked":"Singing Bowl","floor":14},{"not_picked":["Amplify","Thunder Strike"],"picked":"Biased Cognition","floor":16},{"not_picked":["Leap+1","Sweeping Beam+1","Chaos"],"picked":"Singing Bowl","floor":18},{"not_picked":["Go for the Eyes+1","Defragment","Hologram"],"picked":"Singing Bowl","floor":19},{"not_picked":["Storm","Gash","Darkness"],"picked":"Singing Bowl","floor":21},{"not_picked":["Ball Lightning","Rip and Tear"],"picked":"Compile Driver","floor":22},{"not_picked":["Go for the Eyes","Beam Cell+1"],"picked":"Skim","floor":23},{"not_picked":["Redo","Thunder Strike","Tempest"],"picked":"Singing Bowl","floor":25},{"not_picked":["Redo","Compile Driver"],"picked":"Loop+1","floor":27},{"not_picked":["Compile Driver+1","Barrage","Darkness"],"picked":"Singing Bowl","floor":28},{"not_picked":["Static Discharge","Ball Lightning"],"picked":"Turbo","floor":29},{"not_picked":["Beam Cell","Rebound+1","Core Surge"],"picked":"Singing Bowl","floor":31},{"not_picked":["Electrodynamics","Rainbow"],"picked":"Meteor Strike","floor":33},{"not_picked":["Steam Power+1","Go for the Eyes+1"],"picked":"Reinforced Body","floor":35},{"not_picked":["Beam Cell+1","Doom and Gloom+1","Streamline"],"picked":"Singing Bowl","floor":36},{"not_picked":["Chaos","Turbo"],"picked":"Conserve Battery","floor":38},{"not_picked":["Barrage+1","Ball Lightning+1"],"picked":"Hologram","floor":39},{"not_picked":["Steam+1","Reinforced Body","Stack"],"picked":"Singing Bowl","floor":40},{"not_picked":["Streamline","Redo+1","Sweeping Beam"],"picked":"Singing Bowl","floor":45},{"not_picked":["Go for the Eyes+1","Reboot"],"picked":"Coolheaded+1","floor":47},{"not_picked":["Turbo","Conserve Battery+1"],"picked":"Hologram+1","floor":48},{"not_picked":["Auto Shields","Turbo+1","Ball Lightning"],"picked":"Singing Bowl","floor":54}],"player_experience":313097,"relics_obtained":[{"floor":7,"key":"Girya"},{"floor":9,"key":"Singing Bowl"},{"floor":23,"key":"Bird Faced Urn"},{"floor":25,"key":"Nunchaku"},{"floor":26,"key":"Whetstone"},{"floor":27,"key":"Gremlin Horn"},{"floor":29,"key":"Anchor"},{"floor":36,"key":"Gambling Chip"},{"floor":38,"key":"Calipers"},{"floor":40,"key":"Peace Pipe"},{"floor":45,"key":"Sundial"},{"floor":47,"key":"Symbiotic Virus"},{"floor":54,"key":"Bronze Scales"}],"event_choices":[{"cards_removed":["Strike_B"],"damage_healed":0,"gold_gain":0,"player_choice":"Card Removal","damage_taken":7,"max_hp_gain":0,"max_hp_loss":0,"event_name":"Golden Wing","floor":5,"gold_loss":0},{"cards_removed":["Defend_B"],"damage_healed":0,"gold_gain":0,"player_choice":"Elegance","damage_taken":0,"max_hp_gain":0,"max_hp_loss":0,"event_name":"Back to Basics","floor":30,"gold_loss":0},{"damage_healed":0,"gold_gain":0,"player_choice":"Fight","damage_taken":0,"max_hp_gain":0,"max_hp_loss":0,"event_name":"Mysterious Sphere","floor":36,"gold_loss":0},{"damage_healed":0,"gold_gain":0,"player_choice":"Fight","damage_taken":0,"max_hp_gain":0,"max_hp_loss":0,"event_name":"MindBloom","floor":38,"gold_loss":0},{"damage_healed":0,"gold_gain":0,"player_choice":"Max HP","damage_taken":0,"max_hp_gain":0,"max_hp_loss":5,"event_name":"Winding Halls","floor":46,"gold_loss":0}],"is_beta":false,"boss_relics":[{"not_picked":["FrozenCore","Black Star","Runic Dome"]},{"not_picked":["Runic Pyramid","Snecko Eye"],"picked":"Sozu"}],"items_purged_floors":[12,37,41,53],"is_endless":false,"potions_floor_spawned":[3,4,8,11,14,19,21,22,29,36,39,40,45,48,54],"ascension_level":9}}