{"host":"Fun","time":1609706535,"event":{"mods":["BaseMod","Colored Map","Filter the Spire","Minty Spire (QoL Compilation)","Relic Stats","StSLib"],"gold_per_floor":[118,118,132,132,43,75,75,103,128,128,145,145,164,175,175,266,266,276,276,290,26,26,57,69,111,170,182,194,206,238,282,294,380,392,416,326,42,52,52,52,81,162,242,242,273,293,293,15,15,15],"floor_reached":51,"playtime":1891,"items_purged":["Strike_G","Regret"],"score":1412,"play_id":"346bdb09-1621-41bc-8d8d-69a49dbccd5d","local_time":"20210103154215","is_ascension_mode":true,"campfire_choices":[{"data":"Deadly Poison","floor":7,"key":"SMITH"},{"data":"Dagger Spray","floor":10,"key":"SMITH"},{"data":"Accuracy","floor":12,"key":"SMITH"},{"data":"Footwork","floor":15,"key":"SMITH"},{"data":"Well Laid Plans","floor":24,"key":"SMITH"},{"data":"Malaise","floor":27,"key":"SMITH"},{"data":"Envenom","floor":32,"key":"SMITH"},{"data":"Dodge and Roll","floor":40,"key":"SMITH"},{"data":"Adrenaline","floor":44,"key":"SMITH"},{"floor":47,"key":"REST"},{"floor":49,"key":"REST"}],"circlet_count":0,"master_deck":["AscendersBane","Strike_G+1","Strike_G+1","Strike_G","Defend_G","Defend_G","Defend_G","Defend_G","Defend_G","Survivor","Neutralize","Cloak And Dagger+1","Dagger Spray+1","Dash","Deadly Poison+1","Finisher","Accuracy+1","Footwork+1","Envenom+1","Blade Dance","Well Laid Plans+1","Blade Dance","Malaise+1","Clumsy","Adrenaline+1","CurseOfTheBell","Dodge and Roll+1","PiercingWail+1","Leg Sweep","Regret","Acrobatics+1","Accuracy","Blind","Escape Plan+1"],"relics":["Ring of the Snake","WarpedTongs","Potion Belt","Bag of Marbles","Whetstone","Tiny Chest","Cursed Key","Meat on the Bone","MawBank","Boot","Oddly Smooth Stone","Toy Ornithopter","Calling Bell","Centennial Puzzle","Ornamental Fan","FossilizedHelix","Dream Catcher","OrangePellets","Pear","Bottled Lightning","Molten Egg 2","CaptainsWheel"],"acts_visited":["Exordium","TheCity","TheBeyond"],"potions_floor_usage":[6,16,23,31,33,41,45,45],"damage_taken":[{"damage":0,"enemies":"Small Slimes","floor":1,"turns":4},{"damage":0,"enemies":"Cultist","floor":3,"turns":3},{"damage":5,"enemies":"3 Sentries","floor":6,"turns":6},{"damage":16,"enemies":"Gremlin Nob","floor":8,"turns":4},{"damage":1,"enemies":"Jaw Worm","floor":11,"turns":3},{"damage":0,"enemies":"Large Slime","floor":13,"turns":4},{"damage":0,"enemies":"Blue Slaver","floor":14,"turns":2},{"damage":20,"enemies":"Slime Boss","floor":16,"turns":10},{"damage":0,"enemies":"Chosen","floor":18,"turns":3},{"damage":1,"enemies":"3 Byrds","floor":20,"turns":4},{"damage":3,"enemies":"Slavers","floor":23,"turns":4},{"damage":21,"enemies":"Book of Stabbing","floor":25,"turns":5},{"damage":0,"enemies":"Centurion and Healer","floor":30,"turns":4},{"damage":14,"enemies":"Gremlin Leader","floor":31,"turns":7},{"damage":39,"enemies":"Automaton","floor":33,"turns":10},{"damage":0,"enemies":"Orb Walker","floor":35,"turns":3},{"damage":0,"enemies":"3 Shapes","floor":38,"turns":8},{"damage":31,"enemies":"Giant Head","floor":41,"turns":7},{"damage":47,"enemies":"Reptomancer","floor":45,"turns":11},{"damage":18,"enemies":"Transient","floor":46,"turns":6},{"damage":27,"enemies":"Awakened One","floor":50,"turns":17}],"seed_played":"-8003278279140813563","potions_obtained":[{"floor":3,"key":"AttackPotion"},{"floor":6,"key":"SpeedPotion"},{"floor":13,"key":"ColorlessPotion"},{"floor":20,"key":"Explosive Potion"},{"floor":23,"key":"AttackPotion"},{"floor":33,"key":"GhostInAJar"},{"floor":38,"key":"Explosive Potion"},{"floor":41,"key":"DistilledChaos"}],"is_trial":false,"path_per_floor":["M","?","M","?","$","E","R","E","T","R","M","R","M","M","R","B",null,"M","?","M","$","?","E","R","E","T","R","$","T","M","E","R","B",null,"M","?","$","M","?","R","E","T","T","R","E","M","R","$","R","B",null],"character_chosen":"THE_SILENT","items_purchased":["Dash","Deadly Poison","Meat on the Bone","OrangePellets","Dodge and Roll","Accuracy","Blind"],"campfire_rested":2,"item_purchase_floors":[5,5,21,37,37,48,48],"current_hp_per_floor":[59,59,59,52,52,47,47,31,31,31,30,30,30,30,30,10,52,52,52,51,51,33,42,42,33,33,33,33,33,45,43,43,21,59,59,59,59,59,59,59,55,55,55,55,30,24,48,48,72,45],"gold":15,"neow_bonus":"RANDOM_COMMON_RELIC","is_daily":false,"chose_seed":false,"campfire_upgraded":9,"win_rate":0.0,"timestamp":1609706535,"path_taken":["M","?","?","?","$","E","R","E","T","R","M","R","M","M","R","BOSS","M","?","M","$","?","E","R","E","T","R","?","?","M","E","R","BOSS","M","?","$","?","?","R","E","?","T","R","E","M","R","?","R","BOSS"],"items_purchased_type":["Card","Card","Relic","Relic","Card","Card","Card"],"build_version":"2020-12-18","purchased_purges":2,"victory":true,"max_hp_per_floor":[66,66,66,66,66,66,66,66,66,66,66,66,66,66,66,66,66,66,66,66,66,71,71,71,71,71,71,71,71,71,71,71,71,71,71,71,71,71,71,71,81,81,81,81,81,81,81,81,81,81],"relic_stats":{"counters":[21,125],"Whetstone":["Strike_G","Strike_G"],"Cursed Key":3,"MawBank":168,"Boot":[41],"WarpedTongs":[119],"OrangePellets":[0],"Centennial Puzzle":[12],"Dream Catcher":2,"Ornamental Fan":[136],"Tiny Chest":2,"obtain_stats":[{"Potion Belt":0,"Pear":41,"Oddly Smooth Stone":26,"Whetstone":8,"Cursed Key":17,"MawBank":23,"Boot":25,"WarpedTongs":0,"Calling Bell":34,"OrangePellets":37,"Centennial Puzzle":34,"Dream Catcher":36,"CaptainsWheel":45,"Ornamental Fan":34,"Tiny Chest":9,"Molten Egg 2":43,"Bag of Marbles":6,"Bottled Lightning":42,"Toy Ornithopter":31,"FossilizedHelix":34,"Ring of the Snake":0,"Meat on the Bone":21},{"Potion Belt":0,"Pear":18,"Oddly Smooth Stone":12,"Whetstone":4,"Cursed Key":8,"MawBank":11,"Boot":12,"WarpedTongs":0,"Calling Bell":15,"OrangePellets":16,"Centennial Puzzle":15,"Dream Catcher":16,"CaptainsWheel":19,"Ornamental Fan":15,"Tiny Chest":4,"Molten Egg 2":18,"Bag of Marbles":3,"Bottled Lightning":18,"Toy Ornithopter":14,"FossilizedHelix":15,"Ring of the Snake":0,"Meat on the Bone":10},{"Potion Belt":0,"Pear":91,"Oddly Smooth Stone":52,"Whetstone":17,"Cursed Key":36,"MawBank":47,"Boot":52,"WarpedTongs":0,"Calling Bell":73,"OrangePellets":76,"Centennial Puzzle":73,"Dream Catcher":76,"CaptainsWheel":102,"Ornamental Fan":73,"Tiny Chest":17,"Molten Egg 2":91,"Bag of Marbles":13,"Bottled Lightning":91,"Toy Ornithopter":63,"FossilizedHelix":73,"Ring of the Snake":0,"Meat on the Bone":43}],"Toy Ornithopter":20,"Ring of the Snake":[42],"Meat on the Bone":96},"card_choices":[{"not_picked":["Concentrate","Masterful Stab"],"picked":"Cloak And Dagger","floor":1},{"not_picked":["Skewer","Predator"],"picked":"Dagger Spray","floor":3},{"not_picked":["Deadly Poison","Dagger Spray","Dagger Throw"],"picked":"SKIP","floor":6},{"not_picked":["Calculated Gamble","Slice"],"picked":"Finisher","floor":8},{"not_picked":["Backflip","Sucker Punch"],"picked":"Accuracy","floor":11},{"not_picked":["Prepared","Sucker Punch","Flying Knee"],"picked":"SKIP","floor":13},{"not_picked":["Calculated Gamble","Sucker Punch"],"picked":"Footwork","floor":14},{"not_picked":["Malaise","Die Die Die"],"picked":"Envenom","floor":16},{"not_picked":["Endless Agony","Deadly Poison"],"picked":"Blade Dance","floor":18},{"not_picked":["Flying Knee","Concentrate"],"picked":"Well Laid Plans","floor":20},{"not_picked":["Escape Plan","Poisoned Stab"],"picked":"Blade Dance","floor":23},{"not_picked":["Underhanded Strike","Sucker Punch"],"picked":"Malaise","floor":25},{"not_picked":["Underhanded Strike","Distraction","Prepared+1"],"picked":"SKIP","floor":30},{"not_picked":["Finisher+1","Quick Slash","Caltrops"],"picked":"SKIP","floor":31},{"not_picked":["Storm of Steel","Unload"],"picked":"Adrenaline","floor":33},{"not_picked":["Calculated Gamble","Setup","Deflect"],"picked":"SKIP","floor":35},{"not_picked":["Flying Knee","Outmaneuver"],"picked":"PiercingWail+1","floor":38},{"not_picked":["Endless Agony","Blade Dance"],"picked":"Leg Sweep","floor":41},{"not_picked":["Blur","Quick Slash+1","Catalyst"],"picked":"SKIP","floor":45},{"not_picked":["Quick Slash+1","Prepared"],"picked":"Acrobatics+1","floor":46},{"not_picked":["Caltrops","Crippling Poison"],"picked":"Escape Plan+1","floor":49}],"player_experience":144486,"relics_obtained":[{"floor":6,"key":"Bag of Marbles"},{"floor":8,"key":"Whetstone"},{"floor":9,"key":"Tiny Chest"},{"floor":23,"key":"MawBank"},{"floor":25,"key":"Boot"},{"floor":26,"key":"Oddly Smooth Stone"},{"floor":31,"key":"Toy Ornithopter"},{"floor":34,"key":"Centennial Puzzle"},{"floor":34,"key":"Ornamental Fan"},{"floor":34,"key":"FossilizedHelix"},{"floor":41,"key":"Pear"},{"floor":42,"key":"Bottled Lightning"},{"floor":43,"key":"Molten Egg 2"},{"floor":45,"key":"CaptainsWheel"}],"event_choices":[{"damage_healed":0,"gold_gain":0,"player_choice":"Upgraded","damage_taken":0,"max_hp_gain":0,"max_hp_loss":0,"event_name":"Upgrade Shrine","floor":2,"gold_loss":0,"cards_upgraded":["Cloak And Dagger"]},{"cards_removed":["Strike_G"],"damage_healed":0,"gold_gain":0,"player_choice":"Card Removal","damage_taken":7,"max_hp_gain":0,"max_hp_loss":0,"event_name":"Golden Wing","floor":4,"gold_loss":0},{"damage_healed":0,"gold_gain":0,"player_choice":"Ignored","damage_taken":0,"max_hp_gain":0,"max_hp_loss":0,"event_name":"Ghosts","floor":19,"gold_loss":0},{"damage_healed":0,"gold_gain":0,"player_choice":"Shed Blood","damage_taken":23,"max_hp_gain":5,"max_hp_loss":0,"event_name":"Forgotten Altar","floor":22,"gold_loss":0},{"damage_healed":0,"gold_gain":0,"player_choice":"Paid Gold","damage_taken":0,"relics_obtained":["Dream Catcher"],"max_hp_gain":0,"max_hp_loss":0,"event_name":"WeMeetAgain","floor":36,"gold_loss":102},{"damage_healed":0,"gold_gain":0,"player_choice":"Ignored","damage_taken":0,"max_hp_gain":0,"max_hp_loss":0,"event_name":"Mysterious Sphere","floor":39,"gold_loss":0}],"is_beta":true,"boss_relics":[{"not_picked":["Astrolabe","Black Star"],"picked":"Cursed Key"},{"not_picked":["Ring of the Serpent","Sozu"],"picked":"Calling Bell"}],"items_purged_floors":[37,48],"is_endless":false,"potions_floor_spawned":[3,6,13,20,23,33,38,41],"ascension_level":18}}