{"host":"szp1d6dso4pv7ddl","time":1609640155,"event":{"mods":["AchievementEnabler","Alarm Clock","BaseMod","Bestiary","Block Reminder","Colored Map","Colored Powertips","Curses Come First","Displayed Cursed Tome","Highlight Path","Minty Spire (QoL Compilation)","Permanent Neow","Quick Restart","Relic Sorter","Relic Stats","StSLib","Synergy Search"],"gold_per_floor":[112,128,128,83,95,95,130,130,130,150,170,182,28,45,45,45,45],"floor_reached":16,"playtime":795,"items_purged":["Clothesline"],"score":166,"play_id":"30744040-fb9a-4dc5-892b-39d0303c7018","local_time":"20210102181555","is_ascension_mode":true,"campfire_choices":[{"floor":6.0,"key":"REST"},{"floor":15.0,"key":"REST"}],"circlet_count":0,"master_deck":["AscendersBane","Strike_R","Strike_R","Strike_R","Strike_R","Strike_R","Defend_R","Defend_R","Defend_R","Defend_R","Bash","Brutality","Clothesline","Shrug It Off","Twin Strike+1","Spot Weakness","Thunderclap","Rupture","Reaper"],"relics":["Burning Blood","Kunai","Shuriken","Bottled Flame"],"acts_visited":["Exordium"],"potions_floor_usage":[16],"damage_taken":[{"damage":12.0,"enemies":"Jaw Worm","floor":1.0,"turns":2.0},{"damage":10.0,"enemies":"2 Louse","floor":2.0,"turns":3.0},{"damage":6.0,"enemies":"Cultist","floor":5.0,"turns":3.0},{"damage":38.0,"enemies":"Gremlin Nob","floor":7.0,"turns":5.0},{"damage":20.0,"enemies":"Gremlin Gang","floor":10.0,"turns":5.0},{"damage":6.0,"enemies":"2 Fungi Beasts","floor":11.0,"turns":3.0},{"damage":14.0,"enemies":"Red Slaver","floor":12.0,"turns":2.0},{"damage":3.0,"enemies":"3 Louse","floor":14.0,"turns":3.0},{"damage":62,"enemies":"Slime Boss","floor":16,"turns":7}],"seed_played":"-7038164127603806870","potions_obtained":[{"floor":1.0,"key":"SkillPotion"},{"floor":5.0,"key":"Strength Potion"},{"floor":12.0,"key":"FearPotion"}],"is_trial":false,"path_per_floor":["M","M","?","$","M","R","E","?","T","M","M","M","$","M","R","B"],"character_chosen":"IRONCLAD","items_purchased":["Shrug It Off","Rupture"],"campfire_rested":2,"item_purchase_floors":[4,13],"current_hp_per_floor":[66,62,50,50,50,74,42,42,42,28,28,20,20,23,47,0,0],"gold":45,"neow_bonus":"ONE_RANDOM_RARE_CARD","is_daily":false,"chose_seed":false,"campfire_upgraded":0,"win_rate":0.0,"timestamp":1609640155,"path_taken":["M","M","?","$","M","R","E","?","T","?","M","M","$","?","R","BOSS"],"items_purchased_type":["Card","Card"],"build_version":"2020-12-22","purchased_purges":1,"victory":false,"max_hp_per_floor":[80,80,80,80,80,80,80,80,80,80,80,80,80,80,80,80,80],"relic_stats":{"counters":[9,33],"Shuriken":[3],"Kunai":[4],"obtain_stats":[{"Bottled Flame":9,"Shuriken":7,"Kunai":3,"Burning Blood":0},{"Bottled Flame":4,"Shuriken":4,"Kunai":2,"Burning Blood":0},{"Bottled Flame":13,"Shuriken":13,"Kunai":5,"Burning Blood":0}],"Burning Blood":48},"card_choices":[{"not_picked":["Flame Barrier","Clash"],"picked":"Clothesline","floor":1.0},{"not_picked":["Sword Boomerang","Anger"],"picked":"Clothesline","floor":2.0},{"not_picked":["Bloodletting","Clash"],"picked":"Twin Strike","floor":5.0},{"not_picked":["Feel No Pain","Burning Pact","Carnage"],"picked":"SKIP","floor":7.0},{"not_picked":["Twin Strike","Inflame"],"picked":"Spot Weakness","floor":10.0},{"not_picked":["Headbutt","True Grit","Armaments"],"picked":"SKIP","floor":11.0},{"not_picked":["True Grit","Whirlwind"],"picked":"Thunderclap","floor":12.0},{"not_picked":["Seeing Red","Dark Embrace"],"picked":"Reaper","floor":14.0}],"player_experience":1102355,"relics_obtained":[{"floor":7.0,"key":"Shuriken"},{"floor":9.0,"key":"Bottled Flame"}],"event_choices":[{"damage_healed":0.0,"max_hp_gain":0.0,"max_hp_loss":0.0,"gold_gain":0.0,"event_name":"Scrap Ooze","player_choice":"Success","floor":3.0,"gold_loss":0.0,"damage_taken":12.0,"relics_obtained":["Kunai"]},{"damage_healed":0.0,"max_hp_gain":0.0,"max_hp_loss":0.0,"gold_gain":0.0,"event_name":"Upgrade Shrine","player_choice":"Upgraded","floor":8.0,"gold_loss":0.0,"damage_taken":0.0,"cards_upgraded":["Twin Strike"]}],"is_beta":false,"boss_relics":[],"items_purged_floors":[13],"is_endless":false,"potions_floor_spawned":[1,5,12],"killed_by":"Slime Boss","ascension_level":12}}