{"host":"82vjcvwyw2j7afb1","time":1609695587,"event":{"mods":["BaseMod","Colored Map","DeckTracker","Keyboard Shortcuts","Minty Spire (QoL Compilation)","Permanent Neow","Quick Restart","StSLib","SuperFastMode","everything is the same but u backflip on backflip"],"gold_per_floor":[212,17,32,47,47,73,73,35,85,104,139,156,169,181,181,284,284,301,320,245,15,27,56,56,85,85,85,153,171,185,185,185,283,283,295,295,305,305,305,305,336,336,336],"floor_reached":42,"playtime":1838,"items_purged":[],"score":552,"play_id":"592ea6fa-f641-4c63-a329-4925b6925d2c","local_time":"20210104023947","is_ascension_mode":true,"campfire_choices":[{"floor":15.0,"key":"REST"},{"floor":24.0,"key":"REST"},{"floor":32.0,"key":"REST"},{"data":"Limit Break","floor":40.0,"key":"SMITH"}],"circlet_count":0,"master_deck":["Strike_R","Strike_R+1","Strike_R","Strike_R","Defend_R","Defend_R","Defend_R","Bash+1","Flex","Burning Pact","Double Tap","Heavy Blade+1","Hemokinesis","Wild Strike","Clash","Cleave","Battle Trance","Disarm","Limit Break+1","Sever Soul","Wild Strike","Flex","Sentinel+1","Clash","Impervious","Writhe","Seeing Red+1","Ghostly Armor+1","Impervious","Heavy Blade","Dual Wield+1","Flex+1"],"relics":["Burning Blood","Sling","Whetstone","Juzu Bracelet","Boot","Velvet Choker","PreservedInsect","Calipers","Blood Vial","Lizard Tail","Mercury Hourglass","Shuriken","Sozu","Thread and Needle","The Courier"],"acts_visited":["Exordium","TheCity","TheBeyond"],"potions_floor_usage":[],"damage_taken":[{"damage":0.0,"enemies":"Small Slimes","floor":1.0,"turns":3.0},{"damage":0.0,"enemies":"2 Louse","floor":3.0,"turns":3.0},{"damage":7.0,"enemies":"Jaw Worm","floor":4.0,"turns":3.0},{"damage":39.0,"enemies":"Lagavulin","floor":6.0,"turns":6.0},{"damage":8.0,"enemies":"Blue Slaver","floor":10.0,"turns":2.0},{"damage":30.0,"enemies":"Gremlin Nob","floor":11.0,"turns":4.0},{"damage":11.0,"enemies":"Large Slime","floor":12.0,"turns":4.0},{"damage":7.0,"enemies":"Looter","floor":13.0,"turns":3.0},{"damage":8.0,"enemies":"Blue Slaver","floor":14.0,"turns":2.0},{"damage":39.0,"enemies":"Slime Boss","floor":16.0,"turns":9.0},{"damage":12.0,"enemies":"Chosen","floor":18.0,"turns":4.0},{"damage":9.0,"enemies":"Shell Parasite","floor":19.0,"turns":2.0},{"damage":23.0,"enemies":"Shelled Parasite and Fungi","floor":22.0,"turns":5.0},{"damage":22.0,"enemies":"Slavers","floor":23.0,"turns":3.0},{"damage":24.0,"enemies":"Book of Stabbing","floor":25.0,"turns":3.0},{"damage":26.0,"enemies":"Cultist and Chosen","floor":29.0,"turns":5.0},{"damage":15.0,"enemies":"Snake Plant","floor":30.0,"turns":3.0},{"damage":0.0,"enemies":"Snecko","floor":31.0,"turns":1.0},{"damage":112.0,"enemies":"Champ","floor":33.0,"turns":11.0},{"damage":26.0,"enemies":"3 Darklings","floor":35.0,"turns":6.0},{"damage":11.0,"enemies":"3 Shapes","floor":37.0,"turns":6.0},{"damage":63,"enemies":"Giant Head","floor":41,"turns":7},{"damage":26,"enemies":"Writhing Mass","floor":42,"turns":2}],"seed_played":"-1041962615983383349","potions_obtained":[{"floor":1.0,"key":"SkillPotion"},{"floor":13.0,"key":"FearPotion"},{"floor":16.0,"key":"LiquidBronze"},{"floor":18.0,"key":"DistilledChaos"},{"floor":25.0,"key":"BlessingOfTheForge"},{"floor":30.0,"key":"SmokeBomb"},{"floor":33.0,"key":"Block Potion"}],"is_trial":false,"path_per_floor":["M","$","M","M","?","E","?","$","T","M","E","M","M","M","R","B",null,"M","M","?","$","M","E","R","E","T","?","T","M","M","M","R","B",null,"M","?","M","?","T","R","E","M"],"character_chosen":"IRONCLAD","items_purchased":["Sling","Flex","Hemokinesis","Flex","PreservedInsect","ColorlessPotion"],"campfire_rested":3,"item_purchase_floors":[2,2,8,21,21,21],"current_hp_per_floor":[80,80,80,79,84,51,51,51,51,49,25,20,19,17,42,9,85,79,76,76,76,59,43,68,50,50,50,50,32,25,33,58,10,85,65,65,62,62,62,62,7,0,0],"gold":336,"neow_bonus":"HUNDRED_GOLD","is_daily":false,"chose_seed":false,"campfire_upgraded":1,"win_rate":0.0,"timestamp":1609695587,"path_taken":["M","$","M","M","?","E","?","$","T","M","E","M","M","M","R","BOSS","M","M","?","$","M","E","R","E","T","?","?","M","M","M","R","BOSS","M","?","M","?","?","R","E","M"],"items_purchased_type":["Relic","Card","Card","Card","Relic","Potion"],"build_version":"2020-12-22","purchased_purges":0,"victory":false,"max_hp_per_floor":[80,80,80,80,85,85,85,85,85,85,85,85,85,85,85,85,85,85,85,85,85,85,85,85,85,85,85,85,85,85,85,85,85,85,85,85,85,85,85,85,85,85,85],"card_choices":[{"not_picked":["Havoc","Infernal Blade","Warcry"],"picked":"SKIP","floor":1.0},{"not_picked":["Pommel Strike","Clothesline"],"picked":"Burning Pact","floor":3.0},{"not_picked":["Anger","Clash"],"picked":"Double Tap","floor":4.0},{"not_picked":["Disarm","Sentinel"],"picked":"Heavy Blade","floor":6.0},{"not_picked":["Body Slam","Sever Soul"],"picked":"Wild Strike","floor":10.0},{"not_picked":["Burning Pact","Body Slam"],"picked":"Clash","floor":11.0},{"not_picked":["Warcry","Thunderclap"],"picked":"Cleave","floor":12.0},{"not_picked":["Pummel","Thunderclap"],"picked":"Battle Trance","floor":13.0},{"not_picked":["Wild Strike","Iron Wave"],"picked":"Disarm","floor":14.0},{"not_picked":["Exhume","Juggernaut"],"picked":"Limit Break","floor":16.0},{"not_picked":["Perfected Strike","Cleave+1"],"picked":"Sever Soul","floor":18.0},{"not_picked":["Sword Boomerang","Infernal Blade"],"picked":"Wild Strike","floor":19.0},{"not_picked":["Sever Soul","Metallicize"],"picked":"Sentinel+1","floor":22.0},{"not_picked":["Sentinel","True Grit+1"],"picked":"Clash","floor":23.0},{"not_picked":["Flex","Second Wind"],"picked":"Impervious","floor":25.0},{"not_picked":["Thunderclap","Warcry"],"picked":"Seeing Red+1","floor":29.0},{"not_picked":["Clash+1","Perfected Strike"],"picked":"Ghostly Armor+1","floor":30.0},{"not_picked":["Limit Break","Barricade"],"picked":"Impervious","floor":33.0},{"not_picked":["Clothesline+1","Armaments+1"],"picked":"Heavy Blade","floor":35.0},{"not_picked":["Wild Strike","Pommel Strike+1"],"picked":"Dual Wield+1","floor":37.0},{"not_picked":["Spot Weakness+1","Warcry"],"picked":"Flex+1","floor":41}],"player_experience":59314,"relics_obtained":[{"floor":6.0,"key":"Whetstone"},{"floor":9.0,"key":"Juzu Bracelet"},{"floor":11.0,"key":"Boot"},{"floor":23.0,"key":"Calipers"},{"floor":25.0,"key":"Blood Vial"},{"floor":26.0,"key":"Lizard Tail"},{"floor":28.0,"key":"Shuriken"},{"floor":39.0,"key":"Thread and Needle"},{"floor":41,"key":"The Courier"}],"event_choices":[{"damage_healed":0.0,"max_hp_gain":5.0,"max_hp_loss":0.0,"gold_gain":0.0,"event_name":"Big Fish","player_choice":"Donut","floor":5.0,"gold_loss":0.0,"damage_taken":0.0},{"damage_healed":0.0,"max_hp_gain":0.0,"max_hp_loss":0.0,"gold_gain":0.0,"event_name":"Living Wall","player_choice":"Grow","floor":7.0,"gold_loss":0.0,"damage_taken":0.0,"cards_upgraded":["Heavy Blade"]},{"cards_removed":["Defend_R"],"damage_healed":0.0,"max_hp_gain":0.0,"max_hp_loss":0.0,"gold_gain":0.0,"event_name":"Beggar","player_choice":"Gave Gold","floor":20.0,"gold_loss":75.0,"damage_taken":0.0},{"damage_healed":0.0,"max_hp_gain":0.0,"max_hp_loss":0.0,"gold_gain":0.0,"event_name":"The Mausoleum","player_choice":"Opened","floor":27.0,"gold_loss":0.0,"damage_taken":0.0,"relics_obtained":["Mercury Hourglass"],"cards_obtained":["Writhe"]},{"cards_removed":["Strike_R"],"damage_healed":0.0,"max_hp_gain":0.0,"max_hp_loss":0.0,"gold_gain":0.0,"event_name":"Falling","player_choice":"Removed Attack","floor":36.0,"gold_loss":0.0,"damage_taken":0.0},{"damage_healed":0.0,"max_hp_gain":0.0,"max_hp_loss":0.0,"gold_gain":0.0,"event_name":"Mysterious Sphere","player_choice":"Ignored","floor":38.0,"gold_loss":0.0,"damage_taken":0.0}],"is_beta":false,"boss_relics":[{"not_picked":["Cursed Key","Fusion Hammer"],"picked":"Velvet Choker"},{"not_picked":["Black Star","Pandora\u0027s Box"],"picked":"Sozu"}],"items_purged_floors":[],"is_endless":false,"potions_floor_spawned":[1,13,16,18,25,30,33,35],"killed_by":"Writhing Mass","ascension_level":3}}