{"host":"nzm1i0l8mrsm8hd2","time":1609648951,"event":{"mods":["Act Like it!","Aspiration","BaseMod","CapriCore","Challenge The Spire","Conspire","Gensokyo","Minty Spire (QoL Compilation)","Pale of the Ancients","Quick Restart","RumiaBox-露米娅的神秘盒子","Spicy Shops","StSLib","The Immortal","The Jungle","The Mystic","Wandering Minibosses","Yakumo Yukari mod"],"gold_per_floor":[109,125,125,25,36,36,67,78,78,78,111,121,154,35,35,111,111,121,8,8,35,35,68,68,244,267,267,292,306,332,348,348,421,421,435,453,293,293,293,323,333,11,60,94,122,122,299,199,199,199,199,211,225,225,279,279,296,296,46,46,46],"floor_reached":62,"playtime":2711,"items_purged":["Defend_G","Defend_G"],"score":3696,"play_id":"308fc43d-6265-4463-824c-aaf2a6a278ae","local_time":"20210103124231","daily_mods":["Vintage","DeadlyEvents","Elite Swarm"],"is_ascension_mode":true,"campfire_choices":[{"data":"Neutralize","floor":6.0,"key":"SMITH"},{"data":"Terror","floor":10.0,"key":"SMITH"},{"floor":15.0,"key":"REST"},{"data":"Malaise","floor":24.0,"key":"SMITH"},{"data":"Adrenaline","floor":27.0,"key":"SMITH"},{"data":"Adrenaline","floor":32.0,"key":"SMITH"},{"data":"Phantasmal Killer","floor":46.0,"key":"SMITH"},{"data":"Burst","floor":49,"key":"SMITH"},{"data":"Malaise","floor":56,"key":"SMITH"},{"floor":58,"key":"RECALL"}],"circlet_count":0,"master_deck":["AscendersBane","Strike_G","Strike_G","Strike_G","Strike_G+1","Strike_G+1","Defend_G","Defend_G","Survivor","Neutralize+1","After Image","After Image","After Image+1","After Image","Malaise+1","Malaise+1","After Image","Die Die Die","After Image","After Image","Gensokyo:RainbowDanmaku+1","Malaise+1","Burst+1","Phantasmal Killer+1","Eviscerate","Backstab"],"relics":["Ring of the Snake","mysticmod:CrystalBall","GodSword3","MealTicket","GodSword7","Mango","GodSword4","Strawberry","SSSystem","Akabeko","ZombieArmy","Whetstone","Sozu","Oddly Smooth Stone","Letter Opener","Gensokyo:MosesMiracle","conspire:DecoderRing","Happy Flower","aspiration:SeaSaltIceCream","NeowsBlessing","Bag of Preparation","conspire:GiftBox","GodSword1","Art of War","Bottled Tornado","aspiration:SecretTechniqueScroll","Tough Bandages","Matryoshka","Dream Catcher","aspiration:ChemicalBlood","aspiration:StickyExplosives_weak","Medical Kit","conspire:TopHat","Bottled Lightning","InkBottle","Bag of Marbles","Toy Ornithopter","White Beast Statue","MagicDraw4","paleoftheancients:Timepiece","paleoftheancients:KeyRelic","Anchor","Gremlin Horn","Boot","paleoftheancients:SoulOfTheIroncluck","Lantern","HornCleat","Vajra","aspiration:HummingbirdHeart","conspire:BottledYoYo"],"acts_visited":["Exordium","Gensokyo:Gensokyo","Gensokyo:Gensokyoer","Gensokyo:Gensokyoest"],"potions_floor_usage":[61],"damage_taken":[{"damage":6.0,"enemies":"Gensokyo:3_Fairies","floor":1.0,"turns":6.0},{"damage":4.0,"enemies":"Gensokyo:2_Kodama","floor":2.0,"turns":3.0},{"damage":0.0,"enemies":"Gensokyo:Gryphon","floor":5.0,"turns":3.0},{"damage":2.0,"enemies":"Gensokyo:Aya","floor":7.0,"turns":6.0},{"damage":9.0,"enemies":"Gensokyo:3_Kodama","floor":8.0,"turns":4.0},{"damage":42.0,"enemies":"Gensokyo:Mamizou","floor":11.0,"turns":12.0},{"damage":6.0,"enemies":"Gensokyo:CorruptedTreant","floor":12.0,"turns":3.0},{"damage":8.0,"enemies":"Gensokyo:Cirno","floor":13.0,"turns":5.0},{"damage":22.0,"enemies":"Gensokyo:Yukari","floor":16.0,"turns":8.0},{"damage":1.0,"enemies":"Gensokyo:Chomper","floor":18.0,"turns":4.0},{"damage":28.0,"enemies":"Gensokyo:Tenshi","floor":21.0,"turns":5.0},{"damage":11.0,"enemies":"Gensokyo:Koishi","floor":23.0,"turns":8.0},{"damage":14.0,"enemies":"Gensokyo:Tenshi","floor":25.0,"turns":5.0},{"damage":0.0,"enemies":"Gensokyo:Reisen","floor":28.0,"turns":1.0},{"damage":0.0,"enemies":"Gensokyo:3_Dogs","floor":29.0,"turns":1.0},{"damage":0.0,"enemies":"Gensokyo:Tenshi","floor":30.0,"turns":1.0},{"damage":0.0,"enemies":"Gensokyo:Chomper_and_Gloop","floor":31.0,"turns":4.0},{"damage":5.0,"enemies":"Gensokyo:Eternal_Rivals","floor":33.0,"turns":7.0},{"damage":0.0,"enemies":"Gensokyo:3_Bats","floor":35.0,"turns":2.0},{"damage":0.0,"enemies":"Gensokyo:AncientGuardian","floor":36.0,"turns":2.0},{"damage":0.0,"enemies":"Gensokyo:AncientGuardian","floor":38.0,"turns":4.0},{"damage":0.0,"enemies":"Gensokyo:Marisa","floor":40.0,"turns":5.0},{"damage":0.0,"enemies":"Gensokyo:SeedOfUnknown","floor":41.0,"turns":4.0},{"damage":0.0,"enemies":"Gensokyo:Doremy","floor":44.0,"turns":4.0},{"damage":0.0,"enemies":"Gensokyo:Kasen","floor":45.0,"turns":5.0},{"damage":0.0,"enemies":"Gensokyo:Doremy","floor":47.0,"turns":4.0},{"damage":0,"enemies":"Gensokyo:Yuyuko","floor":50,"turns":3},{"damage":15,"enemies":"Gensokyo:Shinki","floor":51,"turns":8},{"damage":0,"enemies":"Gensokyo:Shinki","floor":52,"turns":5},{"damage":0,"enemies":"Gensokyo:Shinki","floor":53,"turns":5},{"damage":478,"enemies":"Gensokyo:Shinki","floor":57,"turns":7},{"damage":0,"enemies":"paleoftheancients:N","floor":61,"turns":2}],"seed_played":"-4946645116225935876","potions_obtained":[{"floor":2.0,"key":"Ancient Potion"},{"floor":5.0,"key":"AttackPotion"},{"floor":12.0,"key":"AttackPotion"}],"is_trial":true,"path_per_floor":["M","M","?","?","M","R","E","M","T","R","E","M","E","COS","R","B",null,"M","COS","?","E","?","E","R","E","T","R","E","M","E","M","R","B",null,"M","M","$","?","?","E","M","COS","T","E","E","R","E","$","R","B","B","M","M","?","T","R","M","R","$","?","B",null],"character_chosen":"THE_SILENT","items_purchased":["Dream Catcher","conspire:BottledYoYo","Eviscerate","Backstab"],"campfire_rested":1,"item_purchase_floors":[37,59,59,59],"current_hp_per_floor":[53,49,49,49,63,63,61,59,59,59,17,11,3,3,29,7,67,66,66,66,38,38,27,27,13,13,13,13,13,13,13,13,8,67,67,67,82,82,82,82,82,82,82,82,82,82,82,87,87,87,83,86,87,87,87,87,77,77,87,87,87],"gold":46,"neow_bonus":"","is_daily":false,"chose_seed":false,"campfire_upgraded":8,"win_rate":0.0,"timestamp":1609648951,"path_taken":["M","M","?","?","?","R","E","M","T","R","E","M","E","COS","R","BOSS","M","COS","?","?","?","E","R","E","T","R","E","M","E","?","R","BOSS","M","M","$","?","?","E","M","COS","T","E","?","R","E","?","R","BOSS","BOSS","M","M","?","T","R","M","R","$","?","BOSS"],"items_purchased_type":["Relic","Relic","Card","Card"],"build_version":"2020-12-22","purchased_purges":2,"victory":true,"max_hp_per_floor":[66,66,66,66,80,80,80,87,87,87,87,87,87,87,87,87,87,87,87,87,87,87,87,87,87,87,87,87,87,87,87,87,87,87,87,87,87,87,87,87,87,87,87,87,87,87,87,87,87,87,87,87,87,87,87,87,87,87,87,87,87],"card_choices":[{"not_picked":["Quick Slash","Poisoned Stab"],"picked":"Terror","floor":3.0},{"not_picked":["Tools of the Trade","Envenom"],"picked":"Adrenaline","floor":7.0},{"not_picked":["Adrenaline","Die Die Die"],"picked":"After Image","floor":11.0},{"not_picked":["Wraith Form v2","Adrenaline"],"picked":"After Image","floor":13.0},{"not_picked":["Bullet Time+1","Tools of the Trade+1"],"picked":"After Image+1","floor":16.0},{"not_picked":["A Thousand Cuts","aspiration:Lunge"],"picked":"After Image","floor":21.0},{"not_picked":["A Thousand Cuts+1","Phantasmal Killer+1"],"picked":"Malaise+1","floor":21.0},{"not_picked":["Night Terror","Phantasmal Killer"],"picked":"Malaise","floor":21.0},{"not_picked":["Tools of the Trade","Grand Finale"],"picked":"After Image","floor":23.0},{"not_picked":["Night Terror","Venomology"],"picked":"Die Die Die","floor":25.0},{"not_picked":["Grand Finale","Unload","Envenom"],"picked":"SKIP","floor":25.0},{"not_picked":["Wraith Form v2","Corpse Explosion"],"picked":"After Image","floor":28.0},{"not_picked":["Envenom","Glass Knife","Venomology"],"picked":"SKIP","floor":28.0},{"not_picked":["Envenom","Venomology"],"picked":"After Image","floor":30.0},{"not_picked":["Gensokyo:RisingWorld+1","Gensokyo:LifeSpringInfinity+1"],"picked":"Gensokyo:RainbowDanmaku+1","floor":38.0},{"not_picked":["Unload","aspiration:Lunge"],"picked":"Malaise","floor":40.0},{"not_picked":["Bullet Time","Night Terror"],"picked":"Burst","floor":44.0},{"not_picked":["A Thousand Cuts","Bullet Time"],"picked":"Phantasmal Killer","floor":45.0},{"not_picked":["aspiration:Lunge","Malaise","Doppelganger"],"picked":"SKIP","floor":45.0},{"not_picked":["Wraith Form v2","Unload","aspiration:Lunge"],"picked":"SKIP","floor":47.0}],"player_experience":571032,"relics_obtained":[{"floor":1.0,"key":"GodSword3"},{"floor":2.0,"key":"MealTicket"},{"floor":5.0,"key":"Mango"},{"floor":7.0,"key":"GodSword4"},{"floor":8.0,"key":"Strawberry"},{"floor":9.0,"key":"SSSystem"},{"floor":11.0,"key":"Akabeko"},{"floor":12.0,"key":"ZombieArmy"},{"floor":13.0,"key":"Whetstone"},{"floor":18.0,"key":"Letter Opener"},{"floor":21.0,"key":"conspire:DecoderRing"},{"floor":23.0,"key":"Happy Flower"},{"floor":25.0,"key":"Gensokyo:MosesMiracle"},{"floor":25.0,"key":"aspiration:SeaSaltIceCream"},{"floor":26.0,"key":"Bag of Preparation"},{"floor":28.0,"key":"conspire:GiftBox"},{"floor":29.0,"key":"GodSword1"},{"floor":30.0,"key":"Art of War"},{"floor":31.0,"key":"Bottled Tornado"},{"floor":35.0,"key":"Tough Bandages"},{"floor":36.0,"key":"Matryoshka"},{"floor":40.0,"key":"aspiration:ChemicalBlood"},{"floor":41.0,"key":"aspiration:StickyExplosives_weak"},{"floor":43.0,"key":"conspire:TopHat"},{"floor":43.0,"key":"Bottled Lightning"},{"floor":44.0,"key":"InkBottle"},{"floor":45.0,"key":"Toy Ornithopter"},{"floor":47.0,"key":"MagicDraw4"},{"floor":52,"key":"Boot"},{"floor":53,"key":"paleoftheancients:SoulOfTheIroncluck"},{"floor":53,"key":"Lantern"},{"floor":55,"key":"HornCleat"},{"floor":55,"key":"Vajra"},{"floor":57,"key":"paleoftheancients:SoulOfTheBandit"},{"floor":57,"key":"aspiration:HummingbirdHeart"}],"event_choices":[{"cards_removed":["Defend_G"],"damage_healed":0,"gold_gain":0,"player_choice":"Purged","damage_taken":0,"max_hp_gain":0,"max_hp_loss":0,"event_name":"Purifier","floor":54,"gold_loss":0}],"is_beta":false,"boss_relics":[{"not_picked":["Tiny House","Runic Pyramid"],"picked":"Sozu"},{"not_picked":["WristBlade","Calling Bell"],"picked":"aspiration:SecretTechniqueScroll"}],"items_purged_floors":[37,48],"is_endless":false,"potions_floor_spawned":[2,5,12,18,28,31,33,35,45,47,52,53,57],"ascension_level":20}}