{"host":"sfqxmtwcpkqrvrbt","time":1609658690,"event":{"mods":["AchievementEnabler","BaseMod","DeckTracker","Minty Spire (QoL Compilation)"],"gold_per_floor":[115,128,128,53,3,37,47,47,122,151,151,151,8,20,20,115,115,131,131,131,46,246,246,8,39,39,51,76,76,89,11,11,115,115,127,127,127,127,143,174,193,210,233,87,87,87,87,102,102,102],"floor_reached":51,"playtime":3276,"items_purged":["Strike_G"],"score":1068,"play_id":"19fa93aa-3a64-4202-811e-9bd584dfafeb","local_time":"20210103162450","is_ascension_mode":true,"campfire_choices":[{"data":"All Out Attack","floor":8.0,"key":"SMITH"},{"data":"Neutralize","floor":11.0,"key":"SMITH"},{"data":"Acrobatics","floor":15.0,"key":"SMITH"},{"data":"Burst","floor":23.0,"key":"SMITH"},{"data":"Unload","floor":29,"key":"SMITH"},{"data":"Terror","floor":32,"key":"SMITH"},{"data":"Blur","floor":45,"key":"SMITH"},{"data":"PiercingWail","floor":47,"key":"SMITH"},{"data":"Phantasmal Killer","floor":49,"key":"SMITH"}],"circlet_count":0,"master_deck":["Defend_G+1","Defend_G+1","Survivor+1","Neutralize+1","CurseOfTheBell","Dash+1","All Out Attack+1","Dagger Throw","Acrobatics+1","Burst+1","Tactician","Adrenaline","Heel Hook+1","Storm of Steel+1","Well Laid Plans+1","PiercingWail+1","After Image","Unload+1","Backflip","Calculated Gamble","Backflip+1","Poisoned Stab+1","Terror+1","Adrenaline","Deadly Poison+1","Concentrate+1","Blur+1","Phantasmal Killer+1"],"relics":["Calling Bell","Vajra","Eternal Feather","FossilizedHelix","War Paint","Pear","Oddly Smooth Stone","ClockworkSouvenir","Astrolabe","Strawberry","Question Card","Blood Vial","Pantograph","Boot","HoveringKite","Letter Opener","Nunchaku","Bronze Scales","The Courier"],"acts_visited":["Exordium","TheCity","TheBeyond"],"potions_floor_usage":[28,28,33,33,50,50],"damage_taken":[{"damage":0.0,"enemies":"2 Louse","floor":1.0,"turns":3.0},{"damage":0.0,"enemies":"Jaw Worm","floor":2.0,"turns":4.0},{"damage":5.0,"enemies":"3 Sentries","floor":6.0,"turns":9.0},{"damage":0.0,"enemies":"Small Slimes","floor":7.0,"turns":4.0},{"damage":0.0,"enemies":"Gremlin Nob","floor":10.0,"turns":3.0},{"damage":0.0,"enemies":"Exordium Thugs","floor":14.0,"turns":4.0},{"damage":23.0,"enemies":"The Guardian","floor":16.0,"turns":15.0},{"damage":8.0,"enemies":"3 Byrds","floor":18.0,"turns":6.0},{"damage":1,"enemies":"Book of Stabbing","floor":25,"turns":7},{"damage":0,"enemies":"Spheric Guardian","floor":27,"turns":3},{"damage":42,"enemies":"Gremlin Leader","floor":28,"turns":6},{"damage":0,"enemies":"Centurion and Healer","floor":30,"turns":5},{"damage":22,"enemies":"Champ","floor":33,"turns":13},{"damage":0,"enemies":"3 Shapes","floor":35,"turns":4},{"damage":0,"enemies":"Orb Walker","floor":39,"turns":2},{"damage":0,"enemies":"Giant Head","floor":40,"turns":7},{"damage":0,"enemies":"Maw","floor":41,"turns":6},{"damage":0,"enemies":"Jaw Worm Horde","floor":42,"turns":4},{"damage":14,"enemies":"3 Darklings","floor":48,"turns":4},{"damage":57,"enemies":"Time Eater","floor":50,"turns":14}],"seed_played":"-8843516421454670686","potions_obtained":[{"floor":1.0,"key":"FearPotion"},{"floor":7.0,"key":"Explosive Potion"},{"floor":10.0,"key":"Swift Potion"},{"floor":14.0,"key":"SmokeBomb"},{"floor":28,"key":"EntropicBrew"},{"floor":33,"key":"EssenceOfSteel"},{"floor":35,"key":"Explosive Potion"}],"is_trial":false,"path_per_floor":["M","M","?","$","?","E","M","R","T","E","R","?","$","M","R","B",null,"M","?","?","?","?","R","$","E","T","M","E","R","M","$","R","B",null,"M","$","?","?","M","E","M","M","T","$","R","T","R","M","R","B",null],"character_chosen":"THE_SILENT","items_purchased":["ClockworkSouvenir","Question Card","Terror","Bronze Scales"],"campfire_rested":0,"item_purchase_floors":[13,24,31,44],"current_hp_per_floor":[63,63,49,49,49,44,44,53,63,63,72,72,72,72,80,57,74,66,66,66,73,73,82,82,81,81,83,43,55,57,57,69,65,82,84,84,83,83,83,83,83,83,83,83,83,83,83,69,83,26],"gold":102,"neow_bonus":"BOSS_RELIC","is_daily":false,"chose_seed":false,"campfire_upgraded":9,"win_rate":0.0,"timestamp":1609658690,"path_taken":["M","M","?","$","?","E","?","R","T","E","R","?","$","M","R","BOSS","M","?","?","?","?","R","$","E","T","?","E","R","M","?","R","BOSS","M","$","?","?","?","E","M","M","T","$","R","?","R","M","R","BOSS"],"items_purchased_type":["Relic","Relic","Card","Relic"],"build_version":"2020-12-22","purchased_purges":1,"victory":true,"max_hp_per_floor":[70,70,70,70,70,70,70,70,80,80,80,80,80,80,80,80,80,80,80,80,87,87,87,87,87,87,87,87,87,87,87,87,87,87,87,87,83,83,83,83,83,83,83,83,83,83,83,83,83,83],"card_choices":[{"not_picked":["Heel Hook","Poisoned Stab"],"picked":"Dash","floor":1.0},{"not_picked":["Dash","Bullet Time"],"picked":"All Out Attack","floor":2.0},{"not_picked":["Quick Slash","Slice"],"picked":"Dagger Throw","floor":6.0},{"not_picked":["Flying Knee","Flechettes"],"picked":"Acrobatics","floor":7.0},{"not_picked":["Underhanded Strike","Poisoned Stab"],"picked":"Burst","floor":10.0},{"not_picked":["Prepared","Caltrops"],"picked":"Tactician","floor":14.0},{"not_picked":["Die Die Die","Envenom"],"picked":"Adrenaline","floor":16.0},{"not_picked":["Terror","Caltrops"],"picked":"PiercingWail","floor":18.0},{"not_picked":["Infinite Blades","Flechettes","Dagger Spray+1"],"picked":"Backflip","floor":25},{"not_picked":["Crippling Poison","Deflect","Outmaneuver"],"picked":"Calculated Gamble","floor":27},{"not_picked":["Dagger Spray","Heel Hook","Calculated Gamble+1"],"picked":"Backflip+1","floor":28},{"not_picked":["Slice","Calculated Gamble","Bane"],"picked":"Poisoned Stab","floor":30},{"not_picked":["Grand Finale","After Image","Storm of Steel"],"picked":"Adrenaline","floor":33},{"not_picked":["Dodge and Roll+1","Bane","Slice+1"],"picked":"Deadly Poison+1","floor":35},{"not_picked":["Sucker Punch+1","Poisoned Stab","Acrobatics+1"],"picked":"Concentrate+1","floor":39},{"not_picked":["Storm of Steel","Sucker Punch+1","Tactician"],"picked":"Blur","floor":40},{"not_picked":["Cloak And Dagger+1","Masterful Stab","Blade Dance","Dagger Throw"],"picked":"SKIP","floor":41},{"not_picked":["Bane","Sucker Punch","Poisoned Stab+1","Underhanded Strike"],"picked":"SKIP","floor":42},{"not_picked":["Prepared+1","Escape Plan+1","Dagger Spray"],"picked":"Phantasmal Killer","floor":48}],"player_experience":55748,"relics_obtained":[{"floor":0.0,"key":"Vajra"},{"floor":0.0,"key":"Eternal Feather"},{"floor":0.0,"key":"FossilizedHelix"},{"floor":6.0,"key":"War Paint"},{"floor":9.0,"key":"Pear"},{"floor":10.0,"key":"Oddly Smooth Stone"},{"floor":25,"key":"Blood Vial"},{"floor":26,"key":"Pantograph"},{"floor":28,"key":"Boot"},{"floor":40,"key":"Letter Opener"},{"floor":43,"key":"Nunchaku"},{"floor":46,"key":"The Courier"}],"event_choices":[{"damage_healed":0.0,"max_hp_gain":0.0,"max_hp_loss":0.0,"gold_gain":0.0,"event_name":"Shining Light","player_choice":"Entered Light","floor":3.0,"gold_loss":0.0,"damage_taken":14.0,"cards_upgraded":["Defend_G","Dash"]},{"cards_removed":["Strike_G"],"damage_healed":0.0,"max_hp_gain":0.0,"max_hp_loss":0.0,"gold_gain":0.0,"event_name":"The Cleric","player_choice":"Card Removal","floor":5.0,"gold_loss":50.0,"damage_taken":0.0},{"cards_removed":["Strike_G"],"damage_healed":0.0,"max_hp_gain":0.0,"max_hp_loss":0.0,"gold_gain":0.0,"event_name":"Living Wall","player_choice":"Forget","floor":12.0,"gold_loss":0.0,"damage_taken":0.0},{"damage_healed":0.0,"max_hp_gain":0.0,"max_hp_loss":0.0,"gold_gain":0.0,"event_name":"The Mausoleum","player_choice":"Ignored","floor":19.0,"gold_loss":0.0,"damage_taken":0.0},{"damage_healed":0.0,"max_hp_gain":0.0,"max_hp_loss":0.0,"gold_gain":0.0,"cards_transformed":["Defend_G","Defend_G"],"event_name":"Drug Dealer","player_choice":"Became Test Subject","floor":20.0,"gold_loss":0.0,"damage_taken":0.0,"cards_obtained":["After Image","Unload"]},{"damage_healed":0.0,"max_hp_gain":0.0,"max_hp_loss":0.0,"gold_gain":0.0,"event_name":"Addict","player_choice":"Obtained Relic","floor":21.0,"gold_loss":85.0,"damage_taken":0.0,"relics_obtained":["Strawberry"]},{"damage_healed":0.0,"max_hp_gain":0.0,"max_hp_loss":0.0,"gold_gain":200.0,"event_name":"Wheel of Change","player_choice":"Gold","floor":22.0,"gold_loss":0.0,"damage_taken":0.0},{"damage_healed":0,"gold_gain":0,"player_choice":"Max HP","damage_taken":0,"max_hp_gain":0,"max_hp_loss":4,"event_name":"Winding Halls","floor":37,"gold_loss":0},{"damage_healed":0,"gold_gain":0,"player_choice":"Upgraded","damage_taken":0,"max_hp_gain":0,"max_hp_loss":0,"event_name":"Upgrade Shrine","floor":38,"gold_loss":0,"cards_upgraded":["Poisoned Stab"]}],"is_beta":false,"boss_relics":[{"not_picked":["SacredBark","Runic Dome"],"picked":"Astrolabe"},{"not_picked":["Fusion Hammer","Busted Crown"],"picked":"HoveringKite"}],"items_purged_floors":[4],"is_endless":false,"potions_floor_spawned":[1,7,10,14,28,33,35,41],"ascension_level":9}}