{"host":"aeidq2c3auzxo1yh","time":1609699313,"event":{"mods":["AchievementEnabler","BaseMod","Colored Map","Colored Powertips","Minty Spire (QoL Compilation)","Relic Stats","StSLib"],"gold_per_floor":[113,124,124,139,139,172,172,188,188,188,224,224,248,269,269,365,365,378,19,19,19,19,63,63,97,143,143,183,207,207,207],"floor_reached":30,"playtime":2000,"items_purged":["Defend_G"],"score":592,"play_id":"deec6700-5a3c-4916-9582-e5cdd2addf8e","local_time":"20210103234153","is_ascension_mode":true,"campfire_choices":[{"data":"Deadly Poison","floor":7,"key":"SMITH"},{"data":"Neutralize","floor":10,"key":"SMITH"},{"floor":12,"key":"REST"},{"floor":15,"key":"REST"},{"data":"Ghostly","floor":24,"key":"SMITH"},{"data":"Burst","floor":27,"key":"SMITH"}],"circlet_count":0,"master_deck":["AscendersBane","Strike_G","Strike_G","Strike_G","Strike_G","Defend_G","Defend_G","Defend_G","Survivor","Neutralize+1","Backflip","Storm of Steel+1","Backstab","Deadly Poison+1","Catalyst","Blur","Backflip+1","Poisoned Stab","Noxious Fumes","Bouncing Flask","Tools of the Trade","Deflect","RitualDagger","Ghostly","Ghostly","Ghostly+1","Footwork","Burst+1"],"relics":["Ring of the Snake","Golden Idol","The Specimen","InkBottle","Pear","SlaversCollar","Paper Crane","MutagenicStrength","Blood Vial","Kunai","War Paint","Ancient Tea Set"],"acts_visited":["Exordium","TheCity"],"potions_floor_usage":[6,11,16,16,30],"damage_taken":[{"damage":0,"enemies":"Jaw Worm","floor":1,"turns":2},{"damage":0,"enemies":"2 Louse","floor":2,"turns":1},{"damage":0,"enemies":"Small Slimes","floor":4,"turns":2},{"damage":24,"enemies":"3 Sentries","floor":6,"turns":8},{"damage":2,"enemies":"Red Slaver","floor":8,"turns":3},{"damage":29,"enemies":"Gremlin Nob","floor":11,"turns":4},{"damage":2,"enemies":"Gremlin Gang","floor":13,"turns":4},{"damage":5,"enemies":"3 Louse","floor":14,"turns":4},{"damage":9,"enemies":"Slime Boss","floor":16,"turns":7},{"damage":0,"enemies":"Chosen","floor":18,"turns":3},{"damage":3,"enemies":"Slavers","floor":23,"turns":6},{"damage":5,"enemies":"Gremlin Leader","floor":25,"turns":5},{"damage":9,"enemies":"Book of Stabbing","floor":28,"turns":7},{"damage":4,"enemies":"Shell Parasite","floor":29,"turns":6},{"damage":24,"enemies":"Gremlin Leader","floor":30,"turns":2}],"seed_played":"2897362068342641405","potions_obtained":[{"floor":1,"key":"PowerPotion"},{"floor":6,"key":"GamblersBrew"},{"floor":11,"key":"DistilledChaos"},{"floor":13,"key":"Explosive Potion"},{"floor":18,"key":"FearPotion"},{"floor":28,"key":"LiquidMemories"}],"is_trial":false,"path_per_floor":["M","M","?","M","?","E","R","M","T","R","E","R","M","M","R","B",null,"M","$","?","?","?","E","R","E","T","R","E","M","E"],"character_chosen":"THE_SILENT","items_purchased":["Paper Crane"],"campfire_rested":2,"item_purchase_floors":[19],"current_hp_per_floor":[44,44,66,66,60,36,36,34,34,34,15,36,34,29,50,41,63,63,63,63,57,35,32,32,29,29,29,22,20,0,0],"gold":207,"neow_bonus":"TRANSFORM_TWO_CARDS","is_daily":false,"chose_seed":false,"campfire_upgraded":4,"win_rate":0.0,"timestamp":1609699313,"path_taken":["M","M","?","M","?","E","R","M","T","R","E","R","M","M","R","BOSS","M","$","?","?","?","E","R","E","T","R","E","M","E"],"items_purchased_type":["Relic"],"build_version":"2020-12-22","purchased_purges":1,"victory":false,"max_hp_per_floor":[66,66,66,66,60,60,60,60,60,60,70,70,70,70,70,70,70,70,70,70,70,35,35,35,35,35,35,35,35,35,35],"relic_stats":{"Blood Vial":8,"counters":[15,64],"Golden Idol":77,"Kunai":[5],"War Paint":["Backflip","Storm of Steel"],"obtain_stats":[{"Blood Vial":23,"SlaversCollar":17,"Pear":11,"The Specimen":6,"Golden Idol":5,"MutagenicStrength":20,"Kunai":25,"Paper Crane":19,"War Paint":26,"Ancient Tea Set":28,"InkBottle":9,"Ring of the Snake":0},{"Blood Vial":11,"SlaversCollar":9,"Pear":6,"The Specimen":4,"Golden Idol":3,"MutagenicStrength":10,"Kunai":12,"Paper Crane":10,"War Paint":12,"Ancient Tea Set":13,"InkBottle":5,"Ring of the Snake":0},{"Blood Vial":44,"SlaversCollar":35,"Pear":20,"The Specimen":13,"Golden Idol":5,"MutagenicStrength":38,"Kunai":49,"Paper Crane":38,"War Paint":49,"Ancient Tea Set":56,"InkBottle":16,"Ring of the Snake":0}],"InkBottle":[20],"Ring of the Snake":[30]},"card_choices":[{"not_picked":["Bane","Underhanded Strike"],"picked":"Backstab","floor":1},{"not_picked":["PiercingWail","Cloak And Dagger"],"picked":"Deadly Poison","floor":2},{"not_picked":["Dagger Throw","Flying Knee"],"picked":"Catalyst","floor":4},{"not_picked":["Backflip","Well Laid Plans"],"picked":"Blur","floor":6},{"not_picked":["Wraith Form v2","Skewer"],"picked":"Backflip","floor":8},{"not_picked":["Acrobatics","Dodge and Roll"],"picked":"Poisoned Stab","floor":11},{"not_picked":["Deflect","Acrobatics"],"picked":"Noxious Fumes","floor":13},{"not_picked":["Masterful Stab","Leg Sweep"],"picked":"Bouncing Flask","floor":14},{"not_picked":["Bullet Time","Phantasmal Killer"],"picked":"Tools of the Trade","floor":16},{"not_picked":["Dagger Spray","Flying Knee"],"picked":"Deflect","floor":18},{"not_picked":["Prepared","Dodge and Roll"],"picked":"Footwork","floor":23},{"not_picked":["Expertise","Blur"],"picked":"Burst","floor":25},{"not_picked":["Predator","Poisoned Stab","Dagger Throw"],"picked":"SKIP","floor":28},{"not_picked":["Slice","Dodge and Roll","Expertise"],"picked":"SKIP","floor":29}],"player_experience":881919,"relics_obtained":[{"floor":6,"key":"The Specimen"},{"floor":9,"key":"InkBottle"},{"floor":11,"key":"Pear"},{"floor":23,"key":"Blood Vial"},{"floor":25,"key":"Kunai"},{"floor":26,"key":"War Paint"},{"floor":28,"key":"Ancient Tea Set"}],"event_choices":[{"damage_healed":22,"gold_gain":0,"player_choice":"Banana","damage_taken":0,"max_hp_gain":0,"max_hp_loss":0,"event_name":"Big Fish","floor":3,"gold_loss":0},{"damage_healed":0,"gold_gain":0,"player_choice":"Lose Max HP","damage_taken":0,"relics_obtained":["Golden Idol"],"max_hp_gain":0,"max_hp_loss":6,"event_name":"Golden Idol","floor":5,"gold_loss":0},{"damage_healed":0,"gold_gain":0,"player_choice":"Inject Mutagens","damage_taken":0,"relics_obtained":["MutagenicStrength"],"max_hp_gain":0,"max_hp_loss":0,"event_name":"Drug Dealer","floor":20,"gold_loss":0},{"damage_healed":0,"gold_gain":0,"player_choice":"Joined the Cult","damage_taken":6,"max_hp_gain":0,"max_hp_loss":0,"event_name":"Nest","floor":21,"gold_loss":0,"cards_obtained":["RitualDagger"]},{"damage_healed":0,"gold_gain":0,"player_choice":"Became a Ghost","damage_taken":0,"max_hp_gain":0,"max_hp_loss":35,"event_name":"Ghosts","floor":22,"gold_loss":0,"cards_obtained":["Ghostly","Ghostly","Ghostly"]}],"is_beta":false,"boss_relics":[{"not_picked":["Fusion Hammer","Empty Cage"],"picked":"SlaversCollar"}],"items_purged_floors":[19],"is_endless":false,"potions_floor_spawned":[1,6,11,13,18,28],"killed_by":"Gremlin Leader","ascension_level":20}}