{"host":"wqsqub3crsxqknzv","time":1609668399,"event":{"mods":["BaseMod","Better Third Choice","Colored Powertips","Conspire","Hubris","Infinite Spire","Jedi Mod","Minty Spire (QoL Compilation)","Replay The Spire","StSLib"],"gold_per_floor":[10,10,22,22,41,41,41,51,133,133,112,122,134,146,146,242,242,260,260,260,276,294,294,313,325,325,325,336,350,361,44,44,44,44],"floor_reached":33,"playtime":924,"items_purged":["Strike_R"],"score":245,"play_id":"6c256560-a70d-45ca-ad03-199de0e22e27","local_time":"20210103120639","is_ascension_mode":false,"campfire_choices":[{"data":"Sadistic Nature","floor":6,"key":"SMITH"},{"data":"infinitespire:OneForAll","floor":15,"key":"SMITH"},{"data":"infinitespire:SevenWalls","floor":23,"key":"SMITH"},{"data":"Demon Form","floor":32,"key":"SMITH"}],"circlet_count":0,"master_deck":["Strike_R","Strike_R","Defend_R","Defend_R","Defend_R","Defend_R","Bash","Sadistic Nature+1","Fire Breathing+1","Entrench","Uppercut","infinitespire:OneForAll+1","Demon Form+1","hubris:Fate","infinitespire:SevenWalls+1","Replay:Undeath\u0027s Touch+1","jedi:MakeshiftSword"],"relics":["Black Blood","hubris:ToyBattleship","Bottled Tornado","betterThird:SlimedRelic","PreservedInsect","infinitespire:CheckeredPen"],"acts_visited":["Exordium","TheCity"],"potions_floor_usage":[21,25,33,33,33],"damage_taken":[{"damage":1,"enemies":"conspire:RoseBush","floor":1,"turns":4},{"damage":5,"enemies":"Cultist","floor":3,"turns":4},{"damage":3,"enemies":"Jaw Worm","floor":5,"turns":2},{"damage":14,"enemies":"Large Slime","floor":8,"turns":5},{"damage":5,"enemies":"3 Louse","floor":12,"turns":4},{"damage":4,"enemies":"Blue Slaver","floor":13,"turns":3},{"damage":0,"enemies":"2 Fungi Beasts","floor":14,"turns":3},{"damage":35,"enemies":"The Guardian","floor":16,"turns":10},{"damage":38,"enemies":"Spheric Guardian","floor":18,"turns":6},{"damage":27,"enemies":"Shell Parasite","floor":21,"turns":5},{"damage":13,"enemies":"Snake Plant","floor":22,"turns":3},{"damage":4,"enemies":"Cultist and Chosen","floor":24,"turns":5},{"damage":10,"enemies":"Snecko","floor":25,"turns":5},{"damage":18,"enemies":"Snake Plant","floor":28,"turns":4},{"damage":10,"enemies":"Centurion and Healer","floor":29,"turns":4},{"damage":10,"enemies":"Sentry and Sphere","floor":30,"turns":4},{"damage":43,"enemies":"Collector","floor":33,"turns":3}],"seed_played":"-3095365674325670633","potions_obtained":[{"floor":5,"key":"Elixir"},{"floor":12,"key":"BlessingOfTheForge"},{"floor":22,"key":"Adrenaline Potion"},{"floor":24,"key":"Swift Potion"},{"floor":28,"key":"LifebloodPotion"}],"is_trial":false,"path_per_floor":["M","?","M","?","M","R","$","M","T","?","?","M","M","M","R","B",null,"M","AVR","?","M","M","R","M","M","T","?","M","M","M","$","R","B"],"character_chosen":"IRONCLAD","items_purchased":["infinitespire:CheckeredPen"],"campfire_rested":0,"item_purchase_floors":[31],"current_hp_per_floor":[80,80,80,80,80,80,80,72,72,72,61,62,64,70,70,41,80,54,54,35,20,19,19,27,29,29,29,38,40,42,42,42,0,0],"gold":44,"neow_bonus":"RANDOM_COLORLESS_2","is_daily":false,"chose_seed":false,"campfire_upgraded":4,"win_rate":0.0,"timestamp":1609668399,"path_taken":["M","?","?","?","M","R","$","M","T","?","?","M","M","M","R","BOSS","M","AVR","?","M","M","R","M","M","T","?","M","M","?","?","R","BOSS"],"items_purchased_type":["Relic"],"build_version":"2020-11-29","purchased_purges":1,"victory":false,"max_hp_per_floor":[80,80,80,80,80,80,80,80,80,80,80,80,80,80,80,80,80,80,80,80,80,80,80,80,80,80,80,80,80,80,80,80,80,80],"card_choices":[{"not_picked":["Transmutation","jedi:cleanse"],"picked":"Sadistic Nature","floor":0},{"not_picked":["Anger","Iron Wave"],"picked":"Fire Breathing","floor":1},{"not_picked":["Body Slam","Armaments"],"picked":"Uppercut","floor":3},{"not_picked":["conspire:ExplosiveBarrier","Anger","Entrench"],"picked":"SKIP","floor":5},{"not_picked":["hubris:ReadiedAction","Warcry","Sword Boomerang"],"picked":"SKIP","floor":8},{"not_picked":["Perfected Strike","hubris:SharpeningStone","Ghostly Armor"],"picked":"SKIP","floor":12},{"not_picked":["Replay:Undeath\u0027s Touch","ReplayTheSpireMod:Strike From Hell","Juggernaut"],"picked":"SKIP","floor":13},{"not_picked":["jedi:controlledanger","Thunderclap"],"picked":"infinitespire:OneForAll","floor":14},{"not_picked":["Reaper","Hemogenesis"],"picked":"Demon Form","floor":16},{"not_picked":["ReplayTheSpireMod:Corrosion Curse+1","Twin Strike","Thunderclap"],"picked":"SKIP","floor":18},{"not_picked":["infinitespire:Menacing","hubris:Rewind"],"picked":"infinitespire:SevenWalls","floor":20},{"not_picked":["Clothesline","Heavy Blade","Headbutt+1"],"picked":"SKIP","floor":21},{"not_picked":["Armaments","Hemokinesis","Cleave"],"picked":"SKIP","floor":22},{"not_picked":["ReplayTheSpireMod:Strike From Hell+1","Perfected Strike","Hemokinesis"],"picked":"SKIP","floor":24},{"not_picked":["Anger","Clash+1"],"picked":"Replay:Undeath\u0027s Touch+1","floor":25},{"not_picked":["Warcry+1","Cleave+1","jedi:harder"],"picked":"SKIP","floor":28},{"not_picked":["Armaments+1","Shockwave"],"picked":"jedi:MakeshiftSword","floor":29},{"not_picked":["Anger+1","jedi:fear","ReplayTheSpireMod:Limb From Limb+1"],"picked":"SKIP","floor":30}],"player_experience":9178,"relics_obtained":[{"floor":4,"key":"hubris:ToyBattleship"},{"floor":9,"key":"Bottled Tornado"},{"floor":26,"key":"PreservedInsect"}],"event_choices":[{"damage_healed":0,"gold_gain":0,"cards_transformed":["Strike_R"],"player_choice":"Transformed","damage_taken":0,"max_hp_gain":0,"max_hp_loss":0,"event_name":"Transmorgrifier","floor":2,"gold_loss":0,"cards_obtained":["Entrench"]},{"damage_healed":0,"gold_gain":0,"player_choice":"Grow","damage_taken":0,"max_hp_gain":0,"max_hp_loss":0,"event_name":"Living Wall","floor":10,"gold_loss":0,"cards_upgraded":["Fire Breathing"]},{"damage_healed":0,"gold_gain":0,"player_choice":"Slimed","damage_taken":11,"max_hp_gain":0,"max_hp_loss":0,"event_name":"betterThird:BetterGoop","floor":11,"gold_loss":21},{"cards_removed":["Strike_R"],"damage_healed":0,"gold_gain":0,"player_choice":"Purged","damage_taken":0,"max_hp_gain":0,"max_hp_loss":0,"event_name":"Purifier","floor":27,"gold_loss":0}],"is_beta":false,"boss_relics":[{"not_picked":["Kintsugi","hubris:CrackedHourglass"],"picked":"Black Blood"}],"items_purged_floors":[31],"is_endless":false,"potions_floor_spawned":[5,12,22,24,28,29],"killed_by":"Collector","ascension_level":0}}