{"host":"Fun","time":1609699119,"event":{"mods":["BaseMod","Colored Map","Filter the Spire","Minty Spire (QoL Compilation)","Relic Stats","StSLib"],"gold_per_floor":[110,6,19,33,44,74,74,104,130,144,163,183,183,148,148,221,221,231,231,241,255,16,16,16,16,65,96,96,96],"floor_reached":28,"playtime":954,"items_purged":["Strike_G"],"score":475,"play_id":"64422979-f770-428e-b5dc-383ed273d410","local_time":"20210103133839","is_ascension_mode":true,"campfire_choices":[{"floor":7.0,"key":"REST"},{"floor":13.0,"key":"REST"},{"data":"Well Laid Plans","floor":15.0,"key":"SMITH"},{"floor":23.0,"key":"REST"},{"data":"Wraith Form v2","floor":25.0,"key":"SMITH"}],"circlet_count":0,"master_deck":["AscendersBane","Strike_G","Strike_G","Strike_G","Strike_G","Defend_G","Defend_G","Defend_G","Defend_G","Defend_G","Survivor","Neutralize","Die Die Die","Masterful Stab","Deadly Poison","Well Laid Plans+1","Dagger Spray","Blade Dance","Dodge and Roll","Backflip","Bouncing Flask","Wraith Form v2+1","Calculated Gamble+1","Wraith Form v2"],"relics":["Ring of the Snake","WarpedTongs","Ginger","MealTicket","Akabeko","SlaversCollar","DollysMirror","Anchor","Regal Pillow"],"acts_visited":["Exordium","TheCity"],"potions_floor_usage":[],"damage_taken":[{"damage":1.0,"enemies":"Cultist","floor":1.0,"turns":4.0},{"damage":0.0,"enemies":"Jaw Worm","floor":3.0,"turns":3.0},{"damage":1.0,"enemies":"Small Slimes","floor":4.0,"turns":3.0},{"damage":0.0,"enemies":"Exordium Wildlife","floor":5.0,"turns":2.0},{"damage":17.0,"enemies":"3 Sentries","floor":6.0,"turns":6.0},{"damage":32.0,"enemies":"Gremlin Nob","floor":8.0,"turns":4.0},{"damage":3.0,"enemies":"Exordium Thugs","floor":10.0,"turns":4.0},{"damage":0.0,"enemies":"3 Louse","floor":11.0,"turns":3.0},{"damage":0.0,"enemies":"Red Slaver","floor":12.0,"turns":3.0},{"damage":16.0,"enemies":"Hexaghost","floor":16.0,"turns":8.0},{"damage":19.0,"enemies":"2 Thieves","floor":18.0,"turns":4.0},{"damage":13.0,"enemies":"Chosen","floor":20.0,"turns":4.0},{"damage":14.0,"enemies":"Sentry and Sphere","floor":21.0,"turns":7.0},{"damage":3.0,"enemies":"Gremlin Leader","floor":27.0,"turns":5.0},{"damage":50,"enemies":"3 Cultists","floor":28,"turns":5}],"seed_played":"5317825287800617123","potions_obtained":[{"floor":1.0,"key":"ColorlessPotion"},{"floor":6.0,"key":"LiquidMemories"},{"floor":11.0,"key":"LiquidBronze"},{"floor":16.0,"key":"Dexterity Potion"},{"floor":20.0,"key":"Explosive Potion"}],"is_trial":false,"path_per_floor":["M","$","M","M","M","E","R","E","T","M","M","M","R","?","R","B",null,"M","?","M","M","$","R","?","R","T","E","M"],"character_chosen":"THE_SILENT","items_purchased":["Deadly Poison","Well Laid Plans","DollysMirror"],"campfire_rested":3,"item_purchase_floors":[2,2,22],"current_hp_per_floor":[43,43,43,42,42,25,44,12,12,9,9,9,28,44,44,28,57,38,38,25,11,26,45,45,45,45,42,0,0],"gold":96,"neow_bonus":"THREE_RARE_CARDS","is_daily":false,"chose_seed":false,"campfire_upgraded":2,"win_rate":0.0,"timestamp":1609699119,"path_taken":["M","$","M","?","M","E","R","E","T","M","M","M","R","?","R","BOSS","M","?","M","M","$","R","?","R","T","E","M"],"items_purchased_type":["Card","Card","Relic"],"build_version":"2020-12-18","purchased_purges":1,"victory":false,"max_hp_per_floor":[66,66,66,66,66,66,66,66,66,66,66,66,66,66,66,66,66,66,66,66,66,66,66,66,66,66,66,66,66],"relic_stats":{"Regal Pillow":0,"counters":[15,65],"MealTicket":15,"Ginger":[5],"obtain_stats":[{"SlaversCollar":17,"Anchor":26,"Regal Pillow":27,"DollysMirror":22,"MealTicket":8,"Ginger":6,"Akabeko":9,"Ring of the Snake":0,"WarpedTongs":0},{"SlaversCollar":10,"Anchor":13,"Regal Pillow":14,"DollysMirror":13,"MealTicket":6,"Ginger":5,"Akabeko":6,"Ring of the Snake":0,"WarpedTongs":0},{"SlaversCollar":40,"Anchor":55,"Regal Pillow":60,"DollysMirror":55,"MealTicket":22,"Ginger":18,"Akabeko":22,"Ring of the Snake":0,"WarpedTongs":0}],"Ring of the Snake":[30],"WarpedTongs":[65]},"card_choices":[{"not_picked":["Wraith Form v2","Doppelganger"],"picked":"Die Die Die","floor":0.0},{"not_picked":["Bane","Calculated Gamble"],"picked":"Masterful Stab","floor":1.0},{"not_picked":["Tactician","PiercingWail"],"picked":"Dagger Spray","floor":3.0},{"not_picked":["Dagger Spray","Flying Knee"],"picked":"Blade Dance","floor":4.0},{"not_picked":["Dagger Throw","Underhanded Strike","Outmaneuver"],"picked":"SKIP","floor":5.0},{"not_picked":["Poisoned Stab","Slice"],"picked":"Dodge and Roll","floor":6.0},{"not_picked":["Tactician","Storm of Steel"],"picked":"Backflip","floor":8.0},{"not_picked":["Slice","Underhanded Strike","Dagger Throw"],"picked":"SKIP","floor":10.0},{"not_picked":["Endless Agony","Deadly Poison"],"picked":"Bouncing Flask","floor":11.0},{"not_picked":["Deflect","Acrobatics","Riddle With Holes"],"picked":"SKIP","floor":12.0},{"not_picked":["Storm of Steel","Bullet Time"],"picked":"Wraith Form v2","floor":16.0},{"not_picked":["Slice","Eviscerate"],"picked":"Calculated Gamble+1","floor":18.0},{"not_picked":["Flying Knee","Sucker Punch","Predator"],"picked":"SKIP","floor":20.0},{"not_picked":["Backflip","Poisoned Stab+1","Setup"],"picked":"SKIP","floor":21.0},{"not_picked":["Storm of Steel","Expertise","Dagger Throw"],"picked":"SKIP","floor":27.0}],"player_experience":138806,"relics_obtained":[{"floor":6.0,"key":"Ginger"},{"floor":8.0,"key":"MealTicket"},{"floor":9.0,"key":"Akabeko"},{"floor":26.0,"key":"Anchor"},{"floor":27.0,"key":"Regal Pillow"}],"event_choices":[{"damage_healed":16.0,"max_hp_gain":0.0,"max_hp_loss":0.0,"gold_gain":0.0,"event_name":"The Cleric","player_choice":"Healed","floor":14.0,"gold_loss":35.0,"damage_taken":0.0},{"damage_healed":0.0,"max_hp_gain":0.0,"max_hp_loss":0.0,"gold_gain":0.0,"event_name":"Cursed Tome","player_choice":"Ignored","floor":19.0,"gold_loss":0.0,"damage_taken":0.0},{"damage_healed":0.0,"max_hp_gain":0.0,"max_hp_loss":0.0,"gold_gain":0.0,"event_name":"Ghosts","player_choice":"Ignored","floor":24.0,"gold_loss":0.0,"damage_taken":0.0}],"is_beta":true,"boss_relics":[{"not_picked":["Fusion Hammer","Tiny House"],"picked":"SlaversCollar"}],"items_purged_floors":[22],"is_endless":false,"potions_floor_spawned":[1,6,11,16,20],"killed_by":"3 Cultists","ascension_level":18}}