{"host":"d8d3jqle49sogkjv","time":1609711597,"event":{"mods":["BaseMod","Colored Map","Colored Powertips","Minty Spire (QoL Compilation)","StSLib"],"gold_per_floor":[366,380,360,18,38,72,82,116,165,185,200,220,235,31,31,128,128,141,141,154,164,10,10,39,39,113,41,52,68,68,96,96,198,198,216,216,216,234,234,234,260,275,275,287,314,314,327,359,359,359,359,359,98,127,127,127],"floor_reached":55,"playtime":6278,"items_purged":[],"score":849,"play_id":"d00ceffb-a9e1-42fd-8752-024e59fb1749","local_time":"20210103230637","is_ascension_mode":true,"campfire_choices":[{"floor":15.0,"key":"REST"},{"floor":23.0,"key":"REST"},{"data":"DeusExMachina","floor":25.0,"key":"SMITH"},{"floor":30.0,"key":"REST"},{"floor":32.0,"key":"REST"},{"floor":40.0,"key":"RECALL"},{"floor":46,"key":"REST"},{"floor":49,"key":"REST"},{"data":"1","floor":52,"key":"LIFT"}],"circlet_count":0,"master_deck":["Strike_P+1","Defend_P+1","Defend_P+1","Defend_P+1","Eruption+1","Vigilance","ThirdEye+1","SandsOfTime+1","LessonLearned+1","Protect+1","Study","EmptyBody+1","FlurryOfBlows+1","FlurryOfBlows+1","Prostrate+1","BowlingBash+1","TalkToTheHand+1","MentalFortress","Brilliance+1","DevaForm+1","Prostrate","Fasting2+1","Consecrate+1","DeusExMachina+1","Evaluate","EmptyBody","Nirvana","InnerPeace+1","Tantrum+1","Conclude+1","Prostrate+1","Madness","Madness","Bandage Up","Finesse","Protect","JustLucky+1","Fasting2","Pray","Sanctity+1","Halt+1","Chrysalis","Protect"],"relics":["PureWater","Medical Kit","Pantograph","Molten Egg 2","Smiling Mask","VioletLotus","Membership Card","Bag of Preparation","Ornamental Fan","OrangePellets","Mercury Hourglass","Astrolabe","Ancient Tea Set","Girya","Strawberry","CaptainsWheel","Oddly Smooth Stone"],"acts_visited":["Exordium","TheCity","TheBeyond","TheEnding"],"potions_floor_usage":[45,45],"damage_taken":[{"damage":0.0,"enemies":"Cultist","floor":1.0,"turns":3.0},{"damage":0.0,"enemies":"Jaw Worm","floor":2.0,"turns":4.0},{"damage":0.0,"enemies":"2 Louse","floor":5.0,"turns":2.0},{"damage":11.0,"enemies":"3 Sentries","floor":6.0,"turns":12.0},{"damage":0.0,"enemies":"Looter","floor":7.0,"turns":4.0},{"damage":26.0,"enemies":"Gremlin Nob","floor":8.0,"turns":5.0},{"damage":1.0,"enemies":"Exordium Wildlife","floor":10.0,"turns":8.0},{"damage":0.0,"enemies":"Red Slaver","floor":11.0,"turns":5.0},{"damage":8.0,"enemies":"Large Slime","floor":12.0,"turns":6.0},{"damage":0.0,"enemies":"2 Fungi Beasts","floor":13.0,"turns":2.0},{"damage":38.0,"enemies":"Slime Boss","floor":16.0,"turns":10.0},{"damage":14.0,"enemies":"Spheric Guardian","floor":18.0,"turns":9.0},{"damage":7.0,"enemies":"Shell Parasite","floor":20.0,"turns":6.0},{"damage":21.0,"enemies":"Snake Plant","floor":21.0,"turns":6.0},{"damage":28.0,"enemies":"Slavers","floor":24.0,"turns":11.0},{"damage":0.0,"enemies":"Snecko","floor":28.0,"turns":7.0},{"damage":19.0,"enemies":"Chosen and Byrds","floor":29.0,"turns":9.0},{"damage":2.0,"enemies":"Gremlin Leader","floor":31.0,"turns":9.0},{"damage":34.0,"enemies":"Collector","floor":33.0,"turns":10.0},{"damage":3.0,"enemies":"Orb Walker","floor":35.0,"turns":5.0},{"damage":0.0,"enemies":"3 Shapes","floor":38.0,"turns":6.0},{"damage":54.0,"enemies":"Reptomancer","floor":41.0,"turns":6.0},{"damage":17.0,"enemies":"Sphere and 2 Shapes","floor":42.0,"turns":7.0},{"damage":0,"enemies":"4 Shapes","floor":44,"turns":3},{"damage":22,"enemies":"Nemesis","floor":45,"turns":9},{"damage":7,"enemies":"Spire Growth","floor":47,"turns":4},{"damage":13,"enemies":"Giant Head","floor":48,"turns":6},{"damage":39,"enemies":"Donu and Deca","floor":50,"turns":7},{"damage":30,"enemies":"Shield and Spear","floor":54,"turns":6},{"damage":86,"enemies":"The Heart","floor":55,"turns":8}],"seed_played":"-7662554556452073559","potions_obtained":[{"floor":1.0,"key":"FearPotion"},{"floor":3.0,"key":"Fire Potion"},{"floor":5.0,"key":"FearPotion"},{"floor":6.0,"key":"Fruit Juice"},{"floor":11.0,"key":"BlessingOfTheForge"},{"floor":19.0,"key":"Weak Potion"},{"floor":19.0,"key":"FairyPotion"},{"floor":19.0,"key":"BottledMiracle"},{"floor":20.0,"key":"Energy Potion"},{"floor":21.0,"key":"Weak Potion"},{"floor":29.0,"key":"ColorlessPotion"},{"floor":35.0,"key":"FearPotion"},{"floor":41.0,"key":"EssenceOfSteel"},{"floor":42.0,"key":"LiquidBronze"},{"floor":45,"key":"SteroidPotion"},{"floor":54,"key":"GamblersBrew"}],"is_trial":false,"path_per_floor":["M","M","?","$","M","E","M","E","T","M","M","M","M","$","R","B",null,"M","?","M","M","$","R","E","R","T","$","M","M","R","E","R","B",null,"M","?","?","M","?","R","E","M","T","M","E","R","M","E","R","B",null,"R","$","E","B"],"character_chosen":"WATCHER","items_purchased":["LessonLearned","Medical Kit","Protect","MentalFortress","Brilliance+1","Membership Card","OrangePellets","Chrysalis","CaptainsWheel","Protect"],"campfire_rested":6,"item_purchase_floors":[4,4,4,14,14,22,27,53,53,53],"current_hp_per_floor":[51,51,51,51,51,45,45,19,19,18,18,10,10,10,33,20,77,63,63,56,35,35,58,30,30,30,30,30,11,34,32,55,43,77,74,64,59,63,63,63,13,23,23,27,9,32,29,23,48,38,84,84,84,54,0,0],"gold":127,"neow_bonus":"TWO_FIFTY_GOLD","is_daily":false,"chose_seed":false,"campfire_upgraded":1,"win_rate":0.0,"timestamp":1609711597,"path_taken":["M","M","?","?","M","E","M","E","T","M","M","M","M","$","R","BOSS","M","?","?","M","?","R","E","R","T","$","M","M","R","E","R","BOSS","M","?","?","M","?","R","E","?","T","M","E","R","M","E","R","BOSS","R","$","E","BOSS"],"items_purchased_type":["Card","Relic","Card","Card","Card","Relic","Relic","Card","Relic","Card"],"build_version":"2020-12-22","purchased_purges":0,"victory":false,"max_hp_per_floor":[72,72,72,72,72,77,77,77,77,77,77,77,77,77,77,77,77,77,77,77,77,77,77,77,77,77,77,77,77,77,77,77,77,77,77,77,77,77,77,77,77,77,77,77,77,77,77,84,84,84,84,84,84,84,84,84],"card_choices":[{"not_picked":["Fasting2","WheelKick"],"picked":"ThirdEye","floor":1.0},{"not_picked":["Study","Collect"],"picked":"SandsOfTime","floor":2.0},{"not_picked":["Evaluate","Consecrate"],"picked":"Study","floor":5.0},{"not_picked":["Crescendo","CrushJoints","ReachHeaven"],"picked":"SKIP","floor":6.0},{"not_picked":["Consecrate","Pray"],"picked":"EmptyBody","floor":7.0},{"not_picked":["Vault","FearNoEvil+1"],"picked":"FlurryOfBlows+1","floor":8.0},{"not_picked":["Consecrate+1","BowlingBash+1"],"picked":"FlurryOfBlows+1","floor":10.0},{"not_picked":["ClearTheMind","MentalFortress"],"picked":"Prostrate","floor":11.0},{"not_picked":["EmptyBody","Halt"],"picked":"BowlingBash+1","floor":12.0},{"not_picked":["Study","Conclude+1"],"picked":"TalkToTheHand+1","floor":13.0},{"not_picked":["Scrawl","Vault"],"picked":"DevaForm","floor":16.0},{"not_picked":["InnerPeace","WreathOfFlame"],"picked":"Prostrate","floor":18.0},{"not_picked":["InnerPeace","WheelKick+1"],"picked":"Fasting2","floor":20.0},{"not_picked":["Swivel","SashWhip+1"],"picked":"Consecrate+1","floor":21.0},{"not_picked":["EmptyMind+1","Nirvana"],"picked":"DeusExMachina","floor":24.0},{"not_picked":["Indignation+1","Crescendo"],"picked":"Evaluate","floor":28.0},{"not_picked":["PathToVictory","Establishment"],"picked":"EmptyBody","floor":29.0},{"not_picked":["Swivel","EmptyBody"],"picked":"Nirvana","floor":31.0},{"not_picked":["Evaluate+1","FearNoEvil+1"],"picked":"Prostrate+1","floor":35.0},{"not_picked":["Deep Breath","Discovery"],"picked":"Bandage Up","floor":37.0},{"not_picked":["Trip","Magnetism"],"picked":"Finesse","floor":37.0},{"not_picked":["BowlingBash+1","FollowUp+1","Consecrate+1"],"picked":"SKIP","floor":38.0},{"not_picked":["FlyingSleeves+1","EmptyFist+1"],"picked":"Protect","floor":41.0},{"not_picked":["SignatureMove+1","CarveReality+1"],"picked":"JustLucky+1","floor":42.0},{"not_picked":["MentalFortress","EmptyFist+1"],"picked":"Fasting2","floor":44},{"not_picked":["LessonLearned+1","PathToVictory+1"],"picked":"Pray","floor":45},{"not_picked":["ThirdEye","ReachHeaven+1"],"picked":"Sanctity+1","floor":47},{"not_picked":["ClearTheMind","DevaForm"],"picked":"Halt+1","floor":48},{"not_picked":["PathToVictory+1","BattleHymn","SashWhip+1"],"picked":"SKIP","floor":54}],"player_experience":359194,"relics_obtained":[{"floor":6.0,"key":"Pantograph"},{"floor":8.0,"key":"Molten Egg 2"},{"floor":9.0,"key":"Smiling Mask"},{"floor":24.0,"key":"Bag of Preparation"},{"floor":26.0,"key":"Ornamental Fan"},{"floor":31.0,"key":"Mercury Hourglass"},{"floor":41.0,"key":"Ancient Tea Set"},{"floor":45,"key":"Girya"},{"floor":48,"key":"Strawberry"},{"floor":54,"key":"Oddly Smooth Stone"}],"event_choices":[{"damage_healed":0.0,"max_hp_gain":0.0,"max_hp_loss":0.0,"gold_gain":0.0,"event_name":"The Woman in Blue","player_choice":"Bought 1 Potion","floor":3.0,"gold_loss":0.0,"damage_taken":0.0},{"damage_healed":0.0,"max_hp_gain":0.0,"max_hp_loss":0.0,"gold_gain":0.0,"event_name":"Lab","player_choice":"Got Potions","floor":19.0,"gold_loss":0.0,"damage_taken":0.0},{"damage_healed":0.0,"max_hp_gain":0.0,"max_hp_loss":0.0,"gold_gain":0.0,"event_name":"Winding Halls","player_choice":"Embrace Madness","floor":36.0,"gold_loss":0.0,"damage_taken":10.0,"cards_obtained":["Madness","Madness"]},{"damage_healed":0.0,"max_hp_gain":0.0,"max_hp_loss":0.0,"gold_gain":0.0,"event_name":"SensoryStone","player_choice":"Memory 2","floor":37.0,"gold_loss":0.0,"damage_taken":5.0},{"cards_removed":["Strike_P"],"damage_healed":0.0,"max_hp_gain":0.0,"max_hp_loss":0.0,"gold_gain":0.0,"event_name":"Falling","player_choice":"Removed Attack","floor":39.0,"gold_loss":0.0,"damage_taken":0.0}],"is_beta":false,"boss_relics":[{"not_picked":["Tiny House","Cursed Key"],"picked":"VioletLotus"},{"not_picked":["Velvet Choker","Runic Dome"],"picked":"Astrolabe"}],"items_purged_floors":[],"is_endless":false,"potions_floor_spawned":[1,5,6,11,20,21,29,35,41,42,45,54],"killed_by":"The Heart","ascension_level":1}}