{"host":"6ld56ls1xbe0aj21","time":1609670655,"event":{"mods":["AchievementEnabler","BaseMod","Colored Powertips","Minty Spire (QoL Compilation)","Quick Restart","Rare Cards Sparkle","StSLib","SuperFastMode","everything is the same but u backflip on backflip","slay the spire mod where everything is the same but ironclad has a cowboy hat"],"gold_per_floor":[115,127,144,1,276,276,308,339,391,419,419,434,26,83,83,179,179,191,41,316,329,368,368,401,401,427,427,427,455,488,96,96,201,201,220,220,220,258,100,129,129,158,158,218,218,218,218,232,232,257,257,257,24,55,55,55],"floor_reached":55,"playtime":1623,"items_purged":["Regret","Regret","Strike_R"],"score":1311,"play_id":"266e3be5-3f2f-4ed8-babf-59737655be6d","local_time":"20210103214415","is_ascension_mode":true,"campfire_choices":[{"data":"Uppercut","floor":6.0,"key":"SMITH"},{"data":"Carnage","floor":11.0,"key":"SMITH"},{"data":"HandOfGreed","floor":15.0,"key":"SMITH"},{"floor":23.0,"key":"REST"},{"data":"Corruption","floor":25.0,"key":"SMITH"},{"data":"Heavy Blade","floor":27.0,"key":"SMITH"},{"data":"Fiend Fire","floor":32.0,"key":"SMITH"},{"data":"Immolate","floor":41,"key":"SMITH"},{"floor":47,"key":"RECALL"},{"data":"Sentinel","floor":49,"key":"SMITH"},{"data":"Inflame","floor":52,"key":"SMITH"}],"circlet_count":0,"master_deck":["Strike_R","Strike_R","Strike_R","Strike_R","Defend_R","Defend_R","Defend_R","Defend_R","Uppercut+1","Carnage+1","Cleave","Metallicize","Headbutt","Corruption+1","HandOfGreed+1","Inflame+1","Immolate+1","Heavy Blade+1","True Grit+1","Exhume","Fiend Fire+1","Sentinel+1","Corruption","Fire Breathing","Dark Embrace","Shockwave+1","Entrench","Sever Soul","Shrug It Off+1"],"relics":["Burning Blood","NeowsBlessing","Toolbox","Paper Frog","Happy Flower","Akabeko","Snecko Eye","Brimstone","Dead Branch","Potion Belt","Sundial","Strange Spoon","Bronze Scales","Coffee Dripper","Boot","StoneCalendar","Oddly Smooth Stone","Pear","Medical Kit","Mango"],"acts_visited":["Exordium","TheCity","TheBeyond","TheEnding"],"potions_floor_usage":[50,50,54],"damage_taken":[{"damage":0.0,"enemies":"Cultist","floor":1.0,"turns":1.0},{"damage":0.0,"enemies":"Small Slimes","floor":2.0,"turns":1.0},{"damage":0.0,"enemies":"2 Louse","floor":3.0,"turns":1.0},{"damage":8.0,"enemies":"Gremlin Nob","floor":7.0,"turns":3.0},{"damage":2.0,"enemies":"2 Fungi Beasts","floor":8.0,"turns":3.0},{"damage":21.0,"enemies":"Lagavulin","floor":10.0,"turns":6.0},{"damage":0.0,"enemies":"Looter","floor":12.0,"turns":1.0},{"damage":15.0,"enemies":"Gremlin Gang","floor":14.0,"turns":7.0},{"damage":34.0,"enemies":"Hexaghost","floor":16.0,"turns":8.0},{"damage":8.0,"enemies":"3 Byrds","floor":18.0,"turns":4.0},{"damage":16.0,"enemies":"Shell Parasite","floor":21.0,"turns":2.0},{"damage":23.0,"enemies":"Shelled Parasite and Fungi","floor":22.0,"turns":3.0},{"damage":0.0,"enemies":"Gremlin Leader","floor":24.0,"turns":2.0},{"damage":0.0,"enemies":"Slavers","floor":29.0,"turns":1.0},{"damage":0.0,"enemies":"Snecko","floor":30.0,"turns":1.0},{"damage":26.0,"enemies":"Collector","floor":33.0,"turns":3.0},{"damage":14.0,"enemies":"3 Darklings","floor":35.0,"turns":3.0},{"damage":6.0,"enemies":"3 Shapes","floor":38.0,"turns":2.0},{"damage":2.0,"enemies":"Giant Head","floor":40.0,"turns":2.0},{"damage":0,"enemies":"Reptomancer","floor":42,"turns":2},{"damage":46,"enemies":"Nemesis","floor":44,"turns":3},{"damage":0,"enemies":"Sphere and 2 Shapes","floor":48,"turns":1},{"damage":19,"enemies":"Awakened One","floor":50,"turns":5},{"damage":18,"enemies":"Shield and Spear","floor":54,"turns":4},{"damage":124,"enemies":"The Heart","floor":55,"turns":3}],"seed_played":"-4607698359493941385","potions_obtained":[{"floor":1.0,"key":"DistilledChaos"},{"floor":8.0,"key":"ElixirPotion"},{"floor":16.0,"key":"EssenceOfSteel"},{"floor":22.0,"key":"EntropicBrew"},{"floor":30.0,"key":"FearPotion"},{"floor":38.0,"key":"AttackPotion"},{"floor":40.0,"key":"AttackPotion"},{"floor":42,"key":"Energy Potion"}],"is_trial":false,"path_per_floor":["M","M","M","$","?","R","E","M","T","E","R","M","$","M","R","B",null,"M","$","?","M","M","R","E","R","T","R","?","E","M","$","R","B",null,"M","?","?","M","$","E","R","E","T","E","?","T","R","M","R","B",null,"R","$","E","B"],"character_chosen":"IRONCLAD","items_purchased":["Toolbox","Corruption","HandOfGreed","Brimstone","Strange Spoon","Bronze Scales","Dark Embrace","Medical Kit","Sever Soul"],"campfire_rested":1,"item_purchase_floors":[4,13,13,19,31,31,39,53,53],"current_hp_per_floor":[78,80,80,80,80,80,78,80,80,65,65,71,71,62,62,34,69,67,67,67,57,40,64,70,70,70,70,70,76,80,80,80,60,75,67,67,67,67,67,71,71,76,76,36,36,46,46,52,52,39,74,74,74,76,0,0],"gold":55,"neow_bonus":"THREE_ENEMY_KILL","is_daily":false,"chose_seed":false,"campfire_upgraded":9,"win_rate":0.0,"timestamp":1609670655,"path_taken":["M","?","?","$","?","R","E","?","T","E","R","M","$","?","R","BOSS","M","$","?","?","M","R","E","R","T","R","?","E","M","$","R","BOSS","M","?","?","M","$","E","R","E","T","E","?","?","R","M","R","BOSS","R","$","E","BOSS"],"items_purchased_type":["Relic","Card","Card","Relic","Relic","Relic","Card","Relic","Card"],"build_version":"2020-12-22","purchased_purges":3,"victory":false,"max_hp_per_floor":[80,80,80,80,80,80,80,80,80,80,80,80,80,80,80,80,80,80,80,80,80,80,80,80,80,80,80,80,80,80,80,80,80,80,80,80,76,76,76,76,76,76,76,76,76,86,86,86,86,86,86,86,86,100,100,100],"card_choices":[{"not_picked":["Bloodletting","Carnage"],"picked":"Uppercut","floor":1.0},{"not_picked":["Thunderclap","Flex"],"picked":"Carnage","floor":2.0},{"not_picked":["Warcry","Thunderclap"],"picked":"Cleave","floor":3.0},{"not_picked":["Searing Blow","Shrug It Off"],"picked":"Metallicize","floor":7.0},{"not_picked":["Shrug It Off","Sentinel","Cleave"],"picked":"SKIP","floor":8.0},{"not_picked":["Power Through","Clothesline"],"picked":"Headbutt","floor":10.0},{"not_picked":["Wild Strike","Cleave","Body Slam"],"picked":"SKIP","floor":12.0},{"not_picked":["Headbutt","True Grit"],"picked":"Inflame","floor":14.0},{"not_picked":["Berserk","Bludgeon"],"picked":"Immolate","floor":16.0},{"not_picked":["Havoc","Clothesline","Wild Strike+1"],"picked":"SKIP","floor":18.0},{"not_picked":["Body Slam","Battle Trance"],"picked":"Heavy Blade","floor":21.0},{"not_picked":["Seeing Red","Sever Soul"],"picked":"True Grit+1","floor":22.0},{"not_picked":["Perfected Strike","Whirlwind+1"],"picked":"Exhume","floor":24.0},{"not_picked":["Anger","Armaments+1"],"picked":"Fiend Fire","floor":29.0},{"not_picked":["Heavy Blade","Pommel Strike+1"],"picked":"Sentinel","floor":30.0},{"not_picked":["Feed","Bludgeon"],"picked":"Corruption","floor":33.0},{"not_picked":["Seeing Red+1","Anger+1"],"picked":"Fire Breathing","floor":35.0},{"not_picked":["Dropkick","Headbutt+1","Spot Weakness"],"picked":"SKIP","floor":38.0},{"not_picked":["Clash+1","Rampage"],"picked":"Shockwave+1","floor":40.0},{"not_picked":["Shrug It Off+1","Thunderclap","Iron Wave"],"picked":"SKIP","floor":42},{"not_picked":["Thunderclap+1","Wild Strike+1","Dual Wield+1"],"picked":"SKIP","floor":44},{"not_picked":["Shrug It Off","Dual Wield"],"picked":"Entrench","floor":48},{"not_picked":["Rage","Berserk"],"picked":"Shrug It Off+1","floor":54}],"player_experience":276816,"relics_obtained":[{"floor":7.0,"key":"Paper Frog"},{"floor":9.0,"key":"Happy Flower"},{"floor":10.0,"key":"Akabeko"},{"floor":24.0,"key":"Dead Branch"},{"floor":26.0,"key":"Potion Belt"},{"floor":29.0,"key":"Sundial"},{"floor":40.0,"key":"Boot"},{"floor":42,"key":"StoneCalendar"},{"floor":44,"key":"Oddly Smooth Stone"},{"floor":46,"key":"Pear"},{"floor":54,"key":"Mango"}],"event_choices":[{"damage_healed":0.0,"max_hp_gain":0.0,"max_hp_loss":0.0,"gold_gain":275.0,"event_name":"Golden Shrine","player_choice":"Desecrate","floor":5.0,"gold_loss":0.0,"damage_taken":0.0,"cards_obtained":["Regret"]},{"damage_healed":0.0,"max_hp_gain":0.0,"max_hp_loss":0.0,"gold_gain":275.0,"event_name":"Golden Shrine","player_choice":"Desecrate","floor":20.0,"gold_loss":0.0,"damage_taken":0.0,"cards_obtained":["Regret"]},{"damage_healed":0.0,"max_hp_gain":0.0,"max_hp_loss":0.0,"gold_gain":0.0,"event_name":"The Mausoleum","player_choice":"Ignored","floor":28.0,"gold_loss":0.0,"damage_taken":0.0},{"cards_removed":["Bash"],"damage_healed":0.0,"max_hp_gain":0.0,"max_hp_loss":0.0,"gold_gain":0.0,"event_name":"Falling","player_choice":"Removed Attack","floor":36.0,"gold_loss":0.0,"damage_taken":0.0},{"damage_healed":0.0,"max_hp_gain":0.0,"max_hp_loss":4.0,"gold_gain":0.0,"event_name":"Winding Halls","player_choice":"Max HP","floor":37.0,"gold_loss":0.0,"damage_taken":0.0},{"damage_healed":0,"gold_gain":0,"player_choice":"Ignored","damage_taken":0,"max_hp_gain":0,"max_hp_loss":0,"event_name":"Tomb of Lord Red Mask","floor":45,"gold_loss":0}],"is_beta":false,"boss_relics":[{"not_picked":["Black Blood","Cursed Key"],"picked":"Snecko Eye"},{"not_picked":["Empty Cage","Sozu"],"picked":"Coffee Dripper"}],"items_purged_floors":[13,31,39],"is_endless":false,"potions_floor_spawned":[1,8,16,22,30,38,40,42],"killed_by":"The Heart","ascension_level":8}}