{"host":"mitsb0f2d3kywzzp","time":1609698517,"event":{"mods":["AchievementEnabler","BaseMod","Colored Map","Colored Powertips","Downfall","Hermit","Highlight Path","Marisa????????","Minty Spire (QoL Compilation)","READ ME - Guardian Mod","Rare Cards Sparkle","Replay The Spire","StSLib","SuperFastMode","The Cursed","The Necromancer","The Servant 0.9.4"],"gold_per_floor":[115,115,65,81,81,81,125,125,125,125,125,144,182,107,107,238,238,209,230,59,78,78,78,3,153,153,172,242,292,316,360,360,486,486,506,531,604,654,675,675,675],"floor_reached":40,"playtime":5318,"items_purged":["Strike_P","Defend_P","Defend_P"],"score":566,"play_id":"123349e0-fb7c-4bde-8a45-2ef7f4891377","local_time":"20210103132837","is_ascension_mode":false,"campfire_choices":[{"data":"Eruption","floor":6,"key":"SMITH"},{"data":"Vigilance","floor":11,"key":"SMITH"},{"floor":15,"key":"REST"},{"data":"EmptyMind","floor":23,"key":"SMITH"},{"floor":32,"key":"REST"}],"circlet_count":0,"master_deck":["Eruption+1","Vigilance+1","Sanctity","ForeignInfluence","Steam","Replay:ManipulateFuture","Replay:Cycle","EmptyMind+1","Iron Wave","Replay:Cycle","DevaForm","FlurryOfBlows"],"relics":["PureWater","NeowsBlessing","Golden Idol","Meat on the Bone","Gremlin Horn","Quantum Egg","StoneCalendar","VioletLotus","SsserpentHead","Bird Faced Urn","Regal Pillow","Busted Crown"],"acts_visited":["Exordium","TheCity","TheBeyond"],"potions_floor_usage":[31,33,33,40,40],"damage_taken":[{"damage":0,"enemies":"Small Slimes","floor":1,"turns":1},{"damage":0,"enemies":"Jaw Worm","floor":4,"turns":1},{"damage":0,"enemies":"3 Sentries","floor":7,"turns":1},{"damage":0,"enemies":"2 Louse","floor":12,"turns":2},{"damage":0,"enemies":"Lagavulin","floor":13,"turns":3},{"damage":5,"enemies":"The Guardian","floor":16,"turns":7},{"damage":0,"enemies":"2 Thieves","floor":18,"turns":5},{"damage":8,"enemies":"Spheric Guardian","floor":19,"turns":7},{"damage":32,"enemies":"Cultist and Chosen","floor":21,"turns":7},{"damage":0,"enemies":"Snake Plant","floor":27,"turns":2},{"damage":0,"enemies":"3 Cultists","floor":28,"turns":5},{"damage":0,"enemies":"Centurion and Healer","floor":30,"turns":7},{"damage":29,"enemies":"Gremlin Leader","floor":31,"turns":7},{"damage":0,"enemies":"Automaton","floor":33,"turns":6},{"damage":0,"enemies":"3 Shapes","floor":35,"turns":4},{"damage":3,"enemies":"Orb Walker","floor":36,"turns":4},{"damage":0,"enemies":"Sphere and 2 Shapes","floor":37,"turns":1},{"damage":41,"enemies":"4 Shapes","floor":39,"turns":7},{"damage":59,"enemies":"Reptomancer","floor":40,"turns":5}],"seed_played":"-4065220964725645021","potions_obtained":[{"floor":1,"key":"BlessingOfTheForge"},{"floor":21,"key":"ColorlessPotion"},{"floor":27,"key":"AttackPotion"},{"floor":33,"key":"hexamod:EctoCoolerPotion"},{"floor":35,"key":"FearPotion"},{"floor":38,"key":"AttackPotion"},{"floor":38,"key":"Slimebound:ThreeZeroPotion"}],"is_trial":false,"path_per_floor":["M","?","?","M","?","R","E","?","T","T","R","M","E","$","R","B",null,"M","M","$","M","?","R","$","?","T","M","M","?","M","E","R","B",null,"M","M","M","?","M","E"],"character_chosen":"WATCHER","items_purchased":["EmptyMind"],"campfire_rested":2,"item_purchase_floors":[20],"current_hp_per_floor":[72,54,54,54,54,54,54,54,54,54,54,54,54,54,72,67,72,72,64,64,44,44,44,44,44,44,44,44,44,44,27,63,65,72,72,69,71,71,43,0,0],"gold":675,"neow_bonus":"THREE_ENEMY_KILL","is_daily":false,"chose_seed":false,"campfire_upgraded":3,"win_rate":0.0,"timestamp":1609698517,"path_taken":["M","?","?","M","?","R","E","?","T","?","R","M","E","$","R","BOSS","M","M","$","M","?","R","?","?","T","M","?","?","M","E","R","BOSS","M","M","?","?","M","E"],"items_purchased_type":["Card"],"build_version":"2020-12-22","purchased_purges":3,"victory":false,"max_hp_per_floor":[72,72,72,72,72,72,72,72,72,72,72,72,72,72,72,72,72,72,72,72,72,72,72,72,72,72,72,72,72,72,72,72,72,72,72,72,72,72,72,72,72],"card_choices":[{"not_picked":["CarveReality","EmptyBody","Replay:AtTheReady"],"picked":"SKIP","floor":1},{"not_picked":["ThirdEye","CrushJoints","Prostrate"],"picked":"SKIP","floor":4},{"not_picked":["PathToVictory","ThirdEye","Alpha"],"picked":"SKIP","floor":7},{"not_picked":["LikeWater","Protect"],"picked":"Replay:ManipulateFuture","floor":12},{"not_picked":["FollowUp","ReachHeaven"],"picked":"Replay:Cycle","floor":13},{"not_picked":["PathToVictory+1","EmptyBody","Replay:BluntJabs"],"picked":"SKIP","floor":18},{"not_picked":["CarveReality","SashWhip","Evaluate"],"picked":"SKIP","floor":19},{"not_picked":["ThirdEye","Meditate+1","PathToVictory"],"picked":"SKIP","floor":21},{"not_picked":["Prostrate","EmptyFist+1","Meditate"],"picked":"SKIP","floor":27},{"not_picked":["Replay:BluntJabs","Omniscience","Prostrate"],"picked":"SKIP","floor":28},{"not_picked":["EmptyFist","Wallop"],"picked":"Replay:Cycle","floor":30},{"not_picked":["Consecrate+1","LikeWater+1","ReachHeaven+1"],"picked":"SKIP","floor":31},{"not_picked":["Replay:AllIn","Brilliance"],"picked":"DevaForm","floor":33},{"not_picked":[],"picked":"FlurryOfBlows","floor":35},{"not_picked":["Prostrate"],"picked":"SKIP","floor":36},{"not_picked":["Nirvana+1"],"picked":"SKIP","floor":37},{"not_picked":["FollowUp+1"],"picked":"SKIP","floor":39}],"player_experience":335015,"relics_obtained":[{"floor":7,"key":"Meat on the Bone"},{"floor":9,"key":"Gremlin Horn"},{"floor":10,"key":"Quantum Egg"},{"floor":13,"key":"StoneCalendar"},{"floor":26,"key":"Bird Faced Urn"},{"floor":31,"key":"Regal Pillow"}],"event_choices":[{"damage_healed":0,"gold_gain":0,"player_choice":"Take Damage","damage_taken":18,"relics_obtained":["Golden Idol"],"max_hp_gain":0,"max_hp_loss":0,"event_name":"Golden Idol","floor":2,"gold_loss":0},{"cards_removed":["Strike_P"],"damage_healed":0,"gold_gain":0,"player_choice":"Card Removal","damage_taken":0,"max_hp_gain":0,"max_hp_loss":0,"event_name":"The Cleric","floor":3,"gold_loss":50},{"damage_healed":0,"gold_gain":0,"cards_transformed":["Defend_P"],"player_choice":"Change","damage_taken":0,"max_hp_gain":0,"max_hp_loss":0,"event_name":"Living Wall","floor":5,"gold_loss":0,"cards_obtained":["Sanctity"]},{"damage_healed":0,"gold_gain":0,"player_choice":"Trade","damage_taken":0,"relics_obtained":["SsserpentHead"],"max_hp_gain":0,"max_hp_loss":0,"event_name":"FaceTrader","floor":22,"gold_loss":0},{"damage_healed":0,"gold_gain":100,"player_choice":"Pray","damage_taken":0,"max_hp_gain":0,"max_hp_loss":0,"event_name":"Golden Shrine","floor":25,"gold_loss":0},{"cards_removed":["Strike_P"],"damage_healed":0,"gold_gain":0,"player_choice":"Took Card","damage_taken":0,"max_hp_gain":0,"max_hp_loss":0,"event_name":"NoteForYourself","floor":29,"gold_loss":0,"cards_obtained":["Iron Wave"]},{"damage_healed":0,"gold_gain":0,"player_choice":"Got Potions","damage_taken":0,"max_hp_gain":0,"max_hp_loss":0,"event_name":"Lab","floor":38,"gold_loss":0}],"is_beta":false,"boss_relics":[{"not_picked":["Abe\u0027s Treasure","Fusion Hammer"],"picked":"VioletLotus"},{"not_picked":["Black Star","ReplayTheSpireMod:DimensionalGlitch"],"picked":"Busted Crown"}],"items_purged_floors":[14,20,24],"is_endless":false,"potions_floor_spawned":[1,21,27,33,35],"killed_by":"Reptomancer","ascension_level":0}}