{"host":"ta9mufxydm4vkknf","time":1609690981,"event":{"mods":["AchievementEnabler","BaseMod","Minty Spire (QoL Compilation)"],"gold_per_floor":[113,188,206,219,65,65,90,90,115,115,15,32,42,67,67,169,169,179,189,204,204,217,247,247,247,247],"floor_reached":25,"playtime":982,"items_purged":["Strike_B","Strike_B"],"score":325,"play_id":"48561ef5-b3f7-4bef-8cbd-1a7d86120ca8","local_time":"20210103172301","is_ascension_mode":true,"campfire_choices":[{"data":"Defragment","floor":6,"key":"SMITH"},{"data":"Auto Shields","floor":8,"key":"SMITH"},{"floor":10,"key":"REST"},{"data":"Streamline","floor":15,"key":"SMITH"},{"floor":24,"key":"REST"}],"circlet_count":0,"master_deck":["Strike_B","Defend_B","Defend_B","Defend_B+1","Defend_B","Zap+1","Dualcast","Auto Shields+1","Cold Snap","Conserve Battery","Defragment+1","Ball Lightning","Storm","Streamline+1","Lockon","Amplify","Coolheaded+1","Cold Snap+1","Loop+1","Ball Lightning"],"relics":["Cracked Core","Girya","Happy Flower","War Paint","The Courier","Runic Dome","Mango"],"acts_visited":["Exordium","TheCity"],"potions_floor_usage":[23],"damage_taken":[{"damage":0,"enemies":"Cultist","floor":1,"turns":4},{"damage":10,"enemies":"Small Slimes","floor":3,"turns":4},{"damage":0,"enemies":"2 Louse","floor":4,"turns":2},{"damage":13,"enemies":"3 Sentries","floor":7,"turns":10},{"damage":0,"enemies":"Blue Slaver","floor":12,"turns":3},{"damage":0,"enemies":"Looter","floor":13,"turns":3},{"damage":7,"enemies":"Lagavulin","floor":14,"turns":6},{"damage":0,"enemies":"Slime Boss","floor":16,"turns":5},{"damage":13,"enemies":"3 Byrds","floor":18,"turns":4},{"damage":0,"enemies":"Spheric Guardian","floor":19,"turns":4},{"damage":0,"enemies":"3 Cultists","floor":20,"turns":5},{"damage":0,"enemies":"Centurion and Healer","floor":22,"turns":9},{"damage":50,"enemies":"Gremlin Leader","floor":23,"turns":5},{"damage":43,"enemies":"Slavers","floor":25,"turns":3}],"seed_played":"-3874978125903552389","potions_obtained":[{"floor":3,"key":"FearPotion"},{"floor":7,"key":"Energy Potion"},{"floor":12,"key":"Regen Potion"},{"floor":18,"key":"Block Potion"},{"floor":23,"key":"FearPotion"}],"is_trial":false,"path_per_floor":["M","?","M","M","$","R","E","R","T","R","$","M","M","E","R","B",null,"M","M","M","?","M","E","R","E"],"character_chosen":"DEFECT","items_purchased":["Defragment"],"campfire_rested":2,"item_purchase_floors":[5],"current_hp_per_floor":[68,62,52,52,52,52,39,39,39,59,59,59,59,52,52,52,68,55,55,55,55,55,19,43,0,0],"gold":247,"neow_bonus":"ONE_RARE_RELIC","is_daily":false,"chose_seed":false,"campfire_upgraded":3,"win_rate":0.0,"timestamp":1609690981,"path_taken":["M","?","M","M","$","R","E","R","T","R","$","?","M","E","R","BOSS","M","M","M","?","?","E","R","E"],"items_purchased_type":["Card"],"build_version":"2020-12-22","purchased_purges":2,"victory":false,"max_hp_per_floor":[68,68,68,68,68,68,68,68,68,68,68,68,68,68,68,68,68,68,68,68,68,68,82,82,82,82],"card_choices":[{"not_picked":["Coolheaded","Conserve Battery"],"picked":"Auto Shields","floor":1},{"not_picked":["Sweeping Beam","Stack"],"picked":"Cold Snap","floor":3},{"not_picked":["Barrage","Rainbow"],"picked":"Conserve Battery","floor":4},{"not_picked":["Hello World","Defragment"],"picked":"Ball Lightning","floor":7},{"not_picked":["Ball Lightning","Sweeping Beam"],"picked":"Storm","floor":12},{"not_picked":["Go for the Eyes","Conserve Battery"],"picked":"Streamline","floor":13},{"not_picked":["Seek","Conserve Battery"],"picked":"Lockon","floor":14},{"not_picked":["Seek","Fission"],"picked":"Amplify","floor":16},{"not_picked":["Ball Lightning","Compile Driver"],"picked":"Coolheaded+1","floor":18},{"not_picked":["Auto Shields+1","Consume+1"],"picked":"Cold Snap+1","floor":19},{"not_picked":["Coolheaded","Stack"],"picked":"Loop+1","floor":20},{"not_picked":["Stack","Barrage","Conserve Battery"],"picked":"SKIP","floor":22},{"not_picked":["Darkness","Gash"],"picked":"Ball Lightning","floor":23}],"player_experience":165213,"relics_obtained":[{"floor":7,"key":"Happy Flower"},{"floor":9,"key":"War Paint"},{"floor":14,"key":"The Courier"},{"floor":23,"key":"Mango"}],"event_choices":[{"damage_healed":0,"gold_gain":75,"player_choice":"Touch","damage_taken":6,"max_hp_gain":0,"max_hp_loss":0,"event_name":"FaceTrader","floor":2,"gold_loss":0},{"cards_removed":["Strike_B"],"damage_healed":0,"gold_gain":0,"player_choice":"Purged","damage_taken":0,"max_hp_gain":0,"max_hp_loss":0,"event_name":"Purifier","floor":21,"gold_loss":0}],"is_beta":false,"boss_relics":[{"not_picked":["Ectoplasm","Snecko Eye"],"picked":"Runic Dome"}],"items_purged_floors":[5,11],"is_endless":false,"potions_floor_spawned":[3,7,12,18,22,23],"killed_by":"Slavers","ascension_level":3}}