{"host":"gkh5j5k5w4qf7k7n","time":1609635299,"event":{"mods":["2.2 Compatiblity","AchievementEnabler","BaseMod","Colored Map","Colored Powertips","Downfall","GifTheSpireLib","Keyboard Shortcuts","Minty Spire (QoL Compilation)","Quick Restart","StSLib","SuperFastMode","¡¼?Úª?ø«¡½REMEMod"],"gold_per_floor":[0,19,31,181,204,204,272,285,285,311,31,48,48,33,48,175,175,100,110,129,143,156,156,230,115,134,154,254,354,279,0,12,107,107,107,119,138,150,160,177,225,305,323,323,353,278,324,343,355,355,355,387,59,59,59],"floor_reached":56,"playtime":6903,"items_purged":["hexamod:Strike","hexamod:Defend","hexamod:SkipABeat+1","octo:OctoRetract"],"score":1386,"play_id":"a1c95df4-4345-45b2-803d-bba22d2f3c1d","local_time":"20210103095459","is_ascension_mode":true,"campfire_choices":[{"data":"hexamod:Float","floor":1.0,"key":"SMITH"},{"data":"hexamod:SkipABeat","floor":9.0,"key":"SMITH"},{"floor":13.0,"key":"RECALL"},{"data":"hexamod:SearingWound","floor":18.0,"key":"SMITH"},{"data":"hexamod:Sear","floor":30.0,"key":"PURGE"},{"data":"Deep Breath","floor":35.0,"key":"SMITH"},{"data":"1","floor":46,"key":"LIFT"},{"data":"hexamod:Defend","floor":54,"key":"PURGE"}],"circlet_count":0,"master_deck":["hexamod:Defend+1","hexamod:Float+1","Feed+1","hexamod:WildfireWeapon+1","hexamod:GhostOfSpireFuture","hexamod:SuperheatedStrike+1","hexamod:AdvancingGuard","hexamod:SearingWound+1","hexamod:TimeWarp+1","hexamod:GhostOfSpirePast+1","hexamod:SpectersWail+1","hexamod:FlamesFromBeyond+1","hexamod:Rewind+1","hexamod:SpectralSpark+1","J.A.X.+1","hexamod:Hexaguard+1","hexamod:SpectersWail+1","hexamod:WildfireWeapon+1","Deep Breath+1","hexamod:TimeWarp+1","hexamod:SixthSeal","hexamod:VolcanoVisage+1","hexamod:FourthSeal","expansioncontent:StudyTheSpire"],"relics":["hexamod:SpiritBrand","Bronze Scales","HornCleat","Bird Faced Urn","Bag of Preparation","Runic Pyramid","downfall:HeartBlessingRed","Nloth\u0027s Gift","Peace Pipe","White Beast Statue","MutagenicStrength","downfall:HeartBlessingBlue","Sundial","Busted Crown","Girya","Orichalcum","downfall:HeartBlessingGreen","Ice Cream","InkBottle"],"acts_visited":["Exordium","TheCity","TheBeyond","TheEnding"],"potions_floor_usage":[42,45,45,55,55],"damage_taken":[{"damage":2.0,"enemies":"Cultist","floor":2.0,"turns":5.0},{"damage":3.0,"enemies":"2 Louse","floor":3.0,"turns":3.0},{"damage":0.0,"enemies":"Jaw Worm","floor":8.0,"turns":3.0},{"damage":9.0,"enemies":"Lagavulin","floor":10.0,"turns":7.0},{"damage":0.0,"enemies":"downfall:FleeingMerchant","floor":11.0,"turns":4.0},{"damage":1.0,"enemies":"2 Fungi Beasts","floor":12.0,"turns":3.0},{"damage":0.0,"enemies":"downfall:FleeingMerchant","floor":14.0,"turns":4.0},{"damage":0.0,"enemies":"Gremlin Gang","floor":15.0,"turns":4.0},{"damage":22.0,"enemies":"downfall:Ironclad","floor":16.0,"turns":6.0},{"damage":6.0,"enemies":"Chosen","floor":19.0,"turns":4.0},{"damage":12.0,"enemies":"Spheric Guardian","floor":20.0,"turns":4.0},{"damage":0.0,"enemies":"Cultist and Chosen","floor":21.0,"turns":4.0},{"damage":5.0,"enemies":"Snake Plant","floor":22.0,"turns":3.0},{"damage":0.0,"enemies":"downfall:FleeingMerchant","floor":25.0,"turns":4.0},{"damage":0.0,"enemies":"Snecko","floor":26.0,"turns":3.0},{"damage":4.0,"enemies":"Shelled Parasite and Fungi","floor":27.0,"turns":3.0},{"damage":7.0,"enemies":"downfall:Silent","floor":28.0,"turns":4.0},{"damage":10.0,"enemies":"downfall:Augmenter","floor":29.0,"turns":3.0},{"damage":0.0,"enemies":"downfall:FleeingMerchant","floor":31.0,"turns":4.0},{"damage":3.0,"enemies":"Centurion and Healer","floor":32.0,"turns":3.0},{"damage":1.0,"enemies":"downfall:Defect","floor":33.0,"turns":6.0},{"damage":2.0,"enemies":"Orb Walker","floor":36.0,"turns":3.0},{"damage":12,"enemies":"3 Shapes","floor":37,"turns":3},{"damage":19,"enemies":"Sphere and 2 Shapes","floor":38,"turns":4},{"damage":4,"enemies":"3 Darklings","floor":39,"turns":3},{"damage":1,"enemies":"Transient","floor":40,"turns":5},{"damage":38,"enemies":"Mind Bloom Boss Battle","floor":42,"turns":3},{"damage":0,"enemies":"Jaw Worm Horde","floor":43,"turns":3},{"damage":15,"enemies":"Reptomancer","floor":45,"turns":5},{"damage":22,"enemies":"2 Orb Walkers","floor":47,"turns":3},{"damage":0,"enemies":"4 Shapes","floor":48,"turns":2},{"damage":11,"enemies":"Sphere and 2 Shapes","floor":49,"turns":3},{"damage":6,"enemies":"downfall:Watcher","floor":50,"turns":4},{"damage":41,"enemies":"downfall:CharBossMerchant","floor":52,"turns":6},{"damage":27,"enemies":"downfall:NeowBoss","floor":55,"turns":10}],"seed_played":"-5077619930168592865","potions_obtained":[{"floor":2.0,"key":"Energy Potion"},{"floor":8.0,"key":"DuplicationPotion"},{"floor":12.0,"key":"Explosive Potion"},{"floor":15.0,"key":"REME_GoldPotion"},{"floor":20.0,"key":"hexamod:EctoCoolerPotion"},{"floor":21.0,"key":"LiquidMemories"},{"floor":26.0,"key":"EntropicBrew"},{"floor":37,"key":"FairyPotion"},{"floor":40,"key":"REME_GoldPotion"},{"floor":42,"key":"Energy Potion"},{"floor":45,"key":"Dexterity Potion"},{"floor":47,"key":"DistilledChaos"},{"floor":52,"key":"DuplicationPotion"}],"is_trial":false,"path_per_floor":["R","M","M","?","T","?","T","M","R","E","$","M","R","$","M","B",null,"R","M","M","M","M","?","T","$","M","M","?","?","R","$","M","B",null,"R","M","M","M","M","M","T","?","M","?","E","R","?","M","M","B",null,"E","$","R","B",null],"character_chosen":"THE_SPIRIT","items_purchased":["Bag of Preparation","hexamod:SuperheatedStrike","Sundial","Deep Breath","hexamod:TimeWarp","expansioncontent:StudyTheSpire"],"campfire_rested":0,"item_purchase_floors":[11,11,31,31,31,53],"current_hp_per_floor":[70,71,71,71,71,71,71,74,74,65,69,75,75,79,85,63,85,85,82,75,82,84,84,84,88,97,100,100,96,106,117,121,124,125,125,125,118,114,119,130,130,100,112,112,115,115,107,117,116,128,154,121,121,121,116],"gold":59,"neow_bonus":"REMOVE_TWO","is_daily":false,"chose_seed":false,"campfire_upgraded":4,"win_rate":0.0,"timestamp":1609635299,"path_taken":["R","M","?","?","?","?","T","M","R","E","$","M","R","$","M","BOSS","R","M","M","?","M","?","T","?","M","?","?","?","R","$","M","BOSS","R","M","M","M","M","M","T","?","M","?","E","R","?","?","M","BOSS","E","$","R","BOSS"],"items_purchased_type":["Relic","Card","Relic","Card","Card","Card"],"build_version":"2020-12-22","purchased_purges":4,"victory":true,"max_hp_per_floor":[70,73,76,76,76,76,76,79,79,79,79,82,82,82,85,85,85,85,88,91,94,97,97,97,97,100,103,106,106,116,119,122,125,125,125,125,128,131,134,134,134,134,138,138,142,142,146,150,150,154,154,154,154,154,154],"card_choices":[{"not_picked":["hexamod:SwordOfDarkness","hexamod:FastForward","hexamod:Firestarter"],"picked":"SKIP","floor":2.0},{"not_picked":["hexamod:RainOfEmbers","hexamod:DynamicBlow"],"picked":"hexamod:SkipABeat","floor":3.0},{"not_picked":["hexamod:DynamicBlow","hexamod:ExtraCrispy"],"picked":"hexamod:WildfireWeapon","floor":8.0},{"not_picked":["hexamod:NightmareGuise","hexamod:NightmareStrike"],"picked":"hexamod:GhostOfSpireFuture","floor":10.0},{"not_picked":["hexamod:StepThrough","hexamod:GhostShield","hexamod:InspiringFlames"],"picked":"SKIP","floor":11.0},{"not_picked":["hexamod:DynamicBlow","hexamod:ThermalTransfer"],"picked":"hexamod:AdvancingGuard","floor":12.0},{"not_picked":["hexamod:CatchUp","hexamod:GhostflameBarrier"],"picked":"hexamod:SearingWound","floor":14.0},{"not_picked":["hexamod:BacktrackSmack","hexamod:GhostLash","hexamod:InspiringFlames"],"picked":"SKIP","floor":15.0},{"not_picked":["hexamod:Toasty","hexamod:EmpoweringStance"],"picked":"hexamod:TimeWarp","floor":16.0},{"not_picked":["hexamod:HauntingEcho+1","hexamod:ThermalTransfer","hexamod:GhostShield"],"picked":"SKIP","floor":19.0},{"not_picked":["hexamod:GhostLash","hexamod:FastForward+1"],"picked":"hexamod:GhostOfSpirePast+1","floor":20.0},{"not_picked":["hexamod:RainOfEmbers","hexamod:NecessarySacrifice","hexamod:SkipABeat"],"picked":"SKIP","floor":21.0},{"not_picked":["hexamod:InspiringFlames","hexamod:BurningTouch+1"],"picked":"hexamod:SpectersWail+1","floor":22.0},{"not_picked":["hexamod:NightmareGuise","hexamod:FastForward","hexamod:GhostOfSpirePresent"],"picked":"SKIP","floor":25.0},{"not_picked":["hexamod:GhostflameInferno","hexamod:ThermalTransfer"],"picked":"hexamod:FlamesFromBeyond","floor":26.0},{"not_picked":["hexamod:ParanormalForm","hexamod:NightmareGuise"],"picked":"hexamod:Rewind","floor":27.0},{"not_picked":["hexamod:GhostShield","hexamod:SpectersWail"],"picked":"hexamod:SpectralSpark+1","floor":28.0},{"not_picked":[],"picked":"J.A.X.","floor":29.0},{"not_picked":["hexamod:ShieldOfDarkness","hexamod:BacktrackSmack"],"picked":"hexamod:Hexaguard","floor":29.0},{"not_picked":["hexamod:SecondSeal","hexamod:RainOfEmbers+1","hexamod:NightmareGuise"],"picked":"SKIP","floor":31.0},{"not_picked":["hexamod:RetreatToShadows","hexamod:FastForward"],"picked":"hexamod:SixthSeal","floor":32.0},{"not_picked":["hexamod:GhostflameInferno","hexamod:WildfireWeapon"],"picked":"hexamod:VolcanoVisage","floor":33.0},{"not_picked":["hexamod:NightmareStrike"],"picked":"SKIP","floor":36.0},{"not_picked":["hexamod:RainOfEmbers+1"],"picked":"SKIP","floor":37},{"not_picked":["hexamod:RainOfEmbers"],"picked":"SKIP","floor":38},{"not_picked":["hexamod:RadiantFlame"],"picked":"SKIP","floor":39},{"not_picked":["hexamod:SpectersWail"],"picked":"SKIP","floor":40},{"not_picked":["hexamod:Toasty"],"picked":"SKIP","floor":43},{"not_picked":["hexamod:SwordOfDarkness+1"],"picked":"SKIP","floor":45},{"not_picked":["hexamod:InspiringFlames"],"picked":"SKIP","floor":48},{"not_picked":["hexamod:ShieldOfDarkness"],"picked":"SKIP","floor":49},{"not_picked":["hexamod:ShieldOfDarkness"],"picked":"SKIP","floor":52}],"player_experience":724494,"relics_obtained":[{"floor":5.0,"key":"Bronze Scales"},{"floor":7.0,"key":"HornCleat"},{"floor":10.0,"key":"Bird Faced Urn"},{"floor":28.0,"key":"Peace Pipe"},{"floor":28.0,"key":"White Beast Statue"},{"floor":29.0,"key":"MutagenicStrength"},{"floor":42,"key":"Girya"},{"floor":45,"key":"Orichalcum"},{"floor":47,"key":"Ice Cream"},{"floor":52,"key":"InkBottle"}],"event_choices":[{"cards_removed":["octo:OctoAdvance"],"damage_healed":0.0,"max_hp_gain":0.0,"max_hp_loss":0.0,"gold_gain":0.0,"event_name":"Purifier","player_choice":"Purged","floor":6.0,"gold_loss":0.0,"damage_taken":0.0},{"cards_removed":["Slimebound:Icky"],"damage_healed":0.0,"max_hp_gain":0.0,"max_hp_loss":0.0,"gold_gain":0.0,"event_name":"Purifier","player_choice":"Purged","floor":6.0,"gold_loss":0.0,"damage_taken":0.0},{"damage_healed":0,"gold_gain":0,"player_choice":"Fight","damage_taken":0,"max_hp_gain":0,"max_hp_loss":0,"event_name":"Mysterious Sphere","floor":47,"gold_loss":0}],"is_beta":false,"boss_relics":[{"not_picked":["Calling Bell","Philosopher\u0027s Stone"],"picked":"Runic Pyramid"},{"not_picked":["REME_DemonsWealth","Astrolabe"],"picked":"Busted Crown"}],"items_purged_floors":[11,25,31,53],"is_endless":false,"potions_floor_spawned":[2,8,12,15,20,21,26,27,31,32,33,36,37,38,39,40,42,43,47,48,49,52],"ascension_level":1}}