{"host":"5wznv0010959mrmz","time":1609694789,"event":{"mods":["BaseMod","Highlight Path","Minty Spire (QoL Compilation)"],"gold_per_floor":[114,133,208,358,368,368,378,378,378,378,378,378],"floor_reached":11,"playtime":257,"items_purged":[],"score":126,"play_id":"e5a539ba-231d-428a-978a-2c1cac2c9cf6","local_time":"20210103112629","is_ascension_mode":true,"campfire_choices":[{"floor":6,"key":"REST"},{"data":"Poisoned Stab","floor":8,"key":"SMITH"}],"circlet_count":0,"master_deck":["AscendersBane","Strike_G","Strike_G","Strike_G","Defend_G","Defend_G","Defend_G","Defend_G","Defend_G","Survivor","Neutralize","Finisher","Skewer","Poisoned Stab+1","Flying Knee","Doubt","Blur","Slice"],"relics":["Ring of the Snake","Juzu Bracelet"],"acts_visited":["Exordium"],"potions_floor_usage":[7,11,11],"damage_taken":[{"damage":7,"enemies":"Jaw Worm","floor":1,"turns":5},{"damage":4,"enemies":"Cultist","floor":2,"turns":4},{"damage":0,"enemies":"2 Louse","floor":5,"turns":3},{"damage":19,"enemies":"Exordium Wildlife","floor":7,"turns":5},{"damage":31,"enemies":"Gremlin Nob","floor":11,"turns":3}],"seed_played":"-4642977834584225400","potions_obtained":[{"floor":1,"key":"GamblersBrew"},{"floor":10,"key":"SneckoOil"},{"floor":10,"key":"ColorlessPotion"}],"is_trial":false,"path_per_floor":["M","M","?","?","M","R","M","R","T","?","E"],"character_chosen":"THE_SILENT","items_purchased":[],"campfire_rested":1,"item_purchase_floors":[],"current_hp_per_floor":[37,33,22,22,22,41,22,22,22,22,0,0],"gold":378,"neow_bonus":"TRANSFORM_TWO_CARDS","is_daily":false,"chose_seed":false,"campfire_upgraded":1,"win_rate":0.0,"timestamp":1609694789,"path_taken":["M","M","?","?","M","R","M","R","T","?","E"],"items_purchased_type":[],"build_version":"2020-12-22","purchased_purges":0,"victory":false,"max_hp_per_floor":[66,66,66,66,66,66,66,66,66,66,66,66],"card_choices":[{"not_picked":["Reflex","Bane"],"picked":"Poisoned Stab","floor":1},{"not_picked":["Setup","Quick Slash"],"picked":"Flying Knee","floor":2},{"not_picked":["Bane","Underhanded Strike"],"picked":"Blur","floor":5},{"not_picked":["Cloak And Dagger","Deflect"],"picked":"Slice","floor":7}],"player_experience":385294,"relics_obtained":[{"floor":9,"key":"Juzu Bracelet"}],"event_choices":[{"damage_healed":0,"gold_gain":75,"player_choice":"Gather Gold","damage_taken":11,"max_hp_gain":0,"max_hp_loss":0,"event_name":"World of Goop","floor":3,"gold_loss":0},{"damage_healed":0,"gold_gain":150,"player_choice":"AGREE","damage_taken":0,"max_hp_gain":0,"max_hp_loss":0,"event_name":"Liars Game","floor":4,"gold_loss":0,"cards_obtained":["Doubt"]},{"damage_healed":0,"gold_gain":0,"player_choice":"Got Potions","damage_taken":0,"max_hp_gain":0,"max_hp_loss":0,"event_name":"Lab","floor":10,"gold_loss":0}],"is_beta":false,"boss_relics":[],"items_purged_floors":[],"is_endless":false,"potions_floor_spawned":[1],"killed_by":"Gremlin Nob","ascension_level":20}}