{"host":"qiqz0nmt5d7mxurh","time":1609669085,"event":{"mods":["Act Like it!","BaseMod","Colored Powertips","Koishi","Marisa????????","Minty Spire (QoL Compilation)","Quick Restart","StSLib","The Administrix","The Servant 0.9.4"],"gold_per_floor":[118,135,1,1,11,11,24,24,49,77,77,146,159,78,78,149,149,163,182,232,279,294,294,325,342,420,420,449,268,297,307,307,381,381,392,392,405,405,421,421,436,436,436,463,463,478,511,521,521,521,521,521,521,16,46,46,46],"floor_reached":56,"playtime":4979,"items_purged":["Strike_G","Strike_G","Parasite"],"score":1949,"play_id":"caa7ac45-ac98-4bf4-a8f0-9c80ccd0c78a","local_time":"20210103204805","is_ascension_mode":true,"campfire_choices":[{"floor":6.0,"key":"REST"},{"data":"Predator","floor":8.0,"key":"SMITH"},{"floor":15.0,"key":"REST"},{"floor":23.0,"key":"REST"},{"floor":27.0,"key":"REST"},{"data":"Well Laid Plans","floor":32.0,"key":"SMITH"},{"floor":40,"key":"RECALL"},{"data":"Noxious Fumes","floor":42,"key":"SMITH"},{"floor":49,"key":"REST"},{"data":"Skewer","floor":53,"key":"SMITH"}],"circlet_count":0,"master_deck":["AscendersBane","Strike_G+1","Defend_G","Defend_G","Defend_G+1","Survivor","Neutralize","Concentrate","Predator+1","Underhanded Strike","Terror","PiercingWail","Bullet Time","Footwork","Crippling Poison","Acrobatics","Well Laid Plans+1","Reflex","Tools of the Trade","Noxious Fumes+1","Acrobatics","Tools of the Trade","Setup+1","Skewer+1"],"relics":["Ring of the Serpent","Tiny Chest","Centennial Puzzle","Eternal Feather","SlaversCollar","Boot","Tough Bandages","Question Card","Shuriken","Ice Cream","Blood Vial","Strawberry","Letter Opener","Akabeko"],"acts_visited":["Exordium","TheCity","TheBeyond","TheEnding"],"potions_floor_usage":[51,56,56,56],"damage_taken":[{"damage":2.0,"enemies":"Small Slimes","floor":1.0,"turns":5.0},{"damage":0.0,"enemies":"Jaw Worm","floor":2.0,"turns":6.0},{"damage":0.0,"enemies":"Cultist","floor":5.0,"turns":3.0},{"damage":4.0,"enemies":"Blue Slaver","floor":7.0,"turns":4.0},{"damage":17.0,"enemies":"3 Sentries","floor":10.0,"turns":8.0},{"damage":4.0,"enemies":"Gremlin Gang","floor":13.0,"turns":5.0},{"damage":18.0,"enemies":"Slime Boss","floor":16.0,"turns":7.0},{"damage":1.0,"enemies":"2 Thieves","floor":18.0,"turns":4.0},{"damage":23.0,"enemies":"3 Byrds","floor":19.0,"turns":9.0},{"damage":12.0,"enemies":"Snecko","floor":22.0,"turns":6.0},{"damage":35.0,"enemies":"Gremlin Leader","floor":24.0,"turns":9.0},{"damage":2.0,"enemies":"Snake Plant","floor":25.0,"turns":4.0},{"damage":6.0,"enemies":"Book of Stabbing","floor":28.0,"turns":6.0},{"damage":7.0,"enemies":"Gremlin Leader","floor":30.0,"turns":5.0},{"damage":4.0,"enemies":"Cultist and Chosen","floor":31.0,"turns":5.0},{"damage":0.0,"enemies":"Champ","floor":33.0,"turns":7.0},{"damage":9.0,"enemies":"Orb Walker","floor":35.0,"turns":4.0},{"damage":26,"enemies":"3 Darklings","floor":37,"turns":8},{"damage":19,"enemies":"4 Shapes","floor":39,"turns":5},{"damage":5,"enemies":"Transient","floor":41,"turns":6},{"damage":21,"enemies":"Writhing Mass","floor":46,"turns":7},{"damage":34,"enemies":"Giant Head","floor":47,"turns":7},{"damage":15,"enemies":"Sphere and 2 Shapes","floor":48,"turns":5},{"damage":21,"enemies":"Donu and Deca","floor":50,"turns":11},{"damage":43,"enemies":"Time Eater","floor":51,"turns":11},{"damage":77,"enemies":"Shield and Spear","floor":55,"turns":8},{"damage":76,"enemies":"The Heart","floor":56,"turns":5}],"seed_played":"4163940312663006709","potions_obtained":[{"floor":1.0,"key":"Poison Potion"},{"floor":5.0,"key":"Ancient Potion"},{"floor":10.0,"key":"Fruit Juice"},{"floor":16.0,"key":"CunningPotion"},{"floor":24.0,"key":"DistilledChaos"},{"floor":28.0,"key":"Weak Potion"},{"floor":31.0,"key":"BlessingOfTheForge"},{"floor":33.0,"key":"Strength Potion"},{"floor":41,"key":"FairyPotion"}],"is_trial":false,"path_per_floor":["M","M","$","?","M","R","M","R","T","E","?","T","M","$","R","B",null,"M","M","?","T","M","R","E","M","T","R","E","$","E","M","R","B",null,"M","?","M","?","M","R","M","R","T","T","?","M","E","M","R","B","B",null,"R","$","E","B"],"character_chosen":"THE_SILENT","items_purchased":["Underhanded Strike","Footwork","Noxious Fumes","Letter Opener","EntropicBrew"],"campfire_rested":5,"item_purchase_floors":[3,14,29,54,54],"current_hp_per_floor":[42,42,42,22,22,41,37,37,37,25,18,18,14,14,44,26,60,59,36,36,36,24,57,22,20,20,53,47,47,40,36,48,48,65,56,56,30,81,62,74,69,81,81,81,81,60,35,22,63,44,3,67,82,82,7,0,0],"gold":46,"neow_bonus":"REMOVE_TWO","is_daily":false,"chose_seed":false,"campfire_upgraded":4,"win_rate":0.0,"timestamp":1609669085,"path_taken":["M","M","$","?","M","R","M","R","T","E","?","?","M","$","R","BOSS","M","M","?","?","M","R","E","M","T","R","E","$","E","M","R","BOSS","M","?","M","?","M","R","?","R","T","?","?","M","E","M","R","BOSS","BOSS","R","$","E","BOSS"],"items_purchased_type":["Card","Card","Card","Relic","Potion"],"build_version":"2020-12-22","purchased_purges":3,"victory":false,"max_hp_per_floor":[66,66,66,66,66,66,66,66,66,71,71,71,71,71,71,71,71,71,71,71,71,71,71,71,71,71,71,71,71,71,71,71,71,71,71,71,71,81,81,81,81,81,81,81,81,81,88,88,88,88,88,88,88,85,85,85,85],"card_choices":[{"not_picked":["Expertise","Underhanded Strike"],"picked":"Concentrate","floor":1.0},{"not_picked":["Deflect","Dodge and Roll"],"picked":"Predator","floor":2.0},{"not_picked":["Deadly Poison","Venomology"],"picked":"Terror","floor":5.0},{"not_picked":["Underhanded Strike","Sucker Punch"],"picked":"PiercingWail","floor":7.0},{"not_picked":["Backstab","Bane","Infinite Blades"],"picked":"SKIP","floor":10.0},{"not_picked":["Escape Plan","Cloak And Dagger"],"picked":"Bullet Time","floor":13.0},{"not_picked":["Phantasmal Killer","Bullet Time"],"picked":"Doppelganger","floor":16.0},{"not_picked":["Deadly Poison","Dash"],"picked":"Crippling Poison","floor":18.0},{"not_picked":["Backflip","All Out Attack"],"picked":"Acrobatics","floor":19.0},{"not_picked":["Blade Dance","Backflip"],"picked":"Well Laid Plans","floor":22.0},{"not_picked":["Footwork","Sucker Punch"],"picked":"Reflex","floor":24.0},{"not_picked":["Bane","Poisoned Stab+1","Flying Knee"],"picked":"SKIP","floor":25.0},{"not_picked":["Envenom","Slice+1","Terror"],"picked":"Tools of the Trade","floor":28.0},{"not_picked":["Poisoned Stab","Masterful Stab+1","Outmaneuver"],"picked":"Acrobatics","floor":30.0},{"not_picked":["Poisoned Stab","Catalyst","Dagger Spray","Quick Slash"],"picked":"SKIP","floor":31.0},{"not_picked":["Glass Knife","Night Terror","Bullet Time"],"picked":"Tools of the Trade","floor":33.0},{"not_picked":["Bane","Flying Knee+1","Quick Slash"],"picked":"Setup+1","floor":35.0},{"not_picked":["Flying Knee+1","Slice","Heel Hook","All Out Attack+1"],"picked":"SKIP","floor":37},{"not_picked":["Acrobatics","Escape Plan+1","Masterful Stab","Quick Slash"],"picked":"SKIP","floor":39},{"not_picked":["Dagger Throw","Dagger Spray+1","Riddle With Holes","Heel Hook+1"],"picked":"SKIP","floor":41},{"not_picked":["Dagger Throw","Dagger Spray+1","Riddle With Holes","Heel Hook+1"],"picked":"SKIP","floor":41},{"not_picked":["Night Terror","Blade Dance","Terror+1","Backflip"],"picked":"SKIP","floor":46},{"not_picked":["Acrobatics+1","Catalyst","Infinite Blades+1","Dash"],"picked":"SKIP","floor":47},{"not_picked":["Concentrate","Backflip","Predator"],"picked":"Skewer","floor":48},{"not_picked":["Slice","Dagger Throw","Backflip","Crippling Poison"],"picked":"SKIP","floor":55}],"player_experience":1288753,"relics_obtained":[{"floor":9.0,"key":"Tiny Chest"},{"floor":10.0,"key":"Centennial Puzzle"},{"floor":12.0,"key":"Eternal Feather"},{"floor":21.0,"key":"Boot"},{"floor":24.0,"key":"Tough Bandages"},{"floor":26.0,"key":"Question Card"},{"floor":28.0,"key":"Shuriken"},{"floor":30.0,"key":"Ice Cream"},{"floor":44,"key":"Blood Vial"},{"floor":47,"key":"Strawberry"},{"floor":55,"key":"Akabeko"}],"event_choices":[{"damage_healed":0.0,"max_hp_gain":0.0,"max_hp_loss":0.0,"gold_gain":0.0,"event_name":"Shining Light","player_choice":"Entered Light","floor":4.0,"gold_loss":0.0,"damage_taken":20.0,"cards_upgraded":["Strike_G","Defend_G"]},{"cards_removed":["Strike_G"],"damage_healed":0.0,"max_hp_gain":0.0,"max_hp_loss":0.0,"gold_gain":0.0,"event_name":"Golden Wing","player_choice":"Card Removal","floor":11.0,"gold_loss":0.0,"damage_taken":7.0},{"damage_healed":0.0,"max_hp_gain":0.0,"max_hp_loss":0.0,"gold_gain":50.0,"event_name":"Golden Shrine","player_choice":"Pray","floor":20.0,"gold_loss":0.0,"damage_taken":0.0},{"damage_healed":0.0,"max_hp_gain":0.0,"max_hp_loss":0.0,"gold_gain":0.0,"event_name":"Tomb of Lord Red Mask","player_choice":"Ignored","floor":36.0,"gold_loss":0.0,"damage_taken":0.0},{"cards_removed":["Doppelganger"],"damage_healed":41,"gold_gain":0,"player_choice":"Offered Rare","damage_taken":0,"max_hp_gain":10,"max_hp_loss":0,"event_name":"Bonfire Elementals","floor":38,"gold_loss":0},{"cards_removed":["Defend_G"],"damage_healed":0,"gold_gain":0,"player_choice":"Purged","damage_taken":0,"max_hp_gain":0,"max_hp_loss":0,"event_name":"Purifier","floor":45,"gold_loss":0}],"is_beta":false,"boss_relics":[{"not_picked":["Astrolabe","Pandora\u0027s Box"],"picked":"SlaversCollar"},{"not_picked":["Runic Dome","Philosopher\u0027s Stone"],"picked":"Ring of the Serpent"}],"items_purged_floors":[3,29,54],"is_endless":false,"potions_floor_spawned":[1,5,7,10,16,24,28,31,33,35,37,41,46],"killed_by":"The Heart","ascension_level":20}}