{"host":"b7j598ve05halrwk","time":1609694545,"event":{"mods":["2.2 Compatiblity","BaseMod","Block Reminder","DeckTracker","Minty Spire (QoL Compilation)","Relic Stats","Slay the Relics Exporter","StSLib","ojb\u0027s Info Mod"],"gold_per_floor":[110,110,30,46,64,64,109,34,34,34,65,78,97,125,125,199,199,213,232,249,267,279,279,312,312,312,312,237,248,299,299,299],"floor_reached":31,"playtime":2576,"items_purged":["Strike_B"],"score":594,"play_id":"d3c7cff2-acf5-42cd-8322-9d87ef8e5652","local_time":"20210103122225","is_ascension_mode":true,"campfire_choices":[{"data":"Sunder","floor":6.0,"key":"SMITH"},{"data":"Defragment","floor":15.0,"key":"SMITH"},{"data":"Echo Form","floor":23,"key":"SMITH"},{"floor":25,"key":"REST"}],"circlet_count":0,"master_deck":["AscendersBane","Defend_B","Defend_B","Defend_B","Defend_B","Zap","Dualcast","Magnetism","Beam Cell+1","Sunder+1","BootSequence","Conserve Battery","Defragment+1","Seek","Undo","Cold Snap","Glacier","Echo Form+1","Turbo+1","Reinforced Body","Stack","Lockon","Consume","Redo","Defragment","Loop","Electrodynamics"],"relics":["Cracked Core","PreservedInsect","Kunai","Centennial Puzzle","Oddly Smooth Stone","Runic Pyramid","Lantern","Letter Opener","Gremlin Horn"],"acts_visited":[],"potions_floor_usage":[24],"damage_taken":[{"damage":7.0,"enemies":"Jaw Worm","floor":1.0,"turns":4.0},{"damage":0.0,"enemies":"Cultist","floor":4.0,"turns":3.0},{"damage":1.0,"enemies":"2 Louse","floor":5.0,"turns":2.0},{"damage":23.0,"enemies":"Lagavulin","floor":7.0,"turns":7.0},{"damage":11.0,"enemies":"Gremlin Nob","floor":11.0,"turns":3.0},{"damage":0.0,"enemies":"Blue Slaver","floor":12.0,"turns":2.0},{"damage":0.0,"enemies":"Looter","floor":13.0,"turns":2.0},{"damage":2.0,"enemies":"3 Sentries","floor":14.0,"turns":24.0},{"damage":12.0,"enemies":"The Guardian","floor":16.0,"turns":13.0},{"damage":0.0,"enemies":"3 Byrds","floor":18.0,"turns":5.0},{"damage":0.0,"enemies":"Spheric Guardian","floor":19.0,"turns":4.0},{"damage":2.0,"enemies":"3 Cultists","floor":20.0,"turns":5.0},{"damage":0.0,"enemies":"Cultist and Chosen","floor":21.0,"turns":14.0},{"damage":6,"enemies":"Centurion and Healer","floor":22,"turns":9},{"damage":38,"enemies":"Book of Stabbing","floor":24,"turns":4},{"damage":0,"enemies":"Snecko","floor":29,"turns":6},{"damage":9,"enemies":"Gremlin Leader","floor":30,"turns":7}],"seed_played":"7883640104503909181","potions_obtained":[{"floor":1.0,"key":"Regen Potion"},{"floor":11.0,"key":"Regen Potion"},{"floor":13.0,"key":"Energy Potion"},{"floor":14.0,"key":"DistilledChaos"},{"floor":19.0,"key":"DistilledChaos"},{"floor":20.0,"key":"Energy Potion"},{"floor":22,"key":"ColorlessPotion"},{"floor":29,"key":"SpeedPotion"}],"is_trial":false,"path_per_floor":["M","?","$","M","M","R","E","$","T","?","E","M","M","E","R","B",null,"M","M","M","M","M","R","E","R","T","?","?","M","E","?"],"character_chosen":"DEFECT","items_purchased":["Sunder"],"campfire_rested":1,"item_purchase_floors":[3],"current_hp_per_floor":[57,57,57,57,56,56,42,42,42,42,31,31,31,44,44,32,56,56,56,54,54,48,48,10,29,29,29,29,29,20,0,0],"gold":299,"neow_bonus":"RANDOM_COLORLESS_2","is_daily":false,"chose_seed":false,"campfire_upgraded":3,"win_rate":0.0,"timestamp":1609694545,"path_taken":["M","?","?","M","M","R","E","?","T","?","E","?","M","E","R","BOSS","M","M","M","M","M","R","E","R","T","?","?","M","E","?"],"items_purchased_type":["Card"],"build_version":"2020-12-22","purchased_purges":1,"victory":false,"max_hp_per_floor":[64,64,64,64,64,64,64,64,64,64,64,64,64,64,64,64,64,64,64,64,64,64,64,64,64,64,64,64,64,64,64,64],"relic_stats":{"Centennial Puzzle":[9],"Gremlin Horn":[0,0],"counters":[4,26],"PreservedInsect":90,"Kunai":[3],"Letter Opener":[96],"obtain_stats":[{"Centennial Puzzle":0,"Lantern":24,"Gremlin Horn":30,"Oddly Smooth Stone":0,"PreservedInsect":0,"Kunai":0,"Letter Opener":26,"Cracked Core":0,"Runic Pyramid":0},{"Centennial Puzzle":0,"Lantern":2,"Gremlin Horn":4,"Oddly Smooth Stone":0,"PreservedInsect":0,"Kunai":0,"Letter Opener":2,"Cracked Core":0,"Runic Pyramid":0},{"Centennial Puzzle":0,"Lantern":13,"Gremlin Horn":26,"Oddly Smooth Stone":0,"PreservedInsect":0,"Kunai":0,"Letter Opener":13,"Cracked Core":0,"Runic Pyramid":0}]},"card_choices":[{"not_picked":["Transmutation","Thinking Ahead"],"picked":"Magnetism","floor":0.0},{"not_picked":["Hologram","Gash"],"picked":"Beam Cell","floor":1.0},{"not_picked":["Barrage","Auto Shields"],"picked":"BootSequence","floor":4.0},{"not_picked":["Hello World","Melter"],"picked":"Conserve Battery","floor":5.0},{"not_picked":["Force Field","Darkness"],"picked":"Defragment","floor":7.0},{"not_picked":["Aggregate","Hologram"],"picked":"Seek","floor":11.0},{"not_picked":["Fusion","Stack"],"picked":"Undo","floor":12.0},{"not_picked":["Go for the Eyes","Rebound"],"picked":"Cold Snap","floor":13.0},{"not_picked":["Barrage","Steam"],"picked":"Glacier","floor":14.0},{"not_picked":["Multi-Cast","Buffer"],"picked":"Echo Form","floor":16.0},{"not_picked":["Stack","Compile Driver"],"picked":"Turbo+1","floor":18.0},{"not_picked":["Streamline","Conserve Battery","Rebound+1"],"picked":"SKIP","floor":19.0},{"not_picked":["Steam","Undo"],"picked":"Reinforced Body","floor":20.0},{"not_picked":["Sweeping Beam","Auto Shields"],"picked":"Stack","floor":21.0},{"not_picked":["Streamline","Force Field"],"picked":"Lockon","floor":22},{"not_picked":["Steam","Barrage+1"],"picked":"Consume","floor":24},{"not_picked":["Lockon","Undo"],"picked":"Loop","floor":29},{"not_picked":["Cold Snap","Fission"],"picked":"Electrodynamics","floor":30}],"player_experience":788427,"relics_obtained":[{"floor":7.0,"key":"PreservedInsect"},{"floor":9.0,"key":"Kunai"},{"floor":11.0,"key":"Centennial Puzzle"},{"floor":14.0,"key":"Oddly Smooth Stone"},{"floor":24,"key":"Lantern"},{"floor":26,"key":"Letter Opener"},{"floor":30,"key":"Gremlin Horn"}],"event_choices":[{"damage_healed":0.0,"max_hp_gain":0.0,"max_hp_loss":0.0,"gold_gain":0.0,"event_name":"Upgrade Shrine","player_choice":"Upgraded","floor":2.0,"gold_loss":0.0,"damage_taken":0.0,"cards_upgraded":["Beam Cell"]},{"damage_healed":0.0,"max_hp_gain":0.0,"max_hp_loss":0.0,"gold_gain":0.0,"event_name":"Liars Game","player_choice":"Ignored","floor":10.0,"gold_loss":0.0,"damage_taken":0.0},{"damage_healed":0,"gold_gain":0,"cards_transformed":["Strike_B","Strike_B"],"player_choice":"Became Test Subject","damage_taken":0,"max_hp_gain":0,"max_hp_loss":0,"event_name":"Drug Dealer","floor":27,"gold_loss":0,"cards_obtained":["Redo","Defragment"]},{"cards_removed":["Strike_B"],"damage_healed":0,"gold_gain":0,"player_choice":"Gave Gold","damage_taken":0,"max_hp_gain":0,"max_hp_loss":0,"event_name":"Beggar","floor":28,"gold_loss":75}],"is_beta":false,"boss_relics":[{"not_picked":["Astrolabe","Empty Cage"],"picked":"Runic Pyramid"}],"items_purged_floors":[8],"is_endless":false,"potions_floor_spawned":[1,11,13,14,16,19,20,22,29],"ascension_level":20}}