{"host":"so437kwitdq4epbi","time":1609647537,"event":{"mods":["AchievementEnabler","BaseMod","Decade(王小明)","Friendly Minions","Gremlin Mod","KinomotoSakuraMod(木之本樱)","Koishi","KomeijiMod","Lobotomy","LobotomyExtend","Marisa（F雨　魔理沙）","Minty Spire (QoL Compilation)","Quick Restart","READ ME - Snecko Mod","Replay The Spire","Shop Mod","StSLib","The Alterego","The Bladedancer","The Bug Knight","The Construct","The Hierophant","The Mystic","The Poker Player","The Runesmith","Yuyuko","[IsaacMod]以撒尖塔","vexMod"],"gold_per_floor":[112,123,123,136,136,136,155,190,202,202,271,332,346,371,391,408,408,504,504,504,504],"floor_reached":20,"playtime":1503,"items_purged":[],"score":186,"play_id":"272a6f9c-43a5-48e5-838e-7eb06cdf1e9e","local_time":"20210103121857","is_ascension_mode":false,"campfire_choices":[{"data":"Runesmith:Fortify","floor":10,"key":"SMITH"},{"floor":17,"key":"REST"}],"circlet_count":0,"master_deck":["Runesmith:Strike_RS","Runesmith:Strike_RS","Runesmith:Strike_RS","Runesmith:Strike_RS","Runesmith:Defend_RS","Runesmith:Defend_RS","Runesmith:Defend_RS","Runesmith:Defend_RS","Runesmith:CraftFirestone","Runesmith:Fortify+1","SuicideKing","Runesmith:ChargedHammer","Runesmith:Grindstone","Runesmith:EnergizedChisel","Runesmith:CraftMagma","Runesmith:UnstableHammer","Runesmith:HeatExchange","Runesmith:CraftPrismatica","Runesmith:Superposition","Runesmith:Repurpose","Runesmith:ArcReactor"],"relics":["Runesmith:BrokenRuby","HushsDoor","YumHeart","Vajra","LetterFromLob","ReplayTheSpireMod:Ninjato","AnarchistCookbook","Fusion Hammer"],"acts_visited":["Exordium","TheCity"],"potions_floor_usage":[14,14,18,20,20,20],"damage_taken":[{"damage":5,"enemies":"Small Slimes","floor":1,"turns":4},{"damage":11,"enemies":"Jaw Worm","floor":2,"turns":2},{"damage":0,"enemies":"Cultist","floor":4,"turns":4},{"damage":3,"enemies":"Large Slime","floor":7,"turns":5},{"damage":34,"enemies":"Gremlin Nob","floor":8,"turns":5},{"damage":7,"enemies":"Exordium Wildlife","floor":9,"turns":5},{"damage":5,"enemies":"Blue Slaver","floor":13,"turns":3},{"damage":22,"enemies":"3 Sentries","floor":14,"turns":7},{"damage":0,"enemies":"3 Louse","floor":15,"turns":3},{"damage":7,"enemies":"Exordium Thugs","floor":16,"turns":5},{"damage":11,"enemies":"Fading Forest","floor":18,"turns":11},{"damage":84,"enemies":"Chosen","floor":20,"turns":2}],"seed_played":"3382035542526732048","potions_obtained":[{"floor":2,"key":"Elixir"},{"floor":4,"key":"Strength Potion"},{"floor":13,"key":"Swift Potion"},{"floor":15,"key":"Fire Potion"},{"floor":16,"key":"EssenceOfSteel"},{"floor":18,"key":"LiquidMemories"}],"is_trial":false,"path_per_floor":["M","M","?","M","PTL","PTL","M","E","M","R","T","?","M","E","M","M","R","B",null,"M"],"character_chosen":"RUNESMITH_CLASS","items_purchased":[],"campfire_rested":1,"item_purchase_floors":[],"current_hp_per_floor":[65,70,70,70,70,70,67,33,51,51,51,51,46,24,24,42,63,59,70,0,0],"gold":504,"neow_bonus":"RANDOM_COMMON_RELIC","is_daily":false,"chose_seed":false,"campfire_upgraded":1,"win_rate":0.0,"timestamp":1609647537,"path_taken":["M","M","?","M","PTL","PTL","?","E","M","R","T","?","M","E","M","M","R","BOSS","M"],"items_purchased_type":[],"build_version":"2020-12-22","purchased_purges":0,"victory":false,"max_hp_per_floor":[70,70,70,70,70,70,70,70,70,70,70,70,70,70,70,70,70,70,70,70,70],"card_choices":[{"not_picked":[],"picked":"SuicideKing","floor":0},{"not_picked":["Runesmith:Augment","Runesmith:WhiteBalance"],"picked":"Runesmith:ChargedHammer","floor":1},{"not_picked":["Runesmith:Refine","Runesmith:ChiselStab"],"picked":"Runesmith:Grindstone","floor":2},{"not_picked":["Runesmith:ElementalConversion","Runesmith:ChiselStab"],"picked":"Runesmith:EnergizedChisel","floor":4},{"not_picked":["Runesmith:ChiselStab","Runesmith:ShiftingStrike"],"picked":"Runesmith:CraftMagma","floor":7},{"not_picked":["Runesmith:ChiselStab","Runesmith:CraftProtectio"],"picked":"Runesmith:UnstableHammer","floor":8},{"not_picked":["Runesmith:Grindstone","Runesmith:Terraform"],"picked":"Runesmith:HeatExchange","floor":9},{"not_picked":["Runesmith:DoubleUp","Runesmith:CraftReservo"],"picked":"Runesmith:CraftPrismatica","floor":13},{"not_picked":["Runesmith:Grindstone","Runesmith:BackupBattery"],"picked":"Runesmith:Superposition","floor":14},{"not_picked":["Runesmith:EnergizedChisel","Runesmith:CraftProtectio"],"picked":"Runesmith:Repurpose","floor":15},{"not_picked":["Runesmith:CraftReservo","Runesmith:StaticCage"],"picked":"Bomb","floor":16},{"not_picked":["Runesmith:GenerateForcefield","Runesmith:MetallurgicalResearch"],"picked":"Runesmith:ArcReactor","floor":18}],"player_experience":155695,"relics_obtained":[{"floor":1,"key":"LetterFromLob"},{"floor":8,"key":"ReplayTheSpireMod:Ninjato"},{"floor":14,"key":"AnarchistCookbook"}],"event_choices":[{"damage_healed":0,"gold_gain":0,"player_choice":"Ignored","damage_taken":0,"max_hp_gain":0,"max_hp_loss":0,"event_name":"Liars Game","floor":3,"gold_loss":0},{"damage_healed":0,"gold_gain":61,"player_choice":"Gained Gold","damage_taken":0,"max_hp_gain":0,"max_hp_loss":0,"event_name":"Golden Wing","floor":12,"gold_loss":0}],"is_beta":false,"boss_relics":[{"not_picked":["vexMod:FluxCapacitor","Kintsugi"],"picked":"Fusion Hammer"},{"not_picked":[]}],"items_purged_floors":[],"is_endless":false,"potions_floor_spawned":[2,4,13,15,16,18],"killed_by":"Chosen","ascension_level":0}}