{"host":"bjzqjr1ycgj8gt55","time":1609651731,"event":{"mods":["BaseMod","Better Altar","Better Match","Better Sensory Stone","Better Skull","Better Third Choice","Better Vampires","Block Reminder","Colored Map","Colored Powertips","Downfall","GifTheSpireLib","Hermit","Infinite Spire","Minty Spire (QoL Compilation)","Rare Cards Sparkle","Red Circlet Mod","Spicy Shops","StSLib","Waifu the Spire","everything is the same but u backflip on backflip","slay the spire mod where everything is the same but ironclad has a cowboy hat"],"gold_per_floor":[99,99,99,99,99,99,99,119,149,149,59,51,51,44,64,167,167,167,167,7,7,7,7,7,0,0,0,0,0,0,0,0,0,0,0,0,0,0,0,0,0,0,0,0,0,0,0,0,0,0,0,0,0,0,0,0,0],"floor_reached":55,"playtime":2530,"items_purged":["Pain"],"score":681,"play_id":"aa21ad7f-e9bd-4532-97c4-dc689956e674","local_time":"20210102232851","is_ascension_mode":false,"campfire_choices":[{"data":"hexamod:Sear","floor":1,"key":"SMITH"},{"floor":10,"key":"REST"},{"data":"infinitespire:Punishment","floor":13,"key":"SMITH"},{"floor":18,"key":"RECALL"},{"floor":26,"key":"REST"},{"data":"infinitespire:TheBestDefense","floor":29,"key":"SMITH"},{"floor":35,"key":"REST"},{"floor":42,"key":"REST"},{"floor":44,"key":"REST"},{"floor":54,"key":"REST"}],"circlet_count":0,"master_deck":["hexamod:Strike+1","hexamod:Strike+1","hexamod:Strike","hexamod:Strike","hexamod:Defend","hexamod:Defend+1","hexamod:Defend+1","hexamod:Defend","hexamod:Sear+1","hexamod:Float","hexamod:PhantomFireball","infinitespire:Punishment+1","hexamod:NightmareGuise","hexamod:GhostOfSpirePresent","hexamod:FirstSeal","hexamod:PhantomCloak","hexamod:Hexaguard+1","hexamod:SecondSeal","hexamod:TurnItUp+1","hexamod:FlamesFromBeyond+1","hexamod:SixthSeal","hexamod:SpectralAdrenaline+1","hexamod:VolcanoVisage+1","hexamod:SoulSteal","infinitespire:TheBestDefense+1","Decay","hexamod:GhostShield+1","hexamod:BurningTouch","hexamod:FlamesFromBeyond+1","hexamod:BurningTouch","hexamod:GhostflameInferno","hexamod:SearingWound","hexamod:AdvancingGuard","hexamod:RetreatToShadows+1","expansioncontent:Flail","expansioncontent:BronzeBeam"],"relics":["hexamod:SpiritBrand","downfall:HeartsMalice","WarpedTongs","InkBottle","downfall:Hecktoplasm","downfall:HeartBlessingBlue","ClockworkSouvenir","Pen Nib","downfall:HeartBlessingRed","infinitespire:WardingShard","downfall:HeartBlessingGreen","Fusion Hammer","infinitespire:Magic Flask","Oddly Smooth Stone","Ginger"],"acts_visited":["Exordium","TheCity","TheBeyond","TheEnding"],"potions_floor_usage":[19,31,33,33,33,52,55],"damage_taken":[{"damage":0,"enemies":"Cultist","floor":2,"turns":1},{"damage":0,"enemies":"Small Slimes","floor":5,"turns":1},{"damage":0,"enemies":"Jaw Worm","floor":6,"turns":1},{"damage":8,"enemies":"Large Slime","floor":8,"turns":4},{"damage":14,"enemies":"Lagavulin","floor":9,"turns":5},{"damage":1,"enemies":"downfall:FleeingMerchant","floor":11,"turns":4},{"damage":0,"enemies":"downfall:FleeingMerchant","floor":14,"turns":4},{"damage":9,"enemies":"Exordium Wildlife","floor":15,"turns":4},{"damage":43,"enemies":"downfall:Ironclad","floor":16,"turns":7},{"damage":9,"enemies":"Spheric Guardian","floor":19,"turns":4},{"damage":7,"enemies":"downfall:FleeingMerchant","floor":20,"turns":4},{"damage":10,"enemies":"Shell Parasite","floor":21,"turns":3},{"damage":20,"enemies":"downfall:FleeingMerchant","floor":25,"turns":4},{"damage":3,"enemies":"Snecko","floor":27,"turns":6},{"damage":12,"enemies":"Book of Stabbing","floor":28,"turns":4},{"damage":12,"enemies":"Snake Plant","floor":31,"turns":4},{"damage":4,"enemies":"Chosen and Byrds","floor":32,"turns":5},{"damage":34,"enemies":"downfall:Watcher","floor":33,"turns":9},{"damage":1,"enemies":"Orb Walker","floor":36,"turns":2},{"damage":6,"enemies":"3 Shapes","floor":37,"turns":4},{"damage":0,"enemies":"downfall:FleeingMerchant","floor":38,"turns":4},{"damage":5,"enemies":"Jaw Worm Horde","floor":39,"turns":3},{"damage":9,"enemies":"Sphere and 2 Shapes","floor":43,"turns":5},{"damage":4,"enemies":"Writhing Mass","floor":47,"turns":2},{"damage":6,"enemies":"Jaw Worm Horde","floor":49,"turns":3},{"damage":26,"enemies":"downfall:Silent","floor":50,"turns":9},{"damage":39,"enemies":"downfall:CharBossMerchant","floor":52,"turns":9},{"damage":79,"enemies":"downfall:NeowBoss","floor":55,"turns":19}],"seed_played":"1705093318295707528","potions_obtained":[{"floor":8,"key":"Swift Potion"},{"floor":9,"key":"SpeedPotion"},{"floor":27,"key":"sneckomod:MuddlingPotion"},{"floor":28,"key":"Fire Potion"},{"floor":31,"key":"Strength Potion"},{"floor":43,"key":"champ:CounterPotion"},{"floor":47,"key":"GamblersBrew"},{"floor":49,"key":"sneckomod:MuddlingPotion"}],"is_trial":false,"path_per_floor":["R","M","?","?","M","M","T","M","E","R","$","?","R","$","M","B",null,"R","M","$","M","AVR","?","T","$","R","M","E","R","?","M","M","B",null,"R","M","M","$","M","?","T","R","M","R","?","?","M","?","M","B",null,"E","$","R","B"],"character_chosen":"THE_SPIRIT","items_purchased":["ClockworkSouvenir"],"campfire_rested":6,"item_purchase_floors":[20],"current_hp_per_floor":[70,70,54,54,54,54,54,46,39,60,66,66,66,70,68,25,70,80,71,71,68,68,68,68,55,79,80,68,68,68,56,59,32,80,80,80,80,80,80,80,80,80,71,80,80,70,66,66,60,41,80,48,48,72,0,0,0],"gold":0,"neow_bonus":"THREE_ENEMY_KILL","is_daily":false,"chose_seed":false,"campfire_upgraded":3,"win_rate":0.0,"timestamp":1609651731,"path_taken":["R","M","?","?","M","?","T","M","E","R","$","?","R","$","M","BOSS","R","M","$","M","AVR","?","T","$","R","M","E","R","?","M","M","BOSS","R","M","?","$","M","?","T","R","M","R","?","?","M","?","M","BOSS","E","$","R","BOSS"],"items_purchased_type":["Relic"],"build_version":"2020-12-22","purchased_purges":1,"victory":false,"max_hp_per_floor":[70,70,70,70,70,70,70,70,70,70,70,70,70,70,70,70,70,80,80,80,80,80,80,80,80,80,80,80,80,80,80,80,80,80,80,80,80,80,80,80,80,80,80,80,80,80,80,80,80,80,80,80,80,80,80,80,80],"card_choices":[{"not_picked":["hexamod:BacktrackSmack","hexamod:ShieldOfDarkness"],"picked":"hexamod:PhantomFireball","floor":2},{"not_picked":["infinitespire:DeathsTouch","infinitespire:Execution"],"picked":"infinitespire:Punishment","floor":3},{"not_picked":["hexamod:HauntingEcho","hexamod:GhostLash"],"picked":"hexamod:NightmareGuise","floor":5},{"not_picked":["hexamod:ThermalTransfer","hexamod:TimeOfNeed"],"picked":"hexamod:GhostOfSpirePresent","floor":6},{"not_picked":["hexamod:InspiringFlames","hexamod:SwordOfDarkness"],"picked":"hexamod:FirstSeal","floor":8},{"not_picked":["hexamod:Haunt","hexamod:SwordOfDarkness"],"picked":"hexamod:PhantomCloak","floor":9},{"not_picked":["hexamod:SwordOfDarkness","hexamod:RainOfEmbers"],"picked":"hexamod:Hexaguard","floor":11},{"not_picked":["hexamod:SecondSeal","hexamod:SpectersWail"],"picked":"hexamod:TurnItUp","floor":14},{"not_picked":["hexamod:ThermalTransfer","hexamod:BacktrackSmack"],"picked":"hexamod:FlamesFromBeyond","floor":15},{"not_picked":["hexamod:WildfireWeapon","hexamod:VolcanoVisage"],"picked":"hexamod:SixthSeal","floor":16},{"not_picked":["hexamod:SwordOfDarkness+1","hexamod:Hexaguard"],"picked":"hexamod:SpectralAdrenaline","floor":19},{"not_picked":["hexamod:ExtraCrispy","hexamod:ShieldOfDarkness+1"],"picked":"hexamod:VolcanoVisage","floor":20},{"not_picked":["hexamod:EmpoweredFlame+1","hexamod:ShieldOfDarkness"],"picked":"hexamod:SoulSteal","floor":21},{"not_picked":["hexamod:StepThrough","hexamod:Firestarter"],"picked":"hexamod:GhostShield+1","floor":25},{"not_picked":["hexamod:RainOfEmbers","hexamod:NightmareStrike"],"picked":"hexamod:BurningTouch","floor":27},{"not_picked":["hexamod:ShieldOfDarkness","hexamod:FastForward"],"picked":"hexamod:FlamesFromBeyond","floor":28},{"not_picked":["hexamod:SpectralAdrenaline","hexamod:EtherealExpedition","hexamod:GhostShield"],"picked":"SKIP","floor":31},{"not_picked":["hexamod:ExtraCrispy+1","hexamod:FirstSeal"],"picked":"hexamod:BurningTouch","floor":32},{"not_picked":["hexamod:VolcanoVisage","hexamod:GiftsFromTheDead"],"picked":"hexamod:GhostflameInferno","floor":33},{"not_picked":["hexamod:HeatMetal","hexamod:BurningTouch+1","hexamod:GhostLash"],"picked":"SKIP","floor":36},{"not_picked":["hexamod:GhostLash","hexamod:EtherealExpedition+1","hexamod:NightmareStrike"],"picked":"SKIP","floor":37},{"not_picked":["hexamod:ThermalTransfer+1","hexamod:GhostShield+1"],"picked":"hexamod:SearingWound","floor":38},{"not_picked":["hexamod:SwordOfDarkness","hexamod:FastForward"],"picked":"hexamod:AdvancingGuard","floor":39},{"not_picked":["hexamod:GhostLash","hexamod:NightmareStrike"],"picked":"hexamod:RetreatToShadows+1","floor":43},{"not_picked":["expansioncontent:Torchfire","expansioncontent:DefensiveStance"],"picked":"expansioncontent:Flail","floor":46},{"not_picked":["expansioncontent:Torchfire","expansioncontent:SlimeTackle"],"picked":"expansioncontent:BronzeBeam","floor":46},{"not_picked":["hexamod:HauntingEcho+1","hexamod:PhantomFireball+1","hexamod:SkipABeat+1"],"picked":"SKIP","floor":47},{"not_picked":["hexamod:NightmareStrike+1","hexamod:Hexaguard","hexamod:SpectersWail+1"],"picked":"SKIP","floor":49},{"not_picked":["hexamod:GhostLash+1","hexamod:FastForward","hexamod:SwordOfDarkness+1"],"picked":"SKIP","floor":52}],"player_experience":156083,"relics_obtained":[{"floor":9,"key":"InkBottle"},{"floor":24,"key":"Pen Nib"},{"floor":28,"key":"infinitespire:WardingShard"},{"floor":40,"key":"infinitespire:Magic Flask"},{"floor":41,"key":"Oddly Smooth Stone"},{"floor":52,"key":"Ginger"}],"event_choices":[{"damage_healed":0,"gold_gain":0,"player_choice":"Rummage","damage_taken":0,"relics_obtained":["WarpedTongs"],"max_hp_gain":0,"max_hp_loss":0,"event_name":"Accursed Blacksmith","floor":4,"gold_loss":0,"cards_obtained":["Pain"]},{"damage_healed":0,"gold_gain":0,"player_choice":" Defy","damage_taken":0,"max_hp_gain":0,"max_hp_loss":0,"event_name":"betterAltar:BetterAltar","floor":23,"gold_loss":0,"cards_obtained":["Decay"]}],"is_beta":false,"boss_relics":[{"not_picked":["Calling Bell","Sozu"],"picked":"downfall:Hecktoplasm"},{"not_picked":["Philosopher\u0027s Stone","Astrolabe"],"picked":"Fusion Hammer"}],"items_purged_floors":[11],"is_endless":false,"potions_floor_spawned":[8,9,27,28,31,43,47,49],"killed_by":"downfall:NeowBoss","ascension_level":0}}