{"host":"dgf4n6lo35jtjz0c","time":1609673106,"event":{"mods":["AchievementEnabler","BaseMod","Bestiary","Colored Powertips","Minty Spire (QoL Compilation)"],"gold_per_floor":[115,126,144,9,10,10,37,37,37,54,154,173,187,207,207,310,310,320,332,422,422,422],"floor_reached":21,"playtime":1337,"items_purged":[],"score":185,"play_id":"b08b22a1-a216-4aaf-a1da-02dd0a48dc5d","local_time":"20210103222506","is_ascension_mode":false,"campfire_choices":[{"data":"Defragment","floor":6.0,"key":"SMITH"},{"floor":15.0,"key":"DIG"}],"circlet_count":0,"master_deck":["Strike_B","Strike_B","Strike_B","Strike_B","Defend_B","Defend_B","Defend_B","Defend_B","Zap","Dualcast","Glacier","Redo","Defragment+1","Self Repair","Redo","Hologram","Electrodynamics","Parasite","Force Field","Tempest","Capacitor","Darkness","Creative AI","Genetic Algorithm","Loop"],"relics":["Cracked Core","NeowsBlessing","Shovel","Darkstone Periapt","Sundial","Sozu"],"acts_visited":["Exordium","TheCity"],"potions_floor_usage":[21,21,21],"damage_taken":[{"damage":0.0,"enemies":"Small Slimes","floor":1.0,"turns":1.0},{"damage":0.0,"enemies":"Cultist","floor":2.0,"turns":1.0},{"damage":0.0,"enemies":"Jaw Worm","floor":3.0,"turns":1.0},{"damage":6.0,"enemies":"Exordium Thugs","floor":5.0,"turns":4.0},{"damage":16.0,"enemies":"Gremlin Nob","floor":7.0,"turns":4.0},{"damage":8.0,"enemies":"Exordium Wildlife","floor":10.0,"turns":6.0},{"damage":11.0,"enemies":"3 Louse","floor":12.0,"turns":2.0},{"damage":11.0,"enemies":"Large Slime","floor":13.0,"turns":4.0},{"damage":9.0,"enemies":"Blue Slaver","floor":14.0,"turns":4.0},{"damage":27.0,"enemies":"The Guardian","floor":16.0,"turns":11.0},{"damage":27.0,"enemies":"Shell Parasite","floor":18.0,"turns":7.0},{"damage":40.0,"enemies":"2 Thieves","floor":19.0,"turns":4.0},{"damage":12,"enemies":"Cultist and Chosen","floor":21,"turns":3}],"seed_played":"-2937075244731781147","potions_obtained":[{"floor":1.0,"key":"FearPotion"},{"floor":2.0,"key":"LiquidMemories"},{"floor":3.0,"key":"Swift Potion"},{"floor":5.0,"key":"Weak Potion"},{"floor":16.0,"key":"PowerPotion"}],"is_trial":false,"path_per_floor":["M","M","M","$","M","R","E","?","T","M","?","M","M","M","R","B",null,"M","M","?","M"],"character_chosen":"DEFECT","items_purchased":["Self Repair","Redo","Block Potion"],"campfire_rested":0,"item_purchase_floors":[4,4,4],"current_hp_per_floor":[75,75,75,75,75,75,59,75,75,74,74,63,59,50,50,30,75,55,22,10,0,0],"gold":422,"neow_bonus":"THREE_ENEMY_KILL","is_daily":false,"chose_seed":false,"campfire_upgraded":1,"win_rate":0.0,"timestamp":1609673106,"path_taken":["M","M","M","$","M","R","E","?","T","M","?","?","M","M","R","BOSS","M","M","?","M"],"items_purchased_type":["Card","Card","Potion"],"build_version":"2020-12-22","purchased_purges":0,"victory":false,"max_hp_per_floor":[75,75,75,75,75,75,75,75,75,75,75,75,75,75,75,75,75,75,75,75,75,75],"card_choices":[{"not_picked":["Reinforced Body","Sweeping Beam"],"picked":"Glacier","floor":1.0},{"not_picked":["Barrage","Leap"],"picked":"Redo","floor":2.0},{"not_picked":["Sweeping Beam","Redo"],"picked":"Defragment","floor":3.0},{"not_picked":["Blizzard","Aggregate"],"picked":"Hologram","floor":5.0},{"not_picked":["Gash","Chill"],"picked":"Electrodynamics","floor":7.0},{"not_picked":["Conserve Battery","Hologram"],"picked":"Force Field","floor":10.0},{"not_picked":["FTL","Steam"],"picked":"Tempest","floor":12.0},{"not_picked":["Amplify","Streamline"],"picked":"Capacitor","floor":13.0},{"not_picked":["Go for the Eyes","Barrage"],"picked":"Darkness","floor":14.0},{"not_picked":["Biased Cognition","Electrodynamics"],"picked":"Creative AI","floor":16.0},{"not_picked":["Skim","Beam Cell"],"picked":"Genetic Algorithm","floor":18.0},{"not_picked":["Barrage","Defragment"],"picked":"Loop","floor":19.0}],"player_experience":47511,"relics_obtained":[{"floor":7.0,"key":"Shovel"},{"floor":9.0,"key":"Darkstone Periapt"},{"floor":15.0,"key":"Sundial"}],"event_choices":[{"damage_healed":18.0,"max_hp_gain":0.0,"max_hp_loss":0.0,"gold_gain":0.0,"event_name":"Mushrooms","player_choice":"Healed and dodged fight","floor":8.0,"gold_loss":0.0,"damage_taken":0.0,"cards_obtained":["Parasite"]},{"damage_healed":0.0,"max_hp_gain":0.0,"max_hp_loss":0.0,"gold_gain":100.0,"event_name":"Golden Shrine","player_choice":"Pray","floor":11.0,"gold_loss":0.0,"damage_taken":0.0},{"damage_healed":0.0,"max_hp_gain":0.0,"max_hp_loss":0.0,"gold_gain":90.0,"event_name":"Knowing Skull","player_choice":"GOLD ","floor":20.0,"potions_obtained":[],"gold_loss":0.0,"damage_taken":12.0,"cards_obtained":[]}],"is_beta":false,"boss_relics":[{"not_picked":["SlaversCollar","Calling Bell"],"picked":"Sozu"}],"items_purged_floors":[],"is_endless":false,"potions_floor_spawned":[1,2,3,5,16,19],"killed_by":"Cultist and Chosen","ascension_level":0}}