{"host":"byaz8jpbcvk71eys","time":1609653559,"event":{"mods":["BaseMod","Minty Spire (QoL Compilation)","StSLib"],"gold_per_floor":[114,125,140,90,165,165,178,178,202,202,377,411,482,250,250,374,374,388,413,313,331,246,286,286,94,94,128,128,161,180,201,201,332,332,350,368,368,368,391,391,409,445,471,505,523,537,576,576,576,576],"floor_reached":51,"playtime":1704,"items_purged":["Doubt","Defend_P"],"score":1089,"play_id":"a14dd50b-be1d-46cf-bfb6-c3561cedbb6b","local_time":"20210103135919","is_ascension_mode":true,"campfire_choices":[{"data":"Eruption","floor":6.0,"key":"SMITH"},{"data":"Tantrum","floor":8.0,"key":"SMITH"},{"floor":15.0,"key":"REST"},{"data":"Crescendo","floor":24.0,"key":"SMITH"},{"floor":32.0,"key":"REST"},{"data":"Scrawl","floor":40.0,"key":"SMITH"},{"data":"Vault","floor":49,"key":"SMITH"}],"circlet_count":0,"master_deck":["Strike_P+1","Strike_P","Strike_P+1","Defend_P+1","Defend_P","Eruption+1","Vigilance+1","BowlingBash+1","FlurryOfBlows+1","Tantrum+1","Crescendo+1","LessonLearned+1","Parasite","Wallop+1","RitualDagger+1","Scrawl+1","Consecrate","DeusExMachina+1","EmptyMind","Doubt","Vault+1","Shame"],"relics":["PureWater","Vajra","Golden Idol","Tiny Chest","TungstenRod","Bag of Preparation","Cursed Key","Bronze Scales","The Courier","Darkstone Periapt","Unceasing Top","Frozen Egg 2","Pen Nib","Sozu","Bottled Lightning","White Beast Statue","Toy Ornithopter","FossilizedHelix","Gambling Chip"],"acts_visited":["Exordium","TheCity","TheBeyond"],"potions_floor_usage":[],"damage_taken":[{"damage":2.0,"enemies":"Small Slimes","floor":1.0,"turns":4.0},{"damage":0.0,"enemies":"Jaw Worm","floor":2.0,"turns":2.0},{"damage":0.0,"enemies":"2 Louse","floor":3.0,"turns":3.0},{"damage":0.0,"enemies":"Red Slaver","floor":7.0,"turns":2.0},{"damage":4.0,"enemies":"3 Sentries","floor":12.0,"turns":4.0},{"damage":3.0,"enemies":"Lagavulin Event","floor":13.0,"turns":3.0},{"damage":17.0,"enemies":"The Guardian","floor":16.0,"turns":7.0},{"damage":0.0,"enemies":"Spheric Guardian","floor":18.0,"turns":2.0},{"damage":9.0,"enemies":"Chosen","floor":19.0,"turns":2.0},{"damage":0.0,"enemies":"Snecko","floor":21.0,"turns":2.0},{"damage":15.0,"enemies":"Book of Stabbing","floor":23.0,"turns":4.0},{"damage":1.0,"enemies":"Slavers","floor":27.0,"turns":2.0},{"damage":0.0,"enemies":"Gremlin Leader","floor":29.0,"turns":2.0},{"damage":0.0,"enemies":"Sentry and Sphere","floor":30.0,"turns":2.0},{"damage":0.0,"enemies":"3 Cultists","floor":31.0,"turns":2.0},{"damage":70.0,"enemies":"Champ","floor":33.0,"turns":6.0},{"damage":0.0,"enemies":"Orb Walker","floor":35.0,"turns":1.0},{"damage":0.0,"enemies":"3 Darklings","floor":36.0,"turns":2.0},{"damage":0.0,"enemies":"Jaw Worm Horde","floor":39.0,"turns":2.0},{"damage":12.0,"enemies":"Sphere and 2 Shapes","floor":41.0,"turns":2.0},{"damage":0.0,"enemies":"Nemesis","floor":42.0,"turns":1.0},{"damage":0.0,"enemies":"Giant Head","floor":44.0,"turns":4.0},{"damage":0,"enemies":"Spire Growth","floor":45,"turns":2},{"damage":0,"enemies":"Jaw Worm Horde","floor":46,"turns":1},{"damage":0,"enemies":"Nemesis","floor":47,"turns":2},{"damage":36,"enemies":"Donu and Deca","floor":50,"turns":7}],"seed_played":"-7184313955470454010","potions_obtained":[{"floor":2.0,"key":"PowerPotion"},{"floor":7.0,"key":"Ambrosia"},{"floor":13.0,"key":"ColorlessPotion"},{"floor":16.0,"key":"Ancient Potion"},{"floor":19.0,"key":"BlessingOfTheForge"},{"floor":23.0,"key":"DuplicationPotion"},{"floor":27.0,"key":"SteroidPotion"}],"is_trial":false,"path_per_floor":["M","M","M","?","?","R","M","R","T","?","?","E","?","$","R","B",null,"M","M","$","M","?","E","R","$","T","E","?","E","M","M","R","B",null,"M","M","T","?","M","R","M","E","T","E","M","M","E","?","R","B",null],"character_chosen":"WATCHER","items_purchased":["Bag of Preparation","Darkstone Periapt"],"campfire_rested":2,"item_purchase_floors":[14,25],"current_hp_per_floor":[70,70,70,70,59,59,59,59,59,41,41,37,34,34,55,38,72,72,63,63,63,63,48,48,48,54,53,48,48,48,48,71,1,78,78,78,84,84,84,84,72,72,78,78,78,78,78,78,78,42],"gold":576,"neow_bonus":"REMOVE_CARD","is_daily":false,"chose_seed":false,"campfire_upgraded":5,"win_rate":0.0,"timestamp":1609653559,"path_taken":["M","M","M","?","?","R","M","R","T","?","?","E","?","$","R","BOSS","M","M","$","M","?","E","R","$","T","E","?","E","M","M","R","BOSS","M","M","?","?","M","R","?","E","T","E","M","M","E","?","R","BOSS"],"items_purchased_type":["Relic","Relic"],"build_version":"2020-12-22","purchased_purges":2,"victory":true,"max_hp_per_floor":[72,72,72,72,72,72,72,72,72,72,72,72,72,72,72,72,72,72,72,72,72,72,72,72,72,78,78,78,78,78,78,78,78,78,78,78,84,84,84,84,84,84,90,90,90,90,90,85,85,85],"card_choices":[{"not_picked":["Halt","Consecrate"],"picked":"BowlingBash","floor":1.0},{"not_picked":["EmptyBody","FollowUp","CutThroughFate"],"picked":"SKIP","floor":2.0},{"not_picked":["EmptyFist","MasterReality"],"picked":"FlurryOfBlows","floor":3.0},{"not_picked":["BowlingBash","Protect"],"picked":"Tantrum","floor":7.0},{"not_picked":["ReachHeaven","ThirdEye","Study"],"picked":"SKIP","floor":12.0},{"not_picked":["BowlingBash","CrushJoints"],"picked":"Crescendo","floor":13.0},{"not_picked":["Vault","Omniscience"],"picked":"LessonLearned","floor":16.0},{"not_picked":["CutThroughFate","Worship+1","FollowUp+1"],"picked":"SKIP","floor":18.0},{"not_picked":["JustLucky+1","Worship","Crescendo"],"picked":"SKIP","floor":19.0},{"not_picked":["BowlingBash","Fasting2","ReachHeaven"],"picked":"SKIP","floor":21.0},{"not_picked":["WindmillStrike","CrushJoints","LikeWater"],"picked":"SKIP","floor":23.0},{"not_picked":["Study+1","EmptyFist"],"picked":"Wallop","floor":27.0},{"not_picked":["Crescendo","EmptyFist"],"picked":"Scrawl","floor":29.0},{"not_picked":["Indignation","TalkToTheHand"],"picked":"Consecrate","floor":30.0},{"not_picked":["PathToVictory","FlurryOfBlows+1","EmptyFist+1"],"picked":"SKIP","floor":31.0},{"not_picked":["Omniscience","Brilliance"],"picked":"DeusExMachina","floor":33.0},{"not_picked":["Protect","Prostrate+1","BowlingBash+1"],"picked":"SKIP","floor":35.0},{"not_picked":["BowlingBash","PathToVictory"],"picked":"EmptyMind","floor":36.0},{"not_picked":["SashWhip","Prostrate","BowlingBash+1"],"picked":"SKIP","floor":39.0},{"not_picked":["CutThroughFate+1","PathToVictory"],"picked":"Vault","floor":41.0},{"not_picked":["JustLucky+1","Collect","CrushJoints+1"],"picked":"SKIP","floor":42.0},{"not_picked":["DeusExMachina","Evaluate+1","JustLucky"],"picked":"SKIP","floor":44.0},{"not_picked":["EmptyBody+1","Halt","Tantrum"],"picked":"SKIP","floor":45},{"not_picked":["Meditate","InnerPeace","Evaluate+1"],"picked":"SKIP","floor":46},{"not_picked":["BowlingBash+1","Nirvana+1","Tantrum"],"picked":"SKIP","floor":47}],"player_experience":37163,"relics_obtained":[{"floor":9.0,"key":"Vajra"},{"floor":12.0,"key":"Tiny Chest"},{"floor":13.0,"key":"TungstenRod"},{"floor":23.0,"key":"The Courier"},{"floor":26.0,"key":"Unceasing Top"},{"floor":27.0,"key":"Frozen Egg 2"},{"floor":29.0,"key":"Pen Nib"},{"floor":37.0,"key":"Bottled Lightning"},{"floor":42.0,"key":"White Beast Statue"},{"floor":43.0,"key":"Toy Ornithopter"},{"floor":44.0,"key":"FossilizedHelix"},{"floor":47,"key":"Gambling Chip"}],"event_choices":[{"cards_removed":["Strike_P"],"damage_healed":0.0,"max_hp_gain":0.0,"max_hp_loss":0.0,"gold_gain":0.0,"event_name":"The Cleric","player_choice":"Card Removal","floor":4.0,"gold_loss":50.0,"damage_taken":0.0},{"damage_healed":0.0,"max_hp_gain":0.0,"max_hp_loss":0.0,"gold_gain":75.0,"event_name":"World of Goop","player_choice":"Gather Gold","floor":5.0,"gold_loss":0.0,"damage_taken":11.0},{"damage_healed":0.0,"max_hp_gain":0.0,"max_hp_loss":0.0,"gold_gain":0.0,"event_name":"Golden Idol","player_choice":"Take Damage","floor":10.0,"gold_loss":0.0,"damage_taken":18.0,"relics_obtained":["Golden Idol"]},{"damage_healed":0.0,"max_hp_gain":0.0,"max_hp_loss":0.0,"gold_gain":175.0,"event_name":"Liars Game","player_choice":"AGREE","floor":11.0,"gold_loss":0.0,"damage_taken":0.0,"cards_obtained":["Doubt"]},{"damage_healed":0.0,"max_hp_gain":0.0,"max_hp_loss":0.0,"gold_gain":0.0,"event_name":"Dead Adventurer","player_choice":"Searched \u00272\u0027 times","floor":13.0,"gold_loss":0.0,"damage_taken":0.0},{"damage_healed":0.0,"max_hp_gain":0.0,"max_hp_loss":0.0,"gold_gain":0.0,"event_name":"Addict","player_choice":"Obtained Relic","floor":22.0,"gold_loss":85.0,"damage_taken":0.0,"relics_obtained":["Bronze Scales"]},{"damage_healed":0.0,"max_hp_gain":0.0,"max_hp_loss":0.0,"gold_gain":0.0,"event_name":"Nest","player_choice":"Joined the Cult","floor":28.0,"gold_loss":0.0,"damage_taken":6.0,"cards_obtained":["RitualDagger"]},{"damage_healed":0.0,"max_hp_gain":0.0,"max_hp_loss":0.0,"gold_gain":0.0,"event_name":"SecretPortal","player_choice":"Ignored","floor":38.0,"gold_loss":0.0,"damage_taken":0.0},{"damage_healed":0,"gold_gain":0,"player_choice":"Max HP","damage_taken":0,"max_hp_gain":0,"max_hp_loss":5,"event_name":"Winding Halls","floor":48,"gold_loss":0}],"is_beta":false,"boss_relics":[{"not_picked":["Busted Crown","Calling Bell"],"picked":"Cursed Key"},{"not_picked":["SacredBark","HolyWater"],"picked":"Sozu"}],"items_purged_floors":[14,20],"is_endless":false,"potions_floor_spawned":[2,7,13,16,19,23,27,36,41,44,45,46,47],"ascension_level":1}}