{"host":"gzsdmyo07u314vug","time":1609638780,"event":{"mods":["2.2 Compatiblity","BaseMod","Downfall","GifTheSpireLib","Minty Spire (QoL Compilation)","Quick Restart","Rare Cards Sparkle","Relic Stats","Replay The Spire","Shop Mod","StSLib","The Bug Knight","The Construct","The Elementalist","The IronCluck","The Servant 0.9.4","Unceasing Turn Reminder","everything is the same but u backflip on backflip","slay the spire mod where everything is the same but ironclad has a cowboy hat","vexMod"],"gold_per_floor":[111,111,0,20,40,40,55,55,55,55,65,98,98,98,98,213,213,203,5,5,5,5,5,36,132,158,170,209,221,254,301,313,434,446,489,501,537,574,305,305,385,435,510,99,99,99,99,147,147,203],"floor_reached":51,"playtime":2470,"items_purged":["Strike_B","Strike_B+1"],"score":1097,"play_id":"38194fde-2a76-42c6-b215-04f554d60ef5","local_time":"20210102225300","is_ascension_mode":true,"campfire_choices":[{"data":"Zap","floor":6.0,"key":"SMITH"},{"data":"Dualcast","floor":8.0,"key":"SMITH"},{"data":"Leap","floor":10.0,"key":"SMITH"},{"data":"Coolheaded","floor":13.0,"key":"SMITH"},{"floor":15.0,"key":"DIG"},{"data":"Self Repair","floor":23.0,"key":"SMITH"},{"data":"Skim","floor":27.0,"key":"SMITH"},{"data":"Leap","floor":32.0,"key":"SMITH"},{"data":"Skim","floor":40.0,"key":"SMITH"},{"data":"Beam Cell","floor":46.0,"key":"SMITH"},{"data":"Strike_B+1","floor":49.0,"key":"PURGE"}],"circlet_count":0,"master_deck":["AscendersBane","Defend_B","Defend_B","Defend_B","Zap+1","Dualcast+1","Self Repair+1","Leap+1","Leap+1","Compile Driver+1","Coolheaded+1","Gash","Gash","Core Surge","AbeCurse","FTL+1","Gash","Gash","Skim+1","Echo Form+1","Beam Cell+1","Recycle","Go for the Eyes+1","Skim+1","Panache+1","ReplayTheSpireMod:Brewmster+1"],"relics":["Cracked Core","Singing Bowl","vexMod:ConsolationPrize","Replay:WaspNest","Abe\u0027s Treasure","ReplayTheSpireMod:Lightbulb","MutagenicStrength","Golden Egg","MawBank","Runic Pyramid","Bird Faced Urn","Eternal Feather","Pantograph","TheAbacus"],"acts_visited":["Exordium","TheCity","TheBeyond"],"potions_floor_usage":[],"damage_taken":[{"damage":1.0,"enemies":"Cultist","floor":1.0,"turns":3.0},{"damage":2.0,"enemies":"Jaw Worm","floor":4.0,"turns":4.0},{"damage":6.0,"enemies":"2 Louse","floor":5.0,"turns":3.0},{"damage":2.0,"enemies":"Blue Slaver","floor":7.0,"turns":4.0},{"damage":0.0,"enemies":"Red Slaver","floor":11.0,"turns":3.0},{"damage":14.0,"enemies":"Replay:BlueRogue","floor":12.0,"turns":6.0},{"damage":14.0,"enemies":"The Guardian","floor":16.0,"turns":8.0},{"damage":19.0,"enemies":"2 Thieves","floor":18.0,"turns":5.0},{"damage":3.0,"enemies":"HollowMod:Nosk","floor":24.0,"turns":6.0},{"damage":17.0,"enemies":"Shell Parasite","floor":28.0,"turns":3.0},{"damage":3.0,"enemies":"3 Cultists","floor":30.0,"turns":4.0},{"damage":15.0,"enemies":"Shelled Parasite and Fungi","floor":31.0,"turns":4.0},{"damage":13.0,"enemies":"Champ","floor":33.0,"turns":9.0},{"damage":11.0,"enemies":"3 Darklings","floor":35.0,"turns":6.0},{"damage":10.0,"enemies":"Orb Walker","floor":37.0,"turns":3.0},{"damage":8.0,"enemies":"Sphere and 2 Shapes","floor":38.0,"turns":5.0},{"damage":53.0,"enemies":"Reptomancer","floor":41.0,"turns":5.0},{"damage":30.0,"enemies":"Spire Growth","floor":42.0,"turns":4.0},{"damage":28.0,"enemies":"Jaw Worm Horde","floor":48.0,"turns":3.0},{"damage":56.0,"enemies":"Awakened One","floor":50.0,"turns":7.0}],"seed_played":"-4997558248170644611","potions_obtained":[{"floor":1.0,"key":"Block Potion"},{"floor":5.0,"key":"AttackPotion"},{"floor":12.0,"key":"Strength Potion"},{"floor":28.0,"key":"Guardian:BlockOnCardUsePotion"},{"floor":31.0,"key":"ColorlessPotion"},{"floor":35.0,"key":"Regen Potion"},{"floor":38.0,"key":"Adrenaline Potion"},{"floor":42.0,"key":"EssenceOfDarkness"},{"floor":48.0,"key":"FairyPotion"}],"is_trial":false,"path_per_floor":["M","?","$","M","M","R","M","R","T","R","M","E","R","?","R","B",null,"M","$","?","$","?","R","E","?","T","R","M","?","M","M","R","B",null,"M","?","M","M","$","R","E","M","T","$","?","R","?","M","R","B",null],"character_chosen":"DEFECT","items_purchased":["Leap","ReplayTheSpireMod:Lightbulb","Panache","Pantograph","TheAbacus"],"campfire_rested":0,"item_purchase_floors":[3,19,39,44,44],"current_hp_per_floor":[67,52,52,57,51,51,56,56,56,56,63,58,58,58,58,51,71,59,59,59,59,59,59,66,49,49,49,44,71,80,77,77,74,82,81,81,85,85,85,85,54,54,54,54,54,69,69,64,79,49],"gold":203,"neow_bonus":"REMOVE_CARD","is_daily":false,"chose_seed":false,"campfire_upgraded":9,"win_rate":0.0,"timestamp":1609638780,"path_taken":["M","?","$","M","M","R","M","R","T","R","M","E","R","?","R","BOSS","M","$","?","$","?","R","E","?","T","R","?","?","M","M","R","BOSS","M","?","M","M","$","R","E","?","T","$","?","R","?","M","R","BOSS"],"items_purchased_type":["Card","Relic","Card","Relic","Relic"],"build_version":"2020-12-22","purchased_purges":2,"victory":true,"max_hp_per_floor":[75,75,75,75,75,75,75,75,75,75,75,77,77,77,77,77,77,77,77,77,77,77,77,77,79,79,79,81,81,83,85,85,85,85,85,85,85,85,85,85,87,89,89,89,89,89,85,87,87,87],"relic_stats":{"TheAbacus":[30],"Singing Bowl":16,"counters":[20,95],"Bird Faced Urn":[22],"Pantograph":8,"Eternal Feather":30,"MawBank":156,"obtain_stats":[{"Golden Egg":24,"Singing Bowl":9,"vexMod:ConsolationPrize":12,"Eternal Feather":43,"Replay:WaspNest":15,"MawBank":26,"TheAbacus":44,"MutagenicStrength":22,"Bird Faced Urn":41,"Pantograph":44,"Cracked Core":0,"ReplayTheSpireMod:Lightbulb":19,"Abe\u0027s Treasure":17,"Runic Pyramid":34},{"Golden Egg":9,"Singing Bowl":4,"vexMod:ConsolationPrize":6,"Eternal Feather":18,"Replay:WaspNest":6,"MawBank":9,"TheAbacus":18,"MutagenicStrength":8,"Bird Faced Urn":17,"Pantograph":18,"Cracked Core":0,"ReplayTheSpireMod:Lightbulb":8,"Abe\u0027s Treasure":7,"Runic Pyramid":13},{"Golden Egg":42,"Singing Bowl":14,"vexMod:ConsolationPrize":23,"Eternal Feather":85,"Replay:WaspNest":23,"MawBank":42,"TheAbacus":85,"MutagenicStrength":36,"Bird Faced Urn":81,"Pantograph":85,"Cracked Core":0,"ReplayTheSpireMod:Lightbulb":36,"Abe\u0027s Treasure":31,"Runic Pyramid":62}]},"card_choices":[{"not_picked":["Sunder","Force Field"],"picked":"Self Repair","floor":1.0},{"not_picked":["ReplayTheSpireMod:Calculation Training","Steam"],"picked":"Compile Driver","floor":4.0},{"not_picked":["Go for the Eyes","Stack"],"picked":"Coolheaded","floor":5.0},{"not_picked":["Skim","Loop"],"picked":"Gash","floor":7.0},{"not_picked":["Beam Cell","Thunder Strike"],"picked":"Gash","floor":11.0},{"not_picked":["Defragment","Chaos","Ball Lightning"],"picked":"Singing Bowl","floor":12.0},{"not_picked":["Multi-Cast","ReplayTheSpireMod:Omega Cannon"],"picked":"Core Surge","floor":16.0},{"not_picked":["Steam+1","ReplayGash+1"],"picked":"FTL+1","floor":18.0},{"not_picked":["Redo+1","Streamline+1"],"picked":"Gash","floor":24.0},{"not_picked":["Leap+1","Ball Lightning+1"],"picked":"Gash","floor":25.0},{"not_picked":["Go for the Eyes","Consume+1"],"picked":"Skim","floor":25.0},{"not_picked":["Undo+1","ReplayTheSpireMod:GoodbyeWorld","Thunder Strike"],"picked":"Singing Bowl","floor":25.0},{"not_picked":["Compile Driver+1","Cold Snap","Steam"],"picked":"Singing Bowl","floor":28.0},{"not_picked":["Compile Driver","Turbo","Sunder"],"picked":"Singing Bowl","floor":30.0},{"not_picked":["ReplayTheSpireMod:System Scan","Doom and Gloom","Panic Button"],"picked":"Singing Bowl","floor":31.0},{"not_picked":["Electrodynamics","Core Surge"],"picked":"Echo Form","floor":33.0},{"not_picked":["Force Field","Rebound"],"picked":"Beam Cell","floor":35.0},{"not_picked":["Undo+1","Rebound+1"],"picked":"Go for the Eyes+1","floor":37.0},{"not_picked":["Go for the Eyes+1","ReplayTheSpireMod:System Scan+1"],"picked":"Skim","floor":38.0},{"not_picked":["Redo","Rebound","Amplify"],"picked":"Singing Bowl","floor":41.0},{"not_picked":["Heatsinks+1","Conserve Battery","Leap"],"picked":"Singing Bowl","floor":42.0},{"not_picked":["expansioncontent:SuperHexaguard","Dark Shackles"],"picked":"ReplayTheSpireMod:Brewmster","floor":45.0},{"not_picked":["Steam+1","Reprogram","Hello World+1"],"picked":"Singing Bowl","floor":48.0}],"player_experience":634059,"relics_obtained":[{"floor":9.0,"key":"Singing Bowl"},{"floor":12.0,"key":"vexMod:ConsolationPrize"},{"floor":15.0,"key":"Replay:WaspNest"},{"floor":24.0,"key":"Golden Egg"},{"floor":26.0,"key":"MawBank"},{"floor":41.0,"key":"Bird Faced Urn"},{"floor":43.0,"key":"Eternal Feather"}],"event_choices":[{"damage_healed":0.0,"max_hp_gain":0.0,"max_hp_loss":0.0,"gold_gain":0.0,"event_name":"Shining Light","player_choice":"Entered Light","floor":2.0,"gold_loss":0.0,"damage_taken":15.0,"cards_upgraded":["Strike_B","Strike_B"]},{"damage_healed":0.0,"max_hp_gain":0.0,"max_hp_loss":0.0,"gold_gain":0.0,"event_name":"Drug Dealer","player_choice":"Inject Mutagens","floor":22.0,"gold_loss":0.0,"damage_taken":0.0,"relics_obtained":["MutagenicStrength"]},{"damage_healed":27.0,"max_hp_gain":0.0,"max_hp_loss":0.0,"gold_gain":0.0,"event_name":"The Library","player_choice":"Heal","floor":29.0,"gold_loss":0.0,"damage_taken":0.0},{"damage_healed":0.0,"max_hp_gain":0.0,"max_hp_loss":0.0,"gold_gain":0.0,"cards_transformed":["Defend_B"],"event_name":"Transmorgrifier","player_choice":"Transformed","floor":36.0,"gold_loss":0.0,"damage_taken":0.0,"cards_obtained":["Recycle"]},{"damage_healed":0.0,"max_hp_gain":0.0,"max_hp_loss":0.0,"gold_gain":0.0,"event_name":"SensoryStone","player_choice":"Memory 1","floor":45.0,"gold_loss":0.0,"damage_taken":0.0},{"damage_healed":0.0,"max_hp_gain":0.0,"max_hp_loss":4.0,"gold_gain":0.0,"event_name":"Winding Halls","player_choice":"Max HP","floor":47.0,"gold_loss":0.0,"damage_taken":0.0}],"is_beta":false,"boss_relics":[{"not_picked":["Honey Jar","vexMod:MysteryBossChallenge"],"picked":"Abe\u0027s Treasure"},{"not_picked":["Snecko Eye","Replay:Grab Bag"],"picked":"Runic Pyramid"}],"items_purged_floors":[3,39],"is_endless":false,"potions_floor_spawned":[1,5,12,28,31,35,38,42,48],"ascension_level":11}}