{"host":"08z5bj28eube4vug","time":1609718265,"event":{"mods":["2.2 Compatiblity","Abigail Mod","Act Like it!","BaseMod","Beaked The Cultist","Bestiary","Friendly Minions","Gensokyo","GungeonMod","Hallownest","Kiyohime????","Koishi","Lobotomy","Marisa????????","Minty Spire (QoL Compilation)","Prisma Mod","Remilia??????","Replay The Spire","StSLib","Td1madao Mod","The Alterego","The Bug Knight","The Jungle","The Sage","The Senshi","The Servant 0.9.4","Waifu the Spire","WarShipGirlsR/????R mod","Yuri Mod"],"gold_per_floor":[112,131,131,141,141,141,170,170,170,19,34,34,52,72,72,172,172,191,207,207,147,3,3,31,49,49,1,1,1,1,1,1,104,104,123,133,146,1,20,20,48,58,58,58,68,68,68,68,68,68],"floor_reached":51,"playtime":2533,"items_purged":[],"score":1191,"play_id":"37731986-ecd2-4aad-a1fa-b4fa988a3b1a","local_time":"20210104025745","is_ascension_mode":true,"campfire_choices":[{"data":"rmod:maingunfire","floor":6,"key":"SMITH"},{"data":"rmod:diamondstrike","floor":8,"key":"SMITH"},{"data":"rmod:diaomin","floor":12,"key":"SMITH"},{"data":"beaked:WalkersFury","floor":23,"key":"SMITH"},{"floor":28,"key":"REST"},{"data":"rmod:seals","floor":30,"key":"SMITH"},{"data":"Ghostly","floor":32,"key":"SMITH"},{"floor":40,"key":"RECALL"},{"floor":44,"key":"REST"}],"circlet_count":0,"master_deck":["rmod:strick+1","rmod:strick","rmod:strick","rmod:strick","rmod:defend","rmod:defend","rmod:defend","rmod:defend+1","rmod:basicallowance+1","rmod:maingunfire+1","rmod:aviationdawn+1","rmod:diamondstrike+1","rmod:diaomin+1","rmod:seals+1","beaked:WalkersFury+1","Ghostly+1","Ghostly","Ghostly","Ghostly","Ghostly","rmod:intelligenceanalysis+1","rmod:selfconfidence+1","rmod:intelligenceanalysis+1","rmod:unsinkable","rmod:gendarmerie+1","rmod:unsinkable","Ghostly+1"],"relics":["DemoMod:PoisonVial","Juzu Bracelet","Meat on the Bone","Bag of Marbles","beaked:SacredDeck","Medical Kit","Lantern","DemoMod:SerJunkan","Replay:Grab Bag","Fusion Hammer","Sozu","rmod:mogul","DemoMod:GlassGuonStoneRelic","DemoMod:MeatBun","DemoMod:Junk","Smiling Mask"],"acts_visited":["Exordium","TheCity","TheBeyond"],"potions_floor_usage":[7,16,24,25,39,45],"damage_taken":[{"damage":0,"enemies":"2 Louse","floor":1,"turns":2},{"damage":5,"enemies":"Jaw Worm","floor":2,"turns":2},{"damage":4,"enemies":"Small Slimes","floor":4,"turns":2},{"damage":0,"enemies":"3 Sentries","floor":7,"turns":7},{"damage":0,"enemies":"2 Fungi Beasts","floor":11,"turns":1},{"damage":1,"enemies":"Exordium Wildlife","floor":13,"turns":4},{"damage":11,"enemies":"Looter","floor":14,"turns":2},{"damage":10,"enemies":"Hexaghost","floor":16,"turns":8},{"damage":21,"enemies":"Spheric Guardian","floor":18,"turns":5},{"damage":0,"enemies":"Chosen","floor":19,"turns":5},{"damage":37,"enemies":"Book of Stabbing","floor":24,"turns":5},{"damage":24,"enemies":"Snake Plant","floor":25,"turns":4},{"damage":19,"enemies":"Pondfish","floor":33,"turns":9},{"damage":0,"enemies":"Orb Walker","floor":35,"turns":4},{"damage":17,"enemies":"3 Darklings","floor":36,"turns":5},{"damage":0,"enemies":"Spire Growth","floor":37,"turns":4},{"damage":0,"enemies":"Jaw Worm Horde","floor":39,"turns":2},{"damage":0,"enemies":"Giant Head","floor":41,"turns":5},{"damage":0,"enemies":"Maw","floor":42,"turns":5},{"damage":0,"enemies":"3 Darklings","floor":45,"turns":2},{"damage":0,"enemies":"Donu and Deca","floor":50,"turns":6}],"seed_played":"3556121228560930621","potions_obtained":[{"floor":2,"key":"EssenceOfSteel"},{"floor":4,"key":"Ancient Potion"},{"floor":11,"key":"Weak Potion"},{"floor":19,"key":"SkillPotion"},{"floor":25,"key":"SteroidPotion"}],"is_trial":false,"path_per_floor":["M","M","?","M","?","R","E","R","T","$","M","R","M","M","R","B",null,"M","M","?","?","$","R","E","M","T","$","R","?","R","?","R","B",null,"M","M","M","$","M","R","E","M","T","R","M","?","?","$","R","B",null],"character_chosen":"PRAEFECT","items_purchased":["Bag of Marbles","Medical Kit","Energy Potion","DemoMod:MeatBun"],"campfire_rested":2,"item_purchase_floors":[10,22,27,38],"current_hp_per_floor":[75,70,70,66,51,51,51,51,51,51,51,51,50,39,61,51,75,54,54,54,54,54,54,29,17,17,17,39,37,37,37,37,30,37,37,20,20,34,34,34,34,34,34,37,37,37,37,37,37,37],"gold":68,"neow_bonus":"RANDOM_COMMON_RELIC","is_daily":false,"chose_seed":false,"campfire_upgraded":6,"win_rate":0.0,"timestamp":1609718265,"path_taken":["M","M","?","M","?","R","E","R","T","?","M","R","M","M","R","BOSS","M","M","?","?","$","R","E","M","T","$","R","?","R","?","R","BOSS","M","M","M","$","M","R","E","M","T","R","M","?","?","$","R","BOSS"],"items_purchased_type":["Relic","Relic","Potion","Relic"],"build_version":"2020-12-22","purchased_purges":0,"victory":true,"max_hp_per_floor":[75,75,75,75,75,75,75,75,75,75,75,75,75,75,75,75,75,75,75,75,75,75,75,75,75,75,75,75,37,37,37,37,37,37,37,37,37,37,37,37,37,37,37,37,37,37,37,37,37,37],"card_choices":[{"not_picked":["rmod:tearstotiara","rmod:sl"],"picked":"rmod:aviationdawn","floor":1},{"not_picked":["rmod:steelsupply","rmod:heivgo","rmod:luckystar"],"picked":"SKIP","floor":2},{"not_picked":["rmod:capitalist","rmod:saltedfish","rmod:heivgo"],"picked":"SKIP","floor":4},{"not_picked":["rmod:combined","rmod:wife"],"picked":"rmod:diamondstrike","floor":7},{"not_picked":["rmod:salvage","rmod:spoils"],"picked":"rmod:diaomin","floor":11},{"not_picked":["rmod:aviationdawn","rmod:victimresponsibility","rmod:diaomin"],"picked":"SKIP","floor":13},{"not_picked":["rmod:fuelsupply","rmod:aggressivemary","rmod:generalist"],"picked":"SKIP","floor":14},{"not_picked":["rmod:acesubmarine","rmod:ridicule"],"picked":"rmod:seals","floor":16},{"not_picked":["rmod:overbreakdown","rmod:openingtorpedo"],"picked":"rmod:wasp","floor":18},{"not_picked":["rmod:victimresponsibility+1","rmod:shuttlebombing","rmod:supportescort"],"picked":"SKIP","floor":19},{"not_picked":["rmod:combined","rmod:aviationdawn+1","rmod:heivgo+1"],"picked":"SKIP","floor":24},{"not_picked":["rmod:ammunitionsupply","rmod:victimresponsibility","rmod:highspeedshooting"],"picked":"SKIP","floor":25},{"not_picked":["rmod:goodfighter","rmod:overbreakdown"],"picked":"rmod:intelligenceanalysis+1","floor":35},{"not_picked":["rmod:luckystar+1","rmod:tearstotiara+1"],"picked":"rmod:selfconfidence+1","floor":36},{"not_picked":["rmod:selfconfidence+1","rmod:heivgo+1"],"picked":"rmod:intelligenceanalysis+1","floor":37},{"not_picked":["rmod:openingtorpedo","rmod:circuitoustactics+1"],"picked":"rmod:unsinkable","floor":39},{"not_picked":["rmod:u235","rmod:victimresponsibility+1"],"picked":"rmod:gendarmerie+1","floor":41},{"not_picked":["rmod:fuelsupply+1","rmod:ammunitionsupply","rmod:goodsister"],"picked":"SKIP","floor":42},{"not_picked":["rmod:spoils","rmod:selfconfidence+1"],"picked":"rmod:unsinkable","floor":45}],"player_experience":735410,"relics_obtained":[{"floor":7,"key":"Juzu Bracelet"},{"floor":9,"key":"Meat on the Bone"},{"floor":24,"key":"Lantern"},{"floor":26,"key":"DemoMod:SerJunkan"},{"floor":41,"key":"DemoMod:Junk"},{"floor":43,"key":"Smiling Mask"}],"event_choices":[{"damage_healed":0,"gold_gain":0,"player_choice":"Entered Light","damage_taken":15,"max_hp_gain":0,"max_hp_loss":0,"event_name":"Shining Light","floor":5,"gold_loss":0,"cards_upgraded":["rmod:defend","rmod:basicallowance"]},{"damage_healed":0,"gold_gain":0,"player_choice":"Became a Ghost","damage_taken":0,"max_hp_gain":0,"max_hp_loss":38,"event_name":"Ghosts","floor":29,"gold_loss":0,"cards_obtained":["Ghostly","Ghostly","Ghostly","Ghostly","Ghostly"]},{"cards_removed":["rmod:wasp"],"damage_healed":0,"gold_gain":0,"player_choice":"Removed Power","damage_taken":0,"max_hp_gain":0,"max_hp_loss":0,"event_name":"Falling","floor":46,"gold_loss":0},{"damage_healed":0,"gold_gain":0,"player_choice":"Got Potions","damage_taken":0,"max_hp_gain":0,"max_hp_loss":0,"event_name":"Lab","floor":47,"gold_loss":0},{"damage_healed":0,"gold_gain":0,"player_choice":"Copied","damage_taken":0,"max_hp_gain":0,"max_hp_loss":0,"event_name":"Duplicator","floor":49,"gold_loss":0,"cards_obtained":["Ghostly"]}],"is_beta":false,"boss_relics":[{"not_picked":["Astrolabe","Replay:Wanted Poster"],"picked":"beaked:SacredDeck"},{"not_picked":["Painkiller Herb","Black Star"],"picked":"Replay:Grab Bag"},{"not_picked":["sagemod:Falmels_Amulet","Philosopher\u0027s Stone"],"picked":"Fusion Hammer"},{"not_picked":["beaked:MawFillet","ReplayTheSpireMod:Onyx Gauntlets"],"picked":"Sozu"},{"not_picked":["Ring of Chaos","Runic Pyramid"],"picked":"rmod:mogul"}],"items_purged_floors":[],"is_endless":false,"potions_floor_spawned":[2,4,11,19,25,35,42],"ascension_level":3}}