{"host":"qgrlfjrqk9z96gfi","time":1609658289,"event":{"mods":["BaseMod","Block Reminder","Colored Map","DeckTracker","Minty Spire (QoL Compilation)"],"gold_per_floor":[11,61,76,94,94,94,124,138,138,156,156,187,187,200,200,276,276,293,218,61,73,73,73,102,118,118,132,132,132,132,143,143,217,217,231,231,67,9,28,28,57,76,151,180,180,180,207,207,207],"floor_reached":48,"playtime":1873,"items_purged":["Strike_G"],"score":1221,"play_id":"efae86c8-d755-4821-add0-5304c63fb66c","local_time":"20210102211809","is_ascension_mode":true,"campfire_choices":[{"data":"Apotheosis","floor":6.0,"key":"SMITH"},{"floor":13.0,"key":"REST"},{"floor":15.0,"key":"REST"},{"floor":23.0,"key":"REST"},{"floor":28.0,"key":"REST"},{"data":"Ghostly","floor":30.0,"key":"SMITH"},{"data":"Ghostly","floor":32.0,"key":"SMITH"},{"data":"Noxious Fumes","floor":40,"key":"SMITH"},{"data":"Calculated Gamble","floor":46,"key":"SMITH"}],"circlet_count":0,"master_deck":["AscendersBane","Strike_G","Strike_G","Strike_G","Defend_G","Defend_G","Defend_G","Defend_G+1","Defend_G","Survivor+1","Neutralize","Apotheosis+1","PiercingWail","Dagger Throw","Blade Dance","Infinite Blades","Skewer+1","Deadly Poison","Blade Dance","Die Die Die+1","Deflect+1","Footwork","Bouncing Flask","Dodge and Roll","Noxious Fumes+1","Calculated Gamble+1","Terror+1","Ghostly+1","Ghostly+1","Ghostly+1","Escape Plan+1","Phantasmal Killer","Prepared","PanicButton","Crippling Poison","Calculated Gamble","Regret"],"relics":["Ring of the Snake","War Paint","HornCleat","Molten Egg 2","Cursed Key","Tingsha","Runic Pyramid","Toy Ornithopter","Mummified Hand","Shuriken","Eternal Feather","Sundial"],"acts_visited":["Exordium","TheCity","TheBeyond"],"potions_floor_usage":[33,41],"damage_taken":[{"damage":1.0,"enemies":"Jaw Worm","floor":1.0,"turns":3.0},{"damage":3.0,"enemies":"Cultist","floor":3.0,"turns":5.0},{"damage":2.0,"enemies":"Small Slimes","floor":4.0,"turns":4.0},{"damage":32.0,"enemies":"Lagavulin","floor":7.0,"turns":11.0},{"damage":12.0,"enemies":"Exordium Wildlife","floor":8.0,"turns":3.0},{"damage":12.0,"enemies":"3 Louse","floor":10.0,"turns":4.0},{"damage":0.0,"enemies":"Gremlin Nob","floor":12.0,"turns":3.0},{"damage":0.0,"enemies":"Looter","floor":14.0,"turns":3.0},{"damage":20.0,"enemies":"Hexaghost","floor":16.0,"turns":11.0},{"damage":10.0,"enemies":"Spheric Guardian","floor":18.0,"turns":4.0},{"damage":11.0,"enemies":"Shell Parasite","floor":21.0,"turns":5.0},{"damage":58.0,"enemies":"Gremlin Leader","floor":24.0,"turns":6.0},{"damage":5.0,"enemies":"Snecko","floor":25.0,"turns":5.0},{"damage":0.0,"enemies":"Chosen and Byrds","floor":27.0,"turns":4.0},{"damage":0.0,"enemies":"Snake Plant","floor":31.0,"turns":5.0},{"damage":8,"enemies":"Automaton","floor":33,"turns":10},{"damage":3,"enemies":"Orb Walker","floor":35,"turns":4},{"damage":0,"enemies":"3 Shapes","floor":39,"turns":9},{"damage":12,"enemies":"Reptomancer","floor":41,"turns":5},{"damage":5,"enemies":"Maw","floor":42,"turns":7},{"damage":0,"enemies":"Nemesis","floor":44,"turns":7},{"damage":9,"enemies":"Reptomancer","floor":47,"turns":7},{"damage":28,"enemies":"4 Shapes","floor":48,"turns":1}],"seed_played":"4323997472822382557","potions_obtained":[{"floor":3.0,"key":"LiquidMemories"},{"floor":4.0,"key":"Regen Potion"},{"floor":7.0,"key":"Fire Potion"},{"floor":10.0,"key":"FearPotion"},{"floor":14.0,"key":"Swift Potion"},{"floor":18.0,"key":"Dexterity Potion"},{"floor":21.0,"key":"Regen Potion"},{"floor":31.0,"key":"GamblersBrew"},{"floor":39,"key":"Swift Potion"}],"is_trial":false,"path_per_floor":["M","?","M","M","?","R","E","M","T","M","?","E","R","M","R","B",null,"M","?","$","M","?","R","E","M","T","M","R","?","R","M","R","B",null,"M","?","$","?","M","R","E","M","T","E","?","R","E","M"],"character_chosen":"THE_SILENT","items_purchased":["Footwork","Bouncing Flask","Crippling Poison"],"campfire_rested":4,"item_purchase_floors":[20,20,37],"current_hp_per_floor":[58,52,49,47,47,47,30,18,18,6,6,6,25,25,44,24,56,46,46,46,35,35,54,11,6,6,6,25,25,25,25,25,17,29,26,26,26,26,26,26,19,14,14,14,14,33,24,0,0],"gold":207,"neow_bonus":"RANDOM_COLORLESS_2","is_daily":false,"chose_seed":false,"campfire_upgraded":5,"win_rate":0.0,"timestamp":1609658289,"path_taken":["M","?","M","?","?","R","E","M","T","M","?","E","R","M","R","BOSS","M","?","$","M","?","R","E","M","T","M","R","?","R","M","R","BOSS","M","?","$","?","?","R","E","M","T","E","?","R","E","?"],"items_purchased_type":["Card","Card","Card"],"build_version":"2020-12-22","purchased_purges":1,"victory":false,"max_hp_per_floor":[66,66,66,66,66,66,66,66,66,66,66,66,66,66,66,66,66,66,66,66,66,66,66,66,66,66,66,66,33,33,33,33,33,33,33,33,33,33,33,33,33,33,33,33,33,33,33,33,33],"card_choices":[{"not_picked":["Secret Technique","Panache"],"picked":"Apotheosis","floor":0.0},{"not_picked":["Flechettes","Backflip"],"picked":"PiercingWail","floor":1.0},{"not_picked":["Heel Hook","PiercingWail"],"picked":"Dagger Throw","floor":3.0},{"not_picked":["Masterful Stab","Sucker Punch"],"picked":"Blade Dance","floor":4.0},{"not_picked":["Reflex","Choke"],"picked":"Infinite Blades","floor":7.0},{"not_picked":["Deflect","Flechettes","Underhanded Strike"],"picked":"SKIP","floor":8.0},{"not_picked":["Dodge and Roll","Riddle With Holes"],"picked":"Skewer","floor":10.0},{"not_picked":["Acrobatics","Riddle With Holes+1"],"picked":"Deadly Poison","floor":12.0},{"not_picked":["Deadly Poison","Outmaneuver"],"picked":"Blade Dance","floor":14.0},{"not_picked":["Burst","Bullet Time"],"picked":"Die Die Die+1","floor":16.0},{"not_picked":["Tactician+1","Caltrops"],"picked":"Deflect+1","floor":18.0},{"not_picked":["Heel Hook+1","Quick Slash+1"],"picked":"Dodge and Roll","floor":21.0},{"not_picked":["Quick Slash+1","Deflect"],"picked":"Calculated Gamble","floor":24.0},{"not_picked":["Bane+1","Underhanded Strike+1","Noxious Fumes"],"picked":"SKIP","floor":25.0},{"not_picked":["Footwork","PiercingWail"],"picked":"Terror+1","floor":27.0},{"not_picked":["Underhanded Strike+1","Accuracy"],"picked":"Escape Plan+1","floor":31.0},{"not_picked":["Glass Knife+1","Envenom"],"picked":"Phantasmal Killer","floor":33},{"not_picked":["Distraction","Underhanded Strike+1"],"picked":"Prepared","floor":35},{"not_picked":["Sadistic Nature","Madness"],"picked":"PanicButton","floor":36},{"not_picked":["Eviscerate+1","Dagger Spray+1","Slice+1"],"picked":"SKIP","floor":39},{"not_picked":["Sucker Punch+1","Well Laid Plans"],"picked":"Calculated Gamble","floor":41},{"not_picked":["Outmaneuver","Blade Dance","Endless Agony+1"],"picked":"SKIP","floor":42},{"not_picked":["Flechettes+1","Distraction+1","Heel Hook+1"],"picked":"SKIP","floor":44},{"not_picked":["Outmaneuver","Terror","Blade Dance"],"picked":"SKIP","floor":47}],"player_experience":959089,"relics_obtained":[{"floor":7.0,"key":"War Paint"},{"floor":9.0,"key":"HornCleat"},{"floor":12.0,"key":"Molten Egg 2"},{"floor":24.0,"key":"Tingsha"},{"floor":41,"key":"Mummified Hand"},{"floor":43,"key":"Shuriken"},{"floor":44,"key":"Eternal Feather"},{"floor":47,"key":"Sundial"}],"event_choices":[{"damage_healed":0.0,"max_hp_gain":0.0,"max_hp_loss":0.0,"gold_gain":50.0,"event_name":"FaceTrader","player_choice":"Touch","floor":2.0,"gold_loss":0.0,"damage_taken":6.0},{"damage_healed":0.0,"max_hp_gain":0.0,"max_hp_loss":0.0,"gold_gain":0.0,"event_name":"Liars Game","player_choice":"Ignored","floor":5.0,"gold_loss":0.0,"damage_taken":0.0},{"damage_healed":0.0,"max_hp_gain":0.0,"max_hp_loss":0.0,"gold_gain":0.0,"event_name":"Living Wall","player_choice":"Grow","floor":11.0,"gold_loss":0.0,"damage_taken":0.0,"cards_upgraded":["Skewer"]},{"cards_removed":["Strike_G"],"damage_healed":0.0,"max_hp_gain":0.0,"max_hp_loss":0.0,"gold_gain":0.0,"event_name":"Beggar","player_choice":"Gave Gold","floor":19.0,"gold_loss":75.0,"damage_taken":0.0},{"damage_healed":0.0,"max_hp_gain":0.0,"max_hp_loss":0.0,"gold_gain":0.0,"event_name":"The Library","player_choice":"Read","floor":22.0,"gold_loss":0.0,"damage_taken":0.0,"cards_obtained":["Noxious Fumes"]},{"damage_healed":0.0,"max_hp_gain":0.0,"max_hp_loss":33.0,"gold_gain":0.0,"event_name":"Ghosts","player_choice":"Became a Ghost","floor":29.0,"gold_loss":0.0,"damage_taken":0.0,"cards_obtained":["Ghostly","Ghostly","Ghostly"]},{"damage_healed":0,"gold_gain":0,"player_choice":"Memory 1","damage_taken":0,"max_hp_gain":0,"max_hp_loss":0,"event_name":"SensoryStone","floor":36,"gold_loss":0},{"damage_healed":0,"gold_gain":0,"player_choice":"Paid Gold","damage_taken":0,"relics_obtained":["Toy Ornithopter"],"max_hp_gain":0,"max_hp_loss":0,"event_name":"WeMeetAgain","floor":38,"gold_loss":58},{"damage_healed":0,"gold_gain":0,"player_choice":"Forge","damage_taken":0,"max_hp_gain":0,"max_hp_loss":0,"event_name":"Accursed Blacksmith","floor":45,"gold_loss":0,"cards_upgraded":["Ghostly"]}],"is_beta":false,"boss_relics":[{"not_picked":["SacredBark","WristBlade"],"picked":"Cursed Key"},{"not_picked":["Snecko Eye","SlaversCollar"],"picked":"Runic Pyramid"}],"items_purged_floors":[37],"is_endless":false,"potions_floor_spawned":[3,4,7,10,14,18,21,31,39],"killed_by":"4 Shapes","ascension_level":20}}