{"host":"semhnkkjvd2at5gx","time":1609656326,"event":{"mods":["AchievementEnabler","Aspiration","Bard","BaseMod","Beaked The Cultist","Better Third Choice","BetterRewards","Colored Map","Colored Powertips","Conspire","Downfall","Hermit","Hubris","Infinite Spire","Lobotomy","Marisa????????","Minty Spire (QoL Compilation)","Replay The Spire","StSLib","The Animator","The Blackbeard","The Bladedancer","The Bug Knight","The Construct","The Cursed","The Disciple","The Hierophant","The Jungle","The Mystic","The Necromancer","The Poker Player","The Runesmith","The Servant 0.9.4","vexMod"],"gold_per_floor":[119,138,201,219,235,235,106,136,136,148,148,148,101,117,117,216,216,228,228,40,40,15,27,73,105,170,97,109,121,133,169,181,12,12,125,125,148,167,226,226,226,226,226,254,254,254,30,55,55,55,161,161,178,178,262,262,278,300,300,318,318,337,189,9,18,18,114,807,817,767,765,765,318,318,318,318,332,341,380,380,452,461,466,475,475,320,280,257,257],"floor_reached":93,"playtime":5297,"items_purged":["Clumsy"],"score":1317,"play_id":"e4b86f00-d2c6-4879-ae96-286bdb2d57cc","local_time":"20210103004526","is_ascension_mode":false,"campfire_choices":[{"floor":6.0,"key":"REST"},{"floor":11.0,"key":"REST"},{"data":"hermit:Combo","floor":15.0,"key":"SMITH"},{"floor":23,"key":"REST"},{"floor":28,"key":"REST"},{"floor":32,"key":"REST"},{"data":"1","floor":34,"key":"LIFT"},{"floor":42,"key":"REST"},{"floor":46,"key":"REST"},{"floor":49,"key":"REST"},{"floor":51,"key":"REST"},{"floor":60,"key":"REST"},{"data":"2","floor":68,"key":"LIFT"},{"data":"3","floor":76,"key":"LIFT"},{"data":"hubris:Fate","floor":81,"key":"SMITH"},{"floor":85,"key":"RECALL"}],"circlet_count":0,"master_deck":["hermit:Strike_Hermit","hermit:Strike_Hermit","hermit:Strike_Hermit","hermit:Strike_Hermit","hermit:Defend_Hermit","hermit:Defend_Hermit","hermit:Defend_Hermit","hermit:Defend_Hermit","hermit:Snapshot","hermit:Covet","hermit:Dive","hermit:Combo+1","hermit:GoldenBullet","hermit:Quickdraw+1","hermit:Enervate","hermit:GoldenBullet","hermit:DeadMansHand+1","hermit:Deadeye","hermit:Gambit","hubris:Fate+1","hermit:Manifest+1","Insight","hermit:Showdown+1","hermit:FullyLoaded","hermit:Horror","hermit:Enervate+1","hermit:TakeAim+1","hermit:HeroicBravado+1","hermit:Snipe","hermit:LowProfile+1","hermit:TakeCover+1","hermit:Malice","expansioncontent:DonusPower+1","expansioncontent:DonusPower+1","hermit:Grudge+1","hermit:LowProfile+1","hermit:RoundhouseKick","hermit:Glare+1","hermit:Snipe+1","hermit:FlashPowder+1","hermit:GhostlyPresence+1","hermit:Determination","Enlightenment+1","hermit:FromBeyond+1","infinitespire:Collect+1","Pride","Pride","Pride","hermit:Virtue+1","hermit:Dissolve+1","hermit:HeroicBravado+1","CurseOfTheBell","hermit:CursedWeapon","infinitespire:UltimateForm+1"],"relics":["hermit:Momento","conspire:TopHat","infinitespire:Satchel","Blue Doll","beaked:SacredDeck","CeramicFish","MawBank","Unceasing Top","ReplayTheSpireMod:Lightbulb","Girya","Strange Spoon","hubris:HollowSoul","hubris:Teleporter","ReplayTheSpireMod:Ring of Sloth","Ring of Searing","Kunai","Toxic Egg 2","vexMod:TimeEaterHat","hubris:ScarierMask","ReplayTheSpireMod:CursedCoin","Simple Rune","Eternal Feather","Chemical X","ReplayTheSpireMod:EnergyBall","vexMod:RockOfEvil","Lee\u0027s Waffle","CaptainsWheel","aspiration:SeaSaltIceCream","aspiration:Nostalgia","blademaster:DancersAmulet","hubris:BottledHeart","aspiration:TomeofQuesting","Juzu Bracelet","Calling Bell","Replay:Mystery Machine","infinitespire:BottledMercury","Lizard Tail","hubris:TenFootPole"],"acts_visited":["Exordium","TheCity","TheBeyond","Exordium","TheCity","TheBeyond"],"potions_floor_usage":[35,52,74,93],"damage_taken":[{"damage":0.0,"enemies":"Cultist","floor":1.0,"turns":3.0},{"damage":1.0,"enemies":"2 Louse","floor":2.0,"turns":3.0},{"damage":6.0,"enemies":"Jaw Worm","floor":4.0,"turns":4.0},{"damage":31.0,"enemies":"Lots of Slimes","floor":5.0,"turns":7.0},{"damage":26.0,"enemies":"Gremlin Nob","floor":8.0,"turns":4.0},{"damage":0.0,"enemies":"3 Louse","floor":10.0,"turns":3.0},{"damage":3.0,"enemies":"Exordium Thugs","floor":14.0,"turns":6.0},{"damage":4.0,"enemies":"Fading Forest","floor":16.0,"turns":11.0},{"damage":10,"enemies":"Spheric Guardian","floor":18,"turns":3},{"damage":62,"enemies":"Nightmare","floor":24,"turns":8},{"damage":8,"enemies":"Shell Parasite","floor":25,"turns":4},{"damage":0,"enemies":"Cultist and Chosen","floor":31,"turns":4},{"damage":46,"enemies":"conspire:MysteriousRune","floor":35,"turns":8},{"damage":45,"enemies":"3 Darklings","floor":37,"turns":3},{"damage":14,"enemies":"Orb Walker","floor":38,"turns":3},{"damage":1,"enemies":"Mind Bloom Boss Battle","floor":39,"turns":6},{"damage":27,"enemies":"Spire Growth","floor":44,"turns":5},{"damage":56,"enemies":"Jaw Worm Horde","floor":48,"turns":4},{"damage":8,"enemies":"hubris:GrandSnecko","floor":52,"turns":2},{"damage":0,"enemies":"Jaw Worm","floor":54,"turns":1},{"damage":10,"enemies":"Cultist","floor":58,"turns":3},{"damage":19,"enemies":"Gremlin Nob","floor":59,"turns":4},{"damage":0,"enemies":"2 Louse","floor":61,"turns":1},{"damage":10,"enemies":"Looter","floor":63,"turns":2},{"damage":37,"enemies":"The Guardian","floor":69,"turns":7},{"damage":25,"enemies":"Spheric Guardian","floor":71,"turns":3},{"damage":6,"enemies":"3 Byrds","floor":74,"turns":3},{"damage":0,"enemies":"3 Cultists","floor":82,"turns":1},{"damage":0,"enemies":"Nightmare","floor":84,"turns":1},{"damage":0,"enemies":"Automaton","floor":86,"turns":6},{"damage":0,"enemies":"Orb Walker","floor":88,"turns":4},{"damage":43,"enemies":"Nemesis","floor":93,"turns":2}],"seed_played":"-8262847896459907281","potions_obtained":[{"floor":2.0,"key":"Fire Potion"},{"floor":4.0,"key":"champ:CounterPotion"},{"floor":10.0,"key":"Strength Potion"},{"floor":18,"key":"LiquidMemories"},{"floor":31,"key":"BlessingOfTheForge"},{"floor":48,"key":"Venom Potion"},{"floor":52,"key":"sneckomod:MuddlingPotion"},{"floor":59,"key":"Weak Potion"},{"floor":63,"key":"Toxic Potion"},{"floor":71,"key":"champ:CounterPotion"},{"floor":74,"key":"Weak Potion"}],"is_trial":false,"path_per_floor":["M","M","?","M","M","R","?","E","T","M","R","?","$","M","R","B",null,"M","?","$","?","?","R","NM","M","T","?","R","PTL","PTL","M","R","$","R","B",null,"M","M","?","?","?","R","T","M","T","R","$","M","R","R","B",null,"M","?","$","?","M","E","R","M","T","M","$","?","AVR","R","B",null,"M","?","M","R","$","T","?","R","M","AVR","NM","R_BF","B",null,"M","?","?","$","?","E"],"character_chosen":"HERMIT","items_purchased":["hermit:DeadMansHand+1","hermit:Showdown+1","CeramicFish","Strange Spoon","hermit:TakeAim+1","expansioncontent:DonusPower+1","hermit:Grudge+1","vexMod:TimeEaterHat","ReplayTheSpireMod:CursedCoin","Chemical X","Lee\u0027s Waffle","CaptainsWheel","hubris:TenFootPole"],"campfire_rested":10,"item_purchase_floors":[13,20,20,33,33,47,47,47,56,64,78,78,91],"current_hp_per_floor":[80,79,79,73,42,66,66,40,40,40,64,64,64,61,61,57,80,70,70,70,55,55,80,18,10,10,10,35,35,35,50,75,75,75,29,85,40,31,30,30,30,55,55,28,28,53,53,12,37,62,42,85,85,85,85,85,75,56,81,81,81,71,71,77,77,91,54,91,66,66,60,90,98,98,1,1,1,1,1,1,1,1,1,1,1,1,1,0,0],"gold":257,"neow_bonus":"RANDOM_EVENT","is_daily":false,"chose_seed":false,"campfire_upgraded":2,"win_rate":0.0,"timestamp":1609656326,"path_taken":["M","?","?","M","M","R","?","E","T","?","R","?","?","M","R","BOSS","M","?","$","?","?","R","NM","?","T","?","R","PTL","PTL","M","R","$","R","BOSS","M","M","?","?","?","R","?","?","T","R","?","M","R","R","BOSS","M","?","?","?","M","E","R","M","T","M","$","?","AVR","R","BOSS","M","?","?","R","$","T","?","R","M","AVR","NM","R_BF","BOSS","M","?","?","$","?","E"],"items_purchased_type":["Card","Card","Relic","Relic","Card","Card","Card","Relic","Relic","Relic","Relic","Relic","Relic"],"build_version":"2020-12-22","purchased_purges":1,"victory":false,"max_hp_per_floor":[80,80,80,80,80,80,80,80,80,80,80,80,80,80,80,80,80,80,80,80,85,85,85,85,85,85,85,85,85,85,85,85,85,85,85,85,85,85,85,85,85,85,85,85,85,85,85,85,85,85,85,85,85,85,85,85,85,85,85,85,85,85,85,91,91,91,91,91,91,91,91,91,98,98,1,1,1,1,1,1,1,1,1,1,1,1,1,1,1],"card_choices":[{"not_picked":["hermit:Roulette","hermit:HoleUp"],"picked":"hermit:Dive","floor":1.0},{"not_picked":["hermit:Feint","hermit:Coalescence"],"picked":"hermit:Combo","floor":2.0},{"not_picked":["hermit:Dive","hermit:Scavenge"],"picked":"hermit:GoldenBullet","floor":4.0},{"not_picked":["hermit:HoleUp","hermit:Glare"],"picked":"hermit:Quickdraw","floor":5.0},{"not_picked":["hermit:Glare","hermit:WideOpen"],"picked":"hermit:Enervate","floor":8.0},{"not_picked":["hermit:CalledShot","hermit:Misfire"],"picked":"hermit:GoldenBullet","floor":10.0},{"not_picked":["hermit:Gestalt","hermit:HighCaliber"],"picked":"hermit:Deadeye","floor":14.0},{"not_picked":["hermit:HighNoon","hermit:Magnum"],"picked":"hermit:Gambit","floor":16.0},{"not_picked":["hermit:WideOpen","hermit:CalledShot"],"picked":"hermit:Manifest+1","floor":18},{"not_picked":["hermit:Cheat","hermit:DeadMansHand"],"picked":"hermit:FullyLoaded","floor":24},{"not_picked":["hermit:WideOpen","hermit:SprayPray+1"],"picked":"hermit:Horror","floor":25},{"not_picked":["hermit:Feint","hermit:TrackingShot"],"picked":"hermit:Enervate+1","floor":31},{"not_picked":["hermit:Purgatory","hermit:FatalDesire"],"picked":"hermit:HeroicBravado","floor":35},{"not_picked":["hermit:HoleUp+1","hermit:TrackingShot"],"picked":"hermit:Snipe","floor":37},{"not_picked":["hermit:Scavenge+1","hermit:ShadowCloak+1"],"picked":"hermit:LowProfile+1","floor":38},{"not_picked":["hermit:Glare+1","hermit:FullyLoaded+1"],"picked":"hermit:TakeCover+1","floor":39},{"not_picked":["hermit:Desperado","hermit:HoleUp"],"picked":"hermit:Malice","floor":44},{"not_picked":["hermit:Feint+1","hermit:NoHoldsBarred"],"picked":"hermit:LowProfile+1","floor":48},{"not_picked":["hermit:FatalDesire","hermit:Adapt"],"picked":"hermit:RoundhouseKick","floor":52},{"not_picked":["hermit:Snipe+1","hermit:Desperado"],"picked":"hermit:Glare+1","floor":54},{"not_picked":["hermit:Feint+1","hermit:ItchyTrigger"],"picked":"hermit:Snipe+1","floor":58},{"not_picked":["hermit:Roulette","hermit:Purgatory"],"picked":"hermit:FlashPowder+1","floor":59},{"not_picked":["hermit:Manifest+1","hermit:TrackingShot"],"picked":"hermit:GhostlyPresence+1","floor":61},{"not_picked":["hermit:Quickdraw","hermit:Glare+1"],"picked":"hermit:Determination","floor":63},{"not_picked":["hermit:HighNoon","hermit:Gambit+1"],"picked":"hermit:FromBeyond+1","floor":69},{"not_picked":["infinitespire:SealOfDarkness+","ReplayTheSpireMod:Black Plague"],"picked":"infinitespire:Collect","floor":69},{"not_picked":["hermit:BodyArmor+1","hermit:Gestalt+1"],"picked":"hermit:Virtue+1","floor":71},{"not_picked":["hermit:HighCaliber+1","hermit:CalledShot","hermit:Roulette"],"picked":"SKIP","floor":74},{"not_picked":["hermit:Dive+1","hermit:WideOpen","hermit:Snipe+1"],"picked":"SKIP","floor":82},{"not_picked":["hermit:Vantage+1","hermit:Ricochet"],"picked":"hermit:Dissolve+1","floor":84},{"not_picked":["hermit:Magnum","hermit:OverwhelmingPower"],"picked":"hermit:HeroicBravado+1","floor":86},{"not_picked":["hermit:HighCaliber","hermit:Ricochet"],"picked":"hermit:CursedWeapon","floor":88},{"not_picked":["hubris:Rewind","infinitespire:Fortify"],"picked":"infinitespire:UltimateForm","floor":89}],"player_experience":370286,"relics_obtained":[{"floor":8.0,"key":"infinitespire:Satchel"},{"floor":9.0,"key":"Blue Doll"},{"floor":24,"key":"Unceasing Top"},{"floor":26,"key":"ReplayTheSpireMod:Lightbulb"},{"floor":39,"key":"hubris:Teleporter"},{"floor":41,"key":"ReplayTheSpireMod:Ring of Sloth"},{"floor":41,"key":"Ring of Searing"},{"floor":43,"key":"Kunai"},{"floor":45,"key":"Toxic Egg 2"},{"floor":59,"key":"Simple Rune"},{"floor":62,"key":"Eternal Feather"},{"floor":79,"key":"aspiration:SeaSaltIceCream"},{"floor":84,"key":"Juzu Bracelet"},{"floor":87,"key":"Replay:Mystery Machine"},{"floor":87,"key":"infinitespire:BottledMercury"},{"floor":87,"key":"Lizard Tail"}],"event_choices":[{"damage_healed":0.0,"max_hp_gain":5.0,"max_hp_loss":0.0,"gold_gain":0.0,"event_name":"Big Fish","player_choice":"Donut","floor":0.0,"gold_loss":0.0,"damage_taken":0.0},{"damage_healed":0.0,"max_hp_gain":0.0,"max_hp_loss":0.0,"gold_gain":63.0,"event_name":"Golden Wing","player_choice":"Gained Gold","floor":3.0,"gold_loss":0.0,"damage_taken":0.0},{"damage_healed":0.0,"max_hp_gain":0.0,"max_hp_loss":0.0,"gold_gain":0.0,"event_name":"WeMeetAgain","player_choice":"Paid Gold","floor":7.0,"gold_loss":129.0,"damage_taken":0.0,"relics_obtained":["conspire:TopHat"]},{"damage_healed":0,"gold_gain":0,"player_choice":"Insight","damage_taken":0,"max_hp_gain":0,"max_hp_loss":0,"event_name":"betterThird:BetterWriting","floor":19,"gold_loss":0,"cards_obtained":["Insight"]},{"damage_healed":0,"gold_gain":0,"player_choice":"Shed Blood","damage_taken":20,"max_hp_gain":5,"max_hp_loss":0,"event_name":"Forgotten Altar","floor":21,"gold_loss":0},{"damage_healed":0,"gold_gain":0,"player_choice":"Obtained Relic","damage_taken":0,"relics_obtained":["Girya"],"max_hp_gain":0,"max_hp_loss":0,"event_name":"Addict","floor":27,"gold_loss":85},{"damage_healed":0,"gold_gain":0,"player_choice":"Fight","damage_taken":0,"max_hp_gain":0,"max_hp_loss":0,"event_name":"MindBloom","floor":39,"gold_loss":0},{"damage_healed":0,"gold_gain":0,"player_choice":"Leave","damage_taken":0,"max_hp_gain":0,"max_hp_loss":0,"event_name":"conspire:Investor","floor":40,"gold_loss":0},{"damage_healed":0,"gold_gain":0,"player_choice":"Ignored","damage_taken":0,"max_hp_gain":0,"max_hp_loss":0,"event_name":"NoteForYourself","floor":55,"gold_loss":0},{"damage_healed":0,"gold_gain":0,"player_choice":"Grow","damage_taken":0,"max_hp_gain":0,"max_hp_loss":0,"event_name":"Living Wall","floor":57,"gold_loss":0,"cards_upgraded":["hermit:HeroicBravado"]},{"damage_healed":0,"gold_gain":0,"player_choice":"RENOUNCE","damage_taken":189,"max_hp_gain":0,"max_hp_loss":0,"event_name":"betterThird:BetterSerpent","floor":66,"gold_loss":189,"cards_obtained":["Enlightenment"]},{"damage_healed":0,"gold_gain":0,"player_choice":"Bet on Murderer","damage_taken":0,"max_hp_gain":0,"max_hp_loss":0,"event_name":"The Joust","floor":73,"gold_loss":50},{"damage_healed":0,"gold_gain":0,"player_choice":"Upgrade","damage_taken":0,"max_hp_gain":0,"max_hp_loss":0,"event_name":"Designer","floor":92,"gold_loss":40,"cards_upgraded":["infinitespire:UltimateForm"]}],"is_beta":false,"boss_relics":[{"not_picked":["vexMod:MegatonBomb","Honey Jar"],"picked":"beaked:SacredDeck"},{"not_picked":["Velvet Choker","Painkiller Herb"],"picked":"hubris:HollowSoul"},{"not_picked":["conspire:SeveredTorchhead","Busted Crown"],"picked":"hubris:ScarierMask"},{"not_picked":["Replay:Ancient Bell","construct:ClawGrip"],"picked":"vexMod:RockOfEvil"},{"not_picked":["aspiration:FutureDiary","Runesmith:UraniumAnvil"],"picked":"Calling Bell"}],"items_purged_floors":[56],"is_endless":true,"potions_floor_spawned":[2,4,10,18,31,48,52,59,63,69,71,74],"killed_by":"Nemesis","ascension_level":0}}