{"host":"143ld85m55v6o3h7","time":1609640070,"event":{"mods":["AchievementEnabler","BaseMod","Colored Map","DeckTracker","Minty Spire (QoL Compilation)","Permanent Neow","Rare Cards Sparkle","StSLib","everything is the same but u backflip on backflip"],"gold_per_floor":[119,143,157,174,174,208,288,316,363,388,388,416,434,512,512,589,589,599,614,673,723,802,827,854,883,883,947,997,1030,1090,1125,1125,1199,1208,1226,1276,1353,1413,1363,1392,1453,1480,1506,1581,1614,1664,1695,1728,1728,1728,1728],"floor_reached":52,"playtime":560,"items_purged":["Strike_R"],"score":3994,"play_id":"892f0661-c023-4110-8ac7-93d9ee374348","local_time":"20210103111430","daily_mods":["Vintage","Heirloom","Flight","DeadlyEvents","Elite Swarm"],"is_ascension_mode":true,"campfire_choices":[{"floor":11,"key":"REST"},{"data":"Bash","floor":15,"key":"SMITH"},{"floor":32,"key":"DIG"},{"floor":49,"key":"REST"}],"circlet_count":0,"master_deck":["AscendersBane","Strike_R+1","Strike_R","Strike_R","Strike_R+1","Defend_R","Defend_R+1","Defend_R+1","Defend_R","Bash+1","CurseOfTheBell"],"relics":["Black Blood","Thread and Needle","Mercury Hourglass","Mummified Hand","Pen Nib","Strawberry","HornCleat","SsserpentHead","Mercury Hourglass","NeowsBlessing","InkBottle","Bag of Marbles","Centennial Puzzle","Toy Ornithopter","Smiling Mask","Sundial","CeramicFish","Lantern","Shovel","Magic Flower","Paper Frog","Peace Pipe","Ornamental Fan","Singing Bowl","Regal Pillow","Blood Vial","Gambling Chip","Potion Belt","Pantograph","Calling Bell","Nunchaku","White Beast Statue","Ice Cream","MealTicket","Matryoshka","Whetstone","Pocketwatch","Dream Catcher","Anchor","Ancient Tea Set","Vajra","PreservedInsect","Bronze Scales","Shuriken","Eternal Feather","War Paint","Red Skull"],"acts_visited":["Exordium","TheCity","TheBeyond"],"potions_floor_usage":[18,51,51,51],"damage_taken":[{"damage":0,"enemies":"Cultist","floor":1,"turns":1},{"damage":0,"enemies":"2 Louse","floor":3,"turns":1},{"damage":0,"enemies":"Small Slimes","floor":4,"turns":1},{"damage":0,"enemies":"Lagavulin","floor":6,"turns":1},{"damage":0,"enemies":"3 Sentries","floor":7,"turns":1},{"damage":0,"enemies":"Gremlin Nob","floor":8,"turns":1},{"damage":0,"enemies":"Lagavulin","floor":10,"turns":1},{"damage":0,"enemies":"3 Sentries","floor":12,"turns":1},{"damage":0,"enemies":"Exordium Thugs","floor":13,"turns":1},{"damage":0,"enemies":"Gremlin Nob","floor":14,"turns":1},{"damage":0,"enemies":"The Guardian","floor":16,"turns":1},{"damage":18,"enemies":"Spheric Guardian","floor":18,"turns":4},{"damage":0,"enemies":"2 Thieves","floor":19,"turns":1},{"damage":0,"enemies":"Gremlin Leader","floor":22,"turns":1},{"damage":0,"enemies":"Book of Stabbing","floor":23,"turns":1},{"damage":0,"enemies":"Gremlin Leader","floor":24,"turns":1},{"damage":0,"enemies":"Slavers","floor":25,"turns":1},{"damage":0,"enemies":"Snake Plant","floor":27,"turns":1},{"damage":0,"enemies":"Gremlin Leader","floor":29,"turns":1},{"damage":0,"enemies":"Cultist and Chosen","floor":30,"turns":1},{"damage":0,"enemies":"Slavers","floor":31,"turns":1},{"damage":0,"enemies":"Champ","floor":33,"turns":1},{"damage":0,"enemies":"Orb Walker","floor":35,"turns":1},{"damage":0,"enemies":"Reptomancer","floor":37,"turns":1},{"damage":0,"enemies":"3 Darklings","floor":38,"turns":1},{"damage":0,"enemies":"Giant Head","floor":40,"turns":1},{"damage":0,"enemies":"Writhing Mass","floor":41,"turns":1},{"damage":0,"enemies":"Nemesis","floor":42,"turns":1},{"damage":0,"enemies":"Giant Head","floor":44,"turns":1},{"damage":0,"enemies":"Reptomancer","floor":45,"turns":1},{"damage":0,"enemies":"Giant Head","floor":47,"turns":1},{"damage":0,"enemies":"Reptomancer","floor":48,"turns":1},{"damage":0,"enemies":"Time Eater","floor":50,"turns":1},{"damage":39,"enemies":"Awakened One","floor":51,"turns":5}],"seed_played":"5968424606680644314","potions_obtained":[{"floor":3,"key":"Swift Potion"},{"floor":7,"key":"BloodPotion"},{"floor":18,"key":"FearPotion"},{"floor":33,"key":"Swift Potion"},{"floor":37,"key":"AttackPotion"}],"is_trial":true,"path_per_floor":["M","T","M","M","?","E","E","E","T","E","R","E","M","E","R","B",null,"M","M","?","?","E","E","E","E","T","M","?","E","M","E","R","B",null,"M","?","E","M","$","E","M","E","T","E","E","T","E","E","R","B","B",null],"character_chosen":"IRONCLAD","items_purchased":[],"campfire_rested":2,"item_purchase_floors":[],"current_hp_per_floor":[74,74,82,82,82,82,82,82,82,82,82,82,82,82,82,82,82,76,82,82,82,82,82,82,82,82,82,58,76,87,87,87,87,87,87,87,87,87,87,87,87,87,87,89,91,91,91,91,93,93,72],"gold":1728,"neow_bonus":"","is_daily":false,"chose_seed":false,"campfire_upgraded":1,"win_rate":0.0,"timestamp":1609640070,"path_taken":["M","?","?","M","?","E","?","E","T","E","R","E","M","?","R","BOSS","M","M","?","?","?","E","E","E","T","?","?","E","?","E","R","BOSS","M","?","?","?","$","E","?","E","T","?","E","?","E","E","R","BOSS","BOSS"],"items_purchased_type":[],"build_version":"2020-12-22","purchased_purges":1,"victory":true,"max_hp_per_floor":[75,75,82,82,82,82,82,82,82,82,82,82,82,82,82,82,82,82,82,82,82,82,82,82,82,82,82,87,87,87,87,87,87,87,87,87,87,87,87,87,87,87,87,89,91,91,91,91,93,93,93],"card_choices":[{"not_picked":["Exhume","Corruption","Fiend Fire"],"picked":"SKIP","floor":6},{"not_picked":["Brutality","Reaper","Barricade"],"picked":"SKIP","floor":7},{"not_picked":["Juggernaut","Bludgeon","Barricade"],"picked":"SKIP","floor":8},{"not_picked":["Fiend Fire","Limit Break","Bludgeon"],"picked":"SKIP","floor":10},{"not_picked":["Juggernaut","Feed","Exhume"],"picked":"SKIP","floor":12},{"not_picked":["Barricade","Demon Form","Corruption"],"picked":"SKIP","floor":14},{"not_picked":["Impervious","Fiend Fire","Limit Break"],"picked":"SKIP","floor":22},{"not_picked":["Brutality","Feed","Juggernaut"],"picked":"SKIP","floor":23},{"not_picked":["Brutality","Feed","Juggernaut"],"picked":"SKIP","floor":24},{"not_picked":["Exhume","Impervious","Immolate"],"picked":"SKIP","floor":25},{"not_picked":["Juggernaut","Reaper","Bludgeon"],"picked":"SKIP","floor":29},{"not_picked":["Barricade","Berserk","Bludgeon"],"picked":"SKIP","floor":31},{"not_picked":["Juggernaut","Barricade","Offering"],"picked":"SKIP","floor":37},{"not_picked":["Demon Form","Feed","Exhume"],"picked":"SKIP","floor":40},{"not_picked":["Fiend Fire","Impervious","Offering"],"picked":"SKIP","floor":42},{"not_picked":["Fiend Fire","Bludgeon","Berserk"],"picked":"Singing Bowl","floor":44},{"not_picked":["Feed","Offering","Limit Break"],"picked":"Singing Bowl","floor":45},{"not_picked":["Feed","Offering","Limit Break"],"picked":"SKIP","floor":47},{"not_picked":["Fiend Fire","Exhume","Offering"],"picked":"SKIP","floor":48},{"not_picked":["Perfected Strike+1","Armaments+1","Flex"],"picked":"Singing Bowl","floor":49}],"player_experience":9908,"relics_obtained":[{"floor":1,"key":"Mummified Hand"},{"floor":2,"key":"Pen Nib"},{"floor":3,"key":"Strawberry"},{"floor":4,"key":"HornCleat"},{"floor":6,"key":"Mercury Hourglass"},{"floor":7,"key":"InkBottle"},{"floor":8,"key":"Bag of Marbles"},{"floor":9,"key":"Centennial Puzzle"},{"floor":10,"key":"Toy Ornithopter"},{"floor":12,"key":"Smiling Mask"},{"floor":13,"key":"Sundial"},{"floor":14,"key":"CeramicFish"},{"floor":18,"key":"Lantern"},{"floor":19,"key":"Shovel"},{"floor":22,"key":"Magic Flower"},{"floor":23,"key":"Paper Frog"},{"floor":24,"key":"Peace Pipe"},{"floor":25,"key":"Ornamental Fan"},{"floor":26,"key":"Singing Bowl"},{"floor":27,"key":"Regal Pillow"},{"floor":29,"key":"Blood Vial"},{"floor":30,"key":"Gambling Chip"},{"floor":31,"key":"Potion Belt"},{"floor":32,"key":"Pantograph"},{"floor":34,"key":"Nunchaku"},{"floor":34,"key":"White Beast Statue"},{"floor":34,"key":"Ice Cream"},{"floor":35,"key":"MealTicket"},{"floor":37,"key":"Matryoshka"},{"floor":38,"key":"Whetstone"},{"floor":40,"key":"Pocketwatch"},{"floor":41,"key":"Dream Catcher"},{"floor":42,"key":"Anchor"},{"floor":43,"key":"Ancient Tea Set"},{"floor":43,"key":"Vajra"},{"floor":44,"key":"PreservedInsect"},{"floor":45,"key":"Bronze Scales"},{"floor":46,"key":"Shuriken"},{"floor":46,"key":"Eternal Feather"},{"floor":47,"key":"War Paint"},{"floor":48,"key":"Red Skull"}],"event_choices":[{"damage_healed":0,"gold_gain":0,"player_choice":"Trade","damage_taken":0,"relics_obtained":["SsserpentHead"],"max_hp_gain":0,"max_hp_loss":0,"event_name":"FaceTrader","floor":5,"gold_loss":0},{"damage_healed":0,"gold_gain":0,"player_choice":"Obtain J.A.X.","damage_taken":0,"max_hp_gain":0,"max_hp_loss":0,"event_name":"Drug Dealer","floor":20,"gold_loss":0,"cards_obtained":["J.A.X."]},{"damage_healed":0,"gold_gain":0,"player_choice":"Ignored","damage_taken":0,"max_hp_gain":0,"max_hp_loss":0,"event_name":"Transmorgrifier","floor":21,"gold_loss":0},{"damage_healed":0,"gold_gain":0,"player_choice":"Shed Blood","damage_taken":29,"max_hp_gain":5,"max_hp_loss":0,"event_name":"Forgotten Altar","floor":28,"gold_loss":0},{"cards_removed":["J.A.X."],"damage_healed":5,"gold_gain":0,"player_choice":"Offered Special","damage_taken":0,"max_hp_gain":0,"max_hp_loss":0,"event_name":"Bonfire Elementals","floor":36,"gold_loss":0}],"is_beta":false,"boss_relics":[{"not_picked":["Mark of Pain","Philosopher\u0027s Stone"],"picked":"Black Blood"},{"not_picked":["Runic Pyramid","Fusion Hammer"],"picked":"Calling Bell"}],"items_purged_floors":[39],"is_endless":false,"potions_floor_spawned":[3,7,10,14,18,22,23,30,33,35,37,38,40,41,42,44,45,47,48],"ascension_level":20}}