{"host":"qbvxbacgnxuisbbe","time":1609693000,"event":{"mods":["Alarm Clock","BaseMod","CapriCore","Minty Spire (QoL Compilation)","Poem Panic","StSLib","The Caster"],"gold_per_floor":[211,224,224,238,250,275,41,41,41,51,63,63,97,115,115,217,217,227,243,253,253,24,24,58,58,113,140,161,161,161,196,208,328,340,380,407,444,483,495,507,557,592,628,659,317,326,326,44,44,44],"floor_reached":51,"playtime":4791,"items_purged":["Shame","caster:defend","Writhe"],"score":756,"play_id":"be06c678-75e0-4ed3-85d5-d6280d5d2c73","local_time":"20210103165640","is_ascension_mode":false,"campfire_choices":[{"data":"caster:Explosion","floor":12.0,"key":"SMITH"},{"data":"caster:IceWall","floor":15.0,"key":"SMITH"},{"floor":23.0,"key":"REST"},{"floor":25.0,"key":"REST"},{"floor":29.0,"key":"REST"},{"floor":32.0,"key":"REST"},{"floor":40.0,"key":"REST"},{"data":"caster:Enfeeble","floor":49,"key":"SMITH"}],"circlet_count":0,"master_deck":["caster:Meteor","caster:strike","caster:strike","caster:strike","caster:DivertFocus","caster:Channeling","caster:defend","caster:defend","caster:defend","caster:BurnItDown+1","caster:FrostDriver","caster:FrostDriver","caster:Enfeeble+1","caster:Cryogenesis","caster:Explosion+1","caster:BurnItDown","caster:Fira+1","caster:FrostDriver","caster:Fireball","caster:IceWall+1","caster:MagicResonance","caster:FrostDriver","caster:PyroclasticTide","caster:MagicBarrier+1","caster:FrostDriver","caster:MagicBarrier","caster:WallOfRocks","caster:EchoingVoice","caster:FlashFrost+1","caster:WallOfMirrors+1","caster:JupitelThunder","caster:FlashSpeed+1","caster:Sleet+1","caster:PhoenixFlare"],"relics":["caster:MagicBook","White Beast Statue","Incense Burner","WingedGreaves","Black Star","StrikeDummy","ClockworkSouvenir","Lantern","Darkstone Periapt","CeramicFish","Boot","MawBank","SlaversCollar","Nunchaku","MealTicket","Bag of Marbles","Sundial","Bag of Preparation"],"acts_visited":["Exordium","TheCity","TheBeyond"],"potions_floor_usage":[44,50,50],"damage_taken":[{"damage":0.0,"enemies":"2 Louse","floor":1.0,"turns":4.0},{"damage":0.0,"enemies":"Jaw Worm","floor":2.0,"turns":3.0},{"damage":2.0,"enemies":"Small Slimes","floor":4.0,"turns":3.0},{"damage":0.0,"enemies":"3 Louse","floor":5.0,"turns":2.0},{"damage":16.0,"enemies":"Gremlin Nob","floor":6.0,"turns":5.0},{"damage":0.0,"enemies":"Large Slime","floor":10.0,"turns":3.0},{"damage":1.0,"enemies":"2 Fungi Beasts","floor":11.0,"turns":4.0},{"damage":0.0,"enemies":"3 Sentries","floor":13.0,"turns":3.0},{"damage":0.0,"enemies":"Blue Slaver","floor":14.0,"turns":3.0},{"damage":18.0,"enemies":"Slime Boss","floor":16.0,"turns":13.0},{"damage":12.0,"enemies":"3 Byrds","floor":18.0,"turns":4.0},{"damage":11.0,"enemies":"2 Thieves","floor":19.0,"turns":3.0},{"damage":19.0,"enemies":"Centurion and Healer","floor":20.0,"turns":5.0},{"damage":27.0,"enemies":"Book of Stabbing","floor":24.0,"turns":5.0},{"damage":3.0,"enemies":"Chosen and Byrds","floor":27.0,"turns":4.0},{"damage":2.0,"enemies":"Snecko","floor":28.0,"turns":4.0},{"damage":28.0,"enemies":"Slavers","floor":31.0,"turns":7.0},{"damage":29.0,"enemies":"Champ","floor":33.0,"turns":16.0},{"damage":30.0,"enemies":"3 Darklings","floor":35.0,"turns":7.0},{"damage":0.0,"enemies":"3 Shapes","floor":36.0,"turns":3.0},{"damage":4.0,"enemies":"Jaw Worm Horde","floor":37.0,"turns":6.0},{"damage":6.0,"enemies":"3 Darklings","floor":38.0,"turns":5.0},{"damage":11.0,"enemies":"Giant Head","floor":41.0,"turns":8.0},{"damage":15.0,"enemies":"Sphere and 2 Shapes","floor":42.0,"turns":6.0},{"damage":7,"enemies":"Transient","floor":44,"turns":5},{"damage":53,"enemies":"Donu and Deca","floor":50,"turns":9}],"seed_played":"1067914662509004128","potions_obtained":[{"floor":1.0,"key":"Swift Potion"},{"floor":2.0,"key":"SkillPotion"},{"floor":6.0,"key":"DistilledChaos"},{"floor":10.0,"key":"Block Potion"},{"floor":13.0,"key":"Strength Potion"},{"floor":14.0,"key":"CultistPotion"},{"floor":16.0,"key":"Fire Potion"},{"floor":18.0,"key":"Fire Potion"},{"floor":19.0,"key":"SteroidPotion"},{"floor":20.0,"key":"LiquidMemories"},{"floor":24.0,"key":"FearPotion"},{"floor":27.0,"key":"SpeedPotion"},{"floor":33.0,"key":"EssenceOfSteel"},{"floor":35.0,"key":"GamblersBrew"},{"floor":36.0,"key":"FearPotion"},{"floor":37.0,"key":"Fire Potion"},{"floor":38.0,"key":"SteroidPotion"},{"floor":41.0,"key":"SpeedPotion"},{"floor":42.0,"key":"FairyPotion"},{"floor":44,"key":"DistilledChaos"}],"is_trial":false,"path_per_floor":["M","M","?","M","M","E","$","?","T","M","M","R","E","M","R","B",null,"M","M","M","?","$","R","E","R","T","M","M","R","?","E","R","B",null,"M","M","M","M","?","R","E","M","T","M","$","?","?","$","R","B",null],"character_chosen":"THE_CASTER","items_purchased":["caster:Explosion","caster:BurnItDown","ClockworkSouvenir","Sundial","Bag of Preparation"],"campfire_rested":5,"item_purchase_floors":[7,7,22,45,48],"current_hp_per_floor":[64,64,64,62,62,46,46,46,46,46,45,45,45,45,45,27,64,52,41,22,22,22,41,14,33,33,30,28,47,47,19,38,9,64,34,34,30,24,24,43,32,17,17,10,25,47,47,62,62,9],"gold":44,"neow_bonus":"HUNDRED_GOLD","is_daily":false,"chose_seed":false,"campfire_upgraded":3,"win_rate":0.0,"timestamp":1609693000,"path_taken":["M","M","?","M","M","E","$","?","T","M","M","R","E","M","R","BOSS","M","M","M","?","$","R","E","R","T","M","M","R","?","E","R","BOSS","M","M","M","M","?","R","E","M","T","M","$","?","?","$","R","BOSS"],"items_purchased_type":["Card","Card","Relic","Relic","Relic"],"build_version":"2020-12-22","purchased_purges":3,"victory":true,"max_hp_per_floor":[64,64,64,64,64,64,64,64,64,64,64,64,64,64,64,64,64,64,64,64,64,64,64,64,64,64,64,64,64,64,64,64,64,64,64,64,64,64,64,64,64,64,64,64,64,70,70,70,70,70],"card_choices":[{"not_picked":["caster:PyroclasticTide","caster:FlashFrost"],"picked":"caster:BurnItDown","floor":1.0},{"not_picked":["caster:Embers","caster:Discharge"],"picked":"caster:FrostDriver","floor":2.0},{"not_picked":["caster:Congeal","caster:QuickCast"],"picked":"caster:FrostDriver","floor":4.0},{"not_picked":["caster:Illusion","caster:QuickCast"],"picked":"caster:Enfeeble","floor":5.0},{"not_picked":["caster:SunGoddessAmaterasu","caster:Embers"],"picked":"caster:Cryogenesis","floor":6.0},{"not_picked":["caster:Charge","caster:MagicWeapon"],"picked":"caster:FrostDriver","floor":10.0},{"not_picked":["caster:Charge","caster:FlashFrost","caster:Sultry"],"picked":"SKIP","floor":11.0},{"not_picked":["caster:Inferno","caster:Charge"],"picked":"caster:Fireball","floor":13.0},{"not_picked":["caster:FlashFrost","caster:DiamondDust"],"picked":"caster:IceWall","floor":14.0},{"not_picked":["caster:WallOfAsh","caster:QuickCast"],"picked":"caster:MagicResonance","floor":18.0},{"not_picked":["caster:GlacialShield","caster:WallOfSwords"],"picked":"caster:FrostDriver","floor":19.0},{"not_picked":["caster:FrostDriver","caster:Eruption"],"picked":"caster:PyroclasticTide","floor":20.0},{"not_picked":["caster:ShivasGrace+1","caster:Sandstorm"],"picked":"caster:MagicBarrier+1","floor":24.0},{"not_picked":["caster:Enfeeble","caster:MagicWeapon+1"],"picked":"caster:FrostDriver","floor":27.0},{"not_picked":["caster:Congeal","caster:StaticField"],"picked":"caster:MagicBarrier","floor":28.0},{"not_picked":["caster:AlternatingCurrent","caster:Sleet"],"picked":"caster:WallOfRocks","floor":31.0},{"not_picked":["caster:GateOfBabylon","caster:Ramuh"],"picked":"caster:EchoingVoice","floor":33.0},{"not_picked":["caster:Fireball","caster:PyroclasticTide"],"picked":"caster:FlashFrost+1","floor":35.0},{"not_picked":["caster:GlacialShield","caster:LightningBolt","caster:FlashSpeed+1"],"picked":"SKIP","floor":36.0},{"not_picked":["caster:Incantation+1","caster:MagicBarrier+1"],"picked":"caster:WallOfMirrors+1","floor":37.0},{"not_picked":["caster:DiablosFlame+1","caster:WallOfAsh"],"picked":"caster:JupitelThunder","floor":38.0},{"not_picked":["caster:Sultry+1","caster:Charge+1"],"picked":"caster:FlashSpeed+1","floor":41.0},{"not_picked":["caster:Accumulation","caster:Enfeeble+1"],"picked":"caster:Sleet+1","floor":42.0},{"not_picked":["caster:LAZER+1","caster:BloodRitual"],"picked":"caster:PhoenixFlare","floor":44}],"player_experience":124658,"relics_obtained":[{"floor":6.0,"key":"White Beast Statue"},{"floor":9.0,"key":"Incense Burner"},{"floor":13.0,"key":"WingedGreaves"},{"floor":24.0,"key":"Lantern"},{"floor":24.0,"key":"Darkstone Periapt"},{"floor":26.0,"key":"CeramicFish"},{"floor":31.0,"key":"Boot"},{"floor":31.0,"key":"MawBank"},{"floor":41.0,"key":"Nunchaku"},{"floor":41.0,"key":"MealTicket"},{"floor":43.0,"key":"Bag of Marbles"}],"event_choices":[{"damage_healed":0.0,"max_hp_gain":0.0,"max_hp_loss":0.0,"gold_gain":0.0,"event_name":"Living Wall","player_choice":"Grow","floor":3.0,"gold_loss":0.0,"damage_taken":0.0,"cards_upgraded":["caster:BurnItDown"]},{"damage_healed":0.0,"max_hp_gain":0.0,"max_hp_loss":0.0,"gold_gain":0.0,"event_name":"Addict","player_choice":"Stole Relic","floor":21.0,"gold_loss":0.0,"damage_taken":0.0,"relics_obtained":["StrikeDummy"],"cards_obtained":["Shame"]},{"damage_healed":0.0,"max_hp_gain":0.0,"max_hp_loss":0.0,"gold_gain":0.0,"event_name":"Cursed Tome","player_choice":"Ignored","floor":30.0,"gold_loss":0.0,"damage_taken":0.0},{"cards_removed":["caster:strike"],"damage_healed":0.0,"max_hp_gain":0.0,"max_hp_loss":0.0,"gold_gain":0.0,"event_name":"Falling","player_choice":"Removed Attack","floor":39.0,"gold_loss":0.0,"damage_taken":0.0},{"damage_healed":16,"gold_gain":0,"player_choice":"Writhe","damage_taken":0,"max_hp_gain":0,"max_hp_loss":0,"event_name":"Winding Halls","floor":46,"gold_loss":0,"cards_obtained":["Writhe"]},{"damage_healed":0,"gold_gain":0,"player_choice":"Ignored","damage_taken":0,"max_hp_gain":0,"max_hp_loss":0,"event_name":"Mysterious Sphere","floor":47,"gold_loss":0}],"is_beta":false,"boss_relics":[{"not_picked":["Tiny House","Busted Crown"],"picked":"Black Star"},{"not_picked":["Astrolabe","Pandora\u0027s Box"],"picked":"SlaversCollar"}],"items_purged_floors":[22,45,48],"is_endless":false,"potions_floor_spawned":[1,2,6,10,11,13,14,16,18,19,20,24,27,28,33,35,36,37,38,41,42,44],"ascension_level":0}}