{"host":"ormi09wwzv7sq47a","time":1609640898,"event":{"mods":["2.2 Compatiblity","AchievementEnabler","Act Like it!","BaseMod","Bestiary","Better Altar","Better Note","Better Sensory Stone","Better Skull","Better Third Choice","Better Vampires","BetterRewards","Block Reminder","Card Forge","Colored Map","Colored Powertips","Curses Come First","DeckTracker","Downfall","Highlight Path","Minty Spire (QoL Compilation)","Permanent Neow","Quick Restart","Rare Cards Sparkle","Relic Stats","Shop Mod","StSLib","The Jungle","The Servant 0.9.4"],"gold_per_floor":[14,14,14,14,33,33,47,91,118,0,0,0,21,34,34,127,127,141,157,57,70,70,70,109,127,127,127,127,127],"floor_reached":27,"playtime":1375,"items_purged":["Guardian:Strike_Guardian","Guardian:Strike_Guardian"],"score":633,"play_id":"f850adf5-5cbc-4c44-89b1-b75bf7469d76","local_time":"20210102232818","is_ascension_mode":true,"campfire_choices":[{"data":"Guardian:CurlUp","floor":6,"key":"SMITH"},{"data":"Guardian:TimeBomb","floor":11,"key":"SMITH"},{"floor":15,"key":"REST"},{"data":"Sadistic Nature","floor":23,"key":"SMITH"}],"circlet_count":0,"master_deck":["AscendersBane","Guardian:Strike_Guardian+1","Guardian:Strike_Guardian+1","Guardian:Defend_Guardian+1","Guardian:Defend_Guardian+1","Guardian:Defend_Guardian+1","Guardian:Defend_Guardian+1","Guardian:CurlUp+1","Guardian:TwinSlam","Guardian:FuturePlans","Guardian:WalkerClaw","Guardian:ArmoredProtocol","Guardian:CrystalBeam+1","Guardian:TimeBomb+1","Sadistic Nature+1","Guardian:Planning","Guardian:SphericShield","Guardian:Recover","Guardian:PiercingHide","Guardian:Gem_Synthetic","Guardian:VentSteam+1"],"relics":["Guardian:ModeShifter","Hammer of Thor","Seething Fire","Anvil of the Gods","FossilizedHelix","Strawberry","Du-Vu Doll","Golden Idol","Omamori","Whetstone","Philosopher\u0027s Stone","Anchor","Guardian:PocketSentry"],"acts_visited":["Exordium","TheCity"],"potions_floor_usage":[8,19,21,24,25,27],"damage_taken":[{"damage":0,"enemies":"Small Slimes","floor":1,"turns":3},{"damage":2,"enemies":"2 Louse","floor":5,"turns":3},{"damage":0,"enemies":"Cultist","floor":7,"turns":4},{"damage":35,"enemies":"3 Sentries","floor":8,"turns":9},{"damage":0,"enemies":"Red Slaver","floor":13,"turns":3},{"damage":6,"enemies":"3 Louse","floor":14,"turns":2},{"damage":14,"enemies":"Hexaghost","floor":16,"turns":8},{"damage":1,"enemies":"Spheric Guardian","floor":18,"turns":4},{"damage":0,"enemies":"Chosen","floor":19,"turns":6},{"damage":0,"enemies":"Snecko","floor":21,"turns":6},{"damage":46,"enemies":"Gremlin Leader","floor":24,"turns":6},{"damage":12,"enemies":"Centurion and Healer","floor":25,"turns":6},{"damage":11,"enemies":"Shelled Parasite and Fungi","floor":27,"turns":3}],"seed_played":"9133563392887494349","potions_obtained":[{"floor":1,"key":"SkillPotion"},{"floor":13,"key":"GamblersBrew"},{"floor":16,"key":"Energy Potion"},{"floor":19,"key":"SpeedPotion"},{"floor":21,"key":"Guardian:DefensiveModePotion"},{"floor":25,"key":"FearPotion"}],"is_trial":false,"path_per_floor":["M","?","$","?","M","R","M","E","T","$","R","?","M","M","R","B",null,"M","M","$","M","?","R","E","M","T","M"],"character_chosen":"GUARDIAN","items_purchased":["FossilizedHelix","Strawberry","Guardian:Gem_Crimson","Guardian:FuturePlans","Guardian:TimeBomb"],"campfire_rested":1,"item_purchase_floors":[0,0,0,0,10],"current_hp_per_floor":[58,58,58,58,56,56,56,21,21,21,21,21,21,15,36,22,60,59,59,59,59,59,59,13,1,1,0,0,0],"gold":127,"neow_bonus":"","is_daily":false,"chose_seed":false,"campfire_upgraded":3,"win_rate":0.0,"timestamp":1609640898,"path_taken":["M","?","$","?","?","R","M","E","T","?","R","?","M","M","R","BOSS","M","M","$","M","?","R","E","M","T","M"],"items_purchased_type":["Relic","Relic","Card","Card","Card"],"build_version":"2020-12-22","purchased_purges":2,"victory":false,"max_hp_per_floor":[79,72,72,72,72,72,72,72,72,72,72,72,72,72,72,72,72,72,72,72,72,72,72,72,72,72,72,72,72],"relic_stats":{"counters":[301,1387],"Golden Idol":63,"Whetstone":["Guardian:CrystalBeam","Guardian:Strike_Guardian"],"obtain_stats":[{"Guardian:StasisEgg":37,"Ginger":0,"Whetstone":26,"Sling":0,"Guardian:PickAxe":14,"Blood Vial":23,"Sundial":30,"MealTicket":0,"Kunai":53,"MerchantsRug":21,"Blue Candle":0,"Eternal Feather":9,"Pen Nib":44,"Guardian:PocketSentry":6,"Akabeko":0,"MutagenicStrength":22,"Bird Faced Urn":0,"Snecko Eye":17,"Pandora\u0027s Box":34,"StrikeDummy":43,"Unceasing Top":7,"Guardian:StasisSlotReductionRelic":17,"Lantern":29,"Torii":12,"Singing Bowl":21,"Guardian:StasisCodex":54,"StoneCalendar":38,"Bag of Preparation":21,"Ancient Tea Set":26,"Smiling Mask":30,"Cursed Key":17,"Matryoshka":9,"Shovel":40,"InkBottle":47,"Lee\u0027s Waffle":0,"Golden Idol":13,"PreservedInsect":17,"The Courier":34,"Omamori":46,"Seething Fire":0,"Frozen Egg 2":9,"MawBank":9,"betterThird:SlimedRelic":2,"Turnip":0,"Art of War":48,"Bottled Lightning":26,"hexamod:BolsterEngine":13,"Toy Ornithopter":44,"Ice Cream":31,"Calipers":30,"Gremlin Horn":26,"Nilry\u0027s Codex":25,"Vajra":31,"Guardian:SackOfGems":23,"Hammer of Thor":0,"Lizard Tail":0,"Centennial Puzzle":29,"HornCleat":22,"DollysMirror":31,"Strawberry":10,"Prayer Wheel":17,"Philosopher\u0027s Stone":34,"Toxic Egg 2":29,"Girya":10,"Guardian:BottledStasis":36,"Happy Flower":54,"Astrolabe":17,"Dead Branch":0,"Guardian:ModeShifter":0,"Oddly Smooth Stone":37,"Letter Opener":9,"War Paint":9,"Question Card":40,"Du-Vu Doll":0,"OrangePellets":0,"Bottled Flame":26,"Shuriken":26,"Anvil of the Gods":0,"Bronze Scales":0,"Black Star":34,"Nloth\u0027s Gift":22,"Pocketwatch":7,"Meat on the Bone":24,"Darkstone Periapt":17,"Guardian:ModeShifterPlus":34,"Incense Burner":7,"Juzu Bracelet":7,"Dream Catcher":14,"Nunchaku":0,"Mummified Hand":8,"Tiny Chest":25,"Orichalcum":43,"Medical Kit":0,"White Beast Statue":21,"Mercury Hourglass":45,"Calling Bell":17,"Peace Pipe":0,"Guardian:StasisUpgradeRelic":53,"CaptainsWheel":9,"Anchor":9,"Bag of Marbles":48,"Membership Card":21,"FossilizedHelix":38,"TungstenRod":26},{"Guardian:StasisEgg":218,"Ginger":39,"Whetstone":249,"Sling":39,"Guardian:PickAxe":24,"Blood Vial":51,"Sundial":12,"MealTicket":171,"Kunai":109,"MerchantsRug":96,"Blue Candle":136,"Eternal Feather":44,"Pen Nib":35,"Guardian:PocketSentry":44,"Akabeko":84,"MutagenicStrength":180,"Bird Faced Urn":225,"Snecko Eye":246,"Pandora\u0027s Box":14,"StrikeDummy":256,"Unceasing Top":69,"Guardian:StasisSlotReductionRelic":7,"Lantern":29,"Torii":143,"Singing Bowl":209,"Guardian:StasisCodex":65,"StoneCalendar":189,"Bag of Preparation":96,"Ancient Tea Set":28,"Smiling Mask":99,"Cursed Key":177,"Matryoshka":194,"Shovel":220,"InkBottle":37,"Lee\u0027s Waffle":162,"Golden Idol":5,"PreservedInsect":25,"The Courier":276,"Omamori":106,"Seething Fire":0,"Frozen Egg 2":89,"MawBank":204,"betterThird:SlimedRelic":40,"Turnip":66,"Art of War":133,"Bottled Lightning":10,"hexamod:BolsterEngine":45,"Toy Ornithopter":105,"Ice Cream":275,"Calipers":124,"Gremlin Horn":52,"Nilry\u0027s Codex":149,"Vajra":30,"Guardian:SackOfGems":210,"Hammer of Thor":0,"Lizard Tail":17,"Centennial Puzzle":53,"HornCleat":50,"DollysMirror":99,"Strawberry":90,"Prayer Wheel":25,"Philosopher\u0027s Stone":186,"Toxic Egg 2":215,"Girya":80,"Guardian:BottledStasis":277,"Happy Flower":110,"Astrolabe":47,"Dead Branch":111,"Guardian:ModeShifter":0,"Oddly Smooth Stone":32,"Letter Opener":242,"War Paint":69,"Question Card":255,"Du-Vu Doll":288,"OrangePellets":111,"Bottled Flame":123,"Shuriken":97,"Anvil of the Gods":0,"Bronze Scales":162,"Black Star":100,"Nloth\u0027s Gift":209,"Pocketwatch":116,"Meat on the Bone":248,"Darkstone Periapt":25,"Guardian:ModeShifterPlus":55,"Incense Burner":4,"Juzu Bracelet":168,"Dream Catcher":6,"Nunchaku":66,"Mummified Hand":141,"Tiny Chest":123,"Orichalcum":34,"Medical Kit":66,"White Beast Statue":96,"Mercury Hourglass":157,"Calling Bell":25,"Peace Pipe":76,"Guardian:StasisUpgradeRelic":109,"CaptainsWheel":4,"Anchor":21,"Bag of Marbles":63,"Membership Card":96,"FossilizedHelix":58,"TungstenRod":212},{"Guardian:StasisEgg":983,"Ginger":211,"Whetstone":1148,"Sling":211,"Guardian:PickAxe":121,"Blood Vial":270,"Sundial":61,"MealTicket":775,"Kunai":521,"MerchantsRug":476,"Blue Candle":609,"Eternal Feather":237,"Pen Nib":184,"Guardian:PocketSentry":237,"Akabeko":446,"MutagenicStrength":815,"Bird Faced Urn":1021,"Snecko Eye":1137,"Pandora\u0027s Box":75,"StrikeDummy":1185,"Unceasing Top":367,"Guardian:StasisSlotReductionRelic":38,"Lantern":150,"Torii":640,"Singing Bowl":955,"Guardian:StasisCodex":340,"StoneCalendar":861,"Bag of Preparation":476,"Ancient Tea Set":145,"Smiling Mask":485,"Cursed Key":801,"Matryoshka":883,"Shovel":992,"InkBottle":196,"Lee\u0027s Waffle":727,"Golden Idol":22,"PreservedInsect":130,"The Courier":1282,"Omamori":510,"Seething Fire":0,"Frozen Egg 2":456,"MawBank":929,"betterThird:SlimedRelic":214,"Turnip":349,"Art of War":591,"Bottled Lightning":50,"hexamod:BolsterEngine":240,"Toy Ornithopter":504,"Ice Cream":1273,"Calipers":565,"Gremlin Horn":274,"Nilry\u0027s Codex":664,"Vajra":154,"Guardian:SackOfGems":959,"Hammer of Thor":0,"Lizard Tail":91,"Centennial Puzzle":277,"HornCleat":266,"DollysMirror":485,"Strawberry":460,"Prayer Wheel":130,"Philosopher\u0027s Stone":845,"Toxic Egg 2":974,"Girya":426,"Guardian:BottledStasis":1284,"Happy Flower":525,"Astrolabe":259,"Dead Branch":532,"Guardian:ModeShifter":0,"Oddly Smooth Stone":167,"Letter Opener":1119,"War Paint":367,"Question Card":1177,"Du-Vu Doll":1325,"OrangePellets":532,"Bottled Flame":561,"Shuriken":479,"Anvil of the Gods":0,"Bronze Scales":727,"Black Star":490,"Nloth\u0027s Gift":955,"Pocketwatch":545,"Meat on the Bone":1146,"Darkstone Periapt":130,"Guardian:ModeShifterPlus":288,"Incense Burner":18,"Juzu Bracelet":761,"Dream Catcher":28,"Nunchaku":349,"Mummified Hand":631,"Tiny Chest":561,"Orichalcum":177,"Medical Kit":349,"White Beast Statue":476,"Mercury Hourglass":698,"Calling Bell":130,"Peace Pipe":412,"Guardian:StasisUpgradeRelic":521,"CaptainsWheel":18,"Anchor":107,"Bag of Marbles":326,"Membership Card":476,"FossilizedHelix":296,"TungstenRod":962}]},"card_choices":[{"not_picked":["Guardian:PolyBeam","Guardian:PrimingBeam"],"picked":"Guardian:Gem_Lightblue","floor":1},{"not_picked":["Guardian:Gem_Green","Guardian:StasisEngine"],"picked":"Guardian:WalkerClaw","floor":5},{"not_picked":["Guardian:ChargeCore","Guardian:Gem_Red"],"picked":"Guardian:ArmoredProtocol","floor":7},{"not_picked":["Guardian:Clone","Guardian:RollAttack"],"picked":"Guardian:CrystalBeam","floor":8},{"not_picked":["HandOfGreed","expansioncontent:PrepareCrush"],"picked":"Sadistic Nature","floor":12},{"not_picked":["Guardian:CrystalBeam","Guardian:BronzeOrb"],"picked":"Guardian:Gem_Purple","floor":13},{"not_picked":["Guardian:Reroute","Guardian:Gem_Crimson"],"picked":"Guardian:Planning","floor":14},{"not_picked":["Guardian:StasisEngine","Guardian:CompilePackage"],"picked":"Guardian:SphericShield","floor":16},{"not_picked":["Guardian:VentSteam","Guardian:Incinerate"],"picked":"Guardian:Gem_Green","floor":18},{"not_picked":["Guardian:Emergency","Guardian:BronzeOrb"],"picked":"Guardian:Recover","floor":19},{"not_picked":["Guardian:Gem_Red","Guardian:RollAttack"],"picked":"Guardian:PiercingHide","floor":21},{"not_picked":["Guardian:Planning","Guardian:PolyBeam"],"picked":"Guardian:Gem_Synthetic","floor":24},{"not_picked":["Guardian:DecasProtection","Guardian:Planning"],"picked":"Guardian:VentSteam+1","floor":25}],"player_experience":864092,"relics_obtained":[{"floor":8,"key":"Omamori"},{"floor":9,"key":"Whetstone"},{"floor":24,"key":"Anchor"},{"floor":26,"key":"Guardian:PocketSentry"}],"event_choices":[{"damage_healed":0,"gold_gain":0,"player_choice":"Lose Max HP","damage_taken":0,"relics_obtained":["Golden Idol"],"max_hp_gain":0,"max_hp_loss":7,"event_name":"Golden Idol","floor":2,"gold_loss":0},{"damage_healed":0,"gold_gain":1,"player_choice":"1","damage_taken":0,"max_hp_gain":0,"max_hp_loss":0,"event_name":"betterStone:BetterStone","floor":12,"gold_loss":0},{"damage_healed":0,"gold_gain":0,"player_choice":"Simplicity","damage_taken":0,"max_hp_gain":0,"max_hp_loss":5,"event_name":"betterThird:BetterWriting","floor":22,"gold_loss":0}],"is_beta":false,"boss_relics":[{"not_picked":["Velvet Choker","Runic Dome"],"picked":"Philosopher\u0027s Stone"}],"items_purged_floors":[10,20],"is_endless":false,"potions_floor_spawned":[1,13,16,19,21,25],"killed_by":"Shelled Parasite and Fungi","ascension_level":18}}