{"host":"u9xtr94typ21duox","time":1609680897,"event":{"mods":["BaseMod","Key Reminder","KinomotoSakuraMod(木之本樱)","LagranYue(拉格朗・月)","Marisa（F雨　魔理沙）","Minty Spire (QoL Compilation)","Reimu（博丽灵梦）","Remilia（蕾米莉亚）","Replay The Spire","StSLib","Td1madao Mod","The Administrix","The Bladedancer","The Bug Knight","The Construct","The Cursed","The Gatherer","The Runesmith","The Servant 0.9.4","WarShipGirlsR/战舰少女R mod","Youmu（魂魄妖梦）","vexMod"],"gold_per_floor":[117,135,135,135,147,147,174,185,211,211,238,255,59,79,79,177,177,194,207,197,208,219,219,254,265,314,229,239,270,13,23,23,122,222,241,288,288,305,320,353,353,364,364,396,409,427,459,469,469,469,469,469,406,432,432],"floor_reached":56,"playtime":3961,"items_purged":["rmod:strick","rmod:strick","rmod:strick"],"score":1476,"play_id":"c0c58c15-2673-4939-bac8-6b141eef6e23","local_time":"20210103213457","is_ascension_mode":true,"campfire_choices":[{"data":"rmod:guardianhero","floor":6,"key":"SMITH"},{"data":"rmod:saltedfish","floor":10,"key":"SMITH"},{"data":"rmod:chargemoney","floor":15,"key":"SMITH"},{"floor":23,"key":"RECALL"},{"floor":32,"key":"REST"},{"floor":41,"key":"REST"},{"data":"rmod:expeditionaryescort","floor":49,"key":"SMITH"},{"data":"rmod:mineteam","floor":49,"key":"SMITH"},{"data":"rmod:fuelsupply","floor":52,"key":"SMITH"},{"data":"rmod:fuelsupply","floor":52,"key":"SMITH"}],"circlet_count":0,"master_deck":["rmod:defend","rmod:defend","rmod:defend","rmod:defend+1","rmod:basicallowance+1","rmod:maingunfire+1","rmod:guardianhero+1","rmod:gendarmerie+1","rmod:saltedfish+1","rmod:unsinkable","rmod:chargemoney+1","rmod:fuelsupply+1","rmod:fuelsupply+1","rmod:seals","rmod:ring","rmod:fuelsupply","rmod:gendarmerie+1","rmod:acesubmarine","rmod:acesubmarine","rmod:mineteam+1","rmod:expeditionaryescort+1","rmod:generalist+1","rmod:ridicule","rmod:desperatesituation","rmod:fuelsupply+1"],"relics":["rmod:firstchargereward","LagranYue:RandomDrawCardRelic","Runesmith:AutoHammer","Pen Nib","vexMod:TanglingVine","Bag of Preparation","War Paint","Letter Opener","vexMod:InvisibilityCloak","Membership Card","Replay:Wanted Poster","Replay:Arrowhead","CaptainsWheel","LagranYue:WskJewelryRelic","LagranYue:RareGoldArmorRelic","ReplayTheSpireMod:Lightbulb","Strawberry"],"acts_visited":["Exordium","TheCity","TheBeyond","TheEnding"],"potions_floor_usage":[29,36,38,50,55,55],"damage_taken":[{"damage":0,"enemies":"Small Slimes","floor":1,"turns":3},{"damage":0,"enemies":"Jaw Worm","floor":2,"turns":3},{"damage":0,"enemies":"2 Louse","floor":5,"turns":3},{"damage":19,"enemies":"Replay:BlueRogue","floor":7,"turns":6},{"damage":0,"enemies":"Large Slime","floor":8,"turns":9},{"damage":0,"enemies":"Lagavulin","floor":11,"turns":8},{"damage":0,"enemies":"Gremlin Gang","floor":12,"turns":4},{"damage":0,"enemies":"Exordium Thugs","floor":14,"turns":6},{"damage":0,"enemies":"The Guardian","floor":16,"turns":12},{"damage":6,"enemies":"2 Thieves","floor":18,"turns":7},{"damage":8,"enemies":"Chosen","floor":19,"turns":9},{"damage":4,"enemies":"3 Cultists","floor":21,"turns":10},{"damage":2,"enemies":"Snake Plant","floor":22,"turns":4},{"damage":23,"enemies":"HollowMod:Nosk","floor":24,"turns":9},{"damage":4,"enemies":"Snecko","floor":25,"turns":9},{"damage":0,"enemies":"3 Cultists","floor":28,"turns":7},{"damage":16,"enemies":"Replay:Snechameleon","floor":29,"turns":9},{"damage":0,"enemies":"Centurion and Healer","floor":31,"turns":9},{"damage":13,"enemies":"Collector","floor":33,"turns":12},{"damage":15,"enemies":"3 Darklings","floor":35,"turns":8},{"damage":64,"enemies":"2 Orb Walkers","floor":36,"turns":9},{"damage":3,"enemies":"Orb Walker","floor":38,"turns":4},{"damage":0,"enemies":"Maw","floor":39,"turns":8},{"damage":0,"enemies":"HollowMod:StalkingDevout","floor":40,"turns":10},{"damage":0,"enemies":"Transient","floor":42,"turns":8},{"damage":0,"enemies":"R_Hoarder","floor":44,"turns":4},{"damage":0,"enemies":"Spire Growth","floor":45,"turns":4},{"damage":0,"enemies":"4 Shapes","floor":46,"turns":4},{"damage":2,"enemies":"Reptomancer","floor":47,"turns":6},{"damage":0,"enemies":"Maw","floor":48,"turns":7},{"damage":20,"enemies":"Time Eater","floor":50,"turns":12},{"damage":28,"enemies":"Shield and Spear","floor":54,"turns":7},{"damage":44,"enemies":"The Heart","floor":55,"turns":14}],"seed_played":"-3764049053063150539","potions_obtained":[{"floor":2,"key":"PowerPotion"},{"floor":5,"key":"SteroidPotion"},{"floor":12,"key":"Languid Potion"},{"floor":29,"key":"EssenceOfSteel"},{"floor":33,"key":"Regen Potion"},{"floor":42,"key":"ZuzhouPotion:ReiMu"},{"floor":44,"key":"SkillPotion"}],"is_trial":false,"path_per_floor":["M","M","?","?","M","R","E","M","T","R","E","M","$","M","R","B",null,"M","M","?","M","M","R","E","M","T","?","M","E","$","M","R","B",null,"M","?","?","M","M","E","R","M","T","E","M","M","E","M","R","B",null,"R","$","E","B",null],"character_chosen":"PRAEFECT","items_purchased":["rmod:chargemoney","rmod:fuelsupply","Membership Card","rmod:acesubmarine"],"campfire_rested":2,"item_purchase_floors":[13,13,30,30],"current_hp_per_floor":[75,75,80,64,64,64,45,45,45,45,45,45,45,45,45,45,80,74,66,66,62,60,60,37,33,33,33,33,17,17,17,41,28,80,65,1,1,3,3,3,27,27,27,27,27,27,25,25,25,5,80,80,80,59,15],"gold":432,"neow_bonus":"UPGRADE_CARD","is_daily":false,"chose_seed":false,"campfire_upgraded":7,"win_rate":0.0,"timestamp":1609680897,"path_taken":["M","M","?","?","M","R","E","M","T","R","E","M","$","M","R","BOSS","M","M","?","M","M","R","E","M","T","?","?","E","$","M","R","BOSS","M","?","?","?","M","E","R","M","T","E","M","M","E","M","R","BOSS","R","$","E","BOSS"],"items_purchased_type":["Card","Card","Relic","Card"],"build_version":"2020-12-22","purchased_purges":3,"victory":true,"max_hp_per_floor":[75,75,80,80,80,80,80,80,80,80,80,80,80,80,80,80,80,80,80,80,80,80,80,80,80,80,80,80,80,80,80,80,80,80,80,80,80,80,80,80,80,80,80,80,80,80,80,80,80,80,80,80,80,87,87],"card_choices":[{"not_picked":["rmod:circuitoustactics","rmod:supportescort"],"picked":"rmod:guardianhero","floor":1},{"not_picked":["rmod:ammunitionsupply","rmod:aluminumsupply"],"picked":"rmod:gendarmerie","floor":2},{"not_picked":["rmod:selfconfidence","rmod:fletcherpendant","rmod:expedition"],"picked":"SKIP","floor":5},{"not_picked":["rmod:steelsupply","rmod:aviationdawn"],"picked":"rmod:saltedfish","floor":7},{"not_picked":["rmod:guardianhero","rmod:luckystar"],"picked":"rmod:unsinkable","floor":8},{"not_picked":["rmod:firesupport","rmod:aviationdawn","rmod:supportescort"],"picked":"SKIP","floor":11},{"not_picked":["rmod:supportescort","rmod:steelsupply","rmod:launchingtorpedo"],"picked":"SKIP","floor":12},{"not_picked":["rmod:mineteam","rmod:unsinkable"],"picked":"rmod:fuelsupply","floor":14},{"not_picked":["rmod:windflower","rmod:u235"],"picked":"rmod:seals","floor":16},{"not_picked":["rmod:combined","rmod:aviationdawn"],"picked":"rmod:ring","floor":18},{"not_picked":["rmod:aluminumsupply+1","rmod:slowdown","rmod:selfconfidence"],"picked":"SKIP","floor":19},{"not_picked":["rmod:diaomin","rmod:bulid"],"picked":"rmod:fuelsupply","floor":21},{"not_picked":["rmod:aviationdawn","rmod:intelligenceanalysis","rmod:firesupport"],"picked":"SKIP","floor":22},{"not_picked":["rmod:capitalist","rmod:wolves"],"picked":"rmod:gendarmerie+1","floor":24},{"not_picked":["rmod:advancebysurprise","rmod:launchingtorpedo+1","rmod:circuitoustactics"],"picked":"SKIP","floor":25},{"not_picked":["rmod:circuitoustactics","rmod:tearstotiara","rmod:capitalist"],"picked":"SKIP","floor":28},{"not_picked":["rmod:maintain","rmod:spoils","rmod:circuitoustactics"],"picked":"SKIP","floor":29},{"not_picked":["rmod:firesupport","rmod:supportaircraftcarrier"],"picked":"rmod:mineteam","floor":31},{"not_picked":["rmod:timeschanged","rmod:desperatesituation"],"picked":"rmod:expeditionaryescort","floor":33},{"not_picked":["rmod:circuitoustactics","rmod:fletcherpendant"],"picked":"rmod:generalist+1","floor":35},{"not_picked":["rmod:fletcherpendant","rmod:unsinkable+1","rmod:aviationdawn"],"picked":"SKIP","floor":38},{"not_picked":["rmod:sl","rmod:fletcherpendant","rmod:diamondstrike+1"],"picked":"SKIP","floor":39},{"not_picked":["rmod:timeschanged","rmod:selfconfidence","rmod:steelsupply"],"picked":"SKIP","floor":40},{"not_picked":["rmod:supportaircraftcarrier+1","rmod:maintain+1","rmod:chargemoney+1"],"picked":"SKIP","floor":42},{"not_picked":["rmod:fletcherpendant+1","rmod:goodsister","rmod:garrisonisland"],"picked":"SKIP","floor":44},{"not_picked":["rmod:seals","rmod:unsinkable"],"picked":"rmod:ridicule","floor":45},{"not_picked":["rmod:punchline","rmod:wife","rmod:luckystar+1"],"picked":"SKIP","floor":45},{"not_picked":["rmod:ring","rmod:tearstotiara"],"picked":"rmod:desperatesituation","floor":46},{"not_picked":["rmod:advancebysurprise+1","rmod:diamondstrike+1"],"picked":"rmod:fuelsupply","floor":46},{"not_picked":["rmod:luckystar","rmod:intelligenceanalysis","rmod:steelsupply"],"picked":"SKIP","floor":47},{"not_picked":["rmod:punchline","rmod:ammunitionsupply","rmod:chargemoney+1"],"picked":"SKIP","floor":47},{"not_picked":["rmod:steelsupply","rmod:aviationdawn","rmod:steelsupply"],"picked":"SKIP","floor":48},{"not_picked":["rmod:steelsupply+1","rmod:guardianhero+1","rmod:lonelyqueen+1"],"picked":"SKIP","floor":48},{"not_picked":["rmod:unsinkable","rmod:ammunitionsupply","rmod:timeschanged"],"picked":"SKIP","floor":54},{"not_picked":["rmod:wolves","rmod:aluminumsupply+1","rmod:aviationdawn+1"],"picked":"SKIP","floor":54}],"player_experience":269841,"relics_obtained":[{"floor":7,"key":"Runesmith:AutoHammer"},{"floor":11,"key":"Pen Nib"},{"floor":24,"key":"Bag of Preparation"},{"floor":26,"key":"War Paint"},{"floor":29,"key":"vexMod:InvisibilityCloak"},{"floor":36,"key":"Replay:Arrowhead"},{"floor":40,"key":"CaptainsWheel"},{"floor":43,"key":"LagranYue:WskJewelryRelic"},{"floor":44,"key":"LagranYue:RareGoldArmorRelic"},{"floor":47,"key":"ReplayTheSpireMod:Lightbulb"},{"floor":54,"key":"Strawberry"}],"event_choices":[{"damage_healed":0,"gold_gain":0,"player_choice":"Donut","damage_taken":0,"max_hp_gain":5,"max_hp_loss":0,"event_name":"Big Fish","floor":3,"gold_loss":0},{"damage_healed":0,"gold_gain":0,"player_choice":"Entered Light","damage_taken":16,"max_hp_gain":0,"max_hp_loss":0,"event_name":"Shining Light","floor":4,"gold_loss":0,"cards_upgraded":["rmod:gendarmerie","rmod:maingunfire"]},{"damage_healed":0,"gold_gain":0,"player_choice":"Obtained Relic","damage_taken":0,"relics_obtained":["Letter Opener"],"max_hp_gain":0,"max_hp_loss":0,"event_name":"Addict","floor":27,"gold_loss":85},{"damage_healed":0,"gold_gain":0,"player_choice":"Fight","damage_taken":0,"max_hp_gain":0,"max_hp_loss":0,"event_name":"Mysterious Sphere","floor":36,"gold_loss":0},{"cards_removed":["rmod:strick"],"damage_healed":0,"gold_gain":0,"player_choice":"Purged","damage_taken":0,"max_hp_gain":0,"max_hp_loss":0,"event_name":"Purifier","floor":37,"gold_loss":0}],"is_beta":false,"boss_relics":[{"not_picked":["Fusion Hammer","vexMod:DeviousBotling"],"picked":"vexMod:TanglingVine"},{"not_picked":["Kintsugi","Coffee Dripper"],"picked":"Replay:Wanted Poster"}],"items_purged_floors":[13,30,53],"is_endless":false,"potions_floor_spawned":[2,5,12,16,19,22,28,29,33,35,42,44,47],"ascension_level":1}}