{"host":"56ghxnzsglgdq727","time":1609680850,"event":{"mods":["AchievementEnabler","BaseMod","Downfall","Minty Spire (QoL Compilation)","StSLib"],"gold_per_floor":[99,99,99,274,274,274,274,291,291,54,67,67,67,67],"floor_reached":12,"playtime":339,"items_purged":["Doubt"],"score":64,"play_id":"5dc0c31a-33b5-47dc-84f9-82883a651d56","local_time":"20210103083410","is_ascension_mode":false,"campfire_choices":[{"data":"hexamod:Float","floor":1.0,"key":"SMITH"},{"data":"hexamod:SoulSteal","floor":9.0,"key":"SMITH"}],"circlet_count":0,"master_deck":["hexamod:Strike","hexamod:Strike","hexamod:Strike","hexamod:Strike","hexamod:Defend","hexamod:Defend","hexamod:Defend","hexamod:Defend","hexamod:Sear","hexamod:Float+1","hexamod:SoulSteal+1","hexamod:SecondSeal"],"relics":["hexamod:SpiritBrand","downfall:HeartsMalice","Blue Candle","Juzu Bracelet"],"acts_visited":["Exordium"],"potions_floor_usage":[12],"damage_taken":[{"damage":0.0,"enemies":"2 Louse","floor":2.0,"turns":1.0},{"damage":0.0,"enemies":"Cultist","floor":3.0,"turns":1.0},{"damage":0.0,"enemies":"Jaw Worm","floor":5.0,"turns":1.0},{"damage":13.0,"enemies":"Exordium Wildlife","floor":8.0,"turns":4.0},{"damage":1.0,"enemies":"downfall:FleeingMerchant","floor":10.0,"turns":4.0},{"damage":0.0,"enemies":"Blue Slaver","floor":11.0,"turns":3.0},{"damage":54,"enemies":"Gremlin Nob","floor":12,"turns":5}],"seed_played":"-6628475059879472199","potions_obtained":[{"floor":6.0,"key":"downfall:CursedFountainPotion"},{"floor":11.0,"key":"DistilledChaos"}],"is_trial":false,"path_per_floor":["R","M","M","?","M","?","T","M","R","$","M","E"],"character_chosen":"THE_SPIRIT","items_purchased":["Juzu Bracelet"],"campfire_rested":0,"item_purchase_floors":[10],"current_hp_per_floor":[70,70,70,70,70,70,70,57,57,56,56,2,2,2],"gold":67,"neow_bonus":"THREE_ENEMY_KILL","is_daily":false,"chose_seed":false,"campfire_upgraded":2,"win_rate":0.0,"timestamp":1609680850,"path_taken":["R","M","M","?","M","?","T","?","R","$","M","E"],"items_purchased_type":["Relic"],"build_version":"2020-12-22","purchased_purges":1,"victory":false,"max_hp_per_floor":[70,70,70,70,70,70,70,70,70,70,70,70,70,70],"card_choices":[{"not_picked":["hexamod:HeatCrush","hexamod:ShieldOfDarkness","hexamod:RetreatToShadows"],"picked":"SKIP","floor":2.0},{"not_picked":["hexamod:AdvancingGuard","hexamod:RainOfEmbers"],"picked":"hexamod:SoulSteal","floor":3.0},{"not_picked":["hexamod:BacktrackSmack","hexamod:SwordOfDarkness","hexamod:NightmareGuise"],"picked":"SKIP","floor":5.0},{"not_picked":["hexamod:ShieldOfDarkness","hexamod:SwordOfDarkness","hexamod:InspiringFlames"],"picked":"SKIP","floor":8.0},{"not_picked":["hexamod:GhostOfSpireFuture","hexamod:PhantomCloak","hexamod:BacktrackSmack"],"picked":"SKIP","floor":10.0},{"not_picked":["hexamod:GhostLash","hexamod:GhostOfSpirePresent"],"picked":"hexamod:SecondSeal","floor":11.0}],"player_experience":112160,"relics_obtained":[{"floor":7.0,"key":"Blue Candle"}],"event_choices":[],"is_beta":false,"boss_relics":[],"items_purged_floors":[10],"is_endless":false,"potions_floor_spawned":[11],"killed_by":"Gremlin Nob","ascension_level":0}}