{"host":"89b1o62hw5aqf71h","time":1609704746,"event":{"mods":["Ascension Reborn","Ascension Unlocker","Aspiration","Bard","BaseMod","Bestiary","Better Silent Start","Better-Laid Plans","BetterRewards","CatGirl Mod","Challenge The Spire","Colored Map","Colored Powertips","Conspire","Dio Mod","Dota2Spire","Energized Spire","GungeonMod","Hubris","Infinite Spire","JesterMod","Marisa????????","Mimic Mod","Minty Spire (QoL Compilation)","Potionbrewer","Random Character Button","Random Character Mod","Replay The Spire","Retaliation","Shop Mod","Small Relic Pack","Spicy Shops","Spikes Relics","StSLib","The Alterego","The Bladedancer","The Blue Laboratory","The Druid","The Hierophant","The Poker Player","The Runesmith","The Sage","The Saiyan","The Vixen","TheArtist","TheVelvet","Thieving Mod","Uncapped","Waifu the Spire","everything is the same but u backflip on backflip","vexMod","??????REMEMod"],"gold_per_floor":[119,119,119,139,153,153,1,28,74,91,91,122,92,92,92,192,192,210,305,305,305,305],"floor_reached":20,"playtime":1297,"items_purged":[],"score":232,"play_id":"808992cf-055d-41c8-bbed-bf94fb5f99eb","local_time":"20210103151226","is_ascension_mode":true,"metric_token":3346,"campfire_choices":[{"data":"Double Energy","floor":6,"key":"SMITH"},{"floor":15,"key":"REST"}],"circlet_count":0,"master_deck":["PokerPlayerMod:Diamond1","PokerPlayerMod:Diamond2","PokerPlayerMod:Diamond3","PokerPlayerMod:Diamond4","PokerPlayerMod:Diamond5","PokerPlayerMod:Spade1","PokerPlayerMod:Spade2","PokerPlayerMod:Spade3","PokerPlayerMod:Spade4","PokerPlayerMod:Club2","PokerPlayerMod:Heart2","PokerPlayerMod:TrumpStrike","PokerPlayerMod:BadJoker","PokerPlayerMod:Mulligan","REME_WheelOfFate","REME_MagicPocketWatch","Double Energy+1","PokerPlayerMod:Configure","REME_WheelOfFate+1","artistmod:AbstractPaintingCard","PokerPlayerMod:SpadeStrike","PokerPlayerMod:Club10+","PokerPlayerMod:Club4","hubris:NaturalOne","PokerPlayerMod:ClubStrike","PokerPlayerMod:Diamond8","PokerPlayerMod:Heart6","PokerPlayerMod:Club3"],"relics":["PokerPlayerMod:DeckCase","REME_ComplimentaryCards","relicPack:AllForOne","aspiration:HiddenCompartment","DollysMirror","HornCleat","Toy Ornithopter","hubris:Icosahedron","potionbrewer:RamsHorn","vexMod:CursedCompass"],"acts_visited":["TheCity"],"potions_floor_usage":[10,16,20],"damage_taken":[{"damage":1,"enemies":"Jaw Worm","floor":1,"turns":4},{"damage":0,"enemies":"infinitespire:Voidling","floor":4,"turns":5},{"damage":2,"enemies":"conspire:RoseBush","floor":5,"turns":1},{"damage":0,"enemies":"3 Sentries","floor":8,"turns":1},{"damage":0,"enemies":"Lots of Slimes","floor":10,"turns":2},{"damage":31,"enemies":"Gremlin Nob","floor":12,"turns":4},{"damage":13,"enemies":"Blue Slaver","floor":13,"turns":2},{"damage":23,"enemies":"Hexaghost","floor":16,"turns":9},{"damage":0,"enemies":"Spheric Guardian","floor":18,"turns":3},{"damage":53,"enemies":"conspire:FuzzyDice","floor":19,"turns":5},{"damage":15,"enemies":"Centurion and Healer","floor":20,"turns":1}],"seed_played":"-8925579979785232173","potions_obtained":[{"floor":1,"key":"blueLaboratory:PyrophylliteBrew"},{"floor":5,"key":"potionbrewer:DiscountPotion"},{"floor":19,"key":"blueLaboratory:FruitPunch"}],"is_trial":false,"path_per_floor":["M","?","?","M","M","R","$","E","T","M","?","E","M","?","R","B",null,"M","M","M"],"character_chosen":"THE_POKER_PLAYER","items_purchased":["REME_WheelOfFate","REME_MagicPocketWatch","DollysMirror"],"campfire_rested":1,"item_purchase_floors":[0,0,7],"current_hp_per_floor":[48,48,48,52,50,50,50,50,50,52,52,21,8,8,23,27,52,52,7,0,0,0],"gold":305,"neow_bonus":"","is_daily":false,"chose_seed":false,"campfire_upgraded":1,"win_rate":0.0,"timestamp":1609704746,"path_taken":["M","?","?","M","M","R","$","E","T","?","?","E","M","?","R","BOSS","M","M","M"],"items_purchased_type":["Card","Card","Relic"],"build_version":"2020-12-22","purchased_purges":0,"victory":false,"max_hp_per_floor":[52,52,52,52,52,52,52,52,52,52,52,52,52,52,52,52,52,52,52,54,54,54],"card_choices":[{"not_picked":["PokerPlayerMod:Spade5","PokerPlayerMod:ClubsClub"],"picked":"PokerPlayerMod:Configure","floor":1},{"not_picked":["PokerPlayerMod:Fold","PokerPlayerMod:Diamond1","PokerPlayerMod:Club1"],"picked":"SKIP","floor":4},{"not_picked":["PokerPlayerMod:CardPrinter","PokerPlayerMod:Diamond3","PokerPlayerMod:MagicTrick"],"picked":"SKIP","floor":5},{"not_picked":["PokerPlayerMod:FakeSymbols","PokerPlayerMod:Spade1"],"picked":"PokerPlayerMod:SpadeStrike","floor":8},{"not_picked":["PokerPlayerMod:ClubsClub","PokerPlayerMod:Diamond1","PokerPlayerMod:Diamond4"],"picked":"PokerPlayerMod:Club10+","floor":10},{"not_picked":["PokerPlayerMod:JackOfSpades","PokerPlayerMod:Diamond3"],"picked":"PokerPlayerMod:Club4","floor":12},{"not_picked":["PokerPlayerMod:Raise","PokerPlayerMod:Diamond2"],"picked":"PokerPlayerMod:ClubStrike","floor":13},{"not_picked":["PokerPlayerMod:Spade8","PokerPlayerMod:ChangeRules"],"picked":"PokerPlayerMod:Diamond8","floor":16},{"not_picked":["PokerPlayerMod:Spade4","PokerPlayerMod:DiamondStrike"],"picked":"PokerPlayerMod:Heart6","floor":18},{"not_picked":["PokerPlayerMod:DamnStraight","PokerPlayerMod:ClubsClub"],"picked":"PokerPlayerMod:Club3","floor":19}],"player_experience":22386,"relics_obtained":[{"floor":8,"key":"HornCleat"},{"floor":9,"key":"Toy Ornithopter"},{"floor":12,"key":"potionbrewer:RamsHorn"}],"event_choices":[{"cards_removed":["PokerPlayerMod:Club1"],"damage_healed":0,"gold_gain":0,"player_choice":"Purged","damage_taken":0,"max_hp_gain":0,"max_hp_loss":0,"event_name":"Purifier","floor":3,"gold_loss":0},{"damage_healed":0,"gold_gain":0,"player_choice":"Forge","damage_taken":0,"max_hp_gain":0,"max_hp_loss":0,"event_name":"Accursed Blacksmith","floor":14,"gold_loss":0,"cards_upgraded":["REME_WheelOfFate"]}],"is_beta":false,"boss_relics":[{"not_picked":["hubris:VirtuousBlindfold","Replay:Drink Me"],"picked":"vexMod:CursedCompass"}],"items_purged_floors":[],"is_endless":false,"potions_floor_spawned":[1,5,19],"killed_by":"Centurion and Healer","ascension_level":0}}