{"host":"4ftwfwncs88tvnc0","time":1609718369,"event":{"mods":["AchievementEnabler","Arknights The Spire","Aspiration","BaseMod","Beaked The Cultist","Bestiary","Better Altar","Better Match","Better Note","Better Sensory Stone","Better Skull","Better Third Choice","Clawfect","Colored Map","Conspire","Downfall","GifTheSpireLib","Halation","Hubris","Infinite Spire","Mad Scientist","Mimic Mod","Minty Spire (QoL Compilation)","Replay The Spire","Shade Mod","Shop Mod","Spicy Shops","StSLib","Stuff the Spire","The Construct","The Cursed","The Disciple","The Necromancer","The Servant 0.9.4"],"gold_per_floor":[99,116,126,141,38,38,38,38,188,204,48,48,60,90,100,198,198,198,214,227,247,266,298,298,298,332,332,332,366,366,366],"floor_reached":30,"playtime":1839,"items_purged":[],"score":340,"play_id":"55e29ccb-8408-45b2-b303-0128c3ba90a2","local_time":"20210103235929","is_ascension_mode":false,"campfire_choices":[{"data":"sneckomod:SnekBite","floor":1,"key":"SMITH"},{"data":"sneckomod:MasterEye","floor":6,"key":"SMITH"},{"data":"sneckomod:UnknownClassINFINITE_BLACK","floor":12,"key":"SMITH"},{"data":"sneckomod:UnknownRarePower","floor":18,"key":"SMITH"},{"floor":27,"key":"REST"}],"circlet_count":0,"master_deck":["sneckomod:Strike","sneckomod:Strike","sneckomod:Strike","sneckomod:Defend","sneckomod:Defend","sneckomod:Defend","sneckomod:TailWhip","sneckomod:SnekBite+1","sneckomod:Unknown","sneckomod:Unknown","sneckomod:UnknownUncommonAttack","sneckomod:Unknown1Cost","sneckomod:MasterEye+1","sneckomod:UnknownClassGREEN","Pride","Regret","Slimebound:Icky","sneckomod:UnknownWeak","sneckomod:UnknownClassINFINITE_BLACK+1","sneckomod:UnknownUncommonPower","sneckomod:IronFang","sneckomod:UnknownWeak","sneckomod:UnknownClassSILVER","sneckomod:UnknownRarePower+1","sneckomod:UnknownBlock+1","sneckomod:UnknownVulnerable","sneckomod:UnknownClassBEAKED_YELLOW","sneckomod:UnknownClassPURPLE","sneckomod:UnknownClassGUARDIAN","sneckomod:UnknownVulnerable","sneckomod:Nope"],"relics":["sneckomod:SneckoSoul","Replay:Wax Seal","halation:LettersToHer","halation:SelfBoilingWater","StuffTheSpire:RedRose","Strawberry","Du-Vu Doll","Sozu","The Courier","Gremlin Horn","Blood Vial","CultistMask","halation:KoshaPiece"],"acts_visited":["Exordium","TheCity"],"potions_floor_usage":[14,16,16],"damage_taken":[{"damage":6,"enemies":"2 Louse","floor":2,"turns":3},{"damage":6,"enemies":"Jaw Worm","floor":3,"turns":2},{"damage":11,"enemies":"Small Slimes","floor":4,"turns":4},{"damage":0,"enemies":"downfall:FleeingMerchant","floor":5,"turns":4},{"damage":1,"enemies":"2 Fungi Beasts","floor":10,"turns":2},{"damage":1,"enemies":"downfall:FleeingMerchant","floor":11,"turns":4},{"damage":43,"enemies":"Gremlin Gang","floor":13,"turns":5},{"damage":21,"enemies":"Lagavulin","floor":14,"turns":4},{"damage":9,"enemies":"Large Slime","floor":15,"turns":4},{"damage":5,"enemies":"downfall:Ironclad","floor":16,"turns":5},{"damage":2,"enemies":"Spheric Guardian","floor":19,"turns":3},{"damage":13,"enemies":"Snake Plant","floor":20,"turns":2},{"damage":9,"enemies":"Sentry and Sphere","floor":21,"turns":4},{"damage":48,"enemies":"Centurion and Healer","floor":22,"turns":7},{"damage":22,"enemies":"Book of Stabbing","floor":23,"turns":3},{"damage":35,"enemies":"Gremlin Leader","floor":26,"turns":4},{"damage":32,"enemies":"Nightmare","floor":29,"turns":16},{"damage":22,"enemies":"Shelled Parasite and Fungi","floor":30,"turns":2}],"seed_played":"-7653952045243989055","potions_obtained":[{"floor":4,"key":"DuplicationPotion"},{"floor":13,"key":"Swift Potion"},{"floor":14,"key":"SpeedPotion"},{"floor":15,"key":"Guardian:BlockOnCardUsePotion"}],"is_trial":false,"path_per_floor":["R_BF","M","M","M","$","R","T","?","?","M","$","R","M","E","M","B",null,"R","M","M","M","M","E","T","?","E","R","?","NM","M"],"character_chosen":"THE_SNECKO","items_purchased":["Replay:Wax Seal","halation:LettersToHer","Strawberry","sneckomod:UnknownUncommonPower"],"campfire_rested":1,"item_purchase_floors":[5,5,11,11],"current_hp_per_floor":[99,94,89,78,79,79,79,79,79,79,87,87,44,24,16,12,115,115,114,102,96,69,48,48,48,14,50,50,20,0,0],"gold":366,"neow_bonus":"TEN_PERCENT_HP_BONUS","is_daily":false,"chose_seed":false,"campfire_upgraded":4,"win_rate":0.0,"timestamp":1609718369,"path_taken":["R_BF","M","M","M","$","R","T","?","?","M","?","R","M","E","M","BOSS","R","M","M","M","M","E","T","?","E","R","?","NM","M"],"items_purchased_type":["Relic","Relic","Relic","Card"],"build_version":"2020-12-22","purchased_purges":0,"victory":false,"max_hp_per_floor":[99,100,101,101,102,102,102,102,102,103,112,112,112,113,114,115,115,115,116,117,118,119,120,120,120,121,121,121,121,121,121],"card_choices":[{"not_picked":["sneckomod:SoulDraw","sneckomod:UnknownCommonSkill"],"picked":"sneckomod:UnknownUncommonAttack","floor":2},{"not_picked":["sneckomod:UnknownBlock","sneckomod:UnknownClassBLUE"],"picked":"sneckomod:Unknown1Cost","floor":3},{"not_picked":["sneckomod:UnknownClassGREEN","sneckomod:Unknown2Cost"],"picked":"sneckomod:MasterEye","floor":4},{"not_picked":["sneckomod:IronFang","sneckomod:SoulCleanse"],"picked":"sneckomod:UnknownClassGREEN","floor":5},{"not_picked":["sneckomod:RainOfDice","sneckomod:QuickBite"],"picked":"sneckomod:UnknownWeak","floor":10},{"not_picked":["sneckomod:SoulDraw","sneckomod:UnknownBlock"],"picked":"sneckomod:UnknownClassINFINITE_BLACK","floor":11},{"not_picked":["sneckomod:Restock","sneckomod:SerpentIdol"],"picked":"sneckomod:IronFang","floor":13},{"not_picked":["sneckomod:Unknown1Cost","sneckomod:Nope"],"picked":"sneckomod:UnknownWeak","floor":14},{"not_picked":["sneckomod:UnknownVulnerable","sneckomod:UnknownClassMAD_SCIENCE"],"picked":"sneckomod:UnknownClassSILVER","floor":15},{"not_picked":["sneckomod:UnknownRareSkill","sneckomod:SoulExchange"],"picked":"sneckomod:UnknownRarePower","floor":16},{"not_picked":["sneckomod:RainOfDice","sneckomod:UnknownClassGUARDIAN"],"picked":"sneckomod:UnknownBlock+1","floor":19},{"not_picked":["sneckomod:DiceBlock+1","sneckomod:UnknownStrike"],"picked":"sneckomod:UnknownVulnerable","floor":20},{"not_picked":["sneckomod:Unknown1Cost","sneckomod:DiceCrush"],"picked":"sneckomod:UnknownClassBEAKED_YELLOW","floor":21},{"not_picked":["sneckomod:QuickMove+1","sneckomod:UnknownCommonSkill"],"picked":"sneckomod:UnknownClassPURPLE","floor":22},{"not_picked":["sneckomod:UnknownCommonSkill","sneckomod:SnekBeam"],"picked":"sneckomod:UnknownClassGUARDIAN","floor":23},{"not_picked":["sneckomod:UnknownClassPURPLE","sneckomod:UnknownWeak"],"picked":"sneckomod:UnknownVulnerable","floor":26},{"not_picked":["sneckomod:SoulExchange","sneckomod:SerpentIdol"],"picked":"sneckomod:Nope","floor":29}],"player_experience":117808,"relics_obtained":[{"floor":7,"key":"halation:LettersToHer"},{"floor":7,"key":"halation:SelfBoilingWater"},{"floor":14,"key":"Du-Vu Doll"},{"floor":23,"key":"The Courier"},{"floor":24,"key":"halation:LettersToHer"},{"floor":24,"key":"Gremlin Horn"},{"floor":26,"key":"Blood Vial"},{"floor":29,"key":"halation:KoshaPiece"}],"event_choices":[{"damage_healed":0,"gold_gain":0,"player_choice":"Ignored","damage_taken":0,"max_hp_gain":0,"max_hp_loss":0,"event_name":"betterNote:BetterNote","floor":25,"gold_loss":0,"cards_obtained":["Strike_R"]},{"damage_healed":0,"gold_gain":0,"player_choice":"Trade","damage_taken":0,"relics_obtained":["CultistMask"],"max_hp_gain":0,"max_hp_loss":0,"event_name":"FaceTrader","floor":28,"gold_loss":0}],"is_beta":false,"boss_relics":[{"not_picked":["conspire:RunicOctahedron","hubris:GrandSneckoEye"],"picked":"Sozu"}],"items_purged_floors":[],"is_endless":false,"potions_floor_spawned":[4,13,14,15,20,21,22,23],"killed_by":"Shelled Parasite and Fungi","ascension_level":0}}