{"host":"cmyud3of70k6t1eo","time":1609685850,"event":{"mods":["BaseMod","Clawfect","Colored Map","Conspire","Disable Question Mark Monsters","Energized Spire","Evolution","GungeonMod","Hyrulean Relics","Infinite Spire","Minty Spire (QoL Compilation)","Quick Restart","SCP261 Mod","Shop Mod","StSLib","UnlockEverythingMod"],"gold_per_floor":[118,118,131,144,157,185,185,197,197,212,223,223,223,223,223,319,319,332,332,431,431,431,431],"floor_reached":22,"playtime":870,"items_purged":[],"score":186,"play_id":"5b4eed5c-0b90-42e8-8ec1-18740dc0e69b","local_time":"20210103095730","is_ascension_mode":false,"campfire_choices":[{"floor":7,"key":"REST"},{"floor":12,"key":"REST"},{"floor":15,"key":"REST"}],"circlet_count":0,"master_deck":["Strike_P","Strike_P","Strike_P","Defend_P","Defend_P","Defend_P","Eruption","Vigilance","CrushJoints","MentalFortress","PathToVictory","Judgement","ConjureBlade","Worship","Tantrum","Prostrate","Alpha","Worship","LikeWater","LikeWater"],"relics":["PureWater","EVO:Axolotl","HornCleat","Boot","Smiling Mask","Black Star"],"acts_visited":["Exordium","TheCity"],"potions_floor_usage":[16,16],"damage_taken":[{"damage":0,"enemies":"Cultist","floor":1,"turns":3},{"damage":9,"enemies":"conspire:RoseBush","floor":3,"turns":3},{"damage":3,"enemies":"2 Louse","floor":4,"turns":4},{"damage":14,"enemies":"conspire:2 RoseBushes","floor":5,"turns":6},{"damage":40,"enemies":"3 Sentries","floor":6,"turns":7},{"damage":6,"enemies":"2 Fungi Beasts","floor":8,"turns":2},{"damage":0,"enemies":"Blue Slaver","floor":10,"turns":3},{"damage":16,"enemies":"conspire:2 RoseBushes","floor":11,"turns":4},{"damage":50,"enemies":"The Guardian","floor":16,"turns":9},{"damage":23,"enemies":"Shell Parasite","floor":18,"turns":3},{"damage":86,"enemies":"conspire:FuzzyDice","floor":22,"turns":4}],"seed_played":"-3114889247000740195","potions_obtained":[{"floor":6,"key":"Fire Potion"},{"floor":8,"key":"Energy Potion"},{"floor":10,"key":"BlessingOfTheForge"},{"floor":16,"key":"PowerPotion"}],"is_trial":false,"path_per_floor":["M","T","M","M","M","E","R","M","T","M","M","R","?","?","R","B",null,"M","AVR","?","?","M"],"character_chosen":"WATCHER","items_purchased":[],"campfire_rested":3,"item_purchase_floors":[],"current_hp_per_floor":[79,79,70,67,53,13,36,30,30,30,14,37,37,37,60,10,79,56,56,56,56,0,0],"gold":431,"neow_bonus":"TEN_PERCENT_HP_BONUS","is_daily":false,"chose_seed":false,"campfire_upgraded":0,"win_rate":0.0,"timestamp":1609685850,"path_taken":["M","?","M","M","M","E","R","M","T","M","M","R","?","?","R","BOSS","M","AVR","?","?","M"],"items_purchased_type":[],"build_version":"2020-12-22","purchased_purges":0,"victory":false,"max_hp_per_floor":[79,79,79,79,79,79,79,79,79,79,79,79,79,79,79,79,79,79,79,79,79,79,79],"card_choices":[{"not_picked":["EmptyBody","Evaluate"],"picked":"CrushJoints","floor":1},{"not_picked":["Meditate","DeceiveReality"],"picked":"MentalFortress","floor":3},{"not_picked":["BowlingBash","Protect"],"picked":"PathToVictory","floor":4},{"not_picked":["FollowUp","SashWhip"],"picked":"Judgement","floor":5},{"not_picked":["CrushJoints","Nirvana"],"picked":"ConjureBlade","floor":6},{"not_picked":["Crescendo","Adaptation"],"picked":"Worship","floor":8},{"not_picked":["Adaptation","JustLucky"],"picked":"Tantrum","floor":10},{"not_picked":["ReachHeaven","PathToVictory"],"picked":"Prostrate","floor":11},{"not_picked":["Scrawl","Judgement"],"picked":"Alpha","floor":16},{"not_picked":["CrushJoints","FlyingSleeves"],"picked":"Worship","floor":18}],"player_experience":145042,"relics_obtained":[{"floor":2,"key":"HornCleat"},{"floor":6,"key":"Boot"},{"floor":9,"key":"Smiling Mask"}],"event_choices":[{"damage_healed":0,"gold_gain":0,"player_choice":"Searched \u00270\u0027 times","damage_taken":0,"max_hp_gain":0,"max_hp_loss":0,"event_name":"Dead Adventurer","floor":13,"gold_loss":0},{"damage_healed":0,"gold_gain":0,"player_choice":"Ignored","damage_taken":0,"max_hp_gain":0,"max_hp_loss":0,"event_name":"Golden Wing","floor":14,"gold_loss":0},{"damage_healed":0,"gold_gain":99,"player_choice":"Stole From Cult","damage_taken":0,"max_hp_gain":0,"max_hp_loss":0,"event_name":"Nest","floor":20,"gold_loss":0},{"damage_healed":0,"gold_gain":0,"cards_transformed":["Defend_P","Strike_P"],"player_choice":"Became Test Subject","damage_taken":0,"max_hp_gain":0,"max_hp_loss":0,"event_name":"Drug Dealer","floor":21,"gold_loss":0,"cards_obtained":["LikeWater","LikeWater"]}],"is_beta":false,"boss_relics":[{"not_picked":["Fusion Hammer","Runic Pyramid"],"picked":"Black Star"}],"items_purged_floors":[],"is_endless":false,"potions_floor_spawned":[6,8,10,16],"killed_by":"conspire:FuzzyDice","ascension_level":0}}