{"host":"appz8zkad29u9482","time":1609638537,"event":{"mods":["2.2 Compatiblity","Act Like it!","Aspiration","BaseMod","Beaked The Cultist","Better Altar","Better Match","Better Note","Better Skull","Better Third Choice","BetterRewards","CapriCore","Conspire","Disable Question Mark Monsters","Energized Spire","Gensokyo","GifTheSpireLib","Gold Saver","Halation","Hermit","Hubris","Infinite Spire","Jedi Mod","Jorbs\u0027s Wanderer Trilogy","Koishi","Marisa????????","Minty Spire (QoL Compilation)","Permanent Neow","Reimu??????","Replay The Spire","Spicy Shops","StSLib","Strawberry Spire","Stuff the Spire","The Administrix","The Cursed","The Hierophant","The Immortal","The Marked","The Servant 0.9.4","yUi"],"gold_per_floor":[667,667,687,67,82,82,100,100,100,49,49,62,78,92,185,287,287,304,304,304,321,338,370,382,382,409,422,438,59,59,78,78,178,178,197,197,14,14,24,24,24,24],"floor_reached":41,"playtime":2262,"items_purged":["hubris:Despair","Decay","Clumsy"],"score":457,"play_id":"0362d72d-f178-4d4a-8197-b6dbab332cd4","local_time":"20210102154857","is_ascension_mode":false,"campfire_choices":[{"data":"theMarked:ChainLightning","floor":6.0,"key":"SMITH"},{"data":"theMarked:SelfDefenseTraining","floor":6.0,"key":"SMITH"},{"data":"theMarked:SwordAndMagic","floor":8.0,"key":"SMITH"},{"data":"theMarked:SoldierOfQuellstein","floor":8.0,"key":"SMITH"},{"data":"theMarked:GodGivenPower","floor":25.0,"key":"SMITH"},{"data":"theMarked:Reabsorb","floor":25.0,"key":"SMITH"},{"floor":30.0,"key":"REST"},{"floor":32.0,"key":"REST"},{"data":"hubris:InfiniteBlow","floor":40,"key":"SMITH"},{"data":"theMarked:MysticalArsenal","floor":40,"key":"SMITH"}],"circlet_count":0,"master_deck":["theMarked:Strike","theMarked:Strike","theMarked:Strike","theMarked:Strike","theMarked:Strike","theMarked:Defend","theMarked:Defend","theMarked:Defend","theMarked:Defend","theMarked:SoldierOfQuellstein+1","theMarked:SelfDefenseTraining+1","theMarked:SwordAndMagic+1","theMarked:GodGivenPower+1","theMarked:ShockingTouch+1","theMarked:ChainLightning+1","theMarked:ParalyzingBlade+1","theMarked:Aftermath","theMarked:Reabsorb+1","theMarked:EternalStudent+1","theMarked:Levitate+1","hierophant:ChurchCoffers+1","theMarked:GodGivenPower+1","theMarked:HeritageOfTheMarked+1","theMarked:StartUp+1","theMarked:ComboAttacks+1","theMarked:Defy+1","theMarked:MagicAdept+1","theMarked:EmpowerWeapon+1","hubris:InfiniteBlow+1","Wraith","theMarked:MysticalArsenal+1"],"relics":["theMarked:ArtifactOfAir","Replay:Arrowhead","Golden Egg","aspiration:Lifesprig","Mummified Hand","ReplayTheSpireMod:CursedCoin","energizedSpire:DeadBattery","hubris:Towel","Juzu Bracelet","Blood Vial","jedi:fakemustache","halation:Prosthetics","hubris:DisguiseKit","Membership Card"],"acts_visited":["Exordium","TheCity","TheBeyond"],"potions_floor_usage":[39,39,39],"damage_taken":[{"damage":1.0,"enemies":"Jaw Worm","floor":1.0,"turns":3.0},{"damage":1.0,"enemies":"Cultist","floor":3.0,"turns":3.0},{"damage":12.0,"enemies":"Small Slimes","floor":5.0,"turns":3.0},{"damage":20.0,"enemies":"Exordium Wildlife","floor":7.0,"turns":3.0},{"damage":0.0,"enemies":"Lots of Slimes","floor":12.0,"turns":1.0},{"damage":0.0,"enemies":"2 Fungi Beasts","floor":13.0,"turns":2.0},{"damage":20.0,"enemies":"Exordium Thugs","floor":14.0,"turns":4.0},{"damage":0.0,"enemies":"Slime Boss","floor":16.0,"turns":5.0},{"damage":5.0,"enemies":"Chosen","floor":18.0,"turns":2.0},{"damage":0.0,"enemies":"Shell Parasite","floor":21.0,"turns":3.0},{"damage":5.0,"enemies":"Shelled Parasite and Fungi","floor":22.0,"turns":3.0},{"damage":28.0,"enemies":"Nightmare","floor":23.0,"turns":7.0},{"damage":5.0,"enemies":"Cultist and Chosen","floor":24.0,"turns":4.0},{"damage":9.0,"enemies":"Snake Plant","floor":27.0,"turns":4.0},{"damage":16.0,"enemies":"3 Cultists","floor":28.0,"turns":4.0},{"damage":24.0,"enemies":"Centurion and Healer","floor":31.0,"turns":4.0},{"damage":20.0,"enemies":"conspire:MysteriousRune","floor":33.0,"turns":6.0},{"damage":16.0,"enemies":"Orb Walker","floor":35.0,"turns":3.0},{"damage":10,"enemies":"3 Darklings","floor":39,"turns":4},{"damage":25,"enemies":"4 Shapes","floor":41,"turns":1}],"seed_played":"-4827823292842918442","potions_obtained":[{"floor":2.0,"key":"ColorlessPotion"},{"floor":2.0,"key":"Fire Potion"},{"floor":2.0,"key":"Dexterity Potion"},{"floor":5.0,"key":"Explosive Potion"},{"floor":7.0,"key":"CultistPotion"},{"floor":12.0,"key":"SneckoOil"},{"floor":27.0,"key":"Fire Potion"},{"floor":28.0,"key":"LiquidBronze"},{"floor":31.0,"key":"Elixir"},{"floor":35.0,"key":"EssenceOfSteel"}],"is_trial":false,"path_per_floor":["M","?","M","$","M","R","M","R","T","$","?","M","M","M","R","B",null,"M","?","?","M","M","NM","M","R","T","M","M","$","R","M","R","B",null,"M","AVR","$","?","M","R","M"],"character_chosen":"THE_DEFAULT","items_purchased":["Golden Egg","aspiration:Lifesprig","theMarked:GodGivenPower","theMarked:ShockingTouch","ReplayTheSpireMod:CursedCoin","theMarked:ParalyzingBlade","theMarked:ComboAttacks","theMarked:Defy","jedi:fakemustache","Membership Card","SpeedPotion"],"campfire_rested":2,"item_purchase_floors":[4,4,4,4,10,10,29,29,29,37,37],"current_hp_per_floor":[69,69,68,68,56,56,36,36,36,36,29,29,29,9,9,9,70,65,65,65,65,60,32,27,27,27,20,6,16,37,15,36,18,35,19,19,29,29,21,21,0,0],"gold":24,"neow_bonus":"ONE_RARE_RELIC","is_daily":false,"chose_seed":false,"campfire_upgraded":8,"win_rate":0.0,"timestamp":1609638537,"path_taken":["M","?","?","$","M","R","M","R","T","$","?","M","?","M","R","BOSS","M","?","?","M","?","NM","M","R","T","M","M","$","R","M","R","BOSS","M","AVR","?","?","M","R","M"],"items_purchased_type":["Relic","Relic","Card","Card","Relic","Card","Card","Card","Relic","Relic","Potion"],"build_version":"2020-12-22","purchased_purges":3,"victory":false,"max_hp_per_floor":[70,70,70,70,70,70,70,70,70,70,70,70,70,70,70,70,70,70,70,70,70,70,70,70,70,70,70,70,70,70,70,70,70,35,35,35,35,35,35,35,35,35],"card_choices":[{"not_picked":["theMarked:BanishingWave","theMarked:Standoff"],"picked":"theMarked:SelfDefenseTraining","floor":1.0},{"not_picked":["theMarked:WastefulAttack","theMarked:Frustration"],"picked":"theMarked:SwordAndMagic","floor":3.0},{"not_picked":["theMarked:Static","theMarked:Parkour"],"picked":"theMarked:ChainLightning","floor":5.0},{"not_picked":["theMarked:BanishingStrike","theMarked:AttractMetal","theMarked:WardOff"],"picked":"SKIP","floor":7.0},{"not_picked":["theMarked:Standoff","theMarked:Improvise"],"picked":"theMarked:Aftermath","floor":12.0},{"not_picked":["theMarked:Improvise","theMarked:Generate"],"picked":"theMarked:Reabsorb","floor":13.0},{"not_picked":["theMarked:Static","theMarked:TwofoldDefense"],"picked":"theMarked:EternalStudent","floor":14.0},{"not_picked":["theMarked:SuspiciousRaven","theMarked:UnarmedFury"],"picked":"theMarked:Levitate","floor":16.0},{"not_picked":["theMarked:Improvise","theMarked:WastefulDefense","theMarked:BanishingStrike"],"picked":"SKIP","floor":18.0},{"not_picked":["theMarked:ReduceFriction","theMarked:SelfDefenseTraining+1"],"picked":"theMarked:GodGivenPower","floor":21.0},{"not_picked":["theMarked:CreepingChasm","theMarked:Parry","theMarked:Generate"],"picked":"SKIP","floor":22.0},{"not_picked":["theMarked:Parry","theMarked:ChainLightning+1","theMarked:Parkour"],"picked":"SKIP","floor":23.0},{"not_picked":["theMarked:Generate","theMarked:RepellingDischarge+1"],"picked":"theMarked:HeritageOfTheMarked+1","floor":24.0},{"not_picked":["theMarked:Parry+1","theMarked:TwofoldDefense","theMarked:WastefulAttack"],"picked":"SKIP","floor":27.0},{"not_picked":["theMarked:WastefulAttack","theMarked:KeepCalmAndFightOn+1"],"picked":"theMarked:StartUp+1","floor":28.0},{"not_picked":["theMarked:WardOff+1","theMarked:Improvise","theMarked:BanishingStrike"],"picked":"SKIP","floor":31.0},{"not_picked":["theMarked:UnarmedFury","theMarked:ChannelForce"],"picked":"theMarked:MagicAdept","floor":33.0},{"not_picked":["theMarked:Reabsorb","theMarked:Parry+1"],"picked":"theMarked:EmpowerWeapon+1","floor":35.0},{"not_picked":["theMarked:Indomitable","theMarked:ElectricStrings","Headbutt"],"picked":"theMarked:MysticalArsenal","floor":39}],"player_experience":422579,"relics_obtained":[{"floor":9.0,"key":"Mummified Hand"},{"floor":23.0,"key":"Juzu Bracelet"},{"floor":26.0,"key":"Blood Vial"}],"event_choices":[{"damage_healed":0.0,"max_hp_gain":0.0,"max_hp_loss":0.0,"gold_gain":0.0,"event_name":"Lab","player_choice":"Got Potions","floor":2.0,"gold_loss":0.0,"damage_taken":0.0},{"damage_healed":0.0,"max_hp_gain":0.0,"max_hp_loss":0.0,"gold_gain":0.0,"event_name":"Wheel of Change","player_choice":"Damaged","floor":11.0,"gold_loss":0.0,"damage_taken":7.0},{"cards_removed":["theMarked:Levitate"],"damage_healed":0.0,"max_hp_gain":0.0,"max_hp_loss":0.0,"gold_gain":0.0,"event_name":"betterNote:BetterNote","player_choice":"Take \u0026 Give","floor":19.0,"gold_loss":0.0,"damage_taken":0.0,"cards_obtained":["hierophant:ChurchCoffers"]},{"damage_healed":0.0,"max_hp_gain":0.0,"max_hp_loss":0.0,"gold_gain":0.0,"event_name":"OrinTheCat","player_choice":"Ignored","floor":38.0,"gold_loss":0.0,"damage_taken":0.0}],"is_beta":false,"boss_relics":[{"not_picked":["aspiration:RitualDagger","Tiny House"],"picked":"energizedSpire:DeadBattery"},{"not_picked":["conspire:SlowCooker","energizedSpire:NeverEndingSparkler"],"picked":"halation:Prosthetics"}],"items_purged_floors":[4,4,10],"is_endless":true,"potions_floor_spawned":[5,7,12,27,28,31,35],"killed_by":"4 Shapes","ascension_level":0}}