{"host":"x52zk6e1f2bye2h7","time":1609709284,"event":{"mods":["AchievementEnabler","BaseMod","Highlight Path","Minty Spire (QoL Compilation)","everything is the same but u backflip on backflip"],"gold_per_floor":[113,132,145,163,238,265,265,277,277,202,230,242,94,123,123,226,276,296,211,211,230,247,274,274,290,316,335,335,335],"floor_reached":28,"playtime":2199,"items_purged":["Defend_P"],"score":362,"play_id":"d3466cec-f3f6-4d06-aac5-293f72fdb68f","local_time":"20210103212804","is_ascension_mode":false,"campfire_choices":[{"data":"BattleHymn","floor":7.0,"key":"SMITH"},{"data":"Establishment","floor":15,"key":"SMITH"},{"data":"Ragnarok","floor":24,"key":"SMITH"}],"circlet_count":0,"master_deck":["Strike_P+1","Strike_P","Strike_P","Strike_P","Defend_P","Defend_P","Defend_P","Eruption","Vigilance","Sanctity","Swivel","BattleHymn+1","EmptyFist","Establishment+1","Crescendo","Ragnarok+1","Adaptation","Pain","Protect+1","DeceiveReality+1","Meditate","Evaluate"],"relics":["PureWater","TungstenRod","Pear","Mummified Hand","Frozen Eye","Gremlin Horn","Tiny House","Art of War","WarpedTongs","Lantern","Damaru"],"acts_visited":["Exordium","TheCity"],"potions_floor_usage":[23,27,28],"damage_taken":[{"damage":0.0,"enemies":"Jaw Worm","floor":1.0,"turns":4.0},{"damage":0.0,"enemies":"Small Slimes","floor":2.0,"turns":3.0},{"damage":1.0,"enemies":"Cultist","floor":3.0,"turns":4.0},{"damage":2.0,"enemies":"Looter","floor":4.0,"turns":4.0},{"damage":8.0,"enemies":"Lagavulin","floor":6.0,"turns":5.0},{"damage":0.0,"enemies":"3 Louse","floor":8.0,"turns":3.0},{"damage":4.0,"enemies":"3 Sentries","floor":11.0,"turns":5.0},{"damage":0.0,"enemies":"Large Slime","floor":12.0,"turns":4.0},{"damage":0,"enemies":"Lagavulin","floor":14,"turns":4},{"damage":0,"enemies":"Slime Boss","floor":16,"turns":4},{"damage":19,"enemies":"2 Thieves","floor":18,"turns":4},{"damage":5,"enemies":"Shell Parasite","floor":21,"turns":2},{"damage":12,"enemies":"Sentry and Sphere","floor":22,"turns":4},{"damage":32,"enemies":"Slavers","floor":23,"turns":5},{"damage":18,"enemies":"Centurion and Healer","floor":25,"turns":3},{"damage":2,"enemies":"Shelled Parasite and Fungi","floor":27,"turns":4},{"damage":6,"enemies":"Gremlin Leader","floor":28,"turns":1}],"seed_played":"5060505916921749869","potions_obtained":[{"floor":1.0,"key":"Strength Potion"},{"floor":3.0,"key":"ColorlessPotion"},{"floor":4.0,"key":"SkillPotion"},{"floor":6.0,"key":"Dexterity Potion"},{"floor":17,"key":"LiquidBronze"},{"floor":21,"key":"Swift Potion"},{"floor":25,"key":"Energy Potion"}],"is_trial":false,"path_per_floor":["M","M","M","M","?","E","R","M","T","$","E","M","$","E","R","B",null,"M","?","?","M","M","E","R","M","T","M","E"],"character_chosen":"WATCHER","items_purchased":["Frozen Eye"],"campfire_rested":0,"item_purchase_floors":[13],"current_hp_per_floor":[79,79,78,76,65,57,57,57,67,67,63,63,63,63,63,63,94,75,75,75,70,58,26,26,8,8,6,0,0],"gold":335,"neow_bonus":"TEN_PERCENT_HP_BONUS","is_daily":false,"chose_seed":false,"campfire_upgraded":3,"win_rate":0.0,"timestamp":1609709284,"path_taken":["M","M","M","M","?","E","R","M","T","?","E","M","$","E","R","BOSS","M","?","?","M","M","E","R","M","T","M","E"],"items_purchased_type":["Relic"],"build_version":"2020-12-22","purchased_purges":1,"victory":false,"max_hp_per_floor":[79,79,79,79,79,79,79,79,89,89,89,89,89,89,89,89,94,94,94,94,94,94,94,94,94,94,94,94,94],"card_choices":[{"not_picked":["BowlingBash","Consecrate"],"picked":"Sanctity","floor":1.0},{"not_picked":["Weave","Perseverance"],"picked":"Swivel","floor":2.0},{"not_picked":["Swivel","Sanctity"],"picked":"BattleHymn","floor":3.0},{"not_picked":["CutThroughFate","CrushJoints"],"picked":"EmptyFist","floor":4.0},{"not_picked":["Weave","BowlingBash"],"picked":"Establishment","floor":6.0},{"not_picked":["Fasting2","EmptyBody"],"picked":"Crescendo","floor":8.0},{"not_picked":["Judgement","InnerPeace","Establishment"],"picked":"SKIP","floor":11.0},{"not_picked":["Crescendo","EmptyMind","ThirdEye"],"picked":"SKIP","floor":12.0},{"not_picked":["CutThroughFate","LikeWater"],"picked":"Ragnarok","floor":14},{"not_picked":["BowlingBash","JustLucky"],"picked":"Adaptation","floor":18},{"not_picked":["ThirdEye","Crescendo","EmptyBody"],"picked":"SKIP","floor":21},{"not_picked":["Halt+1","CutThroughFate+1"],"picked":"Protect+1","floor":22},{"not_picked":["Ragnarok","Crescendo"],"picked":"DeceiveReality+1","floor":23},{"not_picked":["Crescendo+1","Prostrate"],"picked":"Meditate","floor":25},{"not_picked":["FollowUp+1","ClearTheMind"],"picked":"Evaluate","floor":27}],"player_experience":58642,"relics_obtained":[{"floor":6.0,"key":"TungstenRod"},{"floor":9.0,"key":"Pear"},{"floor":11.0,"key":"Mummified Hand"},{"floor":14,"key":"Gremlin Horn"},{"floor":23,"key":"Lantern"},{"floor":26,"key":"Damaru"}],"event_choices":[{"damage_healed":0.0,"max_hp_gain":0.0,"max_hp_loss":0.0,"gold_gain":75.0,"event_name":"World of Goop","player_choice":"Gather Gold","floor":5.0,"gold_loss":0.0,"damage_taken":11.0},{"damage_healed":0,"gold_gain":0,"player_choice":"Obtained Relic","damage_taken":0,"relics_obtained":["Art of War"],"max_hp_gain":0,"max_hp_loss":0,"event_name":"Addict","floor":19,"gold_loss":85},{"damage_healed":0,"gold_gain":0,"player_choice":"Rummage","damage_taken":0,"relics_obtained":["WarpedTongs"],"max_hp_gain":0,"max_hp_loss":0,"event_name":"Accursed Blacksmith","floor":20,"gold_loss":0,"cards_obtained":["Pain"]}],"is_beta":false,"boss_relics":[{"not_picked":["Busted Crown","Calling Bell"],"picked":"Tiny House"}],"items_purged_floors":[10],"is_endless":false,"potions_floor_spawned":[1,3,4,6,21,25],"killed_by":"Gremlin Leader","ascension_level":0}}