{"host":"0lnx88jdgcrh6gmr","time":1609710240,"event":{"mods":["2.2 Compatiblity","AchievementEnabler","BaseMod","Beaked The Cultist","Better Note","Better Skull","Better Third Choice","Block Reminder","Colored Map","Displayed Cursed Tome","Glutton Mod","Googly Eyes","Hermit","Highlight Path","Minty Spire (QoL Compilation)","Rare Cards Sparkle","Relic Stats","Shade Mod","Spicy Shops","StSLib","The Construct","The Cursed","The Disciple","The Mystic","The Servant 0.9.4","Unceasing Turn Reminder","everything is the same but u backflip on backflip","slay the spire mod where everything is the same but ironclad has a cowboy hat"],"gold_per_floor":[117,128,128,70,80,80,90,90,90,90,90,100,52,65,65,168,168,186,186,186,198,217,217,217],"floor_reached":23,"playtime":602,"items_purged":[],"score":183,"play_id":"45c4b60a-62e5-43a6-8d4c-e72392375e03","local_time":"20210103144400","is_ascension_mode":false,"campfire_choices":[{"data":"Static Discharge","floor":6,"key":"SMITH"},{"data":"Ball Lightning","floor":8,"key":"SMITH"},{"floor":10,"key":"RECALL"},{"floor":15,"key":"REST"}],"circlet_count":0,"master_deck":["Strike_B","Strike_B","Strike_B","Strike_B","Defend_B","Defend_B","Defend_B","Defend_B","Zap","Dualcast","Ball Lightning+1","Barrage+1","Static Discharge+1","Beam Cell","Leap","Leap","Steam","Skim+1"],"relics":["Cracked Core"],"acts_visited":["Exordium","TheCity"],"potions_floor_usage":[23,23,23],"damage_taken":[{"damage":0,"enemies":"Small Slimes","floor":1,"turns":2},{"damage":3,"enemies":"2 Louse","floor":2,"turns":3},{"damage":6,"enemies":"Jaw Worm","floor":5,"turns":2},{"damage":0,"enemies":"Large Slime","floor":7,"turns":4},{"damage":7,"enemies":"2 Fungi Beasts","floor":12,"turns":2},{"damage":1,"enemies":"Exordium Wildlife","floor":14,"turns":3},{"damage":39,"enemies":"Hexaghost","floor":16,"turns":7},{"damage":9,"enemies":"3 Byrds","floor":18,"turns":2},{"damage":35,"enemies":"2 Thieves","floor":21,"turns":3},{"damage":17,"enemies":"Snake Plant","floor":22,"turns":4},{"damage":17,"enemies":"Slavers","floor":23,"turns":1}],"seed_played":"-8691268173370153435","potions_obtained":[{"floor":7,"key":"FearPotion"},{"floor":12,"key":"FearPotion"},{"floor":16,"key":"EssenceOfDarkness"},{"floor":20,"key":"AttackPotion"},{"floor":20,"key":"Energy Potion"},{"floor":20,"key":"Ancient Potion"}],"is_trial":false,"path_per_floor":["M","M","?","$","M","R","M","R","T","R","?","M","$","M","R","B",null,"M","?","?","M","M","E"],"character_chosen":"DEFECT","items_purchased":["Static Discharge","Leap"],"campfire_rested":1,"item_purchase_floors":[4,13],"current_hp_per_floor":[82,79,79,79,73,73,73,73,73,73,73,66,66,65,82,43,82,73,65,65,30,13,0,0],"gold":217,"neow_bonus":"TEN_PERCENT_HP_BONUS","is_daily":false,"chose_seed":false,"campfire_upgraded":2,"win_rate":0.0,"timestamp":1609710240,"path_taken":["M","M","?","$","M","R","M","R","T","R","?","M","$","M","R","BOSS","M","?","?","M","M","E"],"items_purchased_type":["Card","Card"],"build_version":"2020-12-22","purchased_purges":0,"victory":false,"max_hp_per_floor":[82,82,82,82,82,82,82,82,82,82,82,82,82,82,82,82,82,82,82,82,82,82,82,82],"relic_stats":{"counters":[11,33],"obtain_stats":[{"Cracked Core":0},{"Cracked Core":0},{"Cracked Core":0}]},"card_choices":[{"not_picked":["Go for the Eyes","Steam"],"picked":"Ball Lightning","floor":1},{"not_picked":["Double Energy","Recycle"],"picked":"Barrage","floor":2},{"not_picked":["Cold Snap","Compile Driver"],"picked":"Beam Cell","floor":5},{"not_picked":["Capacitor","Gash","Sweeping Beam"],"picked":"SKIP","floor":7},{"not_picked":["Hello World","Barrage"],"picked":"Leap","floor":12},{"not_picked":["Hologram","Heatsinks","Steam Power"],"picked":"SKIP","floor":14},{"not_picked":["Coolheaded+1","Storm+1","Compile Driver+1"],"picked":"SKIP","floor":18},{"not_picked":["Cold Snap","Sunder+1"],"picked":"Steam","floor":21},{"not_picked":["Streamline","Coolheaded+1"],"picked":"Skim+1","floor":22}],"player_experience":242005,"relics_obtained":[],"event_choices":[{"damage_healed":0,"gold_gain":0,"player_choice":"Ignored","damage_taken":0,"max_hp_gain":0,"max_hp_loss":0,"event_name":"Golden Wing","floor":3,"gold_loss":0},{"damage_healed":0,"gold_gain":0,"player_choice":"Grow","damage_taken":0,"max_hp_gain":0,"max_hp_loss":0,"event_name":"Living Wall","floor":11,"gold_loss":0,"cards_upgraded":["Barrage"]},{"damage_healed":0,"gold_gain":0,"player_choice":"Damaged","damage_taken":8,"max_hp_gain":0,"max_hp_loss":0,"event_name":"Wheel of Change","floor":19,"gold_loss":0},{"damage_healed":0,"gold_gain":0,"player_choice":"Got Potions","damage_taken":0,"max_hp_gain":0,"max_hp_loss":0,"event_name":"Lab","floor":20,"gold_loss":0}],"is_beta":false,"boss_relics":[{"not_picked":["Coffee Dripper","Calling Bell","Inserter"]}],"items_purged_floors":[],"is_endless":false,"potions_floor_spawned":[7,12,16,21],"killed_by":"Slavers","ascension_level":0}}