{"host":"480qzmvu0s2e3e6w","time":1609669316,"event":{"mods":["BaseMod","Colored Map","DeckTracker","Minty Spire (QoL Compilation)","StSLib","SuperFastMode"],"gold_per_floor":[19,39,51,63,63,63,88,107,107,107,121,140,165,176,176,250,250,264,274,285,6,26,61,74,74,97,110,110,140,140,140,140,212,212,229,247,522,29,29,43,43,60,109,141,141,152,165,165,165],"floor_reached":48,"playtime":3495,"items_purged":["Strike_R","Strike_R+1"],"score":979,"play_id":"1730f511-ccef-4712-adcd-6b16c6c35d8e","local_time":"20210103192156","is_ascension_mode":true,"campfire_choices":[{"data":"Hemokinesis","floor":6.0,"key":"SMITH"},{"data":"Pommel Strike","floor":10.0,"key":"SMITH"},{"data":"Inflame","floor":15.0,"key":"SMITH"},{"data":"Entrench","floor":25,"key":"SMITH"},{"data":"True Grit","floor":30,"key":"SMITH"},{"data":"Body Slam","floor":32,"key":"SMITH"},{"data":"Corruption","floor":41,"key":"SMITH"},{"data":"Offering","floor":45,"key":"SMITH"}],"circlet_count":0,"master_deck":["AscendersBane","Strike_R+1","Strike_R+1","Strike_R+1","Defend_R+1","Defend_R+1","Defend_R+1","Defend_R+1","Bash","Master of Strategy","Anger","Cleave","Hemokinesis+1","Pommel Strike+1","Blood for Blood","Feel No Pain","Inflame+1","Power Through","Shrug It Off","Burning Pact","Offering+1","Shrug It Off+1","Pummel","Second Wind","Feel No Pain","True Grit+1","Immolate","Entrench+1","Body Slam+1","Corruption+1","Disarm","Burning Pact","Power Through","Disarm","Double Tap","Impervious","Headbutt+1"],"relics":["Burning Blood","Meat on the Bone","Juzu Bracelet","Omamori","Coffee Dripper","Question Card","MealTicket","Bird Faced Urn","Mark of Pain","CaptainsWheel","Turnip"],"acts_visited":["Exordium","TheCity","TheBeyond"],"potions_floor_usage":[19,23,23,24,29,42,42,48],"damage_taken":[{"damage":10.0,"enemies":"Cultist","floor":1.0,"turns":5.0},{"damage":11.0,"enemies":"Jaw Worm","floor":2.0,"turns":4.0},{"damage":0.0,"enemies":"2 Louse","floor":3.0,"turns":2.0},{"damage":9.0,"enemies":"Looter","floor":4.0,"turns":3.0},{"damage":29.0,"enemies":"Lagavulin","floor":7.0,"turns":4.0},{"damage":19.0,"enemies":"3 Louse","floor":8.0,"turns":3.0},{"damage":16.0,"enemies":"Lots of Slimes","floor":11.0,"turns":3.0},{"damage":11.0,"enemies":"Exordium Thugs","floor":12.0,"turns":5.0},{"damage":16.0,"enemies":"3 Sentries","floor":13.0,"turns":7.0},{"damage":9.0,"enemies":"Exordium Wildlife","floor":14.0,"turns":4.0},{"damage":31.0,"enemies":"The Guardian","floor":16.0,"turns":8.0},{"damage":17.0,"enemies":"Shell Parasite","floor":18.0,"turns":2.0},{"damage":8,"enemies":"3 Byrds","floor":19,"turns":3},{"damage":12,"enemies":"Cultist and Chosen","floor":20,"turns":6},{"damage":12,"enemies":"Shelled Parasite and Fungi","floor":22,"turns":5},{"damage":48,"enemies":"Book of Stabbing","floor":23,"turns":6},{"damage":2,"enemies":"3 Cultists","floor":24,"turns":4},{"damage":10,"enemies":"Centurion and Healer","floor":27,"turns":5},{"damage":37,"enemies":"Gremlin Leader","floor":29,"turns":5},{"damage":55,"enemies":"Collector","floor":33,"turns":15},{"damage":19,"enemies":"Orb Walker","floor":35,"turns":4},{"damage":10,"enemies":"3 Shapes","floor":36,"turns":3},{"damage":8,"enemies":"Maw","floor":40,"turns":8},{"damage":35,"enemies":"Spire Growth","floor":42,"turns":5},{"damage":56,"enemies":"Reptomancer","floor":44,"turns":9},{"damage":2,"enemies":"Sphere and 2 Shapes","floor":46,"turns":5},{"damage":29,"enemies":"Transient","floor":47,"turns":5},{"damage":66,"enemies":"Giant Head","floor":48,"turns":10}],"seed_played":"3195672225129145657","potions_obtained":[{"floor":1.0,"key":"FearPotion"},{"floor":11.0,"key":"Dexterity Potion"},{"floor":12.0,"key":"LiquidBronze"},{"floor":16.0,"key":"Regen Potion"},{"floor":19,"key":"GamblersBrew"},{"floor":23,"key":"DistilledChaos"},{"floor":24,"key":"LiquidMemories"},{"floor":33,"key":"Strength Potion"},{"floor":35,"key":"DistilledChaos"},{"floor":46,"key":"GamblersBrew"}],"is_trial":false,"path_per_floor":["M","M","M","M","?","R","E","M","T","R","M","M","E","M","R","B",null,"M","M","M","$","M","E","M","R","T","M","?","E","R","?","R","B",null,"M","M","?","$","?","M","R","M","T","E","R","M","M","E"],"character_chosen":"IRONCLAD","items_purchased":["Second Wind","Feel No Pain","Block Potion","Power Through","CaptainsWheel"],"campfire_rested":0,"item_purchase_floors":[21,21,21,38,38],"current_hp_per_floor":[64,59,65,62,67,67,44,43,43,43,45,52,54,51,51,38,70,64,62,56,56,50,20,36,36,36,44,44,55,55,55,55,24,66,57,55,55,70,70,76,76,55,55,53,53,65,46,0,0],"gold":165,"neow_bonus":"RANDOM_COLORLESS_2","is_daily":false,"chose_seed":false,"campfire_upgraded":8,"win_rate":0.0,"timestamp":1609669316,"path_taken":["M","?","M","M","?","R","E","M","T","R","M","M","E","M","R","BOSS","M","M","M","$","M","E","M","R","T","M","?","E","R","?","R","BOSS","M","M","?","$","?","M","R","M","T","E","R","M","M","E"],"items_purchased_type":["Card","Card","Potion","Card","Relic"],"build_version":"2020-12-22","purchased_purges":2,"victory":false,"max_hp_per_floor":[75,75,75,75,80,80,80,80,80,80,80,80,80,80,80,80,80,80,80,80,80,80,80,80,80,80,80,80,80,80,80,80,80,80,80,80,80,80,76,76,76,76,76,76,76,76,76,76,76],"card_choices":[{"not_picked":["Mayhem","The Bomb"],"picked":"Master of Strategy","floor":0.0},{"not_picked":["Cleave","Headbutt"],"picked":"Anger","floor":1.0},{"not_picked":["Thunderclap","Havoc"],"picked":"Cleave","floor":2.0},{"not_picked":["Sword Boomerang","Heavy Blade"],"picked":"Hemokinesis","floor":3.0},{"not_picked":["Clothesline","Limit Break"],"picked":"Pommel Strike","floor":4.0},{"not_picked":["Wild Strike","Sword Boomerang"],"picked":"Blood for Blood","floor":7.0},{"not_picked":["Havoc","Rampage"],"picked":"Feel No Pain","floor":8.0},{"not_picked":["Twin Strike","Armaments"],"picked":"Inflame","floor":11.0},{"not_picked":["Clash","Sword Boomerang"],"picked":"Power Through","floor":12.0},{"not_picked":["Flex","Clothesline"],"picked":"Shrug It Off","floor":13.0},{"not_picked":["Twin Strike","Fire Breathing"],"picked":"Burning Pact","floor":14.0},{"not_picked":["Barricade","Exhume"],"picked":"Offering","floor":16.0},{"not_picked":["Warcry","Pommel Strike"],"picked":"Shrug It Off+1","floor":18.0},{"not_picked":["Perfected Strike","Flame Barrier","Whirlwind"],"picked":"SKIP","floor":19},{"not_picked":["Cleave","Blood for Blood"],"picked":"Pummel","floor":20},{"not_picked":["Carnage","Burning Pact+1"],"picked":"True Grit","floor":22},{"not_picked":["Intimidate+1","Dual Wield"],"picked":"Immolate","floor":23},{"not_picked":["Cleave","Headbutt","Twin Strike"],"picked":"Entrench","floor":24},{"not_picked":["Twin Strike","Iron Wave","Havoc"],"picked":"Body Slam","floor":27},{"not_picked":["Pommel Strike","Rage+1","Anger","Shrug It Off"],"picked":"SKIP","floor":29},{"not_picked":["Immolate","Offering","Reaper"],"picked":"Corruption","floor":33},{"not_picked":["Clash","Metallicize","Havoc"],"picked":"Disarm","floor":35},{"not_picked":["Shrug It Off+1","Armaments+1","Iron Wave"],"picked":"Burning Pact","floor":36},{"not_picked":["Blood for Blood","Shrug It Off","Sword Boomerang","Carnage"],"picked":"SKIP","floor":40},{"not_picked":["Pommel Strike+1","Spot Weakness","Uppercut+1"],"picked":"Disarm","floor":42},{"not_picked":["Havoc","Hemokinesis+1","True Grit"],"picked":"Double Tap","floor":44},{"not_picked":["Iron Wave","Clothesline","Pommel Strike+1"],"picked":"Impervious","floor":46},{"not_picked":["Clash","Warcry","Pommel Strike"],"picked":"Headbutt+1","floor":47}],"player_experience":660827,"relics_obtained":[{"floor":7.0,"key":"Meat on the Bone"},{"floor":9.0,"key":"Juzu Bracelet"},{"floor":13.0,"key":"Omamori"},{"floor":23,"key":"Question Card"},{"floor":26,"key":"MealTicket"},{"floor":29,"key":"Bird Faced Urn"},{"floor":44,"key":"Turnip"}],"event_choices":[{"damage_healed":0.0,"max_hp_gain":5.0,"max_hp_loss":0.0,"gold_gain":0.0,"event_name":"Big Fish","player_choice":"Donut","floor":5.0,"gold_loss":0.0,"damage_taken":0.0},{"damage_healed":0,"gold_gain":0,"player_choice":"Simplicity","damage_taken":0,"max_hp_gain":0,"max_hp_loss":0,"event_name":"Back to Basics","floor":28,"gold_loss":0,"cards_upgraded":["Strike_R","Strike_R","Strike_R","Strike_R","Defend_R","Defend_R","Defend_R","Defend_R"]},{"damage_healed":0,"gold_gain":0,"player_choice":"Ignored","damage_taken":0,"max_hp_gain":0,"max_hp_loss":0,"event_name":"The Mausoleum","floor":31,"gold_loss":0},{"damage_healed":0,"gold_gain":275,"player_choice":"Desecrate","damage_taken":0,"max_hp_gain":0,"max_hp_loss":0,"event_name":"Golden Shrine","floor":37,"gold_loss":0,"cards_obtained":["Regret"]},{"damage_healed":0,"gold_gain":0,"player_choice":"Max HP","damage_taken":0,"max_hp_gain":0,"max_hp_loss":4,"event_name":"Winding Halls","floor":39,"gold_loss":0}],"is_beta":false,"boss_relics":[{"not_picked":["Tiny House","Velvet Choker"],"picked":"Coffee Dripper"},{"not_picked":["Empty Cage","Pandora\u0027s Box"],"picked":"Mark of Pain"}],"items_purged_floors":[21,38],"is_endless":false,"potions_floor_spawned":[1,11,12,13,14,16,19,22,23,24,33,35,36,46],"killed_by":"Giant Head","ascension_level":15}}