{"host":"480qzmvu0s2e3e6w","time":1609675050,"event":{"mods":["BaseMod","Colored Map","DeckTracker","Minty Spire (QoL Compilation)","StSLib","SuperFastMode"],"gold_per_floor":[109,109,122,122,51,84,84,117,191,203,234,234,234,249,249,323,323,337,337,321,30,47,47,61,61,61,0,35,52,52,63,63,142,142,159,173,183,208,208,208,241,258,258,15,15,15,15,29,29,29],"floor_reached":51,"playtime":3297,"items_purged":["Strike_G"],"score":1276,"play_id":"1ea6212c-ab03-45a1-bc9a-1aea61ea399e","local_time":"20210103205730","is_ascension_mode":true,"campfire_choices":[{"data":"Noxious Fumes","floor":7.0,"key":"SMITH"},{"data":"Footwork","floor":13.0,"key":"SMITH"},{"data":"Bouncing Flask","floor":15.0,"key":"SMITH"},{"floor":23.0,"key":"REST"},{"floor":25.0,"key":"REST"},{"data":"Catalyst","floor":30.0,"key":"SMITH"},{"floor":32.0,"key":"REST"},{"floor":40.0,"key":"REST"},{"floor":46.0,"key":"REST"},{"floor":49.0,"key":"REST"}],"circlet_count":0,"master_deck":["AscendersBane","Defend_G","Defend_G","Defend_G","Defend_G","Defend_G","Survivor","Neutralize","Underhanded Strike","Well Laid Plans","Bouncing Flask+1","Noxious Fumes+1","Footwork+1","Bane","Catalyst+1","Blur","Venomology","PiercingWail","Accuracy","Tactician","Leg Sweep","Backflip","Noxious Fumes","Crippling Poison","Deflect","Malaise","Poisoned Stab","Tools of the Trade","Parasite","Burst","Master of Strategy","Noxious Fumes","Acrobatics+1","Acrobatics"],"relics":["Ring of the Snake","NeowsBlessing","Smiling Mask","Pantograph","Bag of Marbles","Empty Cage","Du-Vu Doll","Philosopher\u0027s Stone","Gambling Chip","Omamori","Kunai","Mummified Hand"],"acts_visited":["Exordium","TheCity","TheBeyond"],"potions_floor_usage":[50,50],"damage_taken":[{"damage":0.0,"enemies":"2 Louse","floor":1.0,"turns":1.0},{"damage":0.0,"enemies":"Cultist","floor":3.0,"turns":1.0},{"damage":0.0,"enemies":"Gremlin Nob","floor":6.0,"turns":1.0},{"damage":19.0,"enemies":"3 Sentries","floor":8.0,"turns":6.0},{"damage":1.0,"enemies":"Jaw Worm","floor":10.0,"turns":5.0},{"damage":26.0,"enemies":"Gremlin Nob","floor":11.0,"turns":5.0},{"damage":2.0,"enemies":"Exordium Thugs","floor":14.0,"turns":5.0},{"damage":30.0,"enemies":"Slime Boss","floor":16.0,"turns":8.0},{"damage":15.0,"enemies":"Spheric Guardian","floor":18.0,"turns":4.0},{"damage":16.0,"enemies":"2 Thieves","floor":20.0,"turns":4.0},{"damage":6.0,"enemies":"Centurion and Healer","floor":22.0,"turns":7.0},{"damage":12.0,"enemies":"3 Cultists","floor":24.0,"turns":4.0},{"damage":18.0,"enemies":"Slavers","floor":28.0,"turns":6.0},{"damage":5.0,"enemies":"Snecko","floor":29.0,"turns":6.0},{"damage":20.0,"enemies":"Snake Plant","floor":31.0,"turns":5.0},{"damage":35.0,"enemies":"Automaton","floor":33.0,"turns":10.0},{"damage":15.0,"enemies":"3 Darklings","floor":35.0,"turns":5.0},{"damage":24.0,"enemies":"Orb Walker","floor":36.0,"turns":6.0},{"damage":9.0,"enemies":"Writhing Mass","floor":37.0,"turns":8.0},{"damage":5.0,"enemies":"Mind Bloom Boss Battle","floor":38.0,"turns":8.0},{"damage":29.0,"enemies":"Reptomancer","floor":41.0,"turns":9.0},{"damage":7.0,"enemies":"Spire Growth","floor":42.0,"turns":6.0},{"damage":6.0,"enemies":"Jaw Worm Horde","floor":48.0,"turns":4.0},{"damage":72,"enemies":"Awakened One","floor":50,"turns":21}],"seed_played":"-6337146813468354482","potions_obtained":[{"floor":1.0,"key":"Strength Potion"},{"floor":3.0,"key":"GamblersBrew"},{"floor":8.0,"key":"Regen Potion"},{"floor":20.0,"key":"SpeedPotion"},{"floor":24.0,"key":"LiquidMemories"},{"floor":28.0,"key":"Strength Potion"},{"floor":29.0,"key":"Fire Potion"},{"floor":36.0,"key":"LiquidMemories"},{"floor":41.0,"key":"CunningPotion"},{"floor":42.0,"key":"Energy Potion"}],"is_trial":false,"path_per_floor":["M","?","M","?","$","E","R","E","T","M","E","?","R","M","R","B",null,"M","?","M","$","M","R","M","R","T","?","E","M","R","M","R","B",null,"M","M","M","?","?","R","E","M","T","$","$","R","$","M","R","B",null],"character_chosen":"THE_SILENT","items_purchased":["Bouncing Flask","Backflip","Noxious Fumes","Crippling Poison","PowerPotion","Mummified Hand"],"campfire_rested":6,"item_purchase_floors":[5,21,21,21,21,44],"current_hp_per_floor":[59,50,50,46,46,46,46,27,27,41,15,20,20,18,18,13,57,42,42,26,26,20,41,29,50,50,50,32,27,27,7,28,18,58,43,19,10,30,25,46,17,10,10,10,10,31,31,25,46,1],"gold":29,"neow_bonus":"THREE_ENEMY_KILL","is_daily":false,"chose_seed":false,"campfire_upgraded":4,"win_rate":0.0,"timestamp":1609675050,"path_taken":["M","?","?","?","?","E","R","E","T","M","E","?","R","M","R","BOSS","M","?","M","$","M","R","M","R","T","?","E","M","R","M","R","BOSS","M","M","M","?","?","R","E","M","T","?","$","R","$","M","R","BOSS"],"items_purchased_type":["Card","Card","Card","Card","Potion","Relic"],"build_version":"2020-12-22","purchased_purges":1,"victory":true,"max_hp_per_floor":[66,66,66,66,66,66,66,66,66,66,66,71,71,71,71,71,71,71,71,71,71,71,71,71,71,71,71,71,71,71,71,71,71,71,71,71,71,71,71,71,71,71,71,71,71,71,71,71,71,71],"card_choices":[{"not_picked":["Acrobatics","Blade Dance"],"picked":"Underhanded Strike","floor":1.0},{"not_picked":["Sucker Punch","Dodge and Roll"],"picked":"Well Laid Plans","floor":3.0},{"not_picked":["Infinite Blades","Dagger Throw"],"picked":"Noxious Fumes","floor":6.0},{"not_picked":["Prepared","PiercingWail"],"picked":"Footwork","floor":8.0},{"not_picked":["Prepared","Quick Slash"],"picked":"Bane","floor":10.0},{"not_picked":["Bane","Sucker Punch"],"picked":"Catalyst","floor":11.0},{"not_picked":["Crippling Poison","Backflip"],"picked":"Blur","floor":14.0},{"not_picked":["Tools of the Trade","Phantasmal Killer"],"picked":"Venomology","floor":16.0},{"not_picked":["Caltrops","Underhanded Strike"],"picked":"PiercingWail","floor":18.0},{"not_picked":["Cloak And Dagger","Escape Plan"],"picked":"Leg Sweep","floor":20.0},{"not_picked":["Choke","Bouncing Flask+1","Expertise"],"picked":"SKIP","floor":22.0},{"not_picked":["Slice","Underhanded Strike"],"picked":"Deflect","floor":24.0},{"not_picked":["Escape Plan","Flying Knee"],"picked":"Malaise","floor":28.0},{"not_picked":["Bane","Prepared"],"picked":"Poisoned Stab","floor":29.0},{"not_picked":["Sucker Punch","A Thousand Cuts","Poisoned Stab+1"],"picked":"SKIP","floor":31.0},{"not_picked":["Envenom","Unload"],"picked":"Tools of the Trade","floor":33.0},{"not_picked":["Blade Dance+1","Poisoned Stab+1","Sucker Punch"],"picked":"SKIP","floor":35.0},{"not_picked":["Dagger Throw+1","Blade Dance","Underhanded Strike"],"picked":"SKIP","floor":36.0},{"not_picked":["Escape Plan","Bane+1","Underhanded Strike+1"],"picked":"SKIP","floor":37.0},{"not_picked":["Quick Slash","Cloak And Dagger+1"],"picked":"Burst","floor":38.0},{"not_picked":["Jack Of All Trades","Flash of Steel"],"picked":"Master of Strategy","floor":39.0},{"not_picked":["Blade Dance","Deadly Poison"],"picked":"Noxious Fumes","floor":41.0},{"not_picked":["Poisoned Stab","Endless Agony"],"picked":"Acrobatics+1","floor":42.0},{"not_picked":["Underhanded Strike","Bane"],"picked":"Acrobatics","floor":48.0}],"player_experience":666293,"relics_obtained":[{"floor":6.0,"key":"Smiling Mask"},{"floor":8.0,"key":"Pantograph"},{"floor":11.0,"key":"Bag of Marbles"},{"floor":28.0,"key":"Du-Vu Doll"},{"floor":38.0,"key":"Gambling Chip"},{"floor":41.0,"key":"Omamori"},{"floor":43.0,"key":"Kunai"}],"event_choices":[{"damage_healed":0.0,"max_hp_gain":0.0,"max_hp_loss":0.0,"gold_gain":0.0,"event_name":"Wheel of Change","player_choice":"Damaged","floor":2.0,"gold_loss":0.0,"damage_taken":9.0},{"damage_healed":0.0,"max_hp_gain":0.0,"max_hp_loss":0.0,"gold_gain":0.0,"event_name":"The Woman in Blue","player_choice":"Bought 0 Potions","floor":4.0,"gold_loss":0.0,"damage_taken":0.0},{"damage_healed":0.0,"max_hp_gain":5.0,"max_hp_loss":0.0,"gold_gain":0.0,"event_name":"Big Fish","player_choice":"Donut","floor":12.0,"gold_loss":0.0,"damage_taken":0.0},{"damage_healed":0.0,"max_hp_gain":0.0,"max_hp_loss":0.0,"gold_gain":0.0,"cards_transformed":["Strike_G","Strike_G"],"event_name":"Drug Dealer","player_choice":"Became Test Subject","floor":19.0,"gold_loss":0.0,"damage_taken":0.0,"cards_obtained":["Accuracy","Tactician"]},{"damage_healed":0.0,"max_hp_gain":0.0,"max_hp_loss":0.0,"gold_gain":0.0,"event_name":"Masked Bandits","player_choice":"Paid Fearfully","floor":27.0,"gold_loss":61.0,"damage_taken":0.0},{"damage_healed":0.0,"max_hp_gain":0.0,"max_hp_loss":0.0,"gold_gain":0.0,"event_name":"MindBloom","player_choice":"Fight","floor":38.0,"gold_loss":0.0,"damage_taken":0.0},{"damage_healed":0.0,"max_hp_gain":0.0,"max_hp_loss":0.0,"gold_gain":0.0,"event_name":"SensoryStone","player_choice":"Memory 2","floor":39.0,"gold_loss":0.0,"damage_taken":5.0}],"is_beta":false,"boss_relics":[{"not_picked":["Tiny House","Black Star"],"picked":"Empty Cage"},{"not_picked":["Runic Dome","SlaversCollar"],"picked":"Philosopher\u0027s Stone"}],"items_purged_floors":[21],"is_endless":false,"potions_floor_spawned":[1,3,8,20,24,28,29,36,38,41,42],"ascension_level":15}}