{"host":"Ceyx","time":1609699202,"event":{"mods":["BaseMod","Beaked The Cultist","BetterRewards","Conspire","Downfall","Hubris","Minty Spire (QoL Compilation)","StSLib","The Jungle"],"gold_per_floor":[109,123,48,48,48,87,87,100,176,192,267,267,267],"floor_reached":12,"playtime":351,"items_purged":["beaked:Strike_Y"],"score":103,"play_id":"a31c05df-b8a1-4f43-8891-e987a01588eb","local_time":"20210104014002","is_ascension_mode":false,"campfire_choices":[{"data":"beaked:Ceremony","floor":7.0,"key":"SMITH"}],"circlet_count":0,"master_deck":["beaked:Strike_Y","beaked:Strike_Y","beaked:Strike_Y","beaked:Strike_Y","beaked:Strike_Y","beaked:Defend_Y","beaked:Defend_Y","beaked:Defend_Y","beaked:Defend_Y","beaked:Ceremony+1","beaked:Ceremony","beaked:Ceremony","beaked:DigDeep","beaked:MimicMachine","beaked:Evade","beaked:Insight","beaked:WarriorEssence"],"relics":["beaked:MendingPlumage","NeowsBlessing","Golden Idol","Turnip","The Courier"],"acts_visited":["Exordium"],"potions_floor_usage":[],"damage_taken":[{"damage":0.0,"enemies":"Cultist","floor":1.0,"turns":1.0},{"damage":0.0,"enemies":"Small Slimes","floor":2.0,"turns":1.0},{"damage":0.0,"enemies":"Gremlin Nob","floor":6.0,"turns":2.0},{"damage":2.0,"enemies":"2 Louse","floor":8.0,"turns":4.0},{"damage":10.0,"enemies":"Looter","floor":10.0,"turns":4.0},{"damage":49,"enemies":"3 Sentries","floor":12,"turns":6}],"seed_played":"3580945446976245301","potions_obtained":[{"floor":6.0,"key":"Block Potion"}],"is_trial":false,"path_per_floor":["M","M","$","?","?","E","R","M","T","M","?","E"],"character_chosen":"BEAKED_THE_CULTIST","items_purchased":[],"campfire_rested":0,"item_purchase_floors":[],"current_hp_per_floor":[50,50,50,38,38,47,47,50,50,50,39,11,11],"gold":267,"neow_bonus":"THREE_ENEMY_KILL","is_daily":false,"chose_seed":false,"campfire_upgraded":1,"win_rate":0.0,"timestamp":1609699202,"path_taken":["M","?","$","?","?","E","R","M","T","M","?","E"],"items_purchased_type":[],"build_version":"2020-12-18","purchased_purges":1,"victory":false,"max_hp_per_floor":[50,50,50,50,50,50,50,50,50,50,50,50,50],"card_choices":[{"not_picked":["beaked:Daydream","beaked:Tradeoff"],"picked":"beaked:DigDeep","floor":1.0},{"not_picked":["beaked:Roost","beaked:Negation"],"picked":"beaked:MimicMachine","floor":2.0},{"not_picked":["beaked:Redirect","beaked:Flinch"],"picked":"beaked:Evade","floor":6.0},{"not_picked":["beaked:BloodForTheGods","beaked:SacrificialScars"],"picked":"beaked:Insight","floor":8.0},{"not_picked":["beaked:SacrificialDive","beaked:Cower"],"picked":"beaked:WarriorEssence","floor":10.0}],"player_experience":493269,"relics_obtained":[{"floor":6.0,"key":"Turnip"},{"floor":9.0,"key":"The Courier"}],"event_choices":[{"damage_healed":0.0,"max_hp_gain":0.0,"max_hp_loss":0.0,"gold_gain":0.0,"event_name":"Golden Idol","player_choice":"Take Damage","floor":4.0,"gold_loss":0.0,"damage_taken":12.0,"relics_obtained":["Golden Idol"]},{"damage_healed":0.0,"max_hp_gain":0.0,"max_hp_loss":0.0,"gold_gain":0.0,"event_name":"conspire:Investor","player_choice":"Leave","floor":5.0,"gold_loss":0.0,"damage_taken":0.0},{"damage_healed":0.0,"max_hp_gain":0.0,"max_hp_loss":0.0,"gold_gain":75.0,"event_name":"World of Goop","player_choice":"Gather Gold","floor":11.0,"gold_loss":0.0,"damage_taken":11.0}],"is_beta":true,"boss_relics":[],"items_purged_floors":[3],"is_endless":false,"potions_floor_spawned":[6],"killed_by":"3 Sentries","ascension_level":0}}