{"host":"c3lc60y5x60jlt1y","time":1609650301,"event":{"mods":["AchievementEnabler","BaseMod","Colored Map","Minty Spire (QoL Compilation)","Quick Restart","StSLib"],"gold_per_floor":[109,109,184,184,3,30,30,59,83,3,32,42,56,56,56,152,152,128,53,3,18,31,31,31],"floor_reached":23,"playtime":1236,"items_purged":[],"score":501,"play_id":"9aff5e2b-7fc7-4330-83fc-fd2b2923b900","local_time":"20210103070501","is_ascension_mode":true,"campfire_choices":[{"data":"Terror","floor":7,"key":"SMITH"},{"floor":15,"key":"REST"}],"circlet_count":0,"master_deck":["AscendersBane","Strike_G","Strike_G","Strike_G","Strike_G","Defend_G","Defend_G","Defend_G","Defend_G","Defend_G","Survivor","Neutralize","Escape Plan","Endless Agony","Terror+1","Bouncing Flask","Masterful Stab","All Out Attack","Noxious Fumes","PiercingWail","Wraith Form v2","Noxious Fumes","Tactician+1","Blade Dance+1"],"relics":["Ring of the Snake","NeowsBlessing","Centennial Puzzle","Membership Card","Orichalcum","Matryoshka","Boot","Pen Nib","Incense Burner","Golden Idol","SacredBark"],"acts_visited":["Exordium","TheCity"],"potions_floor_usage":[11,12,16,21,22],"damage_taken":[{"damage":0,"enemies":"Jaw Worm","floor":1,"turns":1},{"damage":0,"enemies":"Lagavulin","floor":6,"turns":1},{"damage":0,"enemies":"Gremlin Nob","floor":8,"turns":1},{"damage":9,"enemies":"3 Sentries","floor":11,"turns":6},{"damage":0,"enemies":"2 Louse","floor":12,"turns":3},{"damage":0,"enemies":"Cultist","floor":13,"turns":3},{"damage":31,"enemies":"Slime Boss","floor":16,"turns":10},{"damage":12,"enemies":"2 Thieves","floor":18,"turns":4},{"damage":9,"enemies":"3 Byrds","floor":21,"turns":3},{"damage":5,"enemies":"Centurion and Healer","floor":22,"turns":8},{"damage":26,"enemies":"Gremlin Leader","floor":23,"turns":4}],"seed_played":"-2234801334344210380","potions_obtained":[{"floor":1,"key":"ColorlessPotion"},{"floor":8,"key":"GamblersBrew"},{"floor":11,"key":"Fruit Juice"},{"floor":18,"key":"Explosive Potion"},{"floor":21,"key":"Strength Potion"}],"is_trial":false,"path_per_floor":["M","?","?","?","$","E","R","E","T","$","E","M","M","?","R","B",null,"M","?","?","M","M","E"],"character_chosen":"THE_SILENT","items_purchased":["Membership Card","Endless Agony","Masterful Stab","All Out Attack"],"campfire_rested":1,"item_purchase_floors":[5,5,10,10],"current_hp_per_floor":[59,59,48,22,22,22,22,22,22,22,13,18,18,18,37,6,50,38,38,38,29,24,0,0],"gold":31,"neow_bonus":"THREE_ENEMY_KILL","is_daily":false,"chose_seed":false,"campfire_upgraded":1,"win_rate":0.0,"timestamp":1609650301,"path_taken":["M","?","?","?","$","E","R","E","T","?","E","M","?","?","R","BOSS","M","?","?","M","?","E"],"items_purchased_type":["Relic","Card","Card","Card"],"build_version":"2020-12-22","purchased_purges":0,"victory":false,"max_hp_per_floor":[66,66,66,66,66,66,66,66,66,66,66,71,71,64,64,64,64,64,64,64,64,64,64,64],"card_choices":[{"not_picked":["Concentrate","Riddle With Holes"],"picked":"Escape Plan","floor":1},{"not_picked":["Prepared","Bane"],"picked":"Terror","floor":6},{"not_picked":["Flying Knee","Concentrate"],"picked":"Bouncing Flask","floor":8},{"not_picked":["Riddle With Holes","Prepared","Sucker Punch"],"picked":"SKIP","floor":11},{"not_picked":["Quick Slash","Outmaneuver"],"picked":"Noxious Fumes","floor":12},{"not_picked":["Quick Slash","Outmaneuver"],"picked":"PiercingWail","floor":13},{"not_picked":["Grand Finale","Phantasmal Killer"],"picked":"Wraith Form v2","floor":16},{"not_picked":["Heel Hook","Setup"],"picked":"Noxious Fumes","floor":18},{"not_picked":["Acrobatics","Bane"],"picked":"Tactician+1","floor":21},{"not_picked":["Accuracy","Deadly Poison"],"picked":"Blade Dance+1","floor":22}],"player_experience":7397930,"relics_obtained":[{"floor":6,"key":"Orichalcum"},{"floor":8,"key":"Matryoshka"},{"floor":9,"key":"Boot"},{"floor":9,"key":"Pen Nib"},{"floor":11,"key":"Incense Burner"}],"event_choices":[{"damage_healed":0,"gold_gain":0,"cards_transformed":["Strike_G"],"player_choice":"Change","damage_taken":0,"max_hp_gain":0,"max_hp_loss":0,"event_name":"Living Wall","floor":2,"gold_loss":0,"cards_obtained":["Accuracy"]},{"damage_healed":0,"gold_gain":75,"player_choice":"Gather Gold","damage_taken":11,"max_hp_gain":0,"max_hp_loss":0,"event_name":"World of Goop","floor":3,"gold_loss":0},{"damage_healed":0,"gold_gain":0,"player_choice":"Success","damage_taken":26,"relics_obtained":["Centennial Puzzle"],"max_hp_gain":0,"max_hp_loss":0,"event_name":"Scrap Ooze","floor":4,"gold_loss":0},{"damage_healed":0,"gold_gain":0,"player_choice":"Lose Max HP","damage_taken":0,"relics_obtained":["Golden Idol"],"max_hp_gain":0,"max_hp_loss":7,"event_name":"Golden Idol","floor":14,"gold_loss":0},{"cards_removed":["Accuracy"],"damage_healed":0,"gold_gain":0,"player_choice":"Gave Gold","damage_taken":0,"max_hp_gain":0,"max_hp_loss":0,"event_name":"Beggar","floor":19,"gold_loss":75},{"damage_healed":0,"gold_gain":0,"player_choice":"Bet on Murderer","damage_taken":0,"max_hp_gain":0,"max_hp_loss":0,"event_name":"The Joust","floor":20,"gold_loss":50}],"is_beta":false,"boss_relics":[{"not_picked":["Snecko Eye","Coffee Dripper"],"picked":"SacredBark"}],"items_purged_floors":[],"is_endless":false,"potions_floor_spawned":[1,8,11,18,21],"killed_by":"Gremlin Leader","ascension_level":19}}