{"host":"y89x8uui45kcjy42","time":1609658711,"event":{"mods":["2.2 Compatiblity","BaseMod","CapriCore","Colored Map","Colored Powertips","Custom Start","Friendly Minions","Keyboard Shortcuts","Minty Spire (QoL Compilation)","Relic Stats","Slay the Relics Exporter","StSLib","SuperFastMode"],"gold_per_floor":[359,371,381,59,79,79,4,4,27,61,81,81,92,109,109,188,188,208,223,242,256,169,204,204,218,218,245,258,183,200,150,150,221,221,237,252,277,297,312,344,344,344,344,360,33,45,45,56,56,56,56],"floor_reached":50,"playtime":1716,"items_purged":["Bite"],"score":1144,"play_id":"83bce20b-1824-4f61-bff2-a24395d22802","local_time":"20210103162511","is_ascension_mode":true,"campfire_choices":[{"data":"1","floor":6,"key":"LIFT"},{"data":"2","floor":8,"key":"LIFT"},{"data":"3","floor":15,"key":"LIFT"},{"data":"Limit Break","floor":24,"key":"SMITH"},{"data":"Seeing Red","floor":32,"key":"SMITH"},{"floor":41,"key":"RECALL"},{"data":"MasterReality","floor":49,"key":"SMITH"}],"circlet_count":0,"master_deck":["Bite","Bite","Bite","After Image","After Image","After Image","After Image","BattleHymn","MasterReality+1","Battle Trance","Seeing Red+1","Shrug It Off","Limit Break+1","Entrench+1","Evolve","Juggernaut","Feel No Pain+1","Panacea"],"relics":["Burning Blood","Coffee Dripper","Girya","Toy Ornithopter","Cursed Key","Omamori","CaptainsWheel","Pear","Potion Belt","Calipers","SacredBark","Turnip","Du-Vu Doll","Shovel","TungstenRod"],"acts_visited":["Exordium","TheCity","TheBeyond"],"potions_floor_usage":[19,23,38,50],"damage_taken":[{"damage":8,"enemies":"Small Slimes","floor":1,"turns":5},{"damage":0,"enemies":"Cultist","floor":2,"turns":5},{"damage":12,"enemies":"Jaw Worm","floor":3,"turns":4},{"damage":18,"enemies":"3 Louse","floor":5,"turns":4},{"damage":10,"enemies":"3 Sentries","floor":10,"turns":6},{"damage":29,"enemies":"Gremlin Gang","floor":11,"turns":5},{"damage":0,"enemies":"Large Slime","floor":13,"turns":4},{"damage":9,"enemies":"2 Fungi Beasts","floor":14,"turns":3},{"damage":42,"enemies":"Hexaghost","floor":16,"turns":8},{"damage":9,"enemies":"2 Thieves","floor":18,"turns":3},{"damage":3,"enemies":"3 Byrds","floor":19,"turns":4},{"damage":4,"enemies":"Centurion and Healer","floor":20,"turns":5},{"damage":1,"enemies":"Cultist and Chosen","floor":21,"turns":6},{"damage":14,"enemies":"Book of Stabbing","floor":23,"turns":5},{"damage":13,"enemies":"Snecko","floor":25,"turns":4},{"damage":46,"enemies":"Gremlin Leader","floor":27,"turns":5},{"damage":10,"enemies":"3 Cultists","floor":28,"turns":4},{"damage":19,"enemies":"Centurion and Healer","floor":30,"turns":3},{"damage":26,"enemies":"Collector","floor":33,"turns":5},{"damage":11,"enemies":"Orb Walker","floor":35,"turns":3},{"damage":34,"enemies":"3 Darklings","floor":36,"turns":4},{"damage":0,"enemies":"Mind Bloom Boss Battle","floor":37,"turns":5},{"damage":22,"enemies":"Jaw Worm Horde","floor":38,"turns":4},{"damage":25,"enemies":"Spire Growth","floor":39,"turns":4},{"damage":13,"enemies":"Nemesis","floor":40,"turns":5},{"damage":2,"enemies":"4 Shapes","floor":44,"turns":4},{"damage":1,"enemies":"Transient","floor":46,"turns":6},{"damage":0,"enemies":"Sphere and 2 Shapes","floor":48,"turns":4},{"damage":108,"enemies":"Awakened One","floor":50,"turns":4}],"seed_played":"-7144579630759850454","potions_obtained":[{"floor":1,"key":"GamblersBrew"},{"floor":3,"key":"Fire Potion"},{"floor":5,"key":"DuplicationPotion"},{"floor":20,"key":"ElixirPotion"},{"floor":23,"key":"Dexterity Potion"},{"floor":28,"key":"SteroidPotion"},{"floor":33,"key":"ElixirPotion"},{"floor":35,"key":"Strength Potion"},{"floor":36,"key":"Energy Potion"},{"floor":44,"key":"ElixirPotion"},{"floor":48,"key":"PowerPotion"}],"is_trial":false,"path_per_floor":["M","M","M","$","M","R","$","R","T","E","M","?","M","M","R","B",null,"M","M","M","M","$","E","R","M","T","E","M","?","M","?","R","B",null,"M","M","?","M","M","E","R","?","T","M","$","M","$","M","R","B"],"character_chosen":"IRONCLAD","items_purchased":["Girya","Evolve","TungstenRod"],"campfire_rested":0,"item_purchase_floors":[4,22,45],"current_hp_per_floor":[64,75,75,75,75,75,75,75,75,75,66,85,85,85,85,75,83,85,85,85,85,85,85,85,80,90,64,74,74,65,65,65,59,86,87,69,85,82,73,78,78,68,68,76,76,95,95,95,95,0,0],"gold":56,"neow_bonus":"TWO_FIFTY_GOLD","is_daily":false,"chose_seed":false,"campfire_upgraded":3,"win_rate":0.0,"timestamp":1609658711,"path_taken":["M","M","M","$","M","R","$","R","T","E","M","?","?","M","R","BOSS","M","?","?","M","$","E","R","M","T","E","M","?","M","?","R","BOSS","M","?","?","M","M","E","R","?","T","M","$","?","?","M","R","BOSS"],"items_purchased_type":["Relic","Card","Relic"],"build_version":"2020-12-22","purchased_purges":1,"victory":false,"max_hp_per_floor":[75,75,75,75,75,75,75,75,75,75,75,85,85,85,85,85,85,85,85,85,85,85,85,85,85,95,95,95,95,95,95,95,95,95,95,95,95,95,95,95,95,95,95,95,95,95,95,95,95,95,95],"relic_stats":{"Shovel":0,"counters":[29,131],"Turnip":[5],"Cursed Key":2,"obtain_stats":[{"Potion Belt":27,"Girya":4,"Pear":26,"Calipers":28,"SacredBark":34,"Omamori":17,"Cursed Key":17,"Burning Blood":0,"Du-Vu Doll":40,"CaptainsWheel":23,"Shovel":43,"Turnip":37,"Coffee Dripper":2,"Toy Ornithopter":10,"TungstenRod":45},{"Potion Belt":16,"Girya":3,"Pear":15,"Calipers":17,"SacredBark":19,"Omamori":9,"Cursed Key":9,"Burning Blood":0,"Du-Vu Doll":25,"CaptainsWheel":14,"Shovel":25,"Turnip":22,"Coffee Dripper":2,"Toy Ornithopter":5,"TungstenRod":26},{"Potion Belt":76,"Girya":14,"Pear":71,"Calipers":80,"SacredBark":88,"Omamori":44,"Cursed Key":44,"Burning Blood":0,"Du-Vu Doll":113,"CaptainsWheel":67,"Shovel":113,"Turnip":100,"Coffee Dripper":10,"Toy Ornithopter":24,"TungstenRod":117}],"Burning Blood":101,"Toy Ornithopter":10,"TungstenRod":12},"card_choices":[{"not_picked":["Rampage","Headbutt"],"picked":"Battle Trance","floor":1},{"not_picked":["Uppercut","Heavy Blade","Twin Strike"],"picked":"SKIP","floor":2},{"not_picked":["Cleave","Spot Weakness","Pommel Strike"],"picked":"SKIP","floor":3},{"not_picked":["Clash","True Grit"],"picked":"Seeing Red","floor":5},{"not_picked":["True Grit","Heavy Blade"],"picked":"Shrug It Off","floor":10},{"not_picked":["Clothesline","Armaments","Cleave"],"picked":"SKIP","floor":11},{"not_picked":["Feed","Twin Strike","Warcry"],"picked":"SKIP","floor":13},{"not_picked":["Thunderclap","Combust","Spot Weakness"],"picked":"SKIP","floor":14},{"not_picked":["Reaper","Demon Form"],"picked":"Limit Break","floor":16},{"not_picked":["Warcry","Perfected Strike"],"picked":"Entrench+1","floor":18},{"not_picked":["Shrug It Off","Thunderclap","Perfected Strike"],"picked":"SKIP","floor":19},{"not_picked":["Armaments","Pummel","Uppercut"],"picked":"SKIP","floor":20},{"not_picked":["Armaments+1","Anger","Clothesline"],"picked":"SKIP","floor":21},{"not_picked":["Sever Soul","Pommel Strike"],"picked":"Juggernaut","floor":23},{"not_picked":["Bloodletting","Headbutt","Sword Boomerang"],"picked":"SKIP","floor":25},{"not_picked":["Anger","Rage","Disarm"],"picked":"SKIP","floor":27},{"not_picked":["Rupture","Armaments","Flex"],"picked":"SKIP","floor":28},{"not_picked":["Shrug It Off","Clothesline","Dual Wield"],"picked":"SKIP","floor":30},{"not_picked":["Anger","Flex+1","Wild Strike"],"picked":"SKIP","floor":35},{"not_picked":["Carnage","Clash","Heavy Blade"],"picked":"SKIP","floor":36},{"not_picked":["Flex","Brutality","Iron Wave"],"picked":"SKIP","floor":38},{"not_picked":["Power Through","Headbutt","Clothesline"],"picked":"SKIP","floor":39},{"not_picked":["Clash","Iron Wave"],"picked":"Feel No Pain+1","floor":40},{"not_picked":["Impatience","Thinking Ahead"],"picked":"Panacea","floor":42},{"not_picked":["Entrench","Sword Boomerang","Warcry"],"picked":"SKIP","floor":44},{"not_picked":["Pommel Strike","Second Wind+1","Metallicize"],"picked":"SKIP","floor":46},{"not_picked":["Flex+1","Pummel","Sword Boomerang"],"picked":"SKIP","floor":48}],"player_experience":542118,"relics_obtained":[{"floor":10,"key":"Toy Ornithopter"},{"floor":23,"key":"CaptainsWheel"},{"floor":26,"key":"Pear"},{"floor":27,"key":"Potion Belt"},{"floor":37,"key":"Turnip"},{"floor":40,"key":"Du-Vu Doll"},{"floor":43,"key":"Shovel"}],"event_choices":[{"cards_removed":["Machine Learning"],"damage_healed":9,"gold_gain":0,"player_choice":"Offered Rare","damage_taken":0,"max_hp_gain":10,"max_hp_loss":0,"event_name":"Bonfire Elementals","floor":12,"gold_loss":0},{"cards_removed":["Bite"],"damage_healed":0,"gold_gain":0,"player_choice":"Gave Gold","damage_taken":0,"max_hp_gain":0,"max_hp_loss":0,"event_name":"Beggar","floor":29,"gold_loss":75},{"damage_healed":0,"gold_gain":0,"player_choice":"Bet on Owner","damage_taken":0,"max_hp_gain":0,"max_hp_loss":0,"event_name":"The Joust","floor":31,"gold_loss":50},{"damage_healed":0,"gold_gain":0,"player_choice":"Fight","damage_taken":0,"max_hp_gain":0,"max_hp_loss":0,"event_name":"MindBloom","floor":37,"gold_loss":0},{"damage_healed":0,"gold_gain":0,"player_choice":"Memory 3","damage_taken":10,"max_hp_gain":0,"max_hp_loss":0,"event_name":"SensoryStone","floor":42,"gold_loss":0}],"is_beta":false,"boss_relics":[{"not_picked":["Velvet Choker","Fusion Hammer"],"picked":"Cursed Key"},{"not_picked":["Pandora\u0027s Box","Black Star"],"picked":"SacredBark"}],"items_purged_floors":[7],"is_endless":false,"potions_floor_spawned":[1,3,5,13,14,20,23,25,28,33,35,36,44,48],"killed_by":"Awakened One","ascension_level":20}}