{"host":"5e0jz0sn42a2vhx9","time":1609654960,"event":{"mods":["BaseMod","Lobotomy","Minty Spire (QoL Compilation)"],"gold_per_floor":[115,132,9999,9135,9154,9183,9195,8409,8463,8463,8482,7943,7977,7195,7195,5348,5348,5318,5318,5318],"floor_reached":19,"playtime":1484,"items_purged":["Doubt","Porccubus"],"score":197,"play_id":"fb88e775-ab56-49c2-bf47-43e46e531df6","local_time":"20210103142240","is_ascension_mode":true,"campfire_choices":[{"data":"Rupture","floor":10,"key":"SMITH"},{"data":"Armaments","floor":15,"key":"SMITH"}],"circlet_count":0,"master_deck":["Strike_R","Strike_R","Strike_R","Strike_R","Defend_R","Defend_R","Defend_R","Bash","Perfected Strike","Freischutz","Feel No Pain","Brutality","CrumblingArmor","Rupture+1","MHz","RedShoes","Body Slam","Evolve","Secret Technique","Armaments+1","Fire Breathing","LittleHelper","BigBird","OldLady","Reaper","PunishingBird"],"relics":["Burning Blood","CogitoBucket","Red Skull","Meat on the Bone","Sling","Kunai","Lantern","Boot","Strange Spoon","Omamori","TreeSap","Anchor","Strawberry","TheAbacus","Akabeko","Mark of Pain"],"acts_visited":["Exordium","TheCity"],"potions_floor_usage":[6,11,13,16,16,19],"damage_taken":[{"damage":10,"enemies":"Cultist","floor":1,"turns":5},{"damage":2,"enemies":"Jaw Worm","floor":2,"turns":3},{"damage":0,"enemies":"2 Louse","floor":5,"turns":2},{"damage":26,"enemies":"Lagavulin","floor":6,"turns":6},{"damage":20,"enemies":"Exordium Wildlife","floor":7,"turns":6},{"damage":18,"enemies":"2 Fungi Beasts","floor":11,"turns":4},{"damage":17,"enemies":"Gremlin Nob","floor":13,"turns":4},{"damage":17,"enemies":"Looter","floor":14,"turns":3},{"damage":39,"enemies":"Slime Boss","floor":16,"turns":5},{"damage":22,"enemies":"2 Thieves","floor":18,"turns":5},{"damage":138,"enemies":"Chosen","floor":19,"turns":4}],"seed_played":"-3024065869231094673","potions_obtained":[{"floor":2,"key":"ColorlessPotion"},{"floor":11,"key":"Block Potion"},{"floor":13,"key":"SpeedPotion"},{"floor":18,"key":"ColorlessPotion"}],"is_trial":false,"path_per_floor":["M","M","?","$","M","E","M","$","T","R","M","$","E","M","R","B",null,"M","M"],"character_chosen":"IRONCLAD","items_purchased":["Red Skull","Meat on the Bone","Sling","Power Through","Brutality","Swift Potion","Dexterity Potion","Lantern","Boot","Strange Spoon","Evolve","Secret Technique","Anchor","Strawberry","TheAbacus","Fire Breathing","SkillPotion"],"campfire_rested":0,"item_purchase_floors":[4,4,4,4,4,4,4,8,8,8,8,8,12,12,12,12,12],"current_hp_per_floor":[76,80,80,80,80,60,58,58,58,58,58,65,54,55,55,34,87,71,0,0],"gold":5318,"neow_bonus":"","is_daily":false,"chose_seed":false,"campfire_upgraded":2,"win_rate":0.0,"timestamp":1609654960,"path_taken":["M","M","?","$","M","E","M","$","T","R","M","$","E","M","R","BOSS","M","M"],"items_purchased_type":["Relic","Relic","Relic","Card","Card","Potion","Potion","Card","Relic","Relic","Card","Card","Relic","Relic","Relic","Card","Potion"],"build_version":"2020-12-22","purchased_purges":2,"victory":false,"max_hp_per_floor":[80,80,80,80,80,80,80,80,80,80,80,87,87,87,87,87,87,87,87,87],"card_choices":[{"not_picked":["CherryBlossoms","FairyFestival"],"picked":"Porccubus","floor":1},{"not_picked":["Iron Wave","Pummel"],"picked":"Perfected Strike","floor":1},{"not_picked":["LongBird","BeautyBeast"],"picked":"Freischutz","floor":2},{"not_picked":["Sword Boomerang","Clothesline"],"picked":"Feel No Pain","floor":2},{"not_picked":["MeatLantern","FairyFestival"],"picked":"CrumblingArmor","floor":5},{"not_picked":["Wild Strike","Searing Blow"],"picked":"Rupture","floor":5},{"not_picked":["Variant","OSAHOGD"],"picked":"MHz","floor":6},{"not_picked":["Inflame","Warcry","Flex"],"picked":"SKIP","floor":6},{"not_picked":["OSAHOGD","BlackSwan"],"picked":"RedShoes","floor":7},{"not_picked":["Dark Embrace","Headbutt"],"picked":"Body Slam","floor":7},{"not_picked":["Flame Barrier","True Grit"],"picked":"Armaments","floor":11},{"not_picked":["Murderer","SpiderBud"],"picked":"LittleHelper","floor":13},{"not_picked":["Clash","Carnage","Havoc"],"picked":"SKIP","floor":13},{"not_picked":["Clash","Carnage","Havoc"],"picked":"SKIP","floor":13},{"not_picked":["Funeral","BeautyBeast"],"picked":"BigBird","floor":14},{"not_picked":["Cleave","True Grit","Demon Form"],"picked":"SKIP","floor":14},{"not_picked":["ShyLook","MeatLantern"],"picked":"OldLady","floor":16},{"not_picked":["Immolate","Bludgeon"],"picked":"Reaper","floor":16},{"not_picked":["SpiderBud","Scorched"],"picked":"PunishingBird","floor":18},{"not_picked":["Headbutt+1","Cleave","Intimidate"],"picked":"SKIP","floor":18}],"player_experience":341938,"relics_obtained":[{"floor":6,"key":"Kunai"},{"floor":9,"key":"Omamori"},{"floor":13,"key":"Akabeko"}],"event_choices":[{"damage_healed":0,"gold_gain":175,"player_choice":"AGREE","damage_taken":0,"max_hp_gain":0,"max_hp_loss":0,"event_name":"Liars Game","floor":3,"gold_loss":0,"cards_obtained":["Doubt"]}],"is_beta":false,"boss_relics":[{"not_picked":["Sozu","Runic Dome"],"picked":"Mark of Pain"}],"items_purged_floors":[4,8],"is_endless":false,"potions_floor_spawned":[2,5,11,13,18],"killed_by":"Chosen","ascension_level":2}}