{"host":"rmsq46plbpwfbxcc","time":1609688248,"event":{"mods":["AchievementEnabler","BaseMod","Colored Map","Colored Powertips","DeckTracker","KOR Keyword Fix","Minty Spire (QoL Compilation)","Permanent Neow","Quick Restart","SuperFastMode"],"gold_per_floor":[113,132,152,227,177,177,189,189,189,230,242,254,266,298,310,427,439,469,406,423,348,348,348,375,375,375,375,375,375],"floor_reached":28,"playtime":623,"items_purged":["Defend_G"],"score":271,"play_id":"fc66b967-ca45-43e2-a433-397fb7226c40","local_time":"20210104003728","is_ascension_mode":true,"campfire_choices":[{"data":"Neutralize","floor":6.0,"key":"SMITH"},{"data":"Blade Dance","floor":8.0,"key":"SMITH"},{"data":"Survivor","floor":12,"key":"SMITH"},{"data":"Dagger Throw","floor":15,"key":"SMITH"},{"data":"Terror","floor":23,"key":"SMITH"},{"data":"Burst","floor":25,"key":"SMITH"}],"circlet_count":0,"master_deck":["Strike_G","Defend_G","Defend_G","Defend_G","Survivor+1","Neutralize+1","Bullet Time+1","All Out Attack+1","Underhanded Strike+1","PiercingWail","Blade Dance+1","Dagger Throw+1","Burst+1","Terror+1"],"relics":["Astrolabe","MawBank","Sundial","SlaversCollar","Pocketwatch","Smiling Mask"],"acts_visited":["Exordium","TheCity"],"potions_floor_usage":[16,22],"damage_taken":[{"damage":7.0,"enemies":"Jaw Worm","floor":1.0,"turns":2.0},{"damage":0.0,"enemies":"2 Louse","floor":2.0,"turns":1.0},{"damage":0.0,"enemies":"Small Slimes","floor":3.0,"turns":3.0},{"damage":0.0,"enemies":"Looter","floor":7.0,"turns":3.0},{"damage":2.0,"enemies":"Gremlin Nob","floor":10.0,"turns":4.0},{"damage":0,"enemies":"Exordium Thugs","floor":14,"turns":4},{"damage":33,"enemies":"Slime Boss","floor":16,"turns":11},{"damage":4,"enemies":"Shell Parasite","floor":18,"turns":6},{"damage":16,"enemies":"2 Thieves","floor":20,"turns":5},{"damage":1,"enemies":"Centurion and Healer","floor":22,"turns":2},{"damage":28,"enemies":"Slavers","floor":24,"turns":6},{"damage":13,"enemies":"Snake Plant","floor":28,"turns":1}],"seed_played":"7631691847819349370","potions_obtained":[{"floor":2.0,"key":"SkillPotion"},{"floor":3.0,"key":"LiquidMemories"},{"floor":7.0,"key":"Fruit Juice"},{"floor":20,"key":"SmokeBomb"}],"is_trial":false,"path_per_floor":["M","M","M","?","?","R","M","R","T","E","?","R","$","M","R","B",null,"M","$","M","?","M","R","E","R","T","?","M"],"character_chosen":"THE_SILENT","items_purchased":[],"campfire_rested":0,"item_purchase_floors":[],"current_hp_per_floor":[63,63,63,52,52,52,57,57,57,55,55,55,55,55,55,22,75,71,71,55,55,54,54,26,26,26,12,0,0],"gold":375,"neow_bonus":"BOSS_RELIC","is_daily":false,"chose_seed":false,"campfire_upgraded":6,"win_rate":0.0,"timestamp":1609688248,"path_taken":["M","M","M","?","?","R","M","R","T","E","?","R","$","M","R","BOSS","M","$","M","?","M","R","E","R","T","?","M"],"items_purchased_type":[],"build_version":"2020-12-22","purchased_purges":1,"victory":false,"max_hp_per_floor":[70,70,70,70,70,70,75,75,75,75,75,75,75,75,75,75,75,75,75,75,75,75,75,75,75,75,80,80,80],"card_choices":[{"not_picked":["Deflect","Poisoned Stab","Heel Hook"],"picked":"SKIP","floor":1.0},{"not_picked":["Bane","Sucker Punch"],"picked":"PiercingWail","floor":2.0},{"not_picked":["Quick Slash","Expertise","Bane"],"picked":"SKIP","floor":3.0},{"not_picked":["Flying Knee","Deadly Poison"],"picked":"Blade Dance","floor":7.0},{"not_picked":["Tools of the Trade","Slice","Deadly Poison"],"picked":"SKIP","floor":10.0},{"not_picked":["Calculated Gamble","Predator"],"picked":"Dagger Throw","floor":14},{"not_picked":["A Thousand Cuts","Doppelganger"],"picked":"Burst","floor":16},{"not_picked":["Calculated Gamble+1","Riddle With Holes+1","Dodge and Roll"],"picked":"SKIP","floor":18},{"not_picked":["Crippling Poison","PiercingWail+1"],"picked":"Terror","floor":20},{"not_picked":["PiercingWail","Eviscerate","Dodge and Roll+1"],"picked":"SKIP","floor":24}],"player_experience":636169,"relics_obtained":[{"floor":9.0,"key":"MawBank"},{"floor":10.0,"key":"Sundial"},{"floor":24,"key":"Pocketwatch"},{"floor":26,"key":"Smiling Mask"}],"event_choices":[{"damage_healed":0.0,"max_hp_gain":0.0,"max_hp_loss":0.0,"gold_gain":75.0,"event_name":"World of Goop","player_choice":"Gather Gold","floor":4.0,"gold_loss":0.0,"damage_taken":11.0},{"cards_removed":["Strike_G"],"damage_healed":0.0,"max_hp_gain":0.0,"max_hp_loss":0.0,"gold_gain":0.0,"event_name":"The Cleric","player_choice":"Card Removal","floor":5.0,"gold_loss":50.0,"damage_taken":0.0},{"damage_healed":0,"gold_gain":0,"player_choice":"Ignored","damage_taken":0,"max_hp_gain":0,"max_hp_loss":0,"event_name":"Shining Light","floor":11,"gold_loss":0},{"cards_removed":["Strike_G"],"damage_healed":0,"gold_gain":0,"player_choice":"Gave Gold","damage_taken":0,"max_hp_gain":0,"max_hp_loss":0,"event_name":"Beggar","floor":21,"gold_loss":75},{"damage_healed":0,"gold_gain":0,"player_choice":"Shed Blood","damage_taken":19,"max_hp_gain":5,"max_hp_loss":0,"event_name":"Forgotten Altar","floor":27,"gold_loss":0}],"is_beta":false,"boss_relics":[{"not_picked":["Ectoplasm","Velvet Choker"],"picked":"SlaversCollar"}],"items_purged_floors":[19],"is_endless":false,"potions_floor_spawned":[2,3,7,20],"killed_by":"Snake Plant","ascension_level":3}}