{"host":"uyrebrj0204enqpc","time":1609705184,"event":{"mods":["Act Like it!","Bard","BaseMod","Block Reminder","Challenge The Spire","Colored Map","Colored Powertips","DeckTracker","Downfall","GifTheSpireLib","HexUI Lib","Highlight Path","Hubris","Infinite Spire","Minty Spire (QoL Compilation)","Pale of the Ancients","Quick Restart","Random Character Button","Relic Sorter","Relic Stats","Replay The Spire","Shop Mod","StSLib","The Blue Laboratory","The Bug Knight","The Cursed","The Jungle","The Marked","Wandering Minibosses"],"gold_per_floor":[114,133,370,385,385,416,416,416,416,416,416,416,434,464,464,561,561,579,591,591,606,620,620,648,648,648,648],"floor_reached":25,"playtime":1608,"items_purged":[],"score":254,"play_id":"faf35800-e759-4208-aba1-253b10303ce2","local_time":"20210103151944","is_ascension_mode":true,"campfire_choices":[{"data":"Guardian:Planning","floor":11,"key":"SMITH"},{"floor":15,"key":"REST"},{"floor":23,"key":"REST"}],"circlet_count":0,"master_deck":["Guardian:Strike_Guardian","Guardian:Strike_Guardian","Guardian:Strike_Guardian","Guardian:Defend_Guardian","Guardian:Defend_Guardian","Guardian:Defend_Guardian","Guardian:CurlUp","Guardian:TwinSlam","Guardian:Suspension","Guardian:Planning+1","Guardian:CompilePackage","Guardian:Emergency","Guardian:TemporalStrike","Guardian:TimeSifter","Guardian:ChargeCore","Guardian:TemporalStrike","Guardian:ChargeCore","Guardian:VentSteam"],"relics":["Guardian:ModeShifter","NeowsBlessing","Old Coin","HornCleat","Guardian:PickAxe","infinitespire:BottledMercury","infinitespire:FocusingShard","GremlinMask","Omamori","SacredBark","hubris:64BitClover"],"acts_visited":["Exordium","Exordium"],"potions_floor_usage":[24],"damage_taken":[{"damage":0,"enemies":"infinitespire:Voidling","floor":1,"turns":1},{"damage":0,"enemies":"Jaw Worm","floor":2,"turns":1},{"damage":0,"enemies":"Cultist","floor":4,"turns":1},{"damage":24,"enemies":"Lagavulin","floor":6,"turns":7},{"damage":14,"enemies":"Lagavulin","floor":7,"turns":3},{"damage":0,"enemies":"2 Fungi Beasts","floor":13,"turns":2},{"damage":16,"enemies":"Replay:BlueRogue","floor":14,"turns":5},{"damage":23,"enemies":"Slime Boss","floor":16,"turns":9},{"damage":6,"enemies":"theJungle:MUSHROOMGANG","floor":18,"turns":3},{"damage":21,"enemies":"theJungle:GiantWrat","floor":19,"turns":7},{"damage":23,"enemies":"theJungle:2_Flameangoes","floor":21,"turns":6},{"damage":20,"enemies":"theJungle:2_Snecko_Cultists","floor":22,"turns":6},{"damage":7,"enemies":"theJungle:MamaSnecko","floor":24,"turns":6},{"damage":27,"enemies":"theJungle:JungleHuntersEncounter","floor":25,"turns":5}],"seed_played":"5231753108271549243","potions_obtained":[{"floor":16,"key":"blueLaboratory:BottledHope"},{"floor":24,"key":"Fire Potion"}],"is_trial":false,"path_per_floor":["M","M","?","M","?","E","?","R","T","?","R","?","M","E","R","B",null,"M","M","?","M","M","R","E","M"],"character_chosen":"GUARDIAN","items_purchased":[],"campfire_rested":2,"item_purchase_floors":[],"current_hp_per_floor":[80,80,80,80,80,56,36,36,36,36,36,36,36,20,44,21,80,74,53,53,30,10,34,27,0,0,0],"gold":648,"neow_bonus":"THREE_ENEMY_KILL","is_daily":false,"chose_seed":false,"campfire_upgraded":1,"win_rate":0.0,"timestamp":1609705184,"path_taken":["M","?","?","?","?","E","?","R","T","?","R","?","M","E","R","BOSS","M","M","?","M","M","R","E","M"],"items_purchased_type":[],"build_version":"2020-12-22","purchased_purges":0,"victory":false,"max_hp_per_floor":[80,80,80,80,80,80,80,80,80,80,80,80,80,80,80,80,80,80,80,80,80,80,80,80,80,80,80],"relic_stats":{"counters":[14,60],"obtain_stats":[{"Guardian:PickAxe":7,"infinitespire:BottledMercury":9,"HornCleat":6,"NeowsBlessing":0,"hubris:64BitClover":24,"SacredBark":17,"Guardian:ModeShifter":0,"GremlinMask":12,"infinitespire:FocusingShard":10,"Omamori":14,"Old Coin":3},{"Guardian:PickAxe":5,"infinitespire:BottledMercury":5,"HornCleat":4,"NeowsBlessing":0,"hubris:64BitClover":13,"SacredBark":8,"Guardian:ModeShifter":0,"GremlinMask":5,"infinitespire:FocusingShard":5,"Omamori":7,"Old Coin":2},{"Guardian:PickAxe":11,"infinitespire:BottledMercury":11,"HornCleat":9,"NeowsBlessing":0,"hubris:64BitClover":55,"SacredBark":27,"Guardian:ModeShifter":0,"GremlinMask":11,"infinitespire:FocusingShard":11,"Omamori":18,"Old Coin":2}]},"card_choices":[{"not_picked":["Guardian:TemporalStrike","Guardian:RefractedBeam"],"picked":"Guardian:Suspension","floor":1},{"not_picked":["Guardian:RollAttack","Guardian:Repulse"],"picked":"Guardian:Planning","floor":2},{"not_picked":["Guardian:CrystalBeam","Guardian:Gem_Cyan"],"picked":"Guardian:CompilePackage","floor":4},{"not_picked":["Guardian:Gem_Red","Guardian:Gem_Lightblue","Guardian:FloatingOrbs"],"picked":"SKIP","floor":6},{"not_picked":["Guardian:Gem_Red","Guardian:Gem_Cyan"],"picked":"Guardian:Emergency","floor":13},{"not_picked":["Guardian:CrystalBeam","Guardian:Gem_Crimson"],"picked":"Guardian:TemporalStrike","floor":14},{"not_picked":["Guardian:GatlingBeam","Guardian:GemFire"],"picked":"Guardian:TimeSifter","floor":16},{"not_picked":["Guardian:FloatingOrbs","Guardian:DonusPower"],"picked":"Guardian:ChargeCore","floor":18},{"not_picked":["Guardian:SpikerProtocol","Guardian:Gem_Green"],"picked":"Guardian:Gem_Yellow","floor":19},{"not_picked":["Guardian:Recover","Guardian:Incinerate"],"picked":"Guardian:TemporalStrike","floor":21},{"not_picked":["Guardian:GemFinder","Guardian:MultiBeam"],"picked":"Guardian:ChargeCore","floor":22},{"not_picked":["Guardian:Recover","Guardian:PiercingHide"],"picked":"Guardian:VentSteam","floor":24}],"player_experience":1035162,"relics_obtained":[{"floor":6,"key":"HornCleat"},{"floor":9,"key":"infinitespire:BottledMercury"},{"floor":10,"key":"infinitespire:FocusingShard"},{"floor":14,"key":"Omamori"},{"floor":24,"key":"hubris:64BitClover"}],"event_choices":[{"damage_healed":0,"gold_gain":0,"player_choice":"Paid Gold","damage_taken":0,"relics_obtained":["Old Coin"],"max_hp_gain":0,"max_hp_loss":0,"event_name":"WeMeetAgain","floor":3,"gold_loss":63},{"damage_healed":0,"gold_gain":0,"player_choice":"Trade","damage_taken":0,"relics_obtained":["GremlinMask"],"max_hp_gain":0,"max_hp_loss":0,"event_name":"FaceTrader","floor":12,"gold_loss":0}],"is_beta":false,"boss_relics":[{"not_picked":["Guardian:StasisSlotReductionRelic","hubris:HollowSoul"],"picked":"SacredBark"}],"items_purged_floors":[],"is_endless":false,"potions_floor_spawned":[7,16,24],"killed_by":"theJungle:JungleHuntersEncounter","ascension_level":2}}