{"host":"gg","time":1609692310,"event":{"mods":["BaseMod","Colored Map","Googly Eyes","Minty Spire (QoL Compilation)","Permanent Neow","Relic Stats","The IronCluck"],"gold_per_floor":[114,129,145,159,159,186,203,203,203],"floor_reached":8,"playtime":520,"items_purged":[],"score":105,"play_id":"36245405-7fcc-4650-abf6-38482e7c79ee","local_time":"20210103084510","is_ascension_mode":true,"campfire_choices":[],"circlet_count":0,"master_deck":["AscendersBane","Strike_P","Strike_P","Strike_P","Strike_P","Defend_P","Defend_P","Defend_P","Defend_P","Eruption","Vigilance","Halt","JustLucky","SandsOfTime"],"relics":["Busted Crown","Pear","Yang"],"acts_visited":["Exordium"],"potions_floor_usage":[4,7],"damage_taken":[{"damage":0,"enemies":"Cultist","floor":1,"turns":2},{"damage":3,"enemies":"Small Slimes","floor":2,"turns":3},{"damage":2,"enemies":"2 Louse","floor":3,"turns":4},{"damage":18,"enemies":"Exordium Thugs","floor":4,"turns":5},{"damage":21,"enemies":"3 Sentries","floor":6,"turns":5},{"damage":2,"enemies":"Gremlin Gang","floor":7,"turns":4},{"damage":26,"enemies":"Gremlin Nob","floor":8,"turns":2}],"seed_played":"-5290518518004401481","potions_obtained":[{"floor":1,"key":"LiquidBronze"},{"floor":3,"key":"ColorlessPotion"},{"floor":6,"key":"SneckoOil"},{"floor":7,"key":"CultistPotion"}],"is_trial":false,"path_per_floor":["M","M","M","M","T","E","M","E"],"character_chosen":"WATCHER","items_purchased":[],"campfire_rested":0,"item_purchase_floors":[],"current_hp_per_floor":[61,58,56,38,48,27,25,0,0],"gold":203,"neow_bonus":"BOSS_RELIC","is_daily":false,"chose_seed":false,"campfire_upgraded":0,"win_rate":0.0,"timestamp":1609692310,"path_taken":["M","M","M","?","?","E","M","E"],"items_purchased_type":[],"build_version":"2020-12-18","purchased_purges":0,"victory":false,"max_hp_per_floor":[68,68,68,68,78,78,78,78,78],"relic_stats":{"Busted Crown":12,"counters":[7,25],"Yang":[16],"obtain_stats":[{"Busted Crown":0,"Pear":5,"Yang":6,"PureWater":0},{"Busted Crown":0,"Pear":4,"Yang":5,"PureWater":0},{"Busted Crown":0,"Pear":14,"Yang":19,"PureWater":0}]},"card_choices":[{"not_picked":[],"picked":"Halt","floor":1},{"not_picked":[],"picked":"JustLucky","floor":2},{"not_picked":["Halt"],"picked":"SKIP","floor":3},{"not_picked":[],"picked":"SandsOfTime","floor":4},{"not_picked":["Protect"],"picked":"SKIP","floor":6},{"not_picked":["Pray"],"picked":"SKIP","floor":7}],"player_experience":1027105,"relics_obtained":[{"floor":5,"key":"Pear"},{"floor":6,"key":"Yang"}],"event_choices":[],"is_beta":true,"boss_relics":[],"items_purged_floors":[],"is_endless":false,"potions_floor_spawned":[1,3,6,7],"killed_by":"Gremlin Nob","ascension_level":15}}