{"host":"os9owiyb0rak6c8n","time":1609674609,"event":{"mods":["AchievementEnabler","BaseMod","Beaked The Cultist","Better Third Choice","Block Reminder","Colored Map","Colored Powertips","Dio Mod","Minty Spire (QoL Compilation)","Robot Space Explorer","Spicy Shops","StSLib","The Death Knight","The Saiyan"],"gold_per_floor":[119,133,133,133,150,150,177,195,241,211,211,231,231,10,10,112,112,131,131,149,161,161,161,191,202,202,58,3,30,30,59,59,164,164,190,211,41,41,105,105,139,139,192,192,211,261,287,307,307,307],"floor_reached":51,"playtime":2741,"items_purged":["Writhe"],"score":715,"play_id":"4969b85f-6ea1-4836-920b-beeed544d1f9","local_time":"20210103125009","is_ascension_mode":false,"campfire_choices":[{"data":"beaked:MimicHuntress","floor":6.0,"key":"SMITH"},{"data":"beaked:Brace","floor":11.0,"key":"SMITH"},{"data":"beaked:Brace","floor":15.0,"key":"SMITH"},{"data":"beaked:Redirect","floor":23.0,"key":"SMITH"},{"data":"beaked:Insight","floor":30.0,"key":"SMITH"},{"data":"beaked:Defend_Y","floor":32.0,"key":"SMITH"},{"data":"beaked:AwakenedForm","floor":40.0,"key":"SMITH"},{"data":"beaked:Ceremony","floor":42.0,"key":"SMITH"}],"circlet_count":0,"master_deck":["beaked:Strike_Y","beaked:Strike_Y","beaked:Strike_Y","beaked:Strike_Y","beaked:Strike_Y","beaked:Strike_Y","beaked:Defend_Y+1","beaked:Defend_Y","beaked:Defend_Y+1","beaked:Defend_Y","beaked:Ceremony+1","beaked:Ceremony","beaked:Ceremony","beaked:SurvivalInstinct+1","beaked:TuckingFeathers+1","beaked:Evade+1","beaked:MimicHuntress+1","beaked:Brace+1","beaked:Redirect+1","beaked:Brace+1","beaked:MachineEssence+1","beaked:Windmill+1","beaked:Insight+1","beaked:MachineEssence+1","beaked:CursingBlood+1","beaked:AwakenedForm+1","beaked:MimicHuntress+1","beaked:MimicMachine+1","Injury","beaked:Brace+1","beaked:CrazyRituals"],"relics":["beaked:MendingPlumage","InkBottle","Bronze Scales","Pen Nib","beaked:RitualPlumage","beaked:SacrificeDoll","MealTicket","Gremlin Horn","War Paint","DollysMirror","CeramicFish","Blood Vial","Snecko Eye","DeathKnight:SindragosasSkull","Dead Branch","Darkstone Periapt","Juzu Bracelet","Torii"],"acts_visited":["Exordium","TheCity","TheBeyond"],"potions_floor_usage":[48],"damage_taken":[{"damage":7.0,"enemies":"2 Louse","floor":1.0,"turns":4.0},{"damage":10.0,"enemies":"Small Slimes","floor":2.0,"turns":6.0},{"damage":1.0,"enemies":"Cultist","floor":5.0,"turns":4.0},{"damage":25.0,"enemies":"Gremlin Nob","floor":7.0,"turns":4.0},{"damage":19.0,"enemies":"Exordium Thugs","floor":8.0,"turns":7.0},{"damage":5.0,"enemies":"Looter","floor":10.0,"turns":4.0},{"damage":21.0,"enemies":"Blue Slaver","floor":12.0,"turns":4.0},{"damage":24.0,"enemies":"Hexaghost","floor":16.0,"turns":9.0},{"damage":34.0,"enemies":"Spheric Guardian","floor":18.0,"turns":7.0},{"damage":39.0,"enemies":"Chosen","floor":20.0,"turns":8.0},{"damage":45.0,"enemies":"Centurion and Healer","floor":21.0,"turns":7.0},{"damage":95.0,"enemies":"Slavers","floor":24.0,"turns":8.0},{"damage":21.0,"enemies":"Shelled Parasite and Fungi","floor":25.0,"turns":4.0},{"damage":57.0,"enemies":"Book of Stabbing","floor":29.0,"turns":8.0},{"damage":52.0,"enemies":"Sentry and Sphere","floor":31.0,"turns":8.0},{"damage":68.0,"enemies":"Collector","floor":33.0,"turns":15.0},{"damage":16.0,"enemies":"3 Shapes","floor":35.0,"turns":8.0},{"damage":22.0,"enemies":"Orb Walker","floor":36.0,"turns":4.0},{"damage":87.0,"enemies":"2 Orb Walkers","floor":39.0,"turns":7.0},{"damage":54.0,"enemies":"Giant Head","floor":41.0,"turns":9.0},{"damage":49,"enemies":"Writhing Mass","floor":45,"turns":6},{"damage":13,"enemies":"Mind Bloom Boss Battle","floor":46,"turns":6},{"damage":28,"enemies":"Maw","floor":47,"turns":6},{"damage":7,"enemies":"3 Darklings","floor":48,"turns":4},{"damage":13,"enemies":"Jotaro","floor":50,"turns":6}],"seed_played":"-3847562396064890448","potions_obtained":[{"floor":1.0,"key":"Weak Potion"},{"floor":4.0,"key":"GamblersBrew"},{"floor":4.0,"key":"PowerPotion"},{"floor":4.0,"key":"DeathKnight:BottledBloodEchoes"},{"floor":7.0,"key":"FearPotion"},{"floor":12.0,"key":"SteroidPotion"},{"floor":29.0,"key":"Dexterity Potion"},{"floor":33.0,"key":"Strength Potion"},{"floor":35.0,"key":"AttackPotion"},{"floor":39.0,"key":"FearPotion"},{"floor":46,"key":"Energy Potion"}],"is_trial":false,"path_per_floor":["M","M","?","?","M","R","E","M","T","M","R","M","T","$","R","B",null,"M","?","M","M","?","R","E","M","T","$","?","E","R","M","R","B",null,"M","M","$","?","?","R","E","R","T","?","M","?","M","M","R","B",null],"character_chosen":"BEAKED_THE_CULTIST","items_purchased":["beaked:RitualPlumage","beaked:Brace","DollysMirror","DeathKnight:SindragosasSkull"],"campfire_rested":0,"item_purchase_floors":[14,14,27,37],"current_hp_per_floor":[48,50,50,50,50,50,34,38,38,45,45,36,36,36,36,37,50,48,33,45,50,50,50,29,50,50,50,50,39,39,50,50,50,50,50,50,50,47,38,38,43,43,43,43,47,47,47,47,47,47],"gold":307,"neow_bonus":"THREE_CARDS","is_daily":false,"chose_seed":false,"campfire_upgraded":8,"win_rate":0.0,"timestamp":1609674609,"path_taken":["M","M","?","?","M","R","E","?","T","M","R","M","?","$","R","BOSS","M","?","M","M","?","R","E","M","T","$","?","E","R","?","R","BOSS","M","M","$","?","?","R","E","R","T","?","M","?","M","M","R","BOSS"],"items_purchased_type":["Relic","Card","Relic","Relic"],"build_version":"2020-12-22","purchased_purges":1,"victory":true,"max_hp_per_floor":[50,50,50,50,50,50,50,50,50,50,50,50,50,50,50,50,50,50,50,50,50,50,50,50,50,50,50,50,50,50,50,50,50,50,50,50,50,47,47,47,47,47,47,47,47,47,47,47,47,47],"card_choices":[{"not_picked":["beaked:Devastation","beaked:Tradeoff"],"picked":"beaked:SurvivalInstinct","floor":0.0},{"not_picked":["beaked:BloodForTheGods","beaked:Redirect"],"picked":"beaked:TuckingFeathers","floor":1.0},{"not_picked":["beaked:Tradeoff","beaked:Poke"],"picked":"beaked:Evade","floor":2.0},{"not_picked":["beaked:Foresight","beaked:Tweet"],"picked":"beaked:MimicHuntress","floor":5.0},{"not_picked":["beaked:BounceBack","beaked:FeelMyPain"],"picked":"beaked:Brace","floor":7.0},{"not_picked":["beaked:Struggle","beaked:Tweet"],"picked":"beaked:Redirect","floor":8.0},{"not_picked":["beaked:FeelMyPain","beaked:Evade","beaked:Cower"],"picked":"SKIP","floor":10.0},{"not_picked":["beaked:Evade","beaked:Redirect","beaked:DigDeep"],"picked":"SKIP","floor":12.0},{"not_picked":["beaked:SacrificialScars","beaked:CheekyTricks"],"picked":"beaked:MachineEssence","floor":16.0},{"not_picked":["beaked:Flinch","beaked:DigDeep","beaked:Roost"],"picked":"SKIP","floor":18.0},{"not_picked":["beaked:Foresight","beaked:Tweet","beaked:BloodForTheGods"],"picked":"SKIP","floor":20.0},{"not_picked":["beaked:CursingBlood","beaked:Flinch"],"picked":"beaked:Windmill+1","floor":21.0},{"not_picked":["beaked:Tweet","beaked:Redirect"],"picked":"beaked:Insight","floor":24.0},{"not_picked":["beaked:Insight","beaked:SurvivalInstinct","beaked:HuntressEssence+1"],"picked":"SKIP","floor":25.0},{"not_picked":["beaked:Tradeoff","beaked:Resilience","beaked:MimicHuntress"],"picked":"SKIP","floor":29.0},{"not_picked":["beaked:ScreechingChant","beaked:FeelMyPain"],"picked":"beaked:CursingBlood+1","floor":31.0},{"not_picked":["beaked:FakeOut","beaked:MachineEssence"],"picked":"beaked:AwakenedForm","floor":33.0},{"not_picked":["beaked:BloodForTheGods","beaked:Tradeoff+1"],"picked":"beaked:MimicHuntress+1","floor":35.0},{"not_picked":["beaked:HuntressEssence+1","beaked:Evade+1"],"picked":"beaked:MimicMachine+1","floor":36.0},{"not_picked":["beaked:Insight+1","beaked:Foresight"],"picked":"beaked:Brace+1","floor":39.0},{"not_picked":["beaked:CursingBlood","beaked:BarbedWire","beaked:MimicHuntress+1"],"picked":"SKIP","floor":41.0},{"not_picked":["beaked:Tradeoff+1","beaked:Windmill","beaked:MimicWarrior"],"picked":"SKIP","floor":45},{"not_picked":["beaked:Evade","beaked:Resilience"],"picked":"beaked:CrazyRituals","floor":47},{"not_picked":["beaked:Struggle+1","beaked:Redirect+1","beaked:DigDeep+1"],"picked":"SKIP","floor":48}],"player_experience":537038,"relics_obtained":[{"floor":7.0,"key":"InkBottle"},{"floor":9.0,"key":"Bronze Scales"},{"floor":13.0,"key":"Pen Nib"},{"floor":24.0,"key":"Gremlin Horn"},{"floor":26.0,"key":"War Paint"},{"floor":29.0,"key":"Blood Vial"},{"floor":39.0,"key":"Dead Branch"},{"floor":41.0,"key":"Darkstone Periapt"},{"floor":43.0,"key":"Juzu Bracelet"},{"floor":46,"key":"Torii"}],"event_choices":[{"damage_healed":0.0,"max_hp_gain":0.0,"max_hp_loss":0.0,"gold_gain":0.0,"event_name":"The Cleric","player_choice":"Leave","floor":3.0,"gold_loss":0.0,"damage_taken":0.0},{"damage_healed":0.0,"max_hp_gain":0.0,"max_hp_loss":0.0,"gold_gain":0.0,"event_name":"Lab","player_choice":"Got Potions","floor":4.0,"gold_loss":0.0,"damage_taken":0.0},{"damage_healed":0.0,"max_hp_gain":0.0,"max_hp_loss":0.0,"gold_gain":0.0,"event_name":"The Mausoleum","player_choice":"Opened","floor":22.0,"gold_loss":0.0,"damage_taken":0.0,"relics_obtained":["MealTicket"],"cards_obtained":["Writhe"]},{"damage_healed":0.0,"max_hp_gain":0.0,"max_hp_loss":0.0,"gold_gain":0.0,"event_name":"WeMeetAgain","player_choice":"Paid Gold","floor":28.0,"gold_loss":55.0,"damage_taken":0.0,"relics_obtained":["CeramicFish"]},{"damage_healed":0.0,"max_hp_gain":0.0,"max_hp_loss":3.0,"gold_gain":0.0,"event_name":"Winding Halls","player_choice":"Max HP","floor":38.0,"gold_loss":0.0,"damage_taken":0.0},{"damage_healed":0.0,"max_hp_gain":0.0,"max_hp_loss":0.0,"gold_gain":0.0,"event_name":"Mysterious Sphere","player_choice":"Fight","floor":39.0,"gold_loss":0.0,"damage_taken":0.0},{"damage_healed":0.0,"max_hp_gain":0.0,"max_hp_loss":0.0,"gold_gain":0.0,"event_name":"Tomb of Lord Red Mask","player_choice":"Ignored","floor":44.0,"gold_loss":0.0,"damage_taken":0.0},{"damage_healed":0,"gold_gain":0,"player_choice":"Fight","damage_taken":0,"max_hp_gain":0,"max_hp_loss":0,"event_name":"MindBloom","floor":46,"gold_loss":0}],"is_beta":false,"boss_relics":[{"not_picked":["Coffee Dripper","SacredBark"],"picked":"beaked:SacrificeDoll"},{"not_picked":["Runic Pyramid","Tiny House"],"picked":"Snecko Eye"}],"items_purged_floors":[37],"is_endless":false,"potions_floor_spawned":[1,7,12,20,29,33,35,39,46],"ascension_level":0}}