{"host":"sav7uxregyirlf69","time":1609640473,"event":{"mods":["AchievementEnabler","BaseMod","Colored Map","DeckTracker","Keyboard Shortcuts","Minty Spire (QoL Compilation)","READ ME - Guardian Mod","StSLib","SuperFastMode"],"gold_per_floor":[10,10,31,54,54,54,54,34,82,102,127,147,166,179,179,269,269,283,304,328,328,328],"floor_reached":21,"playtime":381,"items_purged":[],"score":354,"play_id":"efbf5da5-b6b5-457c-b94c-9c3816c01c67","local_time":"20210103112113","is_ascension_mode":true,"campfire_choices":[{"data":"Noxious Fumes","floor":6,"key":"SMITH"},{"floor":15,"key":"REST"}],"circlet_count":0,"master_deck":["AscendersBane","Strike_G","Strike_G","Strike_G","Strike_G","Strike_G","Defend_G","Defend_G","Defend_G+1","Defend_G","Defend_G+1","Survivor","Neutralize","Corpse Explosion+1","Predator+1","Noxious Fumes+1","Escape Plan","Blur","Leg Sweep"],"relics":["Ring of the Snake","Golden Idol","War Paint","Cursed Key"],"acts_visited":["Exordium","TheCity"],"potions_floor_usage":[11,16],"damage_taken":[{"damage":1,"enemies":"2 Louse","floor":1,"turns":4},{"damage":6,"enemies":"Small Slimes","floor":3,"turns":4},{"damage":6,"enemies":"Cultist","floor":4,"turns":4},{"damage":0,"enemies":"Gremlin Gang","floor":10,"turns":2},{"damage":18,"enemies":"Exordium Thugs","floor":11,"turns":4},{"damage":5,"enemies":"2 Fungi Beasts","floor":12,"turns":3},{"damage":4,"enemies":"3 Louse","floor":13,"turns":2},{"damage":1,"enemies":"Exordium Thugs","floor":14,"turns":3},{"damage":26,"enemies":"The Guardian","floor":16,"turns":9},{"damage":16,"enemies":"Spheric Guardian","floor":18,"turns":4},{"damage":20,"enemies":"Shell Parasite","floor":19,"turns":6},{"damage":0,"enemies":"Centurion and Healer","floor":20,"turns":4},{"damage":11,"enemies":"Shelled Parasite and Fungi","floor":21,"turns":2}],"seed_played":"-4817981230598802641","potions_obtained":[{"floor":1,"key":"Regen Potion"},{"floor":4,"key":"SpeedPotion"},{"floor":8,"key":"LiquidBronze"},{"floor":12,"key":"FearPotion"},{"floor":18,"key":"Explosive Potion"}],"is_trial":false,"path_per_floor":["M","?","M","M","?","R","$","?","T","M","M","M","M","M","R","B",null,"M","M","M","M"],"character_chosen":"THE_SILENT","items_purchased":[],"campfire_rested":1,"item_purchase_floors":[],"current_hp_per_floor":[58,58,52,46,28,28,28,28,28,28,24,19,15,14,32,6,47,31,11,11,0,0],"gold":328,"neow_bonus":"THREE_RARE_CARDS","is_daily":false,"chose_seed":false,"campfire_upgraded":1,"win_rate":0.0,"timestamp":1609640473,"path_taken":["M","?","M","M","?","R","$","?","T","M","M","M","?","M","R","BOSS","M","M","?","M"],"items_purchased_type":[],"build_version":"2020-12-22","purchased_purges":0,"victory":false,"max_hp_per_floor":[66,60,60,60,60,60,60,60,60,60,60,60,60,60,60,60,60,60,60,60,60,60],"card_choices":[{"not_picked":["Grand Finale","Glass Knife"],"picked":"Corpse Explosion","floor":0},{"not_picked":["Blur","Bane"],"picked":"Predator","floor":1},{"not_picked":["Deadly Poison","Tactician"],"picked":"Noxious Fumes","floor":3},{"not_picked":["Endless Agony","Outmaneuver","Blade Dance"],"picked":"SKIP","floor":4},{"not_picked":["Underhanded Strike","Blade Dance","Tools of the Trade"],"picked":"SKIP","floor":10},{"not_picked":["Bane","Prepared","Dodge and Roll"],"picked":"SKIP","floor":11},{"not_picked":["Sucker Punch","Expertise","Bane"],"picked":"SKIP","floor":12},{"not_picked":["Dodge and Roll","Choke"],"picked":"Escape Plan","floor":13},{"not_picked":["All Out Attack","Dash"],"picked":"Blur","floor":14},{"not_picked":["Acrobatics","Heel Hook+1","Escape Plan"],"picked":"SKIP","floor":18},{"not_picked":["Dagger Throw","Deflect","Endless Agony"],"picked":"SKIP","floor":19},{"not_picked":["Deflect","PiercingWail"],"picked":"Leg Sweep","floor":20}],"player_experience":1114386,"relics_obtained":[{"floor":9,"key":"War Paint"}],"event_choices":[{"damage_healed":0,"gold_gain":0,"player_choice":"Lose Max HP","damage_taken":0,"relics_obtained":["Golden Idol"],"max_hp_gain":0,"max_hp_loss":6,"event_name":"Golden Idol","floor":2,"gold_loss":0},{"damage_healed":0,"gold_gain":0,"player_choice":"Entered Light","damage_taken":18,"max_hp_gain":0,"max_hp_loss":0,"event_name":"Shining Light","floor":5,"gold_loss":0,"cards_upgraded":["Predator","Corpse Explosion"]},{"damage_healed":0,"gold_gain":0,"player_choice":"Bought 1 Potion","damage_taken":0,"max_hp_gain":0,"max_hp_loss":0,"event_name":"The Woman in Blue","floor":8,"gold_loss":0}],"is_beta":false,"boss_relics":[{"not_picked":["Runic Pyramid","Tiny House"],"picked":"Cursed Key"}],"items_purged_floors":[],"is_endless":false,"potions_floor_spawned":[1,4,12,18,20],"killed_by":"Shelled Parasite and Fungi","ascension_level":20}}