{"host":"lvo3mx5xoqblab8l","time":1609715362,"event":{"mods":["AchievementEnabler","Aspiration","Bard","BaseMod","Beaked The Cultist","Better Altar","Better Match","Better Note","Better Sensory Stone","Better Skull","Better Third Choice","BetterRewards","CCEM","Clawfect","Colored Map","Conspire","Downfall","GifTheSpireLib","Googly Eyes","Halation","Hermit","Highlight Path","Hubris","Hunter ??","Infinite Spire","Jedi Mod","Jorbs\u0027s Wanderer Trilogy","Mad Scientist","Marisa????????","Mimic Mod","Minty Spire (QoL Compilation)","Permanent Neow","Replay The Spire","Shade Mod","Shop Mod","Spicy Shops","StSLib","Stuff the Spire","The Administrix","The Blackbeard","The Bug Knight","The Construct","The Cursed","The Disciple","The Gatherer","The Hierophant","The IronCluck","The Jungle","The Mystic","The Necromancer","The Problem Sleuth","The Runesmith","The Servant 0.9.4","The Spell Scribe","The Witch","Unceasing Turn Reminder","[IsaacMod]????","everything is the same but u backflip on backflip","slay the spire mod where everything is the same but ironclad has a cowboy hat"],"gold_per_floor":[99,99,119,69,94,194,301,324,58,97,22,74,74,124,141,161,267,267,192,206,242,242,242,242,242,282,29,29,59,79,79,79,103,212,212,212,235,254,306,336,336,336,356,356,388,446,471,471,517,545,567],"floor_reached":52,"playtime":6393,"items_purged":["Guardian:Defend_Guardian"],"score":855,"play_id":"5155b9df-f52a-4430-a75c-aed8d018c6f4","local_time":"20210103200922","is_ascension_mode":false,"campfire_choices":[{"floor":11,"key":"RECALL"},{"data":"Guardian:DonusPower","floor":13,"key":"SMITH"},{"data":"Guardian:RevengeProtocol","floor":19,"key":"SMITH"},{"data":"Guardian:TwinSlam","floor":28,"key":"SMITH"},{"data":"Guardian:PiercingHide","floor":31,"key":"SMITH"},{"data":"Guardian:Strike_Guardian","floor":36,"key":"PURGE"},{"data":"Guardian:RefractedBeam","floor":48,"key":"SMITH"}],"circlet_count":0,"master_deck":["Guardian:Strike_Guardian","Guardian:Strike_Guardian","Guardian:Defend_Guardian","Guardian:Defend_Guardian","Guardian:Defend_Guardian","Guardian:CurlUp","Guardian:TwinSlam+1","DoctorFetus","Guardian:SphericShield","Guardian:CrystalBeam","conspire:SpireCoStock","Guardian:PrimingBeam","Guardian:SpikerProtocol","Guardian:SentryBeam","Guardian:StasisField","Guardian:ShieldCharger","Guardian:FierceBash","Guardian:ChargeCore","Guardian:DonusPower+1","Pot Of Greed","Pot Of Greed","Guardian:Preprogram","Guardian:RefractedBeam+1","Guardian:PiercingHide+1","Guardian:RevengeProtocol+1","Pot Of Greed","Guardian:Gem_Fragmented","Guardian:ChargeUp+1","Guardian:Gem_White","Defend_W","Guardian:CrystalBeam","Guardian:Gem_Purple","Guardian:BronzeArmor","Guardian:AncientConstruct","Guardian:SpikerProtocol","Pot Of Greed","Guardian:PrimingBeam","Guardian:Gem_Red","infinitespire:Punishment","Guardian:PiercingHide","Guardian:Gem_Yellow","Guardian:Suspension","Guardian:DecasProtection+1","Guardian:Gem_Purple","Guardian:Gem_Green","Guardian:FloatingOrbs+1","Guardian:Gem_Lightblue"],"relics":["Guardian:ModeShifter","HushsDoor","YumHeart","halation:Komachan","Strawberry","downfall:HeartBlessingBlue","aspiration:StickyExplosives_weak","Grinning Jar","aspiration:Lifesprig","hubris:Backtick","Calipers","downfall:HeartBlessingRed","StuffTheSpire:Gunfinga","Onion Ring","infinitespire:Broken Mirror","Eternal Feather","Replay:Bandana","construct:ClawGrip","ReplayTheSpireMod:TigerMarble","Orrery","Replay:Bottled Flurry","GnawedLeaf","Toy Ornithopter"],"acts_visited":["Exordium","TheCity","TheBeyond"],"potions_floor_usage":[10,12,16,17,21,34,37,40,49,49,51,51],"damage_taken":[{"damage":0,"enemies":"Cultist","floor":3,"turns":4},{"damage":4,"enemies":"Jaw Worm","floor":5,"turns":6},{"damage":0,"enemies":"downfall:FleeingMerchant","floor":9,"turns":4},{"damage":42,"enemies":"Gremlin Nob","floor":10,"turns":5},{"damage":13,"enemies":"Hiden Room Battle","floor":12,"turns":7},{"damage":3,"enemies":"2 Louse","floor":15,"turns":2},{"damage":5,"enemies":"Lots of Slimes","floor":16,"turns":3},{"damage":45,"enemies":"downfall:Defect","floor":17,"turns":9},{"damage":1,"enemies":"Chosen","floor":20,"turns":4},{"damage":19,"enemies":"Sentry and Sphere","floor":21,"turns":5},{"damage":13,"enemies":"Gremlin Leader","floor":26,"turns":5},{"damage":0,"enemies":"downfall:FleeingMerchant","floor":27,"turns":4},{"damage":0,"enemies":"Cultist and Chosen","floor":29,"turns":4},{"damage":0,"enemies":"Cultist and Chosen","floor":30,"turns":5},{"damage":0,"enemies":"Centurion and Healer","floor":33,"turns":6},{"damage":14,"enemies":"downfall:Watcher","floor":34,"turns":10},{"damage":18,"enemies":"3 Darklings","floor":37,"turns":6},{"damage":6,"enemies":"3 Shapes","floor":38,"turns":4},{"damage":13,"enemies":"Writhing Mass","floor":40,"turns":3},{"damage":10,"enemies":"Jaw Worm Horde","floor":43,"turns":4},{"damage":7,"enemies":"3 Darklings","floor":45,"turns":4},{"damage":0,"enemies":"Giant Head","floor":46,"turns":4},{"damage":0,"enemies":"4 Shapes","floor":47,"turns":6},{"damage":45,"enemies":"Reptomancer","floor":49,"turns":4},{"damage":0,"enemies":"Spire Growth","floor":50,"turns":4},{"damage":41,"enemies":"downfall:Silent","floor":51,"turns":9}],"seed_played":"3661448375941299553","potions_obtained":[{"floor":5,"key":"AttackPotion"},{"floor":10,"key":"PowerPotion"},{"floor":12,"key":"DistilledChaos"},{"floor":16,"key":"Block Potion"},{"floor":17,"key":"SneckoOil"},{"floor":20,"key":"jedi:StrikingPotion"},{"floor":33,"key":"SkillPotion"},{"floor":34,"key":"LifebloodPotion"},{"floor":40,"key":"Flashbang"},{"floor":45,"key":"SpeedPotion"},{"floor":49,"key":"ColorlessPotion"},{"floor":50,"key":"PowerPotion"}],"is_trial":false,"path_per_floor":["R_BF","PTL","M","?","M","?","?","T","$","E","R","?","R","T","M","M","B",null,"R","M","M","?","?","?","T","E","$","R","MIM","M","R","?","M","B",null,"R_BF","M","M","?","M","AVR","T","M","?","M","E","M","R","E","M","B",null],"character_chosen":"GUARDIAN","items_purchased":["Guardian:Gem_Red","Guardian:ChargeCore","halation:Komachan","infinitespire:Broken Mirror","Guardian:SpikerProtocol"],"campfire_rested":0,"item_purchase_floors":[9,9,9,27,35],"current_hp_per_floor":[80,80,80,80,76,76,56,56,56,46,56,43,43,43,40,35,15,97,97,96,77,77,77,87,87,97,97,97,97,97,97,97,97,83,94,94,76,94,94,81,81,81,71,71,64,64,89,94,49,49,18],"gold":567,"neow_bonus":"TRANSFORM_CARD","is_daily":false,"chose_seed":false,"campfire_upgraded":5,"win_rate":0.0,"timestamp":1609715362,"path_taken":["R_BF","PTL","M","?","M","?","?","T","$","E","R","?","R","?","M","M","BOSS","R","M","M","?","?","?","T","E","$","R","?","M","R","?","M","BOSS","R_BF","M","M","?","?","AVR","T","M","?","M","E","M","R","E","M","BOSS"],"items_purchased_type":["Card","Card","Relic","Relic","Card"],"build_version":"2020-12-22","purchased_purges":1,"victory":true,"max_hp_per_floor":[80,80,80,80,80,80,80,80,80,87,97,97,97,97,97,97,97,97,97,97,97,97,97,97,97,97,97,97,97,97,97,97,97,97,94,94,94,94,94,94,94,94,94,94,94,94,94,94,94,94,94],"card_choices":[{"not_picked":[],"picked":"DoctorFetus","floor":0},{"not_picked":["Bomb","Guardian:Suspension"],"picked":"Guardian:CrystalBeam","floor":3},{"not_picked":["Guardian:PiercingHide","Guardian:Gem_Red"],"picked":"Guardian:PrimingBeam","floor":5},{"not_picked":["Guardian:Suspension","Guardian:FloatingOrbs"],"picked":"Guardian:SpikerProtocol","floor":6},{"not_picked":["Guardian:ShieldSpikes","Guardian:Recover"],"picked":"Guardian:SentryBeam","floor":7},{"not_picked":["Guardian:GuardianWhirl","Bomb"],"picked":"Guardian:StasisField","floor":7},{"not_picked":["Guardian:Incinerate","Guardian:Recover"],"picked":"Guardian:ShieldCharger","floor":7},{"not_picked":["Guardian:TemporalShield","Guardian:MultiBeam"],"picked":"Guardian:FierceBash","floor":9},{"not_picked":["Guardian:ChargeCore","Guardian:Incinerate"],"picked":"Guardian:DonusPower","floor":10},{"not_picked":["Guardian:TemporalShield","Guardian:SphericShield"],"picked":"Guardian:Preprogram","floor":12},{"not_picked":["Guardian:Repulse","Guardian:ChargeCore"],"picked":"Guardian:RefractedBeam","floor":15},{"not_picked":["Guardian:SentryBeam","Bomb"],"picked":"Guardian:PiercingHide","floor":16},{"not_picked":["Guardian:AncientConstruct","Guardian:SphericShield"],"picked":"Guardian:RevengeProtocol","floor":17},{"not_picked":["Guardian:ChargeUp","Guardian:PrimingBeam"],"picked":"Guardian:Gem_Fragmented","floor":20},{"not_picked":["Guardian:Repulse","Guardian:ShieldCharger"],"picked":"Guardian:ChargeUp+1","floor":21},{"not_picked":["Guardian:ExploitGems","Guardian:Recover"],"picked":"Guardian:CrystalBeam","floor":26},{"not_picked":["Guardian:TimeSifter","Guardian:BronzeOrb"],"picked":"Guardian:Gem_Cyan","floor":27},{"not_picked":["Guardian:TemporalStrike","Guardian:ChargeUp+1"],"picked":"Guardian:Gem_Purple","floor":29},{"not_picked":["Guardian:Gem_Red","Guardian:Recover"],"picked":"Guardian:Gem_Cyan","floor":30},{"not_picked":["Guardian:ChargeCore","Guardian:SentryBeam+1"],"picked":"Guardian:BronzeArmor","floor":33},{"not_picked":["Guardian:SphericShield","Guardian:ConstructionForm"],"picked":"Guardian:AncientConstruct","floor":34},{"not_picked":["Guardian:RollAttack","Guardian:Preprogram+1"],"picked":"Guardian:PrimingBeam","floor":37},{"not_picked":["Guardian:RollAttack","Guardian:MultiBeam","Guardian:ChargeUp"],"picked":"SKIP","floor":38},{"not_picked":["Guardian:CrystalBeam","Guardian:ShieldCharger"],"picked":"Guardian:Gem_Red","floor":40},{"not_picked":["Guardian:GuardianWhirl","Guardian:TemporalShield"],"picked":"Guardian:PiercingHide","floor":41},{"not_picked":["Guardian:Suspension+1","Guardian:Planning"],"picked":"Guardian:Gem_Yellow","floor":41},{"not_picked":["Guardian:RollAttack","Guardian:ChargeCore"],"picked":"Guardian:Suspension","floor":41},{"not_picked":["Guardian:TemporalShield","Guardian:VentSteam"],"picked":"Guardian:DecasProtection+1","floor":41},{"not_picked":["Guardian:Planning+1","Guardian:DecasProtection"],"picked":"Guardian:Gem_Purple","floor":43},{"not_picked":["Guardian:WalkerClaw","Guardian:Reroute","Guardian:PiercingHide"],"picked":"SKIP","floor":45},{"not_picked":["Guardian:TimeSifter","Guardian:DecasProtection+1"],"picked":"Guardian:Gem_Green","floor":46},{"not_picked":["Guardian:Harden","Guardian:MultiBeam"],"picked":"Guardian:FloatingOrbs+1","floor":47},{"not_picked":["Guardian:Gem_Yellow","Guardian:FastForward","Guardian:Reroute+1"],"picked":"SKIP","floor":49},{"not_picked":["Guardian:Planning","Guardian:TemporalStrike+1"],"picked":"Guardian:Gem_Lightblue","floor":50}],"player_experience":112091,"relics_obtained":[{"floor":10,"key":"Strawberry"},{"floor":12,"key":"aspiration:StickyExplosives_weak"},{"floor":12,"key":"Grinning Jar"},{"floor":14,"key":"aspiration:Lifesprig"},{"floor":25,"key":"StuffTheSpire:Gunfinga"},{"floor":26,"key":"Onion Ring"},{"floor":29,"key":"Eternal Feather"},{"floor":39,"key":"ReplayTheSpireMod:TigerMarble"},{"floor":42,"key":"Replay:Bottled Flurry"},{"floor":46,"key":"GnawedLeaf"},{"floor":49,"key":"Toy Ornithopter"}],"event_choices":[{"damage_healed":0,"gold_gain":0,"player_choice":"Invest 1","damage_taken":0,"max_hp_gain":0,"max_hp_loss":0,"event_name":"conspire:Investor","floor":4,"gold_loss":0},{"damage_healed":0,"gold_gain":0,"player_choice":"Fight","damage_taken":0,"max_hp_gain":0,"max_hp_loss":0,"event_name":"HidenRoomEvent","floor":12,"gold_loss":0},{"cards_removed":["DoctorFetus"],"damage_healed":0,"gold_gain":0,"player_choice":"Take \u0026 Give","damage_taken":0,"max_hp_gain":0,"max_hp_loss":0,"event_name":"betterNote:BetterNote","floor":23,"gold_loss":0,"cards_obtained":["Defend_W"]}],"is_beta":false,"boss_relics":[{"not_picked":["Fusion Hammer","Runesmith:UraniumAnvil"],"picked":"hubris:Backtick"},{"not_picked":[]},{"not_picked":["hubris:VirtuousBlindfold","StuffTheSpire:RunicConfusion"],"picked":"construct:ClawGrip"},{"not_picked":[]}],"items_purged_floors":[9],"is_endless":false,"potions_floor_spawned":[5,10,12,16,17,20,33,34,40,45,49,50],"ascension_level":0}}