{"host":"873t0y8ybyo38pfq","time":1609692391,"event":{"mods":["BaseMod","Bestiary","Colored Map","Colored Powertips","Highlight Path","Minty Spire (QoL Compilation)","Quick Restart","RNG Fix","Rare Cards Sparkle","Relic Stats","StSLib"],"gold_per_floor":[117,117,129,129,15,45,45,0,46,79,79,99,113,123,123,123,123],"floor_reached":16,"playtime":539,"items_purged":[],"score":270,"play_id":"401a5549-d9f1-4329-bf1f-3e49330869dd","local_time":"20210103114631","is_ascension_mode":true,"campfire_choices":[{"data":"Turbo","floor":7,"key":"SMITH"},{"data":"1","floor":11,"key":"LIFT"},{"data":"Creative AI","floor":15,"key":"SMITH"}],"circlet_count":0,"master_deck":["AscendersBane","Strike_B","Strike_B","Strike_B","Defend_B","Defend_B","Defend_B","Defend_B","Zap","Dualcast","Streamline","Sunder","Turbo+1","Glacier","Capacitor","Cold Snap","Recycle","Compile Driver","Steam Power","Cold Snap","Creative AI+1"],"relics":["Cracked Core","NeowsBlessing","Dream Catcher","Bag of Preparation","Girya"],"acts_visited":["Exordium"],"potions_floor_usage":[16,16],"damage_taken":[{"damage":0,"enemies":"Jaw Worm","floor":1,"turns":1},{"damage":0,"enemies":"2 Louse","floor":3,"turns":1},{"damage":0,"enemies":"Gremlin Nob","floor":6,"turns":1},{"damage":25,"enemies":"3 Sentries","floor":10,"turns":10},{"damage":0,"enemies":"Cultist","floor":12,"turns":3},{"damage":1,"enemies":"Gremlin Gang","floor":13,"turns":3},{"damage":0,"enemies":"Exordium Wildlife","floor":14,"turns":3},{"damage":47,"enemies":"The Guardian","floor":16,"turns":9}],"seed_played":"-2888508418557013854","potions_obtained":[{"floor":6,"key":"AttackPotion"},{"floor":12,"key":"Ancient Potion"},{"floor":14,"key":"EssenceOfSteel"}],"is_trial":false,"path_per_floor":["M","?","M","?","$","E","R","$","T","E","R","M","M","M","R","B"],"character_chosen":"DEFECT","items_purchased":["Glacier","Capacitor","Recycle"],"campfire_rested":0,"item_purchase_floors":[5,5,8],"current_hp_per_floor":[64,69,69,69,69,69,69,69,69,44,44,44,43,43,43,0,0],"gold":123,"neow_bonus":"THREE_ENEMY_KILL","is_daily":false,"chose_seed":false,"campfire_upgraded":2,"win_rate":0.0,"timestamp":1609692391,"path_taken":["M","?","M","?","$","E","R","$","T","E","R","M","M","M","R","BOSS"],"items_purchased_type":["Card","Card","Card"],"build_version":"2020-12-22","purchased_purges":0,"victory":false,"max_hp_per_floor":[71,76,76,76,76,76,76,76,76,76,76,76,76,76,76,76,76],"relic_stats":{"Dream Catcher":0,"counters":[8,31],"Bag of Preparation":[10],"obtain_stats":[{"Girya":10,"Dream Catcher":6,"NeowsBlessing":0,"Bag of Preparation":9,"Cracked Core":0},{"Girya":4,"Dream Catcher":3,"NeowsBlessing":0,"Bag of Preparation":3,"Cracked Core":0},{"Girya":13,"Dream Catcher":3,"NeowsBlessing":0,"Bag of Preparation":3,"Cracked Core":0}]},"card_choices":[{"not_picked":["Rebound","Go for the Eyes"],"picked":"Streamline","floor":1},{"not_picked":["Loop","Gash"],"picked":"Sunder","floor":3},{"not_picked":["Lockon","Leap"],"picked":"Cold Snap","floor":6},{"not_picked":["Undo","Glacier"],"picked":"Compile Driver","floor":10},{"not_picked":["Storm","White Noise"],"picked":"Steam Power","floor":12},{"not_picked":["Steam","Turbo"],"picked":"Cold Snap","floor":13},{"not_picked":["Stack","Capacitor"],"picked":"Creative AI","floor":14}],"player_experience":1488712,"relics_obtained":[{"floor":6,"key":"Dream Catcher"},{"floor":9,"key":"Bag of Preparation"},{"floor":10,"key":"Girya"}],"event_choices":[{"damage_healed":0,"gold_gain":0,"player_choice":"Donut","damage_taken":0,"max_hp_gain":5,"max_hp_loss":0,"event_name":"Big Fish","floor":2,"gold_loss":0},{"damage_healed":0,"gold_gain":0,"cards_transformed":["Strike_B"],"player_choice":"Change","damage_taken":0,"max_hp_gain":0,"max_hp_loss":0,"event_name":"Living Wall","floor":4,"gold_loss":0,"cards_obtained":["Turbo"]}],"is_beta":false,"boss_relics":[],"items_purged_floors":[],"is_endless":false,"potions_floor_spawned":[6,12,13,14],"killed_by":"The Guardian","ascension_level":20}}