{"host":"ocllwaoi18j60ltd","time":1609683840,"event":{"mods":["BaseMod","DeckTracker","Minty Spire (QoL Compilation)","Permanent Neow","Quick Restart","StSLib","SuperFastMode"],"gold_per_floor":[217,142,142,142,25,25,40,53,53,53,71,112,112,155,167,272,284,309,246,273,306,336,348,139,174,174,174,74,74,74,74,74,74,74],"floor_reached":33,"playtime":944,"items_purged":["Strike_G","Strike_G"],"score":592,"play_id":"42af10cc-d5a3-4e3e-94e2-222a67b5bf71","local_time":"20210103232400","is_ascension_mode":true,"campfire_choices":[{"data":"Eviscerate","floor":6,"key":"SMITH"},{"data":"Neutralize","floor":10,"key":"SMITH"},{"data":"Adrenaline","floor":13,"key":"SMITH"},{"data":"Acrobatics","floor":15,"key":"SMITH"},{"floor":23,"key":"REST"},{"data":"Eviscerate","floor":27,"key":"SMITH"},{"data":"Tools of the Trade","floor":29,"key":"SMITH"},{"floor":32,"key":"REST"}],"circlet_count":0,"master_deck":["AscendersBane","Strike_G","Defend_G","Defend_G","Defend_G","Defend_G","Defend_G","Survivor","Neutralize+1","Poisoned Stab","Eviscerate+1","Dagger Throw","Prepared","Dagger Spray","Adrenaline+1","Acrobatics+1","Tools of the Trade+1","CurseOfTheBell","Calculated Gamble+1","Blade Dance+1","Eviscerate+1","Blur+1","Acrobatics+1","Backflip+1","Writhe"],"relics":["Ring of the Snake","Mercury Hourglass","Golden Idol","HornCleat","Matryoshka","MawBank","Calling Bell","Centennial Puzzle","Toxic Egg 2","Pocketwatch","Bag of Marbles","Anchor","WingedGreaves","Bag of Preparation"],"acts_visited":["Exordium","TheCity"],"potions_floor_usage":[12,16,22,25,33],"damage_taken":[{"damage":4,"enemies":"Small Slimes","floor":1,"turns":4},{"damage":0,"enemies":"2 Louse","floor":7,"turns":2},{"damage":1,"enemies":"Jaw Worm","floor":8,"turns":2},{"damage":1,"enemies":"3 Louse","floor":11,"turns":3},{"damage":0,"enemies":"Gremlin Nob","floor":12,"turns":3},{"damage":5,"enemies":"3 Sentries","floor":14,"turns":4},{"damage":18,"enemies":"Hexaghost","floor":16,"turns":9},{"damage":3,"enemies":"2 Thieves","floor":18,"turns":3},{"damage":13,"enemies":"Spheric Guardian","floor":20,"turns":4},{"damage":15,"enemies":"Snake Plant","floor":21,"turns":4},{"damage":7,"enemies":"Centurion and Healer","floor":22,"turns":4},{"damage":13,"enemies":"Book of Stabbing","floor":25,"turns":4},{"damage":52,"enemies":"Champ","floor":33,"turns":11}],"seed_played":"3214969112907467372","potions_obtained":[{"floor":7,"key":"Swift Potion"},{"floor":11,"key":"Explosive Potion"},{"floor":12,"key":"LiquidBronze"},{"floor":21,"key":"Dexterity Potion"}],"is_trial":false,"path_per_floor":["M","?","?","?","$","R","M","M","T","R","M","E","R","E","R","B",null,"M","?","M","M","M","R","$","E","T","R","$","R","?","?","R","B"],"character_chosen":"THE_SILENT","items_purchased":["Eviscerate","Dagger Throw","Blur+1","Acrobatics+1","Block Potion"],"campfire_rested":2,"item_purchase_floors":[5,5,24,24,24],"current_hp_per_floor":[55,55,50,50,50,50,50,49,49,49,48,48,48,43,43,25,51,48,48,35,20,13,31,31,18,18,18,18,18,18,18,36,0,0],"gold":74,"neow_bonus":"HUNDRED_GOLD","is_daily":false,"chose_seed":false,"campfire_upgraded":6,"win_rate":0.0,"timestamp":1609683840,"path_taken":["M","?","?","?","$","R","M","M","T","R","M","E","R","E","R","BOSS","M","?","M","M","M","R","$","E","T","R","$","R","?","?","R","BOSS"],"items_purchased_type":["Card","Card","Card","Card","Potion"],"build_version":"2020-12-22","purchased_purges":2,"victory":false,"max_hp_per_floor":[66,66,66,60,60,60,60,60,60,60,60,60,60,60,60,60,60,60,60,60,60,60,60,60,60,60,60,60,60,60,60,60,60,60],"card_choices":[{"not_picked":["Prepared","Well Laid Plans"],"picked":"Poisoned Stab","floor":1},{"not_picked":["Sucker Punch","Flying Knee","Quick Slash"],"picked":"SKIP","floor":7},{"not_picked":["Expertise","Dodge and Roll"],"picked":"Prepared","floor":8},{"not_picked":["Skewer","Backstab"],"picked":"Dagger Spray","floor":11},{"not_picked":["Dagger Throw","Caltrops"],"picked":"Adrenaline","floor":12},{"not_picked":["Finisher","Escape Plan"],"picked":"Acrobatics","floor":14},{"not_picked":["Glass Knife","Envenom"],"picked":"Tools of the Trade","floor":16},{"not_picked":["Dodge and Roll+1","Die Die Die"],"picked":"Calculated Gamble+1","floor":18},{"not_picked":["Infinite Blades","Deadly Poison+1"],"picked":"Blade Dance+1","floor":20},{"not_picked":["Bane+1","Dodge and Roll+1"],"picked":"Eviscerate","floor":21},{"not_picked":["Sucker Punch","Outmaneuver+1","Bane"],"picked":"SKIP","floor":22},{"not_picked":["Storm of Steel+1","Outmaneuver+1"],"picked":"Backflip+1","floor":25}],"player_experience":836786,"relics_obtained":[{"floor":9,"key":"HornCleat"},{"floor":12,"key":"Matryoshka"},{"floor":14,"key":"MawBank"},{"floor":17,"key":"Centennial Puzzle"},{"floor":17,"key":"Toxic Egg 2"},{"floor":17,"key":"Pocketwatch"},{"floor":25,"key":"Bag of Marbles"},{"floor":26,"key":"Anchor"},{"floor":26,"key":"WingedGreaves"}],"event_choices":[{"cards_removed":["Strike_G"],"damage_healed":0,"gold_gain":0,"player_choice":"Card Removal","damage_taken":0,"max_hp_gain":0,"max_hp_loss":0,"event_name":"The Cleric","floor":2,"gold_loss":75},{"damage_healed":0,"gold_gain":0,"player_choice":"Success","damage_taken":5,"relics_obtained":["Mercury Hourglass"],"max_hp_gain":0,"max_hp_loss":0,"event_name":"Scrap Ooze","floor":3,"gold_loss":0},{"damage_healed":0,"gold_gain":0,"player_choice":"Lose Max HP","damage_taken":0,"relics_obtained":["Golden Idol"],"max_hp_gain":0,"max_hp_loss":6,"event_name":"Golden Idol","floor":4,"gold_loss":0},{"cards_removed":["Strike_G"],"damage_healed":0,"gold_gain":0,"player_choice":"Gave Gold","damage_taken":0,"max_hp_gain":0,"max_hp_loss":0,"event_name":"Beggar","floor":19,"gold_loss":75},{"damage_healed":0,"gold_gain":0,"player_choice":"Ignored","damage_taken":0,"max_hp_gain":0,"max_hp_loss":0,"event_name":"Ghosts","floor":30,"gold_loss":0},{"damage_healed":0,"gold_gain":0,"player_choice":"Opened","damage_taken":0,"relics_obtained":["Bag of Preparation"],"max_hp_gain":0,"max_hp_loss":0,"event_name":"The Mausoleum","floor":31,"gold_loss":0,"cards_obtained":["Writhe"]}],"is_beta":false,"boss_relics":[{"not_picked":["Ectoplasm","Philosopher\u0027s Stone"],"picked":"Calling Bell"}],"items_purged_floors":[24,28],"is_endless":false,"potions_floor_spawned":[7,11,12,21],"killed_by":"Champ","ascension_level":20}}