{"host":"0rxdudjy6rylha1k","time":1609705981,"event":{"mods":["Aspiration","BaseMod","Colored Map","Colored Powertips","Downfall","Highlight Path","Hubris","Minty Spire (QoL Compilation)","StSLib"],"gold_per_floor":[99,99,99,99,99,129,129,129,54,84,184,19,119,132,144,242,242,92,107,124,124,142,142,167,7,7,7,0,0,0,24,24,135,135,135,150,150,170,31,31,31,41,58,58,58,58,58],"floor_reached":45,"playtime":2586,"items_purged":["Doubt"],"score":590,"play_id":"6f7b47cd-9c3f-405e-b611-2d2f10063ad1","local_time":"20210103133301","is_ascension_mode":true,"campfire_choices":[{"floor":1.0,"key":"RECALL"},{"data":"hexamod:SuperheatedStrike","floor":9.0,"key":"SMITH"},{"data":"hubris:DuctTapeCard","floor":18,"key":"SMITH"},{"data":"RitualDagger","floor":26,"key":"SMITH"},{"floor":30,"key":"REST"},{"data":"hexamod:TimeOfNeed","floor":35,"key":"SMITH"}],"circlet_count":0,"master_deck":["hexamod:Strike","hexamod:Strike+1","hexamod:Strike","hexamod:Defend","hexamod:Defend","hexamod:Defend","hexamod:Defend+1","hexamod:Sear","hexamod:Float+1","hexamod:SuperheatedStrike+1","hexamod:AdvancingGuard+1","hubris:DuctTapeCard+2","hexamod:EmpoweredFlame+1","hexamod:BurningTouch+1","hexamod:FlamesFromBeyond+1","hexamod:Hexaguard","RitualDagger+1","Clumsy","hexamod:FirstSeal","hexamod:SpectersWail+1","hexamod:TimeOfNeed+1","hexamod:WildfireWeapon+1","hexamod:FirstSeal","hubris:Sloth","hexamod:SpectersWail+1"],"relics":["hexamod:SpiritBrand","downfall:HeartsMalice","hubris:Icosahedron","hubris:OldNail","downfall:HeartBlessingRed","hubris:DuctTape","champ:Barbells","Cursed Key","downfall:HeartBlessingGreen","downfall:HeartBlessingBlue","Tiny Chest","Kunai","Vajra","hexamod:TheBrokenSeal","Empty Cage","Unceasing Top","Darkstone Periapt","hubris:Towel","Gremlin Horn"],"acts_visited":["Exordium","TheCity","TheBeyond"],"potions_floor_usage":[14,15,16,16,16,16,16,20,28,28,32,39,39,42,42],"damage_taken":[{"damage":0.0,"enemies":"Jaw Worm","floor":2.0,"turns":1.0},{"damage":0.0,"enemies":"downfall:FleeingMerchant","floor":4.0,"turns":1.0},{"damage":0.0,"enemies":"Lagavulin","floor":6.0,"turns":1.0},{"damage":9.0,"enemies":"3 Sentries","floor":10.0,"turns":12.0},{"damage":0,"enemies":"downfall:FleeingMerchant","floor":12,"turns":4},{"damage":0,"enemies":"Cultist","floor":14,"turns":3},{"damage":0,"enemies":"Small Slimes","floor":15,"turns":4},{"damage":0,"enemies":"downfall:Ironclad","floor":16,"turns":6},{"damage":0,"enemies":"Shell Parasite","floor":19,"turns":4},{"damage":5,"enemies":"Cultist and Chosen","floor":20,"turns":7},{"damage":10,"enemies":"Sentry and Sphere","floor":22,"turns":6},{"damage":0,"enemies":"downfall:FleeingMerchant","floor":25,"turns":4},{"damage":3,"enemies":"downfall:FleeingMerchant","floor":28,"turns":4},{"damage":0,"enemies":"3 Cultists","floor":32,"turns":1},{"damage":28,"enemies":"downfall:Defect","floor":33,"turns":7},{"damage":1,"enemies":"3 Darklings","floor":36,"turns":6},{"damage":4,"enemies":"3 Shapes","floor":38,"turns":4},{"damage":6,"enemies":"downfall:FleeingMerchant","floor":39,"turns":3},{"damage":11,"enemies":"3 Darklings","floor":42,"turns":5},{"damage":68,"enemies":"Writhing Mass","floor":43,"turns":6},{"damage":65,"enemies":"Giant Head","floor":45,"turns":8}],"seed_played":"8818802190287513916","potions_obtained":[{"floor":3.0,"key":"DistilledChaos"},{"floor":3.0,"key":"Regen Potion"},{"floor":3.0,"key":"EntropicBrew"},{"floor":10,"key":"sneckomod:MuddlingPotion"},{"floor":14,"key":"Swift Potion"},{"floor":16,"key":"DuplicationPotion"},{"floor":22,"key":"PowerPotion"},{"floor":25,"key":"EssenceOfSteel"},{"floor":28,"key":"SmokeBomb"},{"floor":33,"key":"SpeedPotion"},{"floor":36,"key":"Energy Potion"}],"is_trial":false,"path_per_floor":["R","M","?","$","?","E","T","?","R","E","?","$","?","M","M","B",null,"R","M","M","?","M","?","T","$","R","T","$","?","R","T","M","B",null,"R","M","T","M","?","?","T","M","M","NS","E"],"character_chosen":"THE_SPIRIT","items_purchased":["champ:Barbells","Tiny Chest","Fruit Juice","Darkstone Periapt","Energy Potion"],"campfire_rested":1,"item_purchase_floors":[12,25,39,39,39],"current_hp_per_floor":[70,70,70,70,70,70,70,70,70,70,70,70,70,70,70,70,70,80,80,75,75,65,59,59,66,66,66,63,48,73,73,73,95,95,95,95,95,95,100,100,106,106,52,52,0,0,0],"gold":58,"neow_bonus":"THREE_ENEMY_KILL","is_daily":false,"chose_seed":false,"campfire_upgraded":4,"win_rate":0.0,"timestamp":1609705981,"path_taken":["R","M","?","?","?","E","T","?","R","E","?","$","?","?","M","BOSS","R","M","M","?","M","?","T","$","R","?","$","?","R","?","M","BOSS","R","M","?","M","?","?","T","M","?","NS","E"],"items_purchased_type":["Relic","Relic","Potion","Relic","Potion"],"build_version":"2020-12-22","purchased_purges":1,"victory":false,"max_hp_per_floor":[70,70,70,70,70,70,70,70,70,70,70,70,70,70,70,70,70,80,80,80,80,80,80,80,80,80,80,80,85,85,85,85,95,95,95,95,95,95,100,100,106,106,106,106,106,106,106],"card_choices":[{"not_picked":["hexamod:RecurringNightmare","hexamod:RainOfEmbers"],"picked":"hexamod:SuperheatedStrike","floor":2.0},{"not_picked":["hexamod:GhostLash","hexamod:SkipABeat"],"picked":"hexamod:ExtraCrispy","floor":4.0},{"not_picked":["hexamod:HeatMetal","hexamod:ParanormalForm"],"picked":"hexamod:AdvancingGuard","floor":6.0},{"not_picked":["hexamod:GhostShield","hexamod:NightmareStrike"],"picked":"hexamod:EmpoweredFlame","floor":10},{"not_picked":["hexamod:Firestarter","hexamod:InspiringFlames"],"picked":"hexamod:EmpoweredFlame","floor":12},{"not_picked":["hexamod:NightmareGuise","hexamod:Haunt","hexamod:ShieldOfDarkness"],"picked":"SKIP","floor":14},{"not_picked":["hexamod:RainOfEmbers","hexamod:BacktrackSmack"],"picked":"hexamod:BurningTouch","floor":15},{"not_picked":["hexamod:UnlimitedPower","hexamod:ParanormalForm"],"picked":"hexamod:FifthSeal","floor":16},{"not_picked":["hexamod:FirstSeal","hexamod:FourthSeal"],"picked":"hexamod:SixthSeal","floor":19},{"not_picked":["hexamod:SpectersWail","hexamod:EtherealExpedition"],"picked":"hexamod:FlamesFromBeyond+1","floor":19},{"not_picked":["hexamod:ThirdSeal","hexamod:SixthSeal"],"picked":"hexamod:FourthSeal","floor":20},{"not_picked":["hexamod:HeatCrush+1","hexamod:HauntingEcho+1"],"picked":"hexamod:Hexaguard","floor":20},{"not_picked":["hexamod:GhostOfSpirePresent","hexamod:FastForward"],"picked":"hexamod:FirstSeal","floor":22},{"not_picked":["hexamod:FirstSeal","hexamod:FourthSeal"],"picked":"hexamod:ThirdSeal","floor":25},{"not_picked":["hexamod:ChargedBarrage","hexamod:NightmareStrike","hexamod:FastForward"],"picked":"SKIP","floor":25},{"not_picked":["hexamod:SpectralSpark","hexamod:NightmareStrike"],"picked":"hexamod:SecondSeal","floor":28},{"not_picked":["hexamod:FourthSeal","hexamod:SixthSeal"],"picked":"hexamod:FirstSeal","floor":28},{"not_picked":["hexamod:NightmareGuise","hexamod:GhostLash"],"picked":"hexamod:SpectersWail+1","floor":28},{"not_picked":["hexamod:SixthSeal","hexamod:GiftsFromTheDead"],"picked":"hexamod:TimeOfNeed","floor":33},{"not_picked":["hexamod:VolcanoVisage","hexamod:ApocalypticArmor"],"picked":"hexamod:WildfireWeapon","floor":33},{"not_picked":["hexamod:HeatShield","hexamod:HauntingEcho","hexamod:EtherealExpedition"],"picked":"SKIP","floor":36},{"not_picked":["hexamod:Hexaguard","hexamod:NecessarySacrifice"],"picked":"hexamod:FirstSeal","floor":38},{"not_picked":["hexamod:ExtraCrispy","hexamod:PhantomCloak+1","hexamod:Again+1"],"picked":"SKIP","floor":39},{"not_picked":["hexamod:RetreatToShadows+1","hexamod:PhantomCloak","hexamod:DynamicBlow"],"picked":"SKIP","floor":42},{"not_picked":["hexamod:Haunt","hexamod:NightmareStrike"],"picked":"hexamod:SpectersWail+1","floor":43}],"player_experience":2453570,"relics_obtained":[{"floor":6.0,"key":"hubris:OldNail"},{"floor":10,"key":"hubris:DuctTape"},{"floor":27,"key":"Kunai"},{"floor":31,"key":"Vajra"},{"floor":37,"key":"Unceasing Top"},{"floor":41,"key":"Gremlin Horn"}],"event_choices":[{"damage_healed":0.0,"max_hp_gain":0.0,"max_hp_loss":0.0,"gold_gain":0.0,"event_name":"Lab","player_choice":"Got Potions","floor":3.0,"gold_loss":0.0,"damage_taken":0.0}],"is_beta":false,"boss_relics":[{"not_picked":["hubris:BlackHole","hexamod:IceCube"],"picked":"Cursed Key"},{"not_picked":["hubris:VirtuousBlindfold","Busted Crown"],"picked":"Empty Cage"}],"items_purged_floors":[39],"is_endless":false,"potions_floor_spawned":[10,14,16,33,36],"killed_by":"Giant Head","ascension_level":1}}