{"host":"p7j7o00jacnw7qzt","time":1609649938,"event":{"mods":["BaseMod","Colored Map","Colored Powertips","DeckTracker","Highlight Path","Minty Spire (QoL Compilation)","Relic Stats"],"gold_per_floor":[112,37,37,47,58,58,87,87,110,110,138,149,149,149,149,149,149],"floor_reached":16,"playtime":373,"items_purged":[],"score":216,"play_id":"620d8988-ad50-4f03-8aac-854dd2a63e41","local_time":"20210102235858","is_ascension_mode":true,"campfire_choices":[{"data":"Sword Boomerang","floor":6,"key":"SMITH"},{"data":"Second Wind","floor":8,"key":"SMITH"},{"data":"Evolve","floor":10,"key":"SMITH"},{"floor":15,"key":"REST"}],"circlet_count":0,"master_deck":["AscendersBane","Strike_R","Strike_R","Strike_R","Strike_R","Defend_R","Defend_R","Defend_R","Defend_R","Bash+1","Second Wind+1","Sword Boomerang+1","Evolve+1","Limit Break"],"relics":["Burning Blood","NeowsBlessing","Nunchaku","Tiny Chest","Unceasing Top"],"acts_visited":[],"potions_floor_usage":[12,16],"damage_taken":[{"damage":0,"enemies":"2 Louse","floor":1,"turns":1},{"damage":0,"enemies":"Cultist","floor":4,"turns":1},{"damage":0,"enemies":"Jaw Worm","floor":5,"turns":1},{"damage":32,"enemies":"Gremlin Nob","floor":7,"turns":4},{"damage":48,"enemies":"Lagavulin","floor":11,"turns":6},{"damage":16,"enemies":"Blue Slaver","floor":12,"turns":4},{"damage":41,"enemies":"Slime Boss","floor":16,"turns":9}],"seed_played":"-8293330606271732993","potions_obtained":[{"floor":5,"key":"BloodPotion"},{"floor":7,"key":"Dexterity Potion"},{"floor":12,"key":"Weak Potion"}],"is_trial":false,"path_per_floor":["M","?","?","M","M","R","E","R","T","R","E","M","?","T","R","B"],"character_chosen":"IRONCLAD","items_purchased":[],"campfire_rested":1,"item_purchase_floors":[],"current_hp_per_floor":[74,74,74,75,75,75,49,49,49,49,7,12,12,12,34,0,0],"gold":149,"neow_bonus":"THREE_ENEMY_KILL","is_daily":false,"chose_seed":false,"campfire_upgraded":3,"win_rate":0.0,"timestamp":1609649938,"path_taken":["M","?","?","?","M","R","E","R","T","R","E","?","?","?","R","BOSS"],"items_purchased_type":[],"build_version":"2020-12-22","purchased_purges":0,"victory":false,"max_hp_per_floor":[75,75,75,75,75,75,75,75,75,75,75,75,75,75,75,75,75],"relic_stats":{"Nunchaku":[3],"counters":[7,26],"Tiny Chest":0,"obtain_stats":[{"Nunchaku":7,"NeowsBlessing":0,"Tiny Chest":11,"Burning Blood":0,"Unceasing Top":14},{"Nunchaku":4,"NeowsBlessing":0,"Tiny Chest":5,"Burning Blood":0,"Unceasing Top":6},{"Nunchaku":7,"NeowsBlessing":0,"Tiny Chest":13,"Burning Blood":0,"Unceasing Top":17}],"Burning Blood":25,"Unceasing Top":[1]},"card_choices":[{"not_picked":["Perfected Strike","Iron Wave","Sword Boomerang"],"picked":"SKIP","floor":1},{"not_picked":["True Grit","Rage"],"picked":"Second Wind","floor":4},{"not_picked":["Anger","Entrench"],"picked":"Sword Boomerang","floor":5},{"not_picked":["Sword Boomerang","Body Slam"],"picked":"Evolve","floor":7},{"not_picked":["True Grit","Blood for Blood"],"picked":"Limit Break","floor":11},{"not_picked":["Intimidate","Iron Wave","Flame Barrier"],"picked":"SKIP","floor":12}],"player_experience":951533,"relics_obtained":[{"floor":7,"key":"Nunchaku"},{"floor":11,"key":"Tiny Chest"},{"floor":14,"key":"Unceasing Top"}],"event_choices":[{"cards_removed":["Strike_R"],"damage_healed":0,"gold_gain":0,"player_choice":"Card Removal","damage_taken":0,"max_hp_gain":0,"max_hp_loss":0,"event_name":"The Cleric","floor":2,"gold_loss":75},{"damage_healed":0,"gold_gain":0,"player_choice":"Upgraded","damage_taken":0,"max_hp_gain":0,"max_hp_loss":0,"event_name":"Upgrade Shrine","floor":3,"gold_loss":0,"cards_upgraded":["Bash"]},{"damage_healed":0,"gold_gain":0,"player_choice":"Ignored","damage_taken":0,"max_hp_gain":0,"max_hp_loss":0,"event_name":"Liars Game","floor":13,"gold_loss":0}],"is_beta":false,"boss_relics":[],"items_purged_floors":[],"is_endless":false,"potions_floor_spawned":[5,7,12],"killed_by":"Slime Boss","ascension_level":20}}