{"host":"Rich","time":1609686965,"event":{"mods":["AchievementEnabler","BaseMod","Highlight Path","Minty Spire (QoL Compilation)","Relic Stats"],"gold_per_floor":[119,139,35,35,35,35,45,45,45,75,19,52,52,52,52,128,128,140,190,204,216,234,234,265,19,45,45,45],"floor_reached":27,"playtime":699,"items_purged":["Strike_P"],"score":678,"play_id":"534ca693-977b-4b95-a619-69e912f6a9c5","local_time":"20210103101605","is_ascension_mode":true,"campfire_choices":[{"floor":8,"key":"REST"},{"data":"CrushJoints","floor":13,"key":"SMITH"},{"data":"Halt","floor":15,"key":"SMITH"},{"floor":23,"key":"REST"}],"circlet_count":0,"master_deck":["AscendersBane","Strike_P","Strike_P+1","Strike_P","Defend_P+1","Defend_P","Defend_P+1","Eruption","Vigilance","EmptyFist+1","Halt+1","CutThroughFate","Weave+1","Conclude","CrushJoints+1","JustLucky+1","Weave","LessonLearned","SashWhip+1","JustLucky+1","Tantrum","ThirdEye","EmptyBody","Weave+1"],"relics":["HolyWater","NeowsBlessing","StrikeDummy","Boot","WingedGreaves","Ginger","TungstenRod","Whetstone","Pen Nib"],"acts_visited":["Exordium","TheCity"],"potions_floor_usage":[22,27],"damage_taken":[{"damage":0,"enemies":"2 Louse","floor":1,"turns":1},{"damage":0,"enemies":"Small Slimes","floor":2,"turns":1},{"damage":0,"enemies":"Jaw Worm","floor":7,"turns":1},{"damage":0,"enemies":"Gremlin Nob","floor":10,"turns":2},{"damage":0,"enemies":"Lagavulin","floor":12,"turns":3},{"damage":0,"enemies":"Slime Boss","floor":16,"turns":3},{"damage":16,"enemies":"2 Thieves","floor":18,"turns":3},{"damage":4,"enemies":"Spheric Guardian","floor":20,"turns":3},{"damage":12,"enemies":"Cultist and Chosen","floor":21,"turns":3},{"damage":15,"enemies":"Centurion and Healer","floor":22,"turns":7},{"damage":30,"enemies":"Gremlin Leader","floor":24,"turns":5},{"damage":31,"enemies":"Book of Stabbing","floor":27,"turns":4}],"seed_played":"9176124791032628011","potions_obtained":[{"floor":7,"key":"Weak Potion"},{"floor":12,"key":"FairyPotion"},{"floor":22,"key":"Block Potion"}],"is_trial":false,"path_per_floor":["M","M","$","?","?","?","M","R","T","E","$","E","R","T","R","B",null,"M","?","M","M","M","R","E","$","T","E"],"character_chosen":"WATCHER","items_purchased":["CutThroughFate","JustLucky","Weave","Whetstone"],"campfire_rested":2,"item_purchase_floors":[3,11,25,25],"current_hp_per_floor":[61,61,61,61,35,15,15,35,35,35,35,35,35,35,35,35,60,44,44,40,28,13,33,3,3,3,0,0],"gold":45,"neow_bonus":"THREE_ENEMY_KILL","is_daily":false,"chose_seed":false,"campfire_upgraded":2,"win_rate":0.0,"timestamp":1609686965,"path_taken":["M","M","$","?","?","?","?","R","T","E","?","E","R","?","R","BOSS","M","?","M","?","?","R","E","?","T","E"],"items_purchased_type":["Card","Card","Card","Relic"],"build_version":"2020-12-18","purchased_purges":1,"victory":false,"max_hp_per_floor":[68,68,68,68,68,68,68,68,68,68,68,68,68,68,68,68,68,68,68,68,68,68,68,68,68,68,68,68],"relic_stats":{"counters":[12,36],"Pen Nib":[1],"Ginger":[2],"Whetstone":["EmptyFist","Weave"],"Boot":[29],"obtain_stats":[{"NeowsBlessing":0,"HolyWater":17,"WingedGreaves":12,"Pen Nib":26,"Ginger":14,"Whetstone":25,"PureWater":0,"StrikeDummy":5,"Boot":10,"TungstenRod":24},{"NeowsBlessing":0,"HolyWater":6,"WingedGreaves":5,"Pen Nib":11,"Ginger":5,"Whetstone":11,"PureWater":0,"StrikeDummy":2,"Boot":4,"TungstenRod":11},{"NeowsBlessing":0,"HolyWater":11,"WingedGreaves":8,"Pen Nib":32,"Ginger":8,"Whetstone":32,"PureWater":0,"StrikeDummy":2,"Boot":5,"TungstenRod":32}],"TungstenRod":7},"card_choices":[{"not_picked":["Halt","Collect"],"picked":"EmptyFist","floor":1},{"not_picked":["EmptyBody","Nirvana"],"picked":"Halt","floor":2},{"not_picked":["FollowUp","CarveReality"],"picked":"Conclude","floor":7},{"not_picked":["Scrawl","Evaluate"],"picked":"CrushJoints","floor":10},{"not_picked":["BattleHymn","FlurryOfBlows"],"picked":"Weave","floor":12},{"not_picked":["Brilliance","Establishment"],"picked":"LessonLearned","floor":16},{"not_picked":["EmptyBody","Nirvana"],"picked":"SashWhip+1","floor":18},{"not_picked":["FlurryOfBlows","Swivel"],"picked":"JustLucky+1","floor":20},{"not_picked":["SashWhip","Swivel"],"picked":"Tantrum","floor":21},{"not_picked":["Consecrate","JustLucky"],"picked":"ThirdEye","floor":22},{"not_picked":["FlyingSleeves","Devotion"],"picked":"EmptyBody","floor":24}],"player_experience":1955230,"relics_obtained":[{"floor":10,"key":"Boot"},{"floor":12,"key":"WingedGreaves"},{"floor":14,"key":"Ginger"},{"floor":24,"key":"TungstenRod"},{"floor":26,"key":"Pen Nib"}],"event_choices":[{"damage_healed":0,"gold_gain":0,"cards_transformed":["Defend_P"],"player_choice":"Change","damage_taken":0,"max_hp_gain":0,"max_hp_loss":0,"event_name":"Living Wall","floor":4,"gold_loss":0,"cards_obtained":["Weave"]},{"damage_healed":0,"gold_gain":0,"player_choice":"Success","damage_taken":26,"relics_obtained":["StrikeDummy"],"max_hp_gain":0,"max_hp_loss":0,"event_name":"Scrap Ooze","floor":5,"gold_loss":0},{"damage_healed":0,"gold_gain":0,"player_choice":"Entered Light","damage_taken":20,"max_hp_gain":0,"max_hp_loss":0,"event_name":"Shining Light","floor":6,"gold_loss":0,"cards_upgraded":["Weave","Defend_P"]},{"damage_healed":0,"gold_gain":50,"player_choice":"Pray","damage_taken":0,"max_hp_gain":0,"max_hp_loss":0,"event_name":"Golden Shrine","floor":19,"gold_loss":0}],"is_beta":true,"boss_relics":[{"not_picked":["Cursed Key","Tiny House"],"picked":"HolyWater"}],"items_purged_floors":[3],"is_endless":false,"potions_floor_spawned":[7,12,16,20,22],"killed_by":"Book of Stabbing","ascension_level":20}}