{"host":"92108ef2q9tm8rod","time":1609708752,"event":{"mods":["BaseMod","Defuse TimeMaze Blight","Minty Spire (QoL Compilation)","StSLib","The Jungle"],"gold_per_floor":[111,111,36,47,57,57,90,122,122,122,122,135,162,197,197,299,299,317,330,330,340,264,264,298,298,325,325,352,369,369,386,386,482,532,544,544,594,335,352,384,384,128,128,128,128,158,158,192,192,192],"floor_reached":51,"playtime":2189,"items_purged":["Redo"],"score":1022,"play_id":"2f209c7d-f4c6-4bb1-bfcf-445bf3e4cdf7","local_time":"20210103211912","daily_mods":["SealedDeck","Colorless Cards","Heirloom","Flight"],"is_ascension_mode":false,"campfire_choices":[{"data":"Tempest","floor":6,"key":"SMITH"},{"data":"Redo","floor":10,"key":"SMITH"},{"data":"Streamline","floor":11,"key":"SMITH"},{"data":"1","floor":15,"key":"LIFT"},{"data":"Loop","floor":23,"key":"SMITH"},{"data":"Go for the Eyes","floor":25,"key":"SMITH"},{"data":"Panacea","floor":27,"key":"SMITH"},{"floor":30,"key":"REST"},{"data":"Ball Lightning","floor":32,"key":"SMITH"},{"data":"Dramatic Entrance","floor":41,"key":"SMITH"},{"data":"Dark Shackles","floor":44,"key":"SMITH"},{"data":"2","floor":45,"key":"LIFT"},{"data":"3","floor":47,"key":"LIFT"},{"floor":49,"key":"REST"}],"circlet_count":0,"master_deck":["Redo+1","Dark Shackles+1","Coolheaded+1","Dramatic Entrance+1","Streamline+1","Go for the Eyes+1","Tempest+1","Ball Lightning+1","Panacea+1","Conserve Battery+1","Loop+1","Loop+1","Blind+1"],"relics":["Cracked Core","Ginger","Girya","Bottled Flame","Pantograph","Regal Pillow","Bronze Scales","SlaversCollar","Ancient Tea Set","Tiny Chest","Boot","Tiny House","Incense Burner","Mercury Hourglass","CeramicFish","Singing Bowl","Smiling Mask","Bag of Preparation","Potion Belt"],"acts_visited":["Exordium","Exordium","TheBeyond"],"potions_floor_usage":[16,16,19,33,37,40,40,47,50,50],"damage_taken":[{"damage":10,"enemies":"Small Slimes","floor":1,"turns":2},{"damage":0,"enemies":"Cultist","floor":4,"turns":2},{"damage":4,"enemies":"2 Louse","floor":5,"turns":2},{"damage":8,"enemies":"3 Sentries","floor":7,"turns":4},{"damage":6,"enemies":"Gremlin Nob","floor":8,"turns":3},{"damage":0,"enemies":"2 Fungi Beasts","floor":12,"turns":2},{"damage":4,"enemies":"3 Sentries","floor":13,"turns":4},{"damage":0,"enemies":"Gremlin Nob","floor":14,"turns":3},{"damage":0,"enemies":"Hexaghost","floor":16,"turns":5},{"damage":3,"enemies":"theJungle:GiantWrat","floor":18,"turns":3},{"damage":9,"enemies":"theJungle:5_Spyders","floor":19,"turns":3},{"damage":0,"enemies":"theJungle:2_Snecko_Cultists","floor":21,"turns":3},{"damage":3,"enemies":"theJungle:2_Phrogs","floor":24,"turns":4},{"damage":0,"enemies":"theJungle:MamaSnecko","floor":28,"turns":4},{"damage":16,"enemies":"theJungle:JungleHuntersEncounter","floor":29,"turns":4},{"damage":0,"enemies":"theJungle:Snecko_Cultist_And_Trap","floor":31,"turns":4},{"damage":49,"enemies":"theJungle:TotemBoss","floor":33,"turns":6},{"damage":9,"enemies":"3 Shapes","floor":35,"turns":4},{"damage":0,"enemies":"Mind Bloom Boss Battle","floor":37,"turns":5},{"damage":10,"enemies":"Orb Walker","floor":39,"turns":3},{"damage":0,"enemies":"Nemesis","floor":40,"turns":3},{"damage":0,"enemies":"Giant Head","floor":46,"turns":7},{"damage":0,"enemies":"Reptomancer","floor":48,"turns":4},{"damage":43,"enemies":"Time Eater","floor":50,"turns":10}],"seed_played":"3653100381384301445","potions_obtained":[{"floor":7,"key":"SpeedPotion"},{"floor":12,"key":"FearPotion"},{"floor":13,"key":"EssenceOfSteel"},{"floor":18,"key":"BlessingOfTheForge"},{"floor":31,"key":"Ancient Potion"},{"floor":33,"key":"Swift Potion"},{"floor":34,"key":"DistilledChaos"},{"floor":35,"key":"Energy Potion"},{"floor":39,"key":"Swift Potion"},{"floor":46,"key":"EntropicBrew"}],"is_trial":true,"path_per_floor":["M","?","$","M","M","R","E","E","T","R","R","M","E","E","R","B",null,"M","M","$","M","$","R","E","R","T","R","E","M","R","M","R","B",null,"M","?","?","$","M","E","R","$","T","R","R","E","R","E","R","B",null],"character_chosen":"DEFECT","items_purchased":["Loop","Mercury Hourglass","Singing Bowl"],"campfire_rested":2,"item_purchase_floors":[22,38,42],"current_hp_per_floor":[65,65,65,65,61,61,53,47,47,47,47,47,43,43,43,68,75,72,63,63,63,63,63,60,60,60,60,60,44,75,75,75,26,80,71,71,80,80,70,70,70,70,70,70,70,72,72,72,82,39],"gold":192,"neow_bonus":"","is_daily":false,"chose_seed":false,"campfire_upgraded":9,"win_rate":0.0,"timestamp":1609708752,"path_taken":["M","?","$","M","M","R","E","E","T","R","R","M","E","E","R","BOSS","M","M","?","M","$","R","E","R","T","R","E","M","R","M","R","BOSS","M","?","?","$","M","E","R","$","T","R","R","E","R","E","R","BOSS"],"items_purchased_type":["Card","Relic","Relic"],"build_version":"2020-12-22","purchased_purges":1,"victory":true,"max_hp_per_floor":[75,75,75,75,75,75,75,75,75,75,75,75,75,75,75,75,75,75,75,75,75,75,75,75,75,75,75,75,75,75,75,75,75,80,80,80,80,80,80,80,80,80,80,80,80,82,82,82,82,82],"card_choices":[{"not_picked":["Beam Cell","Barrage","Scrape"],"picked":"SKIP","floor":1},{"not_picked":["Enlightenment","Redo","Purity"],"picked":"SKIP","floor":4},{"not_picked":["Turbo","Rip and Tear","Coolheaded"],"picked":"SKIP","floor":5},{"not_picked":["Panacea","Hologram"],"picked":"Conserve Battery","floor":7},{"not_picked":["Force Field","Barrage","Rebound"],"picked":"SKIP","floor":8},{"not_picked":["Cold Snap","Madness","Genetic Algorithm"],"picked":"SKIP","floor":12},{"not_picked":["Doom and Gloom","Dark Shackles","Hologram"],"picked":"SKIP","floor":13},{"not_picked":["Steam Power","Blizzard","Redo"],"picked":"SKIP","floor":14},{"not_picked":["Coolheaded","Streamline","Rebound+1"],"picked":"SKIP","floor":18},{"not_picked":["Barrage","Sweeping Beam","Panacea"],"picked":"SKIP","floor":19},{"not_picked":["Coolheaded","Hologram","Steam Power"],"picked":"SKIP","floor":21},{"not_picked":["Panacea+1","White Noise","Fission"],"picked":"SKIP","floor":24},{"not_picked":["Forethought+1","Blind"],"picked":"Loop+1","floor":28},{"not_picked":["Compile Driver","Hologram+1","Tempest"],"picked":"SKIP","floor":29},{"not_picked":["Cold Snap","Steam Power","Reinforced Body"],"picked":"SKIP","floor":31},{"not_picked":["Auto Shields","Reinforced Body","Glacier+1"],"picked":"SKIP","floor":35},{"not_picked":["Go for the Eyes+1","Coolheaded+1","Cold Snap"],"picked":"SKIP","floor":39},{"not_picked":["Barrage","Mind Blast","Hologram+1"],"picked":"SKIP","floor":40},{"not_picked":["Hello World","BootSequence","Glacier+1"],"picked":"Singing Bowl","floor":46},{"not_picked":["Seek","Stack"],"picked":"Blind+1","floor":48}],"player_experience":3235943,"relics_obtained":[{"floor":7,"key":"Girya"},{"floor":8,"key":"Bottled Flame"},{"floor":9,"key":"Pantograph"},{"floor":13,"key":"Regal Pillow"},{"floor":14,"key":"Bronze Scales"},{"floor":24,"key":"Ancient Tea Set"},{"floor":26,"key":"Tiny Chest"},{"floor":28,"key":"Boot"},{"floor":37,"key":"Incense Burner"},{"floor":40,"key":"CeramicFish"},{"floor":43,"key":"Smiling Mask"},{"floor":46,"key":"Bag of Preparation"},{"floor":48,"key":"Potion Belt"}],"event_choices":[{"damage_healed":0,"gold_gain":0,"player_choice":"Upgraded","damage_taken":0,"max_hp_gain":0,"max_hp_loss":0,"event_name":"Upgrade Shrine","floor":2,"gold_loss":0,"cards_upgraded":["Coolheaded"]},{"damage_healed":0,"gold_gain":0,"player_choice":"Memory 1","damage_taken":0,"max_hp_gain":0,"max_hp_loss":0,"event_name":"SensoryStone","floor":36,"gold_loss":0},{"damage_healed":0,"gold_gain":0,"player_choice":"Fight","damage_taken":0,"max_hp_gain":0,"max_hp_loss":0,"event_name":"MindBloom","floor":37,"gold_loss":0}],"is_beta":false,"boss_relics":[{"not_picked":["SacredBark","Coffee Dripper"],"picked":"SlaversCollar"},{"not_picked":["Snecko Eye","FrozenCore"],"picked":"Tiny House"}],"items_purged_floors":[3],"is_endless":false,"potions_floor_spawned":[7,12,13,14,18,31,33,35,39,46],"ascension_level":0}}