{"host":"k2x36244ucab5lxq","time":1609663796,"event":{"mods":["2.2 Compatiblity","AchievementEnabler","Act Like it!","Aspiration","BaseMod","Beaked The Cultist","Bestiary","Better Altar","Better Match","Better Note","Better Sensory Stone","Better Skull","Better Third Choice","Better Vampires","BetterRewards","Block Reminder","CatGirl Mod","Clawfect","Clockwork Mod","Colored Map","Conspire","Curses Come First","Downfall","Energized Spire","Gensokyo","GungeonMod","Halation","Hermit","Hubris","Infinite Spire","Jedi Mod","JesterMod","Jorbs\u0027s Wanderer Trilogy","Marisa????????","Marked Mod","Mimic Mod","Minty Spire (QoL Compilation)","Pale of the Ancients","Random Character Button","Rare Cards Sparkle","Relic Sorter","Relic Stats","Replay The Spire","SCP261 Mod","Shop Mod","StSLib","The Administrix","The Alterego","The Blackbeard","The Bladedancer","The Blue Laboratory","The Construct","The Cursed","The Disciple","The Judge","The Necromancer","The Problem Sleuth","The Sage","The Servant 0.9.4","The Showman","TheSwordswoman","Transform Curses","Unceasing Turn Reminder","Virulent Crown","egg","everything is the same but u backflip on backflip","slay the spire mod where everything is the same but ironclad has a cowboy hat","thorton"],"gold_per_floor":[99,114,130,130,179,196,196,228,244,262,37,51,51,51,68,172,172,172,183,213,213,213,213,249,249,249,283,300,165,165,82,99,196,196,196,216,255,255,270,302,302,302,302,302,227,160,195,229,247,259,259,259],"floor_reached":50,"playtime":3126,"items_purged":["champ:BerserkersShout","Clumsy"],"score":761,"play_id":"d7b6e898-eb69-40b3-b5b7-0a37f6f5cbba","local_time":"20210103034956","is_ascension_mode":true,"campfire_choices":[{"floor":1,"key":"RECALL"},{"data":"champ:Taunt","floor":11,"key":"SMITH"},{"floor":13,"key":"REST"},{"data":"champ:RageSigil","floor":18,"key":"SMITH"},{"data":"champ:Duel","floor":23,"key":"SMITH"},{"data":"conspire:Banana","floor":35,"key":"SMITH"},{"floor":42,"key":"REST"}],"circlet_count":0,"master_deck":["champ:Strike+1","champ:Strike","champ:Strike+1","champ:Strike","champ:Defend","champ:Defend","champ:Defend","champ:Execute","champ:Taunt+1","champ:Haymaker","champ:PreciseThrust","champ:PreciseThrust","champ:GladiatorsShout","champ:RageSigil+1","champ:PreciseThrust","champ:Duel+1","Survey Options","champ:HoldFirm","champ:HeavySlash","stsjorbsmod:Withering","champ:HoldFirm","conspire:Banana+1","ReplayTheSpireMod:??????????????????????","champ:FocusedGladiator","champ:Haymaker+1","champ:RageSigil","champ:ViciousMockery+1","champ:GladiatorStyle","expansioncontent:SuperHexaguard+1","champ:GladiatorStyle+1"],"relics":["champ:ChampionCrown","hubris:Reverence","halation:OrihimeAndHikoboshiSamaAndTears","energizedSpire:HighHeels","halation:PinkSoulGem","Juzu Bracelet","jedi:crownofsimplicity","downfall:HeartBlessingRed","downfall:HeartBlessingGreen","downfall:HeartBlessingBlue","ReplayTheSpireMod:SealedPack","champ:SpectersHand","champ:DuelingGlove","jedi:cryingmask","hubris:Backtick","DemoMod:WhiteGuonStone","infinitespire:Midas Blood","halation:BottledLove","MerchantsRug","Simple Rune","champ:FightingForDummies","DemoMod:GlassGuonStoneRelic"],"acts_visited":["Exordium","TheCity","TheBeyond"],"potions_floor_usage":[8,8,16,27,29,33,48,50,50],"damage_taken":[{"damage":5,"enemies":"2 Louse","floor":2,"turns":3},{"damage":10,"enemies":"conspire:RoseBush","floor":3,"turns":4},{"damage":6,"enemies":"Small Slimes","floor":6,"turns":4},{"damage":30,"enemies":"Gremlin Nob","floor":8,"turns":5},{"damage":11,"enemies":"3 Louse","floor":9,"turns":3},{"damage":0,"enemies":"Blue Slaver","floor":10,"turns":2},{"damage":5,"enemies":"conspire:2 RoseBushes","floor":12,"turns":5},{"damage":6,"enemies":"Large Slime","floor":15,"turns":4},{"damage":22,"enemies":"downfall:Defect","floor":16,"turns":9},{"damage":12,"enemies":"Shell Parasite","floor":19,"turns":12},{"damage":0,"enemies":"Chosen","floor":20,"turns":6},{"damage":10,"enemies":"Snake Plant","floor":24,"turns":10},{"damage":28,"enemies":"conspire:Head Lice","floor":27,"turns":12},{"damage":15,"enemies":"Snake Plant","floor":28,"turns":6},{"damage":0,"enemies":"downfall:FleeingMerchant","floor":29,"turns":4},{"damage":10,"enemies":"downfall:FleeingMerchant","floor":31,"turns":4},{"damage":10,"enemies":"Sentry and Sphere","floor":32,"turns":3},{"damage":31,"enemies":"downfall:Silent","floor":33,"turns":9},{"damage":7,"enemies":"Orb Walker","floor":36,"turns":3},{"damage":1,"enemies":"conspire:MimicChest","floor":37,"turns":8},{"damage":0,"enemies":"3 Shapes","floor":39,"turns":4},{"damage":34,"enemies":"R_Hoarder","floor":40,"turns":10},{"damage":0,"enemies":"downfall:FleeingMerchant","floor":46,"turns":4},{"damage":4,"enemies":"Nemesis","floor":47,"turns":7},{"damage":20,"enemies":"Writhing Mass","floor":48,"turns":6},{"damage":5,"enemies":"4 Shapes","floor":49,"turns":7},{"damage":44,"enemies":"downfall:Ironclad","floor":50,"turns":10}],"seed_played":"-8314075285000661751","potions_obtained":[{"floor":2,"key":"ColorlessPotion"},{"floor":3,"key":"blueLaboratory:LouseDecoction"},{"floor":5,"key":"ColorlessPotion"},{"floor":5,"key":"Swift Potion"},{"floor":9,"key":"jedi:holywater"},{"floor":10,"key":"Milkshake"},{"floor":16,"key":"blueLaboratory:Moonshine"},{"floor":20,"key":"AttackPotion"},{"floor":28,"key":"LifebloodPotion"},{"floor":32,"key":"Strength Potion"},{"floor":36,"key":"champ:OpenerPotion"},{"floor":47,"key":"Block Potion"},{"floor":48,"key":"blueLaboratory:BottledHope"}],"is_trial":false,"path_per_floor":["R","M","M","?","?","M","T","E","M","M","R","M","R","?","M","B",null,"R","M","M","?","?","R","MIM","?","T","E","M","$","HB","$","M","B",null,"R","M","?","?","M","E","T","R","?","HB","?","$","E","M","M","B"],"character_chosen":"THE_CHAMP","items_purchased":["champ:RageSigil","champ:GladiatorStyle","MerchantsRug","Simple Rune"],"campfire_rested":2,"item_purchase_floors":[29,31,46,46],"current_hp_per_floor":[81,81,76,76,76,75,75,52,41,41,51,46,76,76,70,48,87,87,81,83,83,83,83,84,84,84,62,48,49,49,50,51,22,48,48,43,44,44,46,39,39,58,58,58,58,58,56,38,35,0,0,0],"gold":259,"neow_bonus":"RANDOM_COMMON_RELIC","is_daily":false,"chose_seed":false,"campfire_upgraded":4,"win_rate":0.0,"timestamp":1609663796,"path_taken":["R","M","M","?","?","M","T","E","M","M","R","M","R","?","M","BOSS","R","M","M","?","?","R","MIM","?","?","E","M","$","HB","?","M","BOSS","R","M","?","?","M","E","T","R","?","HB","?","$","E","M","M","BOSS"],"items_purchased_type":["Card","Card","Relic","Relic"],"build_version":"2020-12-22","purchased_purges":2,"victory":false,"max_hp_per_floor":[90,90,90,90,90,90,90,90,90,90,100,100,100,100,100,100,100,100,101,103,103,103,103,104,104,104,105,106,107,54,55,56,57,57,57,59,61,61,63,65,65,65,65,65,65,65,67,69,71,73,73,73],"relic_stats":{"counters":[27,164],"Juzu Bracelet":2,"obtain_stats":[{"champ:DuelingGlove":26,"MerchantsRug":46,"halation:OrihimeAndHikoboshiSamaAndTears":4,"downfall:HeartBlessingRed":11,"halation:BottledLove":41,"champ:ChampionCrown":0,"downfall:HeartBlessingGreen":11,"DemoMod:GlassGuonStoneRelic":2,"ReplayTheSpireMod:SealedPack":17,"Juzu Bracelet":0,"jedi:crownofsimplicity":8,"DemoMod:WhiteGuonStone":37,"hubris:Backtick":34,"downfall:HeartBlessingBlue":11,"jedi:cryingmask":27,"Simple Rune":46,"champ:FightingForDummies":47,"halation:PinkSoulGem":22,"champ:SpectersHand":24,"energizedSpire:HighHeels":44,"hubris:Reverence":34,"infinitespire:Midas Blood":40},{"champ:DuelingGlove":12,"MerchantsRug":23,"halation:OrihimeAndHikoboshiSamaAndTears":2,"downfall:HeartBlessingRed":6,"halation:BottledLove":22,"champ:ChampionCrown":0,"downfall:HeartBlessingGreen":6,"DemoMod:GlassGuonStoneRelic":1,"ReplayTheSpireMod:SealedPack":9,"Juzu Bracelet":0,"jedi:crownofsimplicity":4,"DemoMod:WhiteGuonStone":20,"hubris:Backtick":18,"downfall:HeartBlessingBlue":6,"jedi:cryingmask":13,"Simple Rune":23,"champ:FightingForDummies":24,"halation:PinkSoulGem":11,"champ:SpectersHand":12,"energizedSpire:HighHeels":22,"hubris:Reverence":18,"infinitespire:Midas Blood":22},{"champ:DuelingGlove":67,"MerchantsRug":134,"halation:OrihimeAndHikoboshiSamaAndTears":7,"downfall:HeartBlessingRed":21,"halation:BottledLove":130,"champ:ChampionCrown":0,"downfall:HeartBlessingGreen":21,"DemoMod:GlassGuonStoneRelic":3,"ReplayTheSpireMod:SealedPack":39,"Juzu Bracelet":0,"jedi:crownofsimplicity":16,"DemoMod:WhiteGuonStone":116,"hubris:Backtick":105,"downfall:HeartBlessingBlue":21,"jedi:cryingmask":79,"Simple Rune":134,"champ:FightingForDummies":141,"halation:PinkSoulGem":57,"champ:SpectersHand":67,"energizedSpire:HighHeels":130,"hubris:Reverence":105,"infinitespire:Midas Blood":130}]},"card_choices":[{"not_picked":["champ:Circumvent","champ:StanceDance"],"picked":"champ:Haymaker","floor":2},{"not_picked":["champ:BringItOn","champ:PerfectedStrike","champ:EnragedBash"],"picked":"SKIP","floor":3},{"not_picked":["champ:GladiatorStyle","champ:ShieldSigil"],"picked":"champ:PreciseThrust","floor":5},{"not_picked":["champ:TornadoPunch","champ:Haymaker"],"picked":"champ:PreciseThrust","floor":6},{"not_picked":["champ:CalledShot","champ:Duel"],"picked":"champ:GladiatorsShout","floor":8},{"not_picked":["champ:BringItOn","champ:FightOn"],"picked":"champ:RageSigil","floor":9},{"not_picked":["champ:EndlessRage","champ:StrikeOfGenius"],"picked":"champ:PreciseThrust","floor":10},{"not_picked":["champ:FanOfKnives","champ:Circumvent"],"picked":"champ:Duel","floor":12},{"not_picked":["Replay:SS_fish_1","expansioncontent:DarkVoid"],"picked":"Survey Options","floor":14},{"not_picked":["champ:PerfectedStrike","champ:ShieldSigil"],"picked":"champ:HoldFirm","floor":15},{"not_picked":["champ:EnchantShield","champ:LastStand"],"picked":"champ:HeavySlash","floor":16},{"not_picked":["champ:StrikeOfGenius","champ:VampiricStrike"],"picked":"champ:HoldFirm","floor":17},{"not_picked":["PanicButton","Replay:SS_forest_2"],"picked":"conspire:Banana","floor":17},{"not_picked":["infinitespire:NeuralNetwork","infinitespire:TheBestDefense"],"picked":"ReplayTheSpireMod:??????????????????????","floor":17},{"not_picked":["champ:Lariat","champ:LastStand","champ:Aggression"],"picked":"SKIP","floor":19},{"not_picked":["champ:FlashCut","champ:EnragedBash","champ:StanceDance"],"picked":"SKIP","floor":20},{"not_picked":["champ:BerserkerStyle+1","champ:FocusedDefense"],"picked":"champ:FocusedGladiator","floor":24},{"not_picked":["champ:DefensiveShout","champ:ViciousMockery","champ:RecklessLeap+1"],"picked":"SKIP","floor":27},{"not_picked":["champ:BerserkersShout","champ:Encircle","champ:Backstep+1"],"picked":"SKIP","floor":28},{"not_picked":["champ:FanOfKnives","champ:SkillfulDodge"],"picked":"champ:Haymaker+1","floor":29},{"not_picked":["champ:CrookedStrike","champ:BladeFlurry"],"picked":"champ:ViciousMockery+1","floor":31},{"not_picked":["champ:PerfectedStrike+1","champ:ShieldSigil","champ:Aggression+1"],"picked":"SKIP","floor":32},{"not_picked":["champ:PerfectedStrike+1","champ:StanceDance+1","champ:Encircle+1"],"picked":"SKIP","floor":36},{"not_picked":["champ:DefensiveShout","champ:IronFortress+1","champ:GladiatorsShout+1"],"picked":"SKIP","floor":39},{"not_picked":["champ:PerfectedStrike+1","champ:Haymaker","champ:Backstep+1"],"picked":"SKIP","floor":40},{"not_picked":["Blind+1","Good Instincts+1"],"picked":"expansioncontent:SuperHexaguard+1","floor":45},{"not_picked":["champ:CalledShot","champ:SkillfulDodge+1","champ:Backstep"],"picked":"SKIP","floor":46},{"not_picked":["champ:GladiatorsShout+1","champ:Lariat+1","champ:DefensiveStyle+1"],"picked":"SKIP","floor":47},{"not_picked":["champ:CrookedStrike+1","champ:ShieldSigil+1","champ:MurderStrike"],"picked":"SKIP","floor":48},{"not_picked":["champ:EndlessRage","champ:GladiatorsShout+1"],"picked":"champ:GladiatorStyle+1","floor":49}],"player_experience":583115,"relics_obtained":[{"floor":4,"key":"halation:OrihimeAndHikoboshiSamaAndTears"},{"floor":8,"key":"jedi:crownofsimplicity"},{"floor":24,"key":"champ:SpectersHand"},{"floor":26,"key":"champ:DuelingGlove"},{"floor":27,"key":"jedi:cryingmask"},{"floor":37,"key":"DemoMod:WhiteGuonStone"},{"floor":40,"key":"infinitespire:Midas Blood"},{"floor":41,"key":"halation:BottledLove"},{"floor":47,"key":"champ:FightingForDummies"}],"event_choices":[{"damage_healed":0,"gold_gain":1,"player_choice":"1","damage_taken":0,"max_hp_gain":0,"max_hp_loss":0,"event_name":"betterStone:BetterStone","floor":14,"gold_loss":0},{"damage_healed":0,"gold_gain":0,"cards_transformed":["ReplayTheSpireMod:Splinters","champ:Defend"],"player_choice":"Became Test Subject","damage_taken":0,"max_hp_gain":0,"max_hp_loss":0,"event_name":"Drug Dealer","floor":21,"gold_loss":0,"cards_obtained":["champ:BerserkersShout","champ:SkillfulDodge"]},{"damage_healed":0,"gold_gain":0,"player_choice":"2","damage_taken":0,"max_hp_gain":0,"max_hp_loss":0,"event_name":"betterMatch:BetterMatch","floor":45,"gold_loss":0,"cards_obtained":["betterMatch:ColorlessUncommonCard"]}],"is_beta":false,"boss_relics":[{"not_picked":["hubris:GrandSneckoEye","energizedSpire:StickyHand"],"picked":"ReplayTheSpireMod:SealedPack"},{"not_picked":["conspire:SeveredTorchhead","energizedSpire:OgreHead"],"picked":"hubris:Backtick"}],"items_purged_floors":[29,46],"is_endless":false,"potions_floor_spawned":[2,3,9,10,16,20,28,32,36,47,48],"killed_by":"downfall:Ironclad","ascension_level":7}}