{"host":"3ikutf0nfngyhvfs","time":1609659352,"event":{"mods":["AchievementEnabler","BaseMod","Downfall","Minty Spire (QoL Compilation)","StSLib","The Cursed"],"gold_per_floor":[99,117,117,117,133,149,202,232,157,157,169,199,211,242,274,390,402,339,363,390,414,436,460,518,546,558,495,534,561,573,600,627,737,749,761,784,296,307,662,692,692,706,724,734,751,788,788,788,808,808,808,833,8,8,8],"floor_reached":56,"playtime":9032,"items_purged":["champ:Defend","champ:Defend","champ:DancingMaster"],"score":1319,"play_id":"85ef4907-e924-49b6-9aea-ac0cf5cbab20","local_time":"20210103013552","is_ascension_mode":false,"campfire_choices":[{"data":"champ:Taunt","floor":1,"key":"SMITH"},{"data":"champ:Backstep","floor":9,"key":"SMITH"},{"floor":13,"key":"RECALL"},{"data":"champ:Devastate","floor":18,"key":"SMITH"},{"data":"RitualDagger","floor":27,"key":"SMITH"},{"data":"champ:EnGarde","floor":30,"key":"SMITH"},{"data":"champ:HoldFirm","floor":35,"key":"SMITH"},{"data":"expansioncontent:StudyTheSpire","floor":47,"key":"SMITH"},{"data":"champ:Lariat","floor":54,"key":"SMITH"}],"circlet_count":0,"master_deck":["champ:Execute","champ:Taunt+1","champ:SteelEdge+1","champ:Backstep+1","champ:TornadoPunch+1","champ:SteelEdge","Iron Wave","champ:DefensiveStyle","champ:HeartStrike","champ:Devastate+1","champ:FaceSlap+1","champ:Improvising+1","champ:GladiatorsShout+1","champ:EnGarde+1","champ:BerserkersShout","champ:HeartStrike","champ:TornadoPunch+1","RitualDagger+1","champ:CalledShot","champ:EnGarde+1","champ:CrownThrow","champ:Lariat+1","champ:HoldFirm+1","champ:IgnorePain","Mayhem","expansioncontent:TimeRipple","champ:DeathBlow+1","Parasite","expansioncontent:StudyTheSpire+1","champ:VampiricStrike","champ:EndlessRage"],"relics":["champ:ChampionCrown","Whetstone","Mercury Hourglass","downfall:HeartBlessingGreen","MawBank","Astrolabe","downfall:HeartBlessingRed","downfall:HeartBlessingBlue","Mango","Snecko Eye","Old Coin","MealTicket","HornCleat","Pen Nib","Pantograph","Chemical X"],"acts_visited":["Exordium","TheCity","TheBeyond","TheEnding"],"potions_floor_usage":[8,14,16,16,16,22,29,29,32,33,36,37,46,52,52,55],"damage_taken":[{"damage":5,"enemies":"2 Louse","floor":2,"turns":4},{"damage":14,"enemies":"Small Slimes","floor":5,"turns":3},{"damage":33,"enemies":"Cultist","floor":6,"turns":4},{"damage":49,"enemies":"Lagavulin","floor":8,"turns":12},{"damage":5,"enemies":"3 Louse","floor":11,"turns":3},{"damage":6,"enemies":"Gremlin Nob","floor":12,"turns":5},{"damage":7,"enemies":"Red Slaver","floor":14,"turns":5},{"damage":0,"enemies":"2 Fungi Beasts","floor":15,"turns":2},{"damage":11,"enemies":"downfall:Watcher","floor":16,"turns":7},{"damage":5,"enemies":"Spheric Guardian","floor":19,"turns":3},{"damage":5,"enemies":"Snecko","floor":20,"turns":5},{"damage":12,"enemies":"Chosen and Byrds","floor":21,"turns":7},{"damage":10,"enemies":"Centurion and Healer","floor":22,"turns":6},{"damage":29,"enemies":"Snake Plant","floor":23,"turns":5},{"damage":5,"enemies":"Cultist and Chosen","floor":25,"turns":4},{"damage":3,"enemies":"Gremlin Leader","floor":28,"turns":4},{"damage":15,"enemies":"Chosen and Byrds","floor":29,"turns":6},{"damage":26,"enemies":"Snake Plant","floor":31,"turns":5},{"damage":24,"enemies":"3 Cultists","floor":32,"turns":4},{"damage":28,"enemies":"downfall:Defect","floor":33,"turns":8},{"damage":3,"enemies":"3 Shapes","floor":36,"turns":3},{"damage":16,"enemies":"downfall:FleeingMerchant","floor":37,"turns":4},{"damage":26,"enemies":"3 Darklings","floor":38,"turns":8},{"damage":17,"enemies":"2 Orb Walkers","floor":39,"turns":3},{"damage":0,"enemies":"Reptomancer","floor":40,"turns":5},{"damage":5,"enemies":"4 Shapes","floor":42,"turns":4},{"damage":3,"enemies":"Jaw Worm Horde","floor":43,"turns":3},{"damage":5,"enemies":"Writhing Mass","floor":44,"turns":6},{"damage":12,"enemies":"Transient","floor":45,"turns":5},{"damage":13,"enemies":"downfall:FleeingMerchant","floor":46,"turns":4},{"damage":18,"enemies":"Spire Growth","floor":49,"turns":3},{"damage":54,"enemies":"downfall:Ironclad","floor":50,"turns":11},{"damage":87,"enemies":"downfall:CharBossMerchant","floor":52,"turns":10},{"damage":205,"enemies":"downfall:NeowBoss","floor":55,"turns":23}],"seed_played":"6111442422900362320","potions_obtained":[{"floor":6,"key":"AttackPotion"},{"floor":8,"key":"EntropicBrew"},{"floor":16,"key":"sneckomod:MuddlingPotion"},{"floor":22,"key":"Regen Potion"},{"floor":23,"key":"FearPotion"},{"floor":28,"key":"champ:TechniquePotion"},{"floor":29,"key":"SteroidPotion"},{"floor":33,"key":"SteroidPotion"},{"floor":36,"key":"ColorlessPotion"},{"floor":43,"key":"SpeedPotion"},{"floor":44,"key":"PowerPotion"},{"floor":49,"key":"Block Potion"},{"floor":52,"key":"SpeedPotion"}],"is_trial":false,"path_per_floor":["R","M","?","?","M","M","T","E","R","?","M","E","R","M","M","B",null,"R","M","M","M","M","M","T","M","?","R","E","M","R","M","M","B",null,"R","M","$","M","?","E","T","M","M","M","M","$","R","?","M","B",null,"E","$","R","B",null],"character_chosen":"THE_CHAMP","items_purchased":["champ:IgnorePain","Mayhem","expansioncontent:TimeRipple","expansioncontent:StudyTheSpire","champ:VampiricStrike","champ:EndlessRage","Pantograph","Chemical X","ColorlessPotion","SteroidPotion"],"campfire_rested":0,"item_purchase_floors":[37,37,37,46,53,53,53,53,53,53],"current_hp_per_floor":[63,63,63,68,64,59,59,41,41,41,41,40,40,33,33,33,95,95,95,95,95,90,67,67,67,61,71,85,75,75,54,33,26,119,119,116,116,96,82,82,82,87,84,84,72,87,87,79,61,54,119,53,68,68,81],"gold":8,"neow_bonus":"TRANSFORM_TWO_CARDS","is_daily":false,"chose_seed":false,"campfire_upgraded":8,"win_rate":0.0,"timestamp":1609659352,"path_taken":["R","M","?","?","M","M","T","E","R","?","M","E","R","M","M","BOSS","R","?","M","M","M","M","T","M","?","R","E","M","R","M","M","BOSS","R","M","$","M","?","E","T","M","M","M","M","$","R","?","M","BOSS","E","$","R","BOSS"],"items_purchased_type":["Card","Card","Card","Card","Card","Card","Relic","Relic","Potion","Potion"],"build_version":"2020-12-22","purchased_purges":3,"victory":true,"max_hp_per_floor":[90,90,90,95,95,95,95,95,95,95,95,95,95,95,95,95,95,95,95,95,95,95,95,95,95,95,105,119,119,119,119,119,119,119,119,119,119,119,119,119,119,119,119,119,119,119,119,119,119,119,119,119,119,119,119],"card_choices":[{"not_picked":["champ:AdrenalArmor","champ:Riposte"],"picked":"champ:DeathBlow","floor":2},{"not_picked":["champ:FanOfKnives","champ:DefensiveShout"],"picked":"champ:TornadoPunch","floor":5},{"not_picked":["champ:GutPunch","champ:BerserkersShout"],"picked":"champ:SteelEdge","floor":6},{"not_picked":["champ:CrookedStrike","champ:BerserkersShout","champ:Haymaker"],"picked":"SKIP","floor":8},{"not_picked":["champ:FanOfKnives","champ:BladeFlurry","champ:StrikeOfGenius"],"picked":"SKIP","floor":11},{"not_picked":["champ:StanceDance","champ:CrookedStrike"],"picked":"champ:DefensiveStyle","floor":12},{"not_picked":["champ:DefensiveShout","champ:TornadoPunch","champ:PreciseThrust"],"picked":"SKIP","floor":14},{"not_picked":["champ:FanOfKnives","champ:BringItOn"],"picked":"champ:HeartStrike","floor":15},{"not_picked":["champ:Improvising","champ:CrownThrow"],"picked":"champ:Devastate","floor":16},{"not_picked":["champ:RapidStrikes","champ:FanOfKnives+1"],"picked":"champ:EnGarde","floor":19},{"not_picked":["champ:BladeFlurry","champ:TornadoPunch"],"picked":"champ:BerserkersShout","floor":20},{"not_picked":["champ:FalseCounter","champ:AdrenalArmor"],"picked":"champ:HeartStrike","floor":21},{"not_picked":["champ:RecklessLeap+1","champ:BladeFlurry+1"],"picked":"champ:DancingMaster","floor":22},{"not_picked":["champ:CrookedStrike+1","champ:FocusedGladiator+1"],"picked":"champ:TornadoPunch+1","floor":23},{"not_picked":["champ:FightOn","champ:AdrenalArmor","champ:StanceDance"],"picked":"SKIP","floor":25},{"not_picked":["champ:BerserkersShout+1","champ:FlashCut"],"picked":"champ:CalledShot","floor":28},{"not_picked":["champ:GladiatorsShout","champ:BerserkersShout"],"picked":"champ:EnGarde+1","floor":29},{"not_picked":["champ:AdrenalArmor","champ:GutPunch"],"picked":"champ:CrownThrow","floor":31},{"not_picked":["champ:GladiatorsShout+1","champ:Riposte"],"picked":"champ:Lariat","floor":32},{"not_picked":["champ:MurderStrike","champ:ShieldThrow"],"picked":"champ:HoldFirm","floor":33},{"not_picked":["champ:BerserkersShout","champ:AdrenalArmor+1","champ:Backstep+1"],"picked":"SKIP","floor":36},{"not_picked":["champ:Circumvent","champ:FocusedGladiator+1","champ:Backstep"],"picked":"SKIP","floor":37},{"not_picked":["champ:HeartStrike+1","champ:BerserkersShout","champ:CrookedStrike"],"picked":"SKIP","floor":38},{"not_picked":["champ:Shatter","champ:HeartStrike+1"],"picked":"champ:DeathBlow","floor":39},{"not_picked":["champ:DefensiveShout+1","champ:SkillfulDodge+1","champ:FocusedDefense"],"picked":"SKIP","floor":40},{"not_picked":["champ:SkillfulDodge+1","champ:PreciseThrust+1"],"picked":"champ:FightOn","floor":42},{"not_picked":["champ:StanceDance","champ:AdrenalArmor+1","champ:ShieldThrow"],"picked":"SKIP","floor":43},{"not_picked":["champ:AdrenalArmor","champ:Circumvent","champ:TornadoPunch"],"picked":"SKIP","floor":44},{"not_picked":["champ:TornadoPunch","champ:GladiatorsShout+1","champ:Circumvent"],"picked":"SKIP","floor":45},{"not_picked":["champ:CalledShot","champ:FaceSlap+1","champ:DefensiveShout"],"picked":"SKIP","floor":46},{"not_picked":["champ:Haymaker","champ:FocusedGladiator+1","champ:EnragedBash"],"picked":"SKIP","floor":49},{"not_picked":["champ:StanceDance","champ:RapidStrikes+1","champ:HeartStrike+1"],"picked":"SKIP","floor":52}],"player_experience":411793,"relics_obtained":[{"floor":7,"key":"Whetstone"},{"floor":8,"key":"Mercury Hourglass"},{"floor":12,"key":"MawBank"},{"floor":28,"key":"Mango"},{"floor":39,"key":"Old Coin"},{"floor":40,"key":"MealTicket"},{"floor":41,"key":"HornCleat"},{"floor":52,"key":"Pen Nib"}],"event_choices":[{"damage_healed":0,"gold_gain":0,"player_choice":"Donut","damage_taken":0,"max_hp_gain":5,"max_hp_loss":0,"event_name":"Big Fish","floor":4,"gold_loss":0},{"cards_removed":["champ:DeathBlow"],"damage_healed":0,"gold_gain":0,"player_choice":"Took Card","damage_taken":0,"max_hp_gain":0,"max_hp_loss":0,"event_name":"NoteForYourself","floor":10,"gold_loss":0,"cards_obtained":["Iron Wave"]},{"damage_healed":0,"gold_gain":0,"player_choice":"Fight","damage_taken":0,"max_hp_gain":0,"max_hp_loss":0,"event_name":"Mysterious Sphere","floor":39,"gold_loss":0}],"is_beta":false,"boss_relics":[{"not_picked":["Runic Dome","SacredBark"],"picked":"Astrolabe"},{"not_picked":["Calling Bell","Pandora\u0027s Box"],"picked":"Snecko Eye"}],"items_purged_floors":[37,46,53],"is_endless":false,"potions_floor_spawned":[6,8,15,16,22,23,28,29,33,36,43,44,49,52],"ascension_level":0}}