{"host":"of54lgomlc4q20p4","time":1609634310,"event":{"mods":["2.2 Compatiblity","BaseMod","Beaked The Cultist","Colored Map","Downfall","Hermit","Hubris","Infinite Spire","Mad Scientist","Minty Spire (QoL Compilation)","Robot Space Explorer","StSLib","The Construct","The Cursed","The Disciple","The Elementalist","The Hierophant","The Necromancer","The Poker Player","The Runesmith"],"gold_per_floor":[116,126,45,55,9,9,29,29,29,29,60,60,74,74,74,74,74],"floor_reached":16,"playtime":1138,"items_purged":[],"score":100,"play_id":"caf9e24c-6508-400a-ae92-0d26bc6a4571","local_time":"20210102193830","is_ascension_mode":false,"campfire_choices":[{"data":"Finger_Of_Death","floor":6,"key":"SMITH"},{"data":"Negative_Energy_Arrows","floor":8,"key":"SMITH"},{"floor":15,"key":"REST"}],"circlet_count":0,"master_deck":["Strike_W","Strike_W","Strike_W","Strike_W","Defend_W","Defend_W","Defend_W","Defend_W","Negative_Energy_Arrows+1","Bone_Wall","Thousand_Bone_Knives","Negative_Energy_Sphere","Whirlwind_of_Bones","Chill_Blood","Finger_Of_Death+1","Bone_Spikes","Bone_Spikes","Bone_Shift"],"relics":["Vampire_Amulet","Peace Pipe","hubris:Icosahedron","Anchor"],"acts_visited":["Exordium"],"potions_floor_usage":[4,16,16],"damage_taken":[{"damage":2,"enemies":"2 Louse","floor":1,"turns":3},{"damage":0,"enemies":"Small Slimes","floor":2,"turns":3},{"damage":3,"enemies":"Cultist","floor":4,"turns":4},{"damage":20,"enemies":"Lots of Slimes","floor":7,"turns":5},{"damage":31,"enemies":"3 Sentries","floor":11,"turns":7},{"damage":2,"enemies":"3 Louse","floor":13,"turns":3},{"damage":81,"enemies":"Hexaghost","floor":16,"turns":13}],"seed_played":"8088364854075145307","potions_obtained":[{"floor":1,"key":"Fruit Juice"},{"floor":7,"key":"champ:CounterPotion"}],"is_trial":false,"path_per_floor":["M","M","$","M","$","R","M","R","T","?","E","$","M","?","R","B"],"character_chosen":"NECROMANCER","items_purchased":["Whirlwind_of_Bones","Finger_Of_Death"],"campfire_rested":1,"item_purchase_floors":[3,5],"current_hp_per_floor":[82,82,82,86,86,86,76,76,76,76,51,51,55,55,81,0,0],"gold":74,"neow_bonus":"TEN_PERCENT_HP_BONUS","is_daily":false,"chose_seed":false,"campfire_upgraded":2,"win_rate":0.0,"timestamp":1609634310,"path_taken":["M","M","$","M","$","R","M","R","T","?","E","$","M","?","R","BOSS"],"items_purchased_type":["Card","Card"],"build_version":"2020-12-22","purchased_purges":0,"victory":false,"max_hp_per_floor":[82,82,82,87,87,87,87,87,87,87,87,87,87,87,87,87,87],"card_choices":[{"not_picked":["Slay_Living","Negative_Energy_Sphere"],"picked":"Thousand_Bone_Knives","floor":1},{"not_picked":["Bones_to_Steel","Chill_Blood"],"picked":"Negative_Energy_Sphere","floor":2},{"not_picked":["Pandemic","Blood_Curse"],"picked":"Chill_Blood","floor":4},{"not_picked":["Negative_Energy_Sphere","Whirlwind_of_Bones"],"picked":"Bone_Spikes","floor":7},{"not_picked":["Spectral_Armor","Bones_to_Steel"],"picked":"Bone_Spikes","floor":11},{"not_picked":["Life_Tap","Scare"],"picked":"Bone_Shift","floor":13}],"player_experience":53729,"relics_obtained":[{"floor":9,"key":"Peace Pipe"},{"floor":11,"key":"Anchor"}],"event_choices":[{"damage_healed":0,"gold_gain":0,"player_choice":"Ignored","damage_taken":0,"max_hp_gain":0,"max_hp_loss":0,"event_name":"Golden Idol","floor":14,"gold_loss":0}],"is_beta":false,"boss_relics":[],"items_purged_floors":[],"is_endless":false,"potions_floor_spawned":[1,7],"killed_by":"Hexaghost","ascension_level":0}}