{"host":"d8hh7rr4yzitjeuj","time":1609650001,"event":{"mods":["2.2 Compatiblity","AchievementEnabler","BaseMod","CapriCore","Colored Map","Colored Powertips","Highlight Path","Keyboard Shortcuts","Minty Spire (QoL Compilation)","Permanent Neow","Quick Restart","StSLib","SuperFastMode"],"gold_per_floor":[110,110,128,98,115,141,158,158,158,183,195,213,229,21,21,98,98,110,25,35,54,66,66,78,3,3,3,3],"floor_reached":27,"playtime":1066,"items_purged":[],"score":508,"play_id":"e011cc85-8460-4306-801c-8b574cf6eda3","local_time":"20210103140001","is_ascension_mode":true,"campfire_choices":[{"data":"Uppercut","floor":8,"key":"SMITH"},{"data":"Body Slam","floor":15,"key":"SMITH"},{"floor":23,"key":"REST"}],"circlet_count":0,"master_deck":["AscendersBane","Strike_R+1","Defend_R","Defend_R","Defend_R","Bash","Uppercut+1","Ghostly Armor","Armaments+1","Pummel","Shockwave","Dropkick","Juggernaut","Rage","Feel No Pain","Body Slam+1","Shrug It Off","Brutality","Flame Barrier+1","Armaments+1","Impervious+1","Power Through+1","Body Slam","Rupture","Second Wind"],"relics":["Burning Blood","FossilizedHelix","Calipers","Self Forming Clay","Bag of Preparation","Astrolabe","Tiny Chest","Pear"],"acts_visited":["Exordium","TheCity"],"potions_floor_usage":[10,20,22,27],"damage_taken":[{"damage":4,"enemies":"Small Slimes","floor":1,"turns":3},{"damage":0,"enemies":"2 Louse","floor":3,"turns":4},{"damage":4,"enemies":"Cultist","floor":5,"turns":3},{"damage":30,"enemies":"Lagavulin","floor":6,"turns":8},{"damage":0,"enemies":"Looter","floor":7,"turns":4},{"damage":0,"enemies":"Gremlin Nob","floor":10,"turns":4},{"damage":8,"enemies":"3 Louse","floor":11,"turns":3},{"damage":4,"enemies":"Large Slime","floor":12,"turns":6},{"damage":8,"enemies":"Exordium Wildlife","floor":13,"turns":5},{"damage":5,"enemies":"The Guardian","floor":16,"turns":10},{"damage":8,"enemies":"Shell Parasite","floor":18,"turns":5},{"damage":13,"enemies":"2 Thieves","floor":20,"turns":3},{"damage":5,"enemies":"Snecko","floor":21,"turns":6},{"damage":52,"enemies":"Cultist and Chosen","floor":22,"turns":10},{"damage":18,"enemies":"Centurion and Healer","floor":24,"turns":6},{"damage":27,"enemies":"Book of Stabbing","floor":27,"turns":6}],"seed_played":"-7636085224063606508","potions_obtained":[{"floor":4,"key":"SneckoOil"},{"floor":4,"key":"EssenceOfSteel"},{"floor":7,"key":"Explosive Potion"},{"floor":10,"key":"Ancient Potion"},{"floor":22,"key":"ElixirPotion"}],"is_trial":false,"path_per_floor":["M","?","M","?","M","E","M","R","T","E","M","M","M","$","R","B",null,"M","?","M","M","M","R","M","?","T","E"],"character_chosen":"IRONCLAD","items_purchased":["Bag of Preparation","Shrug It Off"],"campfire_rested":1,"item_purchase_floors":[14,14],"current_hp_per_floor":[68,48,54,54,56,32,38,38,38,44,42,44,42,42,42,43,62,60,60,53,54,8,28,16,16,26,0,0],"gold":3,"neow_bonus":"TRANSFORM_TWO_CARDS","is_daily":false,"chose_seed":false,"campfire_upgraded":2,"win_rate":0.0,"timestamp":1609650001,"path_taken":["M","?","M","?","M","E","M","R","T","E","M","M","M","$","R","BOSS","M","?","M","M","M","R","M","?","T","E"],"items_purchased_type":["Relic","Card"],"build_version":"2020-12-22","purchased_purges":0,"victory":false,"max_hp_per_floor":[68,68,68,68,68,68,68,68,68,68,68,68,68,68,68,68,68,68,68,68,68,68,68,68,68,78,78,78],"card_choices":[{"not_picked":["Warcry","Entrench"],"picked":"Armaments","floor":1},{"not_picked":["Twin Strike","Sever Soul"],"picked":"Pummel","floor":3},{"not_picked":["Dark Embrace","Sword Boomerang"],"picked":"Shockwave","floor":5},{"not_picked":["Heavy Blade","Reckless Charge"],"picked":"Perfected Strike","floor":6},{"not_picked":["Disarm","Iron Wave"],"picked":"Dropkick","floor":7},{"not_picked":["Dual Wield","Exhume"],"picked":"Juggernaut","floor":10},{"not_picked":["Disarm","Fire Breathing"],"picked":"Rage","floor":11},{"not_picked":["Thunderclap","Sword Boomerang"],"picked":"Feel No Pain","floor":12},{"not_picked":["Iron Wave","Sever Soul"],"picked":"Body Slam","floor":13},{"not_picked":["Double Tap","Demon Form"],"picked":"Brutality","floor":16},{"not_picked":["Disarm","Shrug It Off"],"picked":"Power Through+1","floor":18},{"not_picked":["Reckless Charge","Clothesline","Twin Strike+1"],"picked":"SKIP","floor":20},{"not_picked":["Thunderclap","Flex"],"picked":"Body Slam","floor":21},{"not_picked":["Flex+1","Anger"],"picked":"Rupture","floor":22},{"not_picked":["Iron Wave+1","True Grit"],"picked":"Second Wind","floor":24}],"player_experience":1400072,"relics_obtained":[{"floor":6,"key":"FossilizedHelix"},{"floor":9,"key":"Calipers"},{"floor":10,"key":"Self Forming Clay"},{"floor":26,"key":"Pear"}],"event_choices":[{"damage_healed":0,"gold_gain":0,"player_choice":"Entered Light","damage_taken":20,"max_hp_gain":0,"max_hp_loss":0,"event_name":"Shining Light","floor":2,"gold_loss":0,"cards_upgraded":["Strike_R","Armaments"]},{"damage_healed":0,"gold_gain":0,"player_choice":"Bought 2 Potions","damage_taken":0,"max_hp_gain":0,"max_hp_loss":0,"event_name":"The Woman in Blue","floor":4,"gold_loss":0},{"damage_healed":0,"gold_gain":0,"player_choice":"Obtained Relic","damage_taken":0,"relics_obtained":["Tiny Chest"],"max_hp_gain":0,"max_hp_loss":0,"event_name":"Addict","floor":19,"gold_loss":85},{"cards_removed":["Perfected Strike"],"damage_healed":0,"gold_gain":0,"player_choice":"Gave Gold","damage_taken":0,"max_hp_gain":0,"max_hp_loss":0,"event_name":"Beggar","floor":25,"gold_loss":75}],"is_beta":false,"boss_relics":[{"not_picked":["Empty Cage","Runic Dome"],"picked":"Astrolabe"}],"items_purged_floors":[],"is_endless":false,"potions_floor_spawned":[7,10,11,12,13,22],"killed_by":"Book of Stabbing","ascension_level":20}}