{"host":"u4pncpybdtxxvw4r","time":1609706863,"event":{"mods":["AchievementEnabler","BaseMod","Block Reminder","Colored Powertips","Downfall","Marisa£®ÏF”Í°°ƒß¿Ì…≥£©","Minty Spire (QoL Compilation)","Permanent Neow","Potion Indicator Mod","Rare Cards Sparkle","StSLib","SuperFastMode"],"gold_per_floor":[118,43,61,61,61,80,80,105,105,143,158,107,107,127,127,250,250,273,363,48,66,84,84,124,3,3,3,24,44,75,75,75,194,194,218,551,18,18,34,34,34,53,53,73,6,17,69,81,81,81],"floor_reached":51,"playtime":3689,"items_purged":["Injury"],"score":739,"play_id":"4a129f43-72ed-412a-a66e-c8f09eeac33e","local_time":"20210104044743","is_ascension_mode":false,"campfire_choices":[{"data":"Neutralize","floor":7,"key":"SMITH"},{"floor":13,"key":"REST"},{"data":"Storm of Steel","floor":15,"key":"SMITH"},{"floor":23,"key":"REST"},{"data":"Envenom","floor":27,"key":"SMITH"},{"data":"Accuracy","floor":32,"key":"SMITH"},{"data":"Survivor","floor":40,"key":"SMITH"},{"data":"Caltrops","floor":49,"key":"SMITH"}],"circlet_count":0,"master_deck":["Strike_G","Strike_G","Strike_G","Defend_G","Defend_G","Defend_G","Defend_G","Defend_G","Survivor+1","Neutralize+1","Acrobatics","Prepared","Injury","Defend_G","Dagger Throw","Leg Sweep","Storm of Steel+1","Dagger Throw+1","Acrobatics","Eviscerate+1","Envenom+1","Leg Sweep","Reflex","Slice+1","Expertise+1","Prepared","Underhanded Strike+1","Accuracy+1","Escape Plan","Acrobatics","Shame","Bullet Time","Acrobatics+1","Calculated Gamble","Prepared","PiercingWail+1","Caltrops+1","Tactician+1","Deflect"],"relics":["Ring of the Snake","Tough Bandages","Molten Egg 2","Thread and Needle","Busted Crown","Bottled Lightning","TungstenRod","Bird Faced Urn","Du-Vu Doll","PreservedInsect","Sozu","Bottled Tornado","Oddly Smooth Stone","Ninja Scroll","CaptainsWheel"],"acts_visited":["Exordium","TheCity","TheBeyond"],"potions_floor_usage":[10,16,33,33,35],"damage_taken":[{"damage":1,"enemies":"2 Louse","floor":1,"turns":5},{"damage":0,"enemies":"Small Slimes","floor":3,"turns":4},{"damage":8,"enemies":"Cultist","floor":6,"turns":6},{"damage":12,"enemies":"Large Slime","floor":8,"turns":10},{"damage":6,"enemies":"Lagavulin","floor":10,"turns":13},{"damage":0,"enemies":"Lots of Slimes","floor":11,"turns":6},{"damage":0,"enemies":"3 Louse","floor":14,"turns":6},{"damage":51,"enemies":"Slime Boss","floor":16,"turns":26},{"damage":0,"enemies":"3 Byrds","floor":18,"turns":5},{"damage":0,"enemies":"Chosen","floor":21,"turns":2},{"damage":8,"enemies":"Shelled Parasite and Fungi","floor":22,"turns":5},{"damage":8,"enemies":"Slavers","floor":24,"turns":6},{"damage":0,"enemies":"Cultist and Chosen","floor":28,"turns":4},{"damage":17,"enemies":"Chosen and Byrds","floor":29,"turns":7},{"damage":0,"enemies":"Book of Stabbing","floor":30,"turns":6},{"damage":50,"enemies":"Automaton","floor":33,"turns":12},{"damage":16,"enemies":"3 Darklings","floor":35,"turns":5},{"damage":6,"enemies":"3 Shapes","floor":39,"turns":4},{"damage":0,"enemies":"Maw","floor":42,"turns":7},{"damage":0,"enemies":"Jaw Worm Horde","floor":44,"turns":3},{"damage":0,"enemies":"4 Shapes","floor":46,"turns":3},{"damage":0,"enemies":"2 Orb Walkers","floor":47,"turns":4},{"damage":0,"enemies":"Transient","floor":48,"turns":5},{"damage":30,"enemies":"Awakened One","floor":50,"turns":14}],"seed_played":"2556426599582958750","potions_obtained":[{"floor":3,"key":"Block Potion"},{"floor":6,"key":"FairyPotion"},{"floor":8,"key":"Fire Potion"},{"floor":14,"key":"Guardian:BlockOnCardUsePotion"},{"floor":18,"key":"SkillPotion"},{"floor":22,"key":"GamblersBrew"},{"floor":33,"key":"PowerPotion"}],"is_trial":false,"path_per_floor":["M","$","M","?","?","M","R","M","T","E","M","$","R","M","R","B",null,"M","?","$","M","M","R","E","$","T","R","M","M","E","?","R","B",null,"M","?","$","?","M","R","$","M","T","M","$","M","?","M","R","B",null],"character_chosen":"THE_SILENT","items_purchased":["Acrobatics","Reflex","Bottled Lightning","Underhanded Strike+1","Accuracy","Bottled Tornado","Calculated Gamble","Prepared","Oddly Smooth Stone","Caltrops"],"campfire_rested":2,"item_purchase_floors":[12,20,20,25,25,37,37,37,37,45],"current_hp_per_floor":[69,69,69,69,69,61,61,49,49,43,43,43,64,64,64,13,70,70,58,58,58,50,70,62,62,62,62,66,53,57,57,57,11,70,56,56,56,56,54,54,54,58,58,62,62,68,70,70,70,40],"gold":81,"neow_bonus":"ONE_RARE_RELIC","is_daily":false,"chose_seed":false,"campfire_upgraded":6,"win_rate":0.0,"timestamp":1609706863,"path_taken":["M","$","M","?","?","M","R","M","T","E","?","$","R","M","R","BOSS","M","?","$","M","M","R","E","$","T","R","?","?","E","?","R","BOSS","M","?","$","?","M","R","$","M","T","M","?","?","?","M","R","BOSS"],"items_purchased_type":["Card","Card","Relic","Card","Card","Relic","Card","Card","Relic","Card"],"build_version":"2020-12-22","purchased_purges":1,"victory":true,"max_hp_per_floor":[70,70,70,70,70,70,70,70,70,70,70,70,70,70,70,70,70,70,70,70,70,70,70,70,70,70,70,70,70,70,70,70,70,70,70,70,70,70,70,70,70,70,70,70,70,70,70,70,70,70],"card_choices":[{"not_picked":["PiercingWail","Cloak And Dagger"],"picked":"Acrobatics","floor":1},{"not_picked":["Backflip","Dodge and Roll"],"picked":"Prepared","floor":3},{"not_picked":["Expertise","Skewer"],"picked":"Dagger Throw","floor":6},{"not_picked":["Cloak And Dagger","Catalyst"],"picked":"Leg Sweep","floor":8},{"not_picked":["Sucker Punch+1","Noxious Fumes"],"picked":"Storm of Steel","floor":10},{"not_picked":["PiercingWail","Underhanded Strike+1"],"picked":"Dagger Throw+1","floor":11},{"not_picked":["Dash+1","Slice+1"],"picked":"Eviscerate+1","floor":14},{"not_picked":["Glass Knife+1","Phantasmal Killer"],"picked":"Envenom","floor":16},{"not_picked":[],"picked":"Leg Sweep","floor":18},{"not_picked":[],"picked":"Slice+1","floor":21},{"not_picked":[],"picked":"Expertise+1","floor":22},{"not_picked":[],"picked":"Prepared","floor":24},{"not_picked":["Flechettes+1"],"picked":"SKIP","floor":28},{"not_picked":[],"picked":"Escape Plan","floor":29},{"not_picked":[],"picked":"Acrobatics","floor":30},{"not_picked":[],"picked":"Bullet Time","floor":33},{"not_picked":[],"picked":"Acrobatics+1","floor":35},{"not_picked":[],"picked":"PiercingWail+1","floor":39},{"not_picked":["Skewer+1"],"picked":"SKIP","floor":42},{"not_picked":["Heel Hook+1"],"picked":"SKIP","floor":44},{"not_picked":["Bane+1"],"picked":"SKIP","floor":46},{"not_picked":[],"picked":"Tactician+1","floor":47},{"not_picked":[],"picked":"Deflect","floor":48}],"player_experience":21315,"relics_obtained":[{"floor":9,"key":"Molten Egg 2"},{"floor":10,"key":"Thread and Needle"},{"floor":24,"key":"TungstenRod"},{"floor":26,"key":"Bird Faced Urn"},{"floor":30,"key":"Du-Vu Doll"},{"floor":43,"key":"Ninja Scroll"},{"floor":47,"key":"CaptainsWheel"}],"event_choices":[{"damage_healed":0,"gold_gain":0,"player_choice":"Take Wound","damage_taken":0,"relics_obtained":["Golden Idol"],"max_hp_gain":0,"max_hp_loss":0,"event_name":"Golden Idol","floor":4,"gold_loss":0,"cards_obtained":["Injury"]},{"cards_removed":["Strike_G"],"damage_healed":0,"gold_gain":0,"player_choice":"Took Card","damage_taken":0,"max_hp_gain":0,"max_hp_loss":0,"event_name":"NoteForYourself","floor":5,"gold_loss":0,"cards_obtained":["Defend_G"]},{"damage_healed":0,"gold_gain":90,"player_choice":"GOLD ","damage_taken":12,"max_hp_gain":0,"max_hp_loss":0,"event_name":"Knowing Skull","floor":19,"potions_obtained":[],"gold_loss":0,"cards_obtained":[]},{"damage_healed":0,"gold_gain":0,"player_choice":"Stole Relic","damage_taken":0,"relics_obtained":["PreservedInsect"],"max_hp_gain":0,"max_hp_loss":0,"event_name":"Addict","floor":31,"gold_loss":0,"cards_obtained":["Shame"]},{"damage_healed":0,"gold_gain":333,"player_choice":"Gave Idol","damage_taken":0,"max_hp_gain":0,"max_hp_loss":0,"event_name":"The Moai Head","floor":36,"relics_lost":["Golden Idol"],"gold_loss":0},{"cards_removed":["Strike_G"],"damage_healed":0,"gold_gain":0,"player_choice":"Removed Attack","damage_taken":0,"max_hp_gain":0,"max_hp_loss":0,"event_name":"Falling","floor":38,"gold_loss":0},{"damage_healed":0,"gold_gain":0,"player_choice":"Fight","damage_taken":0,"max_hp_gain":0,"max_hp_loss":0,"event_name":"Mysterious Sphere","floor":47,"gold_loss":0}],"is_beta":false,"boss_relics":[{"not_picked":["Ring of the Serpent","WristBlade"],"picked":"Busted Crown"},{"not_picked":["Coffee Dripper","Black Star"],"picked":"Sozu"}],"items_purged_floors":[2],"is_endless":false,"potions_floor_spawned":[3,6,8,14,18,22,30,33,42,47,48],"ascension_level":0}}