{"host":"pf5oese4ka0eje7d","time":1609669192,"event":{"mods":["AchievementEnabler","BaseMod","Colored Map","Minty Spire (QoL Compilation)","StSLib","SuperFastMode"],"gold_per_floor":[116,116,129,147,147,147,182,182,236,236,252,252,270,270,270,371,371,381,160,194,207,422,422,422,422],"floor_reached":24,"playtime":548,"items_purged":["Strike_B"],"score":243,"play_id":"4046371d-1d15-46a4-9b57-bc96e0c43d78","local_time":"20210103111952","is_ascension_mode":true,"campfire_choices":[{"data":"Zap","floor":6,"key":"SMITH"},{"data":"Echo Form","floor":8,"key":"SMITH"},{"data":"Redo","floor":10,"key":"SMITH"},{"floor":15,"key":"REST"},{"floor":23,"key":"REST"}],"circlet_count":0,"master_deck":["Strike_B","Defend_B","Defend_B","Defend_B","Defend_B","Zap+1","Dualcast","Redo+1","Ball Lightning","Echo Form+1","Melter","Ball Lightning","Go for the Eyes+1"],"relics":["Cracked Core","Potion Belt","Emotion Chip","Juzu Bracelet","Anchor","Nuclear Battery","Bag of Marbles","Red Mask","Old Coin"],"acts_visited":["Exordium","TheCity"],"potions_floor_usage":[7,16,16,20,21,24,24],"damage_taken":[{"damage":7,"enemies":"Small Slimes","floor":1,"turns":3},{"damage":6,"enemies":"Cultist","floor":3,"turns":4},{"damage":0,"enemies":"2 Louse","floor":4,"turns":2},{"damage":25,"enemies":"Lagavulin","floor":7,"turns":5},{"damage":2,"enemies":"Exordium Wildlife","floor":11,"turns":3},{"damage":2,"enemies":"Looter","floor":13,"turns":3},{"damage":26,"enemies":"The Guardian","floor":16,"turns":10},{"damage":16,"enemies":"Shell Parasite","floor":18,"turns":3},{"damage":39,"enemies":"Masked Bandits","floor":20,"turns":4},{"damage":0,"enemies":"Chosen","floor":21,"turns":3},{"damage":42,"enemies":"Slavers","floor":24,"turns":4}],"seed_played":"7174809134200609248","potions_obtained":[{"floor":1,"key":"LiquidBronze"},{"floor":4,"key":"Regen Potion"},{"floor":7,"key":"Block Potion"},{"floor":13,"key":"ColorlessPotion"},{"floor":20,"key":"EntropicBrew"}],"is_trial":false,"path_per_floor":["M","?","M","M","?","R","E","R","T","R","M","T","M","?","R","B",null,"M","$","?","M","?","R","E"],"character_chosen":"DEFECT","items_purchased":["Bag of Marbles"],"campfire_rested":2,"item_purchase_floors":[19],"current_hp_per_floor":[75,75,69,69,62,62,42,42,42,42,40,40,38,38,62,36,71,55,55,16,16,16,40,0,0],"gold":422,"neow_bonus":"TEN_PERCENT_HP_BONUS","is_daily":false,"chose_seed":false,"campfire_upgraded":3,"win_rate":0.0,"timestamp":1609669192,"path_taken":["M","?","M","?","?","R","E","R","T","R","M","?","M","?","R","BOSS","M","$","?","M","?","R","E"],"items_purchased_type":["Relic"],"build_version":"2020-12-22","purchased_purges":1,"victory":false,"max_hp_per_floor":[82,82,82,82,82,82,82,82,82,82,82,82,82,82,82,82,82,82,82,82,82,82,82,82,82],"card_choices":[{"not_picked":["Lockon","BootSequence"],"picked":"Redo","floor":1},{"not_picked":["Double Energy","Self Repair"],"picked":"Ball Lightning","floor":3},{"not_picked":["Beam Cell","Sweeping Beam","Skim"],"picked":"SKIP","floor":4},{"not_picked":["Heatsinks","Glacier"],"picked":"Echo Form","floor":7},{"not_picked":["Conserve Battery","Coolheaded","Beam Cell"],"picked":"SKIP","floor":11},{"not_picked":["Aggregate","Beam Cell"],"picked":"Melter","floor":13},{"not_picked":["Streamline","Go for the Eyes","Sweeping Beam"],"picked":"SKIP","floor":18},{"not_picked":["Leap","Blizzard"],"picked":"Ball Lightning","floor":20},{"not_picked":["Blizzard","Conserve Battery"],"picked":"Go for the Eyes+1","floor":21}],"player_experience":311680,"relics_obtained":[{"floor":2,"key":"Potion Belt"},{"floor":7,"key":"Emotion Chip"},{"floor":9,"key":"Juzu Bracelet"},{"floor":12,"key":"Anchor"},{"floor":20,"key":"Red Mask"}],"event_choices":[{"damage_healed":0,"gold_gain":0,"player_choice":"Relic","damage_taken":0,"max_hp_gain":0,"max_hp_loss":0,"event_name":"Wheel of Change","floor":2,"gold_loss":0},{"cards_removed":["Strike_B"],"damage_healed":0,"gold_gain":0,"player_choice":"Card Removal","damage_taken":7,"max_hp_gain":0,"max_hp_loss":0,"event_name":"Golden Wing","floor":5,"gold_loss":0},{"cards_removed":["Strike_B"],"damage_healed":0,"gold_gain":0,"player_choice":"Purged","damage_taken":0,"max_hp_gain":0,"max_hp_loss":0,"event_name":"Purifier","floor":14,"gold_loss":0},{"damage_healed":0,"gold_gain":0,"player_choice":"Fought Bandits","damage_taken":0,"max_hp_gain":0,"max_hp_loss":0,"event_name":"Masked Bandits","floor":20,"gold_loss":0},{"damage_healed":0,"gold_gain":0,"player_choice":"Obtained Relic","damage_taken":0,"relics_obtained":["Old Coin"],"max_hp_gain":0,"max_hp_loss":0,"event_name":"Addict","floor":22,"gold_loss":85}],"is_beta":false,"boss_relics":[{"not_picked":["FrozenCore","Snecko Eye"],"picked":"Nuclear Battery"}],"items_purged_floors":[19],"is_endless":false,"potions_floor_spawned":[1,4,7,13,20],"killed_by":"Slavers","ascension_level":5}}