{"host":"p6y17sixyu8q9v1f","time":1609654844,"event":{"mods":["BaseMod","Colored Map","Minty Spire (QoL Compilation)"],"gold_per_floor":[361,311,311,311,14,14,50,50,105,128,178,178,207,275,275,408,471,491,491,230,262,262,262],"floor_reached":22,"playtime":1167,"items_purged":["Injury","Strike_R"],"score":238,"play_id":"0ea13557-79dd-4eb2-9de3-930adc1f5a64","local_time":"20210103002044","is_ascension_mode":true,"campfire_choices":[{"data":"Demon Form","floor":6,"key":"SMITH"},{"data":"Infernal Blade","floor":8,"key":"SMITH"},{"data":"Clothesline","floor":12,"key":"SMITH"},{"floor":15,"key":"REST"}],"circlet_count":0,"master_deck":["Strike_R","Strike_R+1","Strike_R+1","Strike_R","Defend_R","Defend_R","Defend_R+1","Defend_R","Bash","Demon Form+1","Infernal Blade+1","Clothesline+1","Infernal Blade","Demon Form","Offering","Heavy Blade"],"relics":["Burning Blood","Golden Idol","Membership Card","Omamori","WingedGreaves","CeramicFish","HornCleat","Tiny House","Darkstone Periapt","Ice Cream"],"acts_visited":["Exordium","TheCity"],"potions_floor_usage":[11,18,21],"damage_taken":[{"damage":6,"enemies":"Jaw Worm","floor":1,"turns":4},{"damage":39,"enemies":"3 Sentries","floor":7,"turns":8},{"damage":8,"enemies":"2 Louse","floor":10,"turns":3},{"damage":26,"enemies":"Lagavulin","floor":11,"turns":6},{"damage":2,"enemies":"Small Slimes","floor":13,"turns":2},{"damage":11,"enemies":"The Guardian","floor":16,"turns":10},{"damage":20,"enemies":"Chosen","floor":18,"turns":6},{"damage":22,"enemies":"3 Byrds","floor":21,"turns":6},{"damage":43,"enemies":"Snake Plant","floor":22,"turns":4}],"seed_played":"6295495789139382125","potions_obtained":[{"floor":7,"key":"DistilledChaos"},{"floor":11,"key":"SmokeBomb"},{"floor":16,"key":"LiquidMemories"},{"floor":17,"key":"LiquidBronze"},{"floor":18,"key":"SteroidPotion"}],"is_trial":false,"path_per_floor":["M","?","?","?","$","R","E","R","T","M","E","R","M","?","R","B",null,"M","?","$","M","M"],"character_chosen":"IRONCLAD","items_purchased":["Membership Card","Demon Form","Omamori","Ice Cream","Offering"],"campfire_rested":1,"item_purchase_floors":[5,5,5,20,20],"current_hp_per_floor":[80,80,64,64,64,64,31,31,31,29,9,9,13,13,37,32,73,59,59,59,43,0,0],"gold":262,"neow_bonus":"TWO_FIFTY_GOLD","is_daily":false,"chose_seed":false,"campfire_upgraded":3,"win_rate":0.0,"timestamp":1609654844,"path_taken":["M","?","?","?","$","R","E","R","T","M","E","R","M","?","R","BOSS","M","?","$","M","M"],"items_purchased_type":["Relic","Card","Relic","Relic","Card"],"build_version":"2020-12-22","purchased_purges":2,"victory":false,"max_hp_per_floor":[80,80,80,80,80,80,80,80,80,80,80,80,80,80,80,80,85,85,85,85,85,85,85],"card_choices":[{"not_picked":["True Grit","Sentinel","Warcry"],"picked":"SKIP","floor":1},{"not_picked":["Pommel Strike","Havoc"],"picked":"Infernal Blade","floor":7},{"not_picked":["Anger","Body Slam","Entrench"],"picked":"SKIP","floor":10},{"not_picked":["Warcry","Anger"],"picked":"Clothesline","floor":11},{"not_picked":["Uppercut","Shockwave"],"picked":"Infernal Blade","floor":13},{"not_picked":["Corruption","Immolate"],"picked":"Demon Form","floor":16},{"not_picked":["Perfected Strike","Uppercut","Reckless Charge+1"],"picked":"SKIP","floor":18},{"not_picked":["Thunderclap","Flex+1"],"picked":"Heavy Blade","floor":21}],"player_experience":886439,"relics_obtained":[{"floor":7,"key":"WingedGreaves"},{"floor":9,"key":"CeramicFish"},{"floor":11,"key":"HornCleat"}],"event_choices":[{"cards_removed":["Clumsy"],"damage_healed":0,"gold_gain":0,"player_choice":"Card Removal","damage_taken":0,"max_hp_gain":0,"max_hp_loss":0,"event_name":"The Cleric","floor":2,"gold_loss":50},{"damage_healed":0,"gold_gain":0,"player_choice":"Entered Light","damage_taken":16,"max_hp_gain":0,"max_hp_loss":0,"event_name":"Shining Light","floor":3,"gold_loss":0,"cards_upgraded":["Defend_R","Strike_R"]},{"damage_healed":0,"gold_gain":0,"player_choice":"Take Wound","damage_taken":0,"relics_obtained":["Golden Idol"],"max_hp_gain":0,"max_hp_loss":0,"event_name":"Golden Idol","floor":4,"gold_loss":0,"cards_obtained":["Injury"]},{"damage_healed":0,"gold_gain":68,"player_choice":"Gained Gold","damage_taken":0,"max_hp_gain":0,"max_hp_loss":0,"event_name":"Golden Wing","floor":14,"gold_loss":0},{"damage_healed":0,"gold_gain":0,"player_choice":"Gave Potion","damage_taken":0,"relics_obtained":["Darkstone Periapt"],"max_hp_gain":0,"max_hp_loss":0,"event_name":"WeMeetAgain","floor":19,"gold_loss":0}],"is_beta":false,"boss_relics":[{"not_picked":["Pandora\u0027s Box","Ectoplasm"],"picked":"Tiny House"}],"items_purged_floors":[5,20],"is_endless":false,"potions_floor_spawned":[7,11,16,18],"killed_by":"Snake Plant","ascension_level":5}}