{"host":"d2y4rmbezebiv8aj","time":1609636201,"event":{"mods":["AchievementEnabler","BaseMod","BetterRewards","Colored Map","Colored Powertips","Custom Start","Highlight Path","Minty Spire (QoL Compilation)","Rare Cards Sparkle","Shop Mod","StSLib","SuperFastMode","Synergy Search"],"gold_per_floor":[113,125,144,73,90,115,115,148,148,148,159,2,2,63,63,158,158,168,168,184,198,114,114,114],"floor_reached":23,"playtime":736,"items_purged":[],"score":231,"play_id":"ee6be9a1-74d6-4a4f-930e-dd298752742b","local_time":"20210103021001","is_ascension_mode":true,"campfire_choices":[{"data":"Infinite Blades","floor":7,"key":"SMITH"},{"floor":10,"key":"REST"},{"data":"Endless Agony","floor":13,"key":"SMITH"},{"floor":15,"key":"REST"}],"circlet_count":0,"master_deck":["Strike_G","Strike_G","Strike_G","Strike_G","Strike_G","Defend_G","Defend_G","Defend_G","Defend_G","Defend_G","Survivor","Neutralize","Noxious Fumes","Accuracy","Outmaneuver","Infinite Blades+1","Flying Knee","Deflect","Endless Agony+1","Terror","A Thousand Cuts","Bane","Dagger Throw","All Out Attack","Sucker Punch","Die Die Die"],"relics":["Ring of the Snake","NeowsBlessing","Nunchaku","Art of War","Bronze Scales","Membership Card","Gremlin Horn","WristBlade"],"acts_visited":["Exordium","TheCity"],"potions_floor_usage":[14,14,14],"damage_taken":[{"damage":0,"enemies":"Cultist","floor":1,"turns":1},{"damage":0,"enemies":"Jaw Worm","floor":2,"turns":1},{"damage":0,"enemies":"2 Louse","floor":3,"turns":1},{"damage":8,"enemies":"Looter","floor":5,"turns":4},{"damage":19,"enemies":"Lagavulin","floor":6,"turns":8},{"damage":40,"enemies":"3 Sentries","floor":8,"turns":9},{"damage":8,"enemies":"Exordium Wildlife","floor":11,"turns":5},{"damage":6,"enemies":"Gremlin Nob","floor":14,"turns":4},{"damage":10,"enemies":"Hexaghost","floor":16,"turns":9},{"damage":13,"enemies":"Spheric Guardian","floor":18,"turns":4},{"damage":13,"enemies":"Chosen","floor":20,"turns":3},{"damage":27,"enemies":"Centurion and Healer","floor":21,"turns":5},{"damage":25,"enemies":"Gremlin Leader","floor":23,"turns":2}],"seed_played":"7940153260079467298","potions_obtained":[{"floor":1,"key":"BlessingOfTheForge"},{"floor":3,"key":"Weak Potion"},{"floor":6,"key":"SpeedPotion"},{"floor":16,"key":"Ancient Potion"},{"floor":18,"key":"Fire Potion"},{"floor":21,"key":"Swift Potion"}],"is_trial":false,"path_per_floor":["M","M","M","$","M","E","R","E","T","R","M","$","R","?","R","B",null,"M","?","M","M","$","E"],"character_chosen":"THE_SILENT","items_purchased":["Infinite Blades","Membership Card","Sucker Punch","Die Die Die"],"campfire_rested":2,"item_purchase_floors":[4,12,22,22],"current_hp_per_floor":[70,70,70,70,62,43,43,3,3,24,16,16,16,10,31,21,70,57,57,44,17,17,0,0],"gold":114,"neow_bonus":"THREE_ENEMY_KILL","is_daily":false,"chose_seed":false,"campfire_upgraded":2,"win_rate":0.0,"timestamp":1609636201,"path_taken":["M","M","M","$","M","E","R","E","T","R","?","$","R","?","R","BOSS","M","?","M","M","$","E"],"items_purchased_type":["Card","Relic","Card","Card"],"build_version":"2020-12-22","purchased_purges":0,"victory":false,"max_hp_per_floor":[70,70,70,70,70,70,70,70,70,70,70,70,70,70,70,70,70,70,70,70,70,70,70,70],"card_choices":[{"not_picked":["Escape Plan","Deadly Poison"],"picked":"Noxious Fumes","floor":1},{"not_picked":["Outmaneuver","Expertise"],"picked":"Accuracy","floor":2},{"not_picked":["Reflex","Prepared"],"picked":"Outmaneuver","floor":3},{"not_picked":["Slice","Masterful Stab"],"picked":"Flying Knee","floor":5},{"not_picked":["Reflex","Expertise","Acrobatics"],"picked":"SKIP","floor":6},{"not_picked":["Well Laid Plans","Deadly Poison"],"picked":"Deflect","floor":8},{"not_picked":["Choke","Heel Hook"],"picked":"Endless Agony","floor":11},{"not_picked":["Backflip","Flechettes"],"picked":"Terror","floor":14},{"not_picked":["Doppelganger","Burst"],"picked":"A Thousand Cuts","floor":16},{"not_picked":["Reflex+1","Finisher+1"],"picked":"Bane","floor":18},{"not_picked":["Reflex+1","Prepared"],"picked":"Dagger Throw","floor":20},{"not_picked":["Prepared","Poisoned Stab"],"picked":"All Out Attack","floor":21}],"player_experience":326956,"relics_obtained":[{"floor":6,"key":"Nunchaku"},{"floor":8,"key":"Art of War"},{"floor":9,"key":"Bronze Scales"}],"event_choices":[{"damage_healed":0,"gold_gain":0,"player_choice":"Searched \u00272\u0027 times","damage_taken":0,"relics_obtained":["Gremlin Horn"],"max_hp_gain":0,"max_hp_loss":0,"event_name":"Dead Adventurer","floor":14,"gold_loss":0},{"damage_healed":0,"gold_gain":0,"player_choice":"Ignored","damage_taken":0,"max_hp_gain":0,"max_hp_loss":0,"event_name":"Beggar","floor":19,"gold_loss":0}],"is_beta":false,"boss_relics":[{"not_picked":["Pandora\u0027s Box","Coffee Dripper"],"picked":"WristBlade"}],"items_purged_floors":[],"is_endless":false,"potions_floor_spawned":[1,3,6,16,18,21],"killed_by":"Gremlin Leader","ascension_level":3}}