{"host":"a3oe3gstxz77c7qu","time":1609707912,"event":{"mods":["2.2 Compatiblity","Act Like it!","BaseMod","Bestiary","Better Altar","Better Match","Better Note","Better Skull","Better Third Choice","Block Reminder","Curses Come First","Custom Start","Friendly Minions","GifTheSpireLib","Infinite Spire","Lobotomy","LobotomyExtend","Minty Spire (QoL Compilation)","Permanent Neow","Puzzle Mod","Quick Restart","Relic Stats","Replay The Spire","StSLib","Uncapped","Wandering Minibosses"],"gold_per_floor":[0,0,0,0,0,0,0,0,0,0],"floor_reached":11,"playtime":229,"items_purged":[],"score":273,"play_id":"c3aa980a-33ef-4f3e-b07f-90191f79fcd3","local_time":"20210103210512","is_ascension_mode":false,"campfire_choices":[],"circlet_count":0,"master_deck":[],"relics":["puzzleMod:CursedCornerPiece","puzzleMod:BagOfPieces","Charon\u0027s Ashes","Cursed Key"],"acts_visited":["Exordium"],"potions_floor_usage":[10],"damage_taken":[{"damage":0.0,"enemies":"Custom Monster","floor":1.0,"turns":1.0},{"damage":19.0,"enemies":"Custom Monster","floor":2.0,"turns":1.0},{"damage":0.0,"enemies":"Custom Monster","floor":3.0,"turns":1.0},{"damage":0.0,"enemies":"Custom Monster","floor":4.0,"turns":1.0},{"damage":6.0,"enemies":"Custom Monster","floor":5.0,"turns":1.0},{"damage":0.0,"enemies":"Custom Monster","floor":6.0,"turns":1.0},{"damage":16.0,"enemies":"Custom Monster","floor":7.0,"turns":1.0},{"damage":13.0,"enemies":"Custom Monster","floor":8.0,"turns":1.0},{"damage":22.0,"enemies":"Custom Monster","floor":9.0,"turns":1.0},{"damage":0,"enemies":"Puzzle Boss","floor":10,"turns":1}],"seed_played":"-3120289721499763466","potions_obtained":[],"is_trial":false,"path_per_floor":["P","P","P","P","P","P","P","P","P","B",null],"character_chosen":"THE_PUZZLER","items_purchased":[],"campfire_rested":0,"item_purchase_floors":[],"current_hp_per_floor":[20,1,20,20,1,20,1,1,1,20],"gold":0,"neow_bonus":"","is_daily":false,"chose_seed":false,"campfire_upgraded":0,"win_rate":0.0,"timestamp":1609707912,"path_taken":["P","P","P","P","P","P","P","P","P","BOSS"],"items_purchased_type":[],"build_version":"2020-12-22","purchased_purges":0,"victory":true,"max_hp_per_floor":[20,20,20,20,20,20,17,14,23,20],"relic_stats":{"counters":[10,10],"Charon\u0027s Ashes":[84],"Cursed Key":0,"obtain_stats":[{"puzzleMod:BagOfPieces":0,"puzzleMod:CursedCornerPiece":0,"Charon\u0027s Ashes":10,"LetterFromLob":1,"Cursed Key":10,"Akabeko":4},{"puzzleMod:BagOfPieces":0,"puzzleMod:CursedCornerPiece":0,"Charon\u0027s Ashes":9,"LetterFromLob":1,"Cursed Key":9,"Akabeko":3},{"puzzleMod:BagOfPieces":0,"puzzleMod:CursedCornerPiece":0,"Charon\u0027s Ashes":9,"LetterFromLob":1,"Cursed Key":9,"Akabeko":3}]},"card_choices":[],"player_experience":705106,"relics_obtained":[{"floor":1.0,"key":"LetterFromLob"}],"event_choices":[],"is_beta":false,"boss_relics":[],"items_purged_floors":[],"is_endless":false,"potions_floor_spawned":[],"ascension_level":0}}