{"host":"1tmagqyeywr2w44t","time":1609668140,"event":{"mods":["2.2 Compatiblity","BaseMod","Colored Powertips","Downfall","Marisa£¨Ùöéë¡¡Øª×âÞÞ£©","Minty Spire (QoL Compilation)","Rare Cards Sparkle","Replay The Spire","StSLib","SuperFastMode","The Cursed"],"gold_per_floor":[115,115,129,148,148,148,177,194,194,194,40,52,70,86,86,86,86],"floor_reached":16,"playtime":369,"items_purged":[],"score":125,"play_id":"43f440a7-5ceb-4848-8d9d-dcf32006a74b","local_time":"20210103190220","is_ascension_mode":true,"campfire_choices":[{"data":"Abandon","floor":6,"key":"SMITH"},{"floor":10,"key":"REST"},{"floor":15,"key":"DIG"}],"circlet_count":0,"master_deck":["Strike_R","Strike_R","Strike_R","Strike_R","Strike_R","Defend_R","Defend_R","Defend_R","Defend_R","Bash+1","Shockwave","Cleave","Abandon+1","Eclipse","Ghostly Armor"],"relics":["SacredBark","FaceOfCleric","Pantograph","Replay:Accelerometer","Blood Vial","Iron Hammer"],"acts_visited":["Exordium"],"potions_floor_usage":[3,14],"damage_taken":[{"damage":4,"enemies":"Small Slimes","floor":1,"turns":3},{"damage":0,"enemies":"Cultist","floor":3,"turns":5},{"damage":9,"enemies":"Jaw Worm","floor":4,"turns":4},{"damage":22,"enemies":"Gremlin Nob","floor":7,"turns":4},{"damage":11,"enemies":"Red Slaver","floor":8,"turns":4},{"damage":10,"enemies":"3 Louse","floor":12,"turns":2},{"damage":26,"enemies":"Large Slime","floor":13,"turns":4},{"damage":0,"enemies":"Gremlin Gang","floor":14,"turns":1},{"damage":61,"enemies":"The Guardian","floor":16,"turns":5}],"seed_played":"7229456296510612030","potions_obtained":[{"floor":1,"key":"AttackPotion"},{"floor":12,"key":"SteroidPotion"},{"floor":13,"key":"Dexterity Potion"}],"is_trial":false,"path_per_floor":["M","?","M","M","?","R","E","M","T","R","$","M","M","M","R","B"],"character_chosen":"IRONCLAD","items_purchased":["Blood Vial"],"campfire_rested":1,"item_purchase_floors":[11],"current_hp_per_floor":[76,76,76,67,67,67,46,36,36,60,60,53,30,33,33,0,0],"gold":86,"neow_bonus":"BOSS_RELIC","is_daily":false,"chose_seed":false,"campfire_upgraded":1,"win_rate":0.0,"timestamp":1609668140,"path_taken":["M","?","M","?","?","R","E","M","T","R","$","M","?","M","R","BOSS"],"items_purchased_type":["Relic"],"build_version":"2020-12-22","purchased_purges":0,"victory":false,"max_hp_per_floor":[80,80,80,80,80,80,81,82,82,82,82,83,84,85,85,85,85],"card_choices":[{"not_picked":["Warcry","Wild Strike"],"picked":"Shockwave","floor":1},{"not_picked":["Life Link","Run Through"],"picked":"Cleave","floor":3},{"not_picked":["Shrug It Off","Pommel Strike"],"picked":"Abandon","floor":4},{"not_picked":["Headbutt","Havoc"],"picked":"Eclipse","floor":7},{"not_picked":["Perfected Strike","Clothesline","Sever Soul"],"picked":"SKIP","floor":8},{"not_picked":["True Grit","Sword Boomerang"],"picked":"Ghostly Armor","floor":12},{"not_picked":["Flex","Rage","Heavy Blade"],"picked":"SKIP","floor":13},{"not_picked":["Anger","Run Through","Uppercut"],"picked":"SKIP","floor":14}],"player_experience":273288,"relics_obtained":[{"floor":7,"key":"Pantograph"},{"floor":9,"key":"Replay:Accelerometer"},{"floor":15,"key":"Iron Hammer"}],"event_choices":[{"damage_healed":0,"gold_gain":0,"player_choice":"Forge","damage_taken":0,"max_hp_gain":0,"max_hp_loss":0,"event_name":"Accursed Blacksmith","floor":2,"gold_loss":0,"cards_upgraded":["Bash"]},{"damage_healed":0,"gold_gain":0,"player_choice":"Trade","damage_taken":0,"relics_obtained":["FaceOfCleric"],"max_hp_gain":0,"max_hp_loss":0,"event_name":"FaceTrader","floor":5,"gold_loss":0}],"is_beta":false,"boss_relics":[],"items_purged_floors":[],"is_endless":false,"potions_floor_spawned":[1,12,13],"killed_by":"The Guardian","ascension_level":4}}