{"host":"y89x8uui45kcjy42","time":1609687831,"event":{"mods":["2.2 Compatiblity","BaseMod","CapriCore","Colored Map","Colored Powertips","Custom Start","Friendly Minions","Keyboard Shortcuts","Lobotomy","Minty Spire (QoL Compilation)","Relic Stats","Slay the Relics Exporter","StSLib","SuperFastMode","Uncapped"],"gold_per_floor":[112,127,52,814,814,814,814,814,885,906,489,489,514,7,7,78,78,94,740,740,566,481,507,507,507,507,507,507,507,507,542,542,615,615,630,645,202,220,69,96,96,96,96,96,96,128,145,145,145,145,145],"floor_reached":50,"playtime":1302,"items_purged":["Strike_R","Strike_R","Strike_R","Strike_R","Defend_R","Defend_R","Bash"],"score":1298,"play_id":"856fd002-7869-4f84-86bc-60096d2be1a0","local_time":"20210104003031","is_ascension_mode":true,"campfire_choices":[{"data":"Searing Blow+1","floor":6,"key":"SMITH"},{"data":"Searing Blow+2","floor":7,"key":"SMITH"},{"data":"Searing Blow+3","floor":8,"key":"SMITH"},{"data":"Searing Blow+4","floor":15,"key":"SMITH"},{"data":"Searing Blow+5","floor":24,"key":"SMITH"},{"data":"Searing Blow+6","floor":25,"key":"SMITH"},{"data":"Searing Blow+7","floor":27,"key":"SMITH"},{"data":"Searing Blow+8","floor":28,"key":"SMITH"},{"data":"Searing Blow+9","floor":29,"key":"SMITH"},{"data":"Searing Blow+10","floor":30,"key":"SMITH"},{"data":"Searing Blow+11","floor":32,"key":"SMITH"},{"floor":41,"key":"RECALL"},{"data":"Feel No Pain","floor":42,"key":"SMITH"},{"data":"Seeing Red","floor":44,"key":"SMITH"},{"data":"Fire Breathing","floor":45,"key":"SMITH"},{"data":"Juggernaut","floor":49,"key":"SMITH"}],"circlet_count":0,"master_deck":["Shrug It Off","Fire Breathing+1","QueenBee","Juggernaut+1","LaLuna","Feel No Pain+1","SilentOrchestra","DreamingCurrent"],"relics":["Burning Blood","Black Blood","Magic Flower","Coffee Dripper","CogitoBucket","OrangePellets","Odd Mushroom","Lizard Tail","Self Forming Clay","Pen Nib","Membership Card","Vajra","Mercury Hourglass","SlaversCollar","Theresia","Potion Belt","TheAbacus","Orrery","Question Card","Bag of Preparation","Toy Ornithopter","Singing Bowl","Runic Cube","ChangeAnything","ClockworkSouvenir","Omamori","StoneCalendar","Lantern","White Beast Statue","WingedGreaves","Blood Vial"],"acts_visited":["Exordium","TheCity","TheBeyond"],"potions_floor_usage":[16],"damage_taken":[{"damage":12,"enemies":"Jaw Worm","floor":1,"turns":2},{"damage":10,"enemies":"Small Slimes","floor":2,"turns":3},{"damage":18,"enemies":"The Mushroom Lair","floor":10,"turns":2},{"damage":11,"enemies":"Gremlin Nob","floor":13,"turns":3},{"damage":37,"enemies":"Hexaghost","floor":16,"turns":5},{"damage":9,"enemies":"Spheric Guardian","floor":18,"turns":2},{"damage":64,"enemies":"Slavers","floor":23,"turns":2},{"damage":4,"enemies":"Book of Stabbing","floor":31,"turns":1},{"damage":10,"enemies":"Collector","floor":33,"turns":3},{"damage":29,"enemies":"3 Darklings","floor":35,"turns":3},{"damage":40,"enemies":"3 Shapes","floor":36,"turns":4},{"damage":9,"enemies":"Sphere and 2 Shapes","floor":38,"turns":2},{"damage":26,"enemies":"Giant Head","floor":40,"turns":6},{"damage":12,"enemies":"Nemesis","floor":46,"turns":5},{"damage":0,"enemies":"3 Darklings","floor":47,"turns":3},{"damage":223,"enemies":"Donu and Deca","floor":50,"turns":17}],"seed_played":"8423602222647395664","potions_obtained":[{"floor":1,"key":"SteroidPotion"},{"floor":16,"key":"Dexterity Potion"},{"floor":23,"key":"PowerPotion"},{"floor":33,"key":"SmokeBomb"},{"floor":35,"key":"BloodPotion"},{"floor":36,"key":"Explosive Potion"}],"is_trial":false,"path_per_floor":["M","M","?","$","?","R","R","R","T","?","$","?","E","$","R","B",null,"M","$","?","$","?","E","R","R","T","R","R","R","R","E","R","B",null,"M","M","$","M","$","E","R","R","T","R","R","E","M","$","R","B"],"character_chosen":"IRONCLAD","items_purchased":["OrangePellets","Lizard Tail","Membership Card","Vajra","Mercury Hourglass","Fire Breathing","DistilledChaos","Potion Belt","TheAbacus","Master of Strategy","Orrery","ClockworkSouvenir","Omamori","StoneCalendar","Feel No Pain"],"campfire_rested":0,"item_purchase_floors":[4,11,14,14,14,14,14,19,19,19,21,37,37,37,39],"current_hp_per_floor":[75,75,75,75,75,75,75,75,75,75,75,75,75,75,75,65,73,75,75,75,75,75,47,47,47,47,47,47,47,47,72,72,79,79,81,70,70,85,85,87,87,87,87,87,87,89,91,91,91,0,0],"gold":145,"neow_bonus":"","is_daily":false,"chose_seed":false,"campfire_upgraded":15,"win_rate":0.0,"timestamp":1609687831,"path_taken":["M","M","?","$","?","R","R","R","T","?","$","?","E","$","R","BOSS","M","$","?","$","?","E","R","R","T","R","R","R","R","E","R","BOSS","M","M","$","M","$","E","R","R","T","R","R","E","?","$","R","BOSS"],"items_purchased_type":["Relic","Relic","Relic","Relic","Relic","Card","Potion","Relic","Relic","Card","Relic","Relic","Relic","Relic","Card"],"build_version":"2020-12-22","purchased_purges":7,"victory":false,"max_hp_per_floor":[75,75,75,75,75,75,75,75,75,75,75,75,75,75,75,75,75,75,75,75,75,75,75,75,75,75,75,75,75,75,77,77,79,79,81,83,83,85,85,87,87,87,87,87,87,89,91,91,91,91,91],"relic_stats":{"Singing Bowl":16,"counters":[18,65],"Self Forming Clay":[174],"Black Blood":245,"Magic Flower":[109],"StoneCalendar":[104],"Pen Nib":[2],"Bag of Preparation":[18],"Question Card":19,"Burning Blood":245,"Mercury Hourglass":[200],"Blood Vial":0,"OrangePellets":[0],"Lizard Tail":68,"TheAbacus":[432],"obtain_stats":[{"Lantern":40,"Singing Bowl":31,"Black Blood":0,"Magic Flower":0,"Vajra":14,"StoneCalendar":37,"Bag of Preparation":23,"Burning Blood":0,"ClockworkSouvenir":37,"Blood Vial":46,"CogitoBucket":0,"Lizard Tail":11,"TheAbacus":19,"WingedGreaves":2,"Runic Cube":34,"Potion Belt":19,"Self Forming Clay":12,"Pen Nib":13,"Omamori":37,"Odd Mushroom":10,"Question Card":22,"White Beast Statue":43,"Mercury Hourglass":14,"OrangePellets":4,"SlaversCollar":17,"Orrery":21,"Coffee Dripper":0,"Membership Card":14,"ChangeAnything":36,"Theresia":18,"Toy Ornithopter":26},{"Lantern":15,"Singing Bowl":9,"Black Blood":0,"Magic Flower":0,"Vajra":4,"StoneCalendar":13,"Bag of Preparation":8,"Burning Blood":0,"ClockworkSouvenir":13,"Blood Vial":16,"CogitoBucket":0,"Lizard Tail":3,"TheAbacus":7,"WingedGreaves":2,"Runic Cube":10,"Potion Belt":7,"Self Forming Clay":3,"Pen Nib":4,"Omamori":13,"Odd Mushroom":3,"Question Card":7,"White Beast Statue":15,"Mercury Hourglass":4,"OrangePellets":2,"SlaversCollar":5,"Orrery":7,"Coffee Dripper":0,"Membership Card":4,"ChangeAnything":13,"Theresia":7,"Toy Ornithopter":8},{"Lantern":40,"Singing Bowl":21,"Black Blood":0,"Magic Flower":0,"Vajra":10,"StoneCalendar":32,"Bag of Preparation":20,"Burning Blood":0,"ClockworkSouvenir":32,"Blood Vial":45,"CogitoBucket":0,"Lizard Tail":7,"TheAbacus":18,"WingedGreaves":4,"Runic Cube":24,"Potion Belt":18,"Self Forming Clay":7,"Pen Nib":10,"Omamori":32,"Odd Mushroom":7,"Question Card":18,"White Beast Statue":40,"Mercury Hourglass":10,"OrangePellets":5,"SlaversCollar":15,"Orrery":18,"Coffee Dripper":0,"Membership Card":10,"ChangeAnything":32,"Theresia":18,"Toy Ornithopter":20}],"Toy Ornithopter":0,"Runic Cube":[41]},"card_choices":[{"not_picked":["GreedKing","CherryBlossoms","PunishingBird"],"picked":"Singing Bowl","floor":1},{"not_picked":["WallGazer","Scarecrow"],"picked":"HappyTeddy","floor":1},{"not_picked":["Warcry","Heavy Blade"],"picked":"Searing Blow","floor":1},{"not_picked":["FairyFestival","Bloodbath"],"picked":"Scorched","floor":2},{"not_picked":["Sword Boomerang","Corruption"],"picked":"Shrug It Off","floor":2},{"not_picked":["OSAHOGD","WhitesApple","LaLuna"],"picked":"Singing Bowl","floor":10},{"not_picked":["Rudolta","LittleHelper"],"picked":"MHz","floor":10},{"not_picked":["Twin Strike","Rage"],"picked":"Seeing Red","floor":10},{"not_picked":["QueenBee","BeautyBeast"],"picked":"SpiderBud","floor":13},{"not_picked":["Wild Strike","Reckless Charge","Warcry"],"picked":"SKIP","floor":13},{"not_picked":["FairyFestival","OSAHOGD"],"picked":"QueenOfHatred","floor":16},{"not_picked":["Fiend Fire","Demon Form"],"picked":"Impervious","floor":16},{"not_picked":["OldLady","FieryBird"],"picked":"QueenBee","floor":18},{"not_picked":["Heavy Blade","Flex+1","Cleave"],"picked":"SKIP","floor":18},{"not_picked":["BeautyBeast","Woodsman"],"picked":"SingingMachine","floor":23},{"not_picked":["Shrug It Off","Anger","Seeing Red","True Grit"],"picked":"SKIP","floor":23},{"not_picked":["WallGazer","BigBadWolf"],"picked":"SilentOrchestra","floor":31},{"not_picked":["Limit Break","Anger+1","Flex","Heavy Blade"],"picked":"Singing Bowl","floor":31},{"not_picked":["OSAHOGD","LongBird"],"picked":"CrumblingArmor","floor":33},{"not_picked":["Barricade","Demon Form","Impervious","Immolate"],"picked":"Singing Bowl","floor":33},{"not_picked":["PunishingBird","WhitesApple"],"picked":"Murderer","floor":35},{"not_picked":["Searing Blow","Shrug It Off","Body Slam+1","Wild Strike"],"picked":"Singing Bowl","floor":35},{"not_picked":["LongBird","UniverseFragment"],"picked":"LaLuna","floor":36},{"not_picked":["Heavy Blade","Armaments","Infernal Blade","Headbutt"],"picked":"Singing Bowl","floor":36},{"not_picked":["UniverseFragment","DreamingCurrent"],"picked":"Funeral","floor":38},{"not_picked":["Corruption","Metallicize","Second Wind","Searing Blow"],"picked":"Singing Bowl","floor":38},{"not_picked":["BlackArmy","WhitesApple"],"picked":"OldLady","floor":40},{"not_picked":["Juggernaut","Armaments+1","Heavy Blade","Intimidate+1"],"picked":"Singing Bowl","floor":40},{"not_picked":["BlackArmy","LittleHelper"],"picked":"SilentOrchestra","floor":46},{"not_picked":["Havoc+1","Body Slam","Intimidate","Flex"],"picked":"Singing Bowl","floor":46},{"not_picked":["SingingMachine","CENSORED"],"picked":"DreamingCurrent","floor":47},{"not_picked":["Clothesline","Evolve","Shrug It Off","Clash"],"picked":"Singing Bowl","floor":47}],"player_experience":553432,"relics_obtained":[{"floor":10,"key":"Odd Mushroom"},{"floor":13,"key":"Pen Nib"},{"floor":23,"key":"Bag of Preparation"},{"floor":26,"key":"Toy Ornithopter"},{"floor":31,"key":"Singing Bowl"},{"floor":40,"key":"Lantern"},{"floor":43,"key":"White Beast Statue"},{"floor":46,"key":"Blood Vial"}],"event_choices":[{"cards_removed":["Strike_R"],"damage_healed":0,"gold_gain":0,"player_choice":"Card Removal","damage_taken":0,"max_hp_gain":0,"max_hp_loss":0,"event_name":"The Cleric","floor":3,"gold_loss":75},{"damage_healed":0,"gold_gain":0,"player_choice":"Grow","damage_taken":0,"max_hp_gain":0,"max_hp_loss":0,"event_name":"Living Wall","floor":5,"gold_loss":0,"cards_upgraded":["Searing Blow"]},{"damage_healed":0,"gold_gain":0,"player_choice":"Fought Mushrooms","damage_taken":0,"max_hp_gain":0,"max_hp_loss":0,"event_name":"Mushrooms","floor":10,"gold_loss":0},{"damage_healed":0,"gold_gain":0,"player_choice":"Gave Potion","damage_taken":0,"relics_obtained":["Self Forming Clay"],"max_hp_gain":0,"max_hp_loss":0,"event_name":"WeMeetAgain","floor":12,"gold_loss":0},{"damage_healed":0,"gold_gain":0,"cards_transformed":["Defend_R","Defend_R"],"player_choice":"Became Test Subject","damage_taken":0,"max_hp_gain":0,"max_hp_loss":0,"event_name":"Drug Dealer","floor":20,"gold_loss":0,"cards_obtained":["Whirlwind","Juggernaut"]},{"damage_healed":0,"gold_gain":0,"player_choice":"Obtained Relic","damage_taken":0,"relics_obtained":["Question Card"],"max_hp_gain":0,"max_hp_loss":0,"event_name":"Addict","floor":22,"gold_loss":85}],"is_beta":false,"boss_relics":[{"not_picked":["Black Blood","Coffee Dripper"],"picked":"SlaversCollar"},{"not_picked":["Mark of Pain","Cursed Key"],"picked":"Runic Cube"}],"items_purged_floors":[4,11,14,19,21,37,39],"is_endless":false,"potions_floor_spawned":[1,16,23,33,35,36,46,47],"killed_by":"Donu and Deca","ascension_level":20}}