{"host":"758m3734uc3348yu","time":1609668876,"event":{"mods":["AchievementEnabler","BaseMod","Beaked The Cultist","BetterRewards","Clockwork Mod","Downfall","Hermit","Hubris","Infinite Spire","Minty Spire (QoL Compilation)","Replay The Spire","Spicy Shops","StSLib","The Cursed","The Gatherer","The Hierophant","The Marked"],"gold_per_floor":[99,99,99,99,99,117,117,117,131,161,174,139,139,153,164,164,164],"floor_reached":16,"playtime":1284,"items_purged":[],"score":90,"play_id":"0e397f9e-0b03-4f2a-812f-775f701103ad","local_time":"20210103041436","is_ascension_mode":false,"campfire_choices":[{"floor":1.0,"key":"DIG"},{"data":"theMarked:Reabsorb","floor":8.0,"key":"SMITH"},{"floor":13.0,"key":"REST"}],"circlet_count":0,"master_deck":["theMarked:Strike","theMarked:Strike","theMarked:Strike","theMarked:Strike","theMarked:Strike","theMarked:Defend","theMarked:Defend","theMarked:Defend","theMarked:Defend","theMarked:SoldierOfQuellstein","theMarked:Reabsorb+1","theMarked:HeightenedSenses","theMarked:Parry","theMarked:CreepingChasm","theMarked:StartUp","theMarked:PowerFlow","theMarked:Overthink","theMarked:ParalyzingBlade"],"relics":["theMarked:ArtifactOfAir","downfall:HeartsMalice","Bag of Marbles","Ice Cream","Boot"],"acts_visited":["Exordium"],"potions_floor_usage":[14,16],"damage_taken":[{"damage":0.0,"enemies":"Small Slimes","floor":2.0,"turns":1.0},{"damage":0.0,"enemies":"Jaw Worm","floor":3.0,"turns":1.0},{"damage":0.0,"enemies":"Cultist","floor":4.0,"turns":1.0},{"damage":0.0,"enemies":"2 Fungi Beasts","floor":6.0,"turns":3.0},{"damage":15.0,"enemies":"Looter","floor":9.0,"turns":3.0},{"damage":18.0,"enemies":"Gremlin Gang","floor":11.0,"turns":3.0},{"damage":30,"enemies":"Exordium Wildlife","floor":14,"turns":5},{"damage":7,"enemies":"Blue Slaver","floor":15,"turns":5},{"damage":45,"enemies":"Slime Boss","floor":16,"turns":8}],"seed_played":"-5658169809194919816","potions_obtained":[{"floor":6.0,"key":"Regen Potion"},{"floor":14,"key":"theMarked:ChargePotion"},{"floor":15,"key":"Elixir"}],"is_trial":false,"path_per_floor":["R","M","M","M","?","M","T","R","M","?","M","?","R","M","M","B"],"character_chosen":"THE_DEFAULT","items_purchased":[],"campfire_rested":1,"item_purchase_floors":[],"current_hp_per_floor":[70,70,70,70,70,70,70,70,55,55,37,54,70,48,41,0,0],"gold":164,"neow_bonus":"THREE_ENEMY_KILL","is_daily":false,"chose_seed":false,"campfire_upgraded":1,"win_rate":0.0,"timestamp":1609668876,"path_taken":["R","M","M","M","?","M","T","R","M","?","M","?","R","M","M","BOSS"],"items_purchased_type":[],"build_version":"2020-12-22","purchased_purges":0,"victory":false,"max_hp_per_floor":[70,70,70,70,70,70,70,70,70,70,70,70,70,70,70,70,70],"card_choices":[{"not_picked":["theMarked:EmpowerWeapon","theMarked:TakeCover"],"picked":"theMarked:Reabsorb","floor":2.0},{"not_picked":["theMarked:ChainLightning","theMarked:Standoff"],"picked":"theMarked:HeightenedSenses","floor":3.0},{"not_picked":["theMarked:ElectricStrings","theMarked:WastefulAttack"],"picked":"theMarked:Parry","floor":4.0},{"not_picked":["theMarked:BanishingStrike","theMarked:Frustration"],"picked":"theMarked:CreepingChasm","floor":6.0},{"not_picked":["theMarked:Indomitable","theMarked:Snap"],"picked":"theMarked:StartUp","floor":9.0},{"not_picked":["theMarked:TwofoldDefense","theMarked:Frustration"],"picked":"theMarked:PowerFlow","floor":11.0},{"not_picked":["theMarked:WastefulDefense","theMarked:SwordAndMagic"],"picked":"theMarked:Overthink","floor":14},{"not_picked":["theMarked:ShockingTouch","theMarked:Parkour"],"picked":"theMarked:ParalyzingBlade","floor":15}],"player_experience":203228,"relics_obtained":[{"floor":1.0,"key":"Bag of Marbles"},{"floor":7.0,"key":"Ice Cream"}],"event_choices":[{"damage_healed":0.0,"max_hp_gain":0.0,"max_hp_loss":0.0,"gold_gain":30.0,"event_name":"Dead Adventurer","player_choice":"Searched \u00273\u0027 times","floor":10.0,"gold_loss":0.0,"damage_taken":0.0,"relics_obtained":["Boot"]},{"damage_healed":17.0,"max_hp_gain":0.0,"max_hp_loss":0.0,"gold_gain":0.0,"event_name":"The Cleric","player_choice":"Healed","floor":12.0,"gold_loss":35.0,"damage_taken":0.0}],"is_beta":false,"boss_relics":[],"items_purged_floors":[],"is_endless":false,"potions_floor_spawned":[6,14,15],"killed_by":"Slime Boss","ascension_level":0}}