{"host":"gg","time":1609693042,"event":{"mods":["BaseMod","Colored Map","Googly Eyes","Minty Spire (QoL Compilation)","Permanent Neow","Relic Stats","The IronCluck"],"gold_per_floor":[117,129,145,160,179,213,213,213,213],"floor_reached":8,"playtime":567,"items_purged":[],"score":105,"play_id":"1028bea1-6f21-447b-8ddc-c8035d223937","local_time":"20210103085722","is_ascension_mode":true,"campfire_choices":[{"data":"Eruption","floor":7,"key":"SMITH"}],"circlet_count":0,"master_deck":["AscendersBane","Strike_P","Strike_P","Strike_P","Defend_P","Defend_P","Eruption+1","Vigilance","Protect+1","Blasphemy+1","Judgement+1","TalkToTheHand","JustLucky","FearNoEvil","CutThroughFate","Conclude","FlurryOfBlows+1"],"relics":["Astrolabe","Molten Egg 2"],"acts_visited":["Exordium"],"potions_floor_usage":[6],"damage_taken":[{"damage":0.0,"enemies":"Cultist","floor":1.0,"turns":2.0},{"damage":2.0,"enemies":"Jaw Worm","floor":2.0,"turns":3.0},{"damage":0.0,"enemies":"Small Slimes","floor":3.0,"turns":2.0},{"damage":6.0,"enemies":"Red Slaver","floor":4.0,"turns":3.0},{"damage":6.0,"enemies":"Exordium Thugs","floor":5.0,"turns":3.0},{"damage":12,"enemies":"3 Sentries","floor":6,"turns":3},{"damage":100024,"enemies":"Lagavulin","floor":8,"turns":5}],"seed_played":"-7218721691044988776","potions_obtained":[{"floor":1.0,"key":"Explosive Potion"}],"is_trial":false,"path_per_floor":["M","M","M","M","M","E","R","E"],"character_chosen":"WATCHER","items_purchased":[],"campfire_rested":0,"item_purchase_floors":[],"current_hp_per_floor":[61,59,59,53,47,35,35,0,0],"gold":213,"neow_bonus":"BOSS_RELIC","is_daily":false,"chose_seed":false,"campfire_upgraded":1,"win_rate":0.0,"timestamp":1609693042,"path_taken":["M","?","M","M","M","E","R","E"],"items_purchased_type":[],"build_version":"2020-12-18","purchased_purges":0,"victory":false,"max_hp_per_floor":[68,68,68,68,68,68,68,68,68],"relic_stats":{"counters":[7,20],"Astrolabe":["Protect","Blasphemy","Judgement"],"obtain_stats":[{"Astrolabe":0,"Molten Egg 2":6,"PureWater":0},{"Astrolabe":0,"Molten Egg 2":6,"PureWater":0},{"Astrolabe":0,"Molten Egg 2":16,"PureWater":0}]},"card_choices":[{"not_picked":["PathToVictory","CrushJoints"],"picked":"TalkToTheHand","floor":1.0},{"not_picked":["JustLucky","Prostrate","Protect"],"picked":"SKIP","floor":2.0},{"not_picked":["Prostrate","Protect"],"picked":"JustLucky","floor":2.0},{"not_picked":["Halt","BattleHymn"],"picked":"FearNoEvil","floor":3.0},{"not_picked":["Indignation","Swivel"],"picked":"CutThroughFate","floor":4.0},{"not_picked":["Perseverance","PathToVictory"],"picked":"Conclude","floor":5.0},{"not_picked":["SpiritShield","EmptyFist+1"],"picked":"FlurryOfBlows+1","floor":6}],"player_experience":1027625,"relics_obtained":[{"floor":6,"key":"Molten Egg 2"}],"event_choices":[],"is_beta":true,"boss_relics":[],"items_purged_floors":[],"is_endless":false,"potions_floor_spawned":[1],"killed_by":"Lagavulin","ascension_level":15}}