{"host":"sdl5b0uiznq00owb","time":1609634122,"event":{"mods":["BaseMod","Minty Spire (QoL Compilation)","Permanent Neow","Relic Stats"],"gold_per_floor":[110,35,50,66,78,78,106,106,130,140,154,182,202,220,220,318,318,333,365,72,72,84,84,115,115,115,129,229,229,64,75,75,171,171,190,412,463,478,257,288,288,301,380,410,410,410,89,123,123,123,123,123,123,158,158],"floor_reached":56,"playtime":8625,"items_purged":["Strike_B","Strike_B","Strike_B","Strike_B","Defend_B"],"score":1661,"play_id":"7dedcf34-fa3a-4715-960b-e64c4882b367","local_time":"20210102183522","is_ascension_mode":true,"campfire_choices":[{"data":"Sweeping Beam","floor":6.0,"key":"SMITH"},{"floor":8.0,"key":"REST"},{"data":"Loop","floor":15.0,"key":"SMITH"},{"floor":23.0,"key":"REST"},{"floor":29.0,"key":"REST"},{"floor":32.0,"key":"REST"},{"floor":41.0,"key":"RECALL"},{"floor":46.0,"key":"REST"},{"floor":49.0,"key":"REST"},{"floor":52.0,"key":"REST"}],"circlet_count":0,"master_deck":["Defend_B","Defend_B","Defend_B","Zap","Dualcast","Sweeping Beam+1","Cold Snap","Compile Driver","Ball Lightning","Core Surge","Hologram","Coolheaded","Loop+1","Biased Cognition","Apotheosis","Conserve Battery+1","Core Surge","Capacitor","Echo Form","Glacier+1","Defragment","Reinforced Body","Biased Cognition","Panacea"],"relics":["Cracked Core","Art of War","Anchor","Akabeko","Boot","Sozu","Red Mask","Kunai","Ancient Tea Set","Gambling Chip","HornCleat","Fusion Hammer","Turnip","Mercury Hourglass","Strawberry","DataDisk","Omamori","CaptainsWheel"],"acts_visited":["Exordium","TheCity","TheBeyond","TheEnding"],"potions_floor_usage":[55,55,55],"damage_taken":[{"damage":2.0,"enemies":"2 Louse","floor":1.0,"turns":4.0},{"damage":0.0,"enemies":"Small Slimes","floor":3.0,"turns":3.0},{"damage":2.0,"enemies":"Jaw Worm","floor":4.0,"turns":2.0},{"damage":10.0,"enemies":"Looter","floor":5.0,"turns":3.0},{"damage":17.0,"enemies":"3 Sentries","floor":7.0,"turns":7.0},{"damage":2.0,"enemies":"Exordium Wildlife","floor":10.0,"turns":4.0},{"damage":0.0,"enemies":"Large Slime","floor":11.0,"turns":3.0},{"damage":30.0,"enemies":"Lagavulin","floor":12.0,"turns":6.0},{"damage":0.0,"enemies":"2 Fungi Beasts","floor":13.0,"turns":2.0},{"damage":3.0,"enemies":"Exordium Thugs","floor":14.0,"turns":4.0},{"damage":14.0,"enemies":"The Guardian","floor":16.0,"turns":13.0},{"damage":22.0,"enemies":"2 Thieves","floor":18.0,"turns":3.0},{"damage":4.0,"enemies":"Masked Bandits","floor":19.0,"turns":4.0},{"damage":0.0,"enemies":"Spheric Guardian","floor":22.0,"turns":3.0},{"damage":20.0,"enemies":"Slavers","floor":24.0,"turns":5.0},{"damage":12.0,"enemies":"Snake Plant","floor":27.0,"turns":3.0},{"damage":0.0,"enemies":"Colosseum Slavers","floor":28.0,"turns":4.0},{"damage":13.0,"enemies":"Colosseum Nobs","floor":28.0,"turns":4.0},{"damage":0.0,"enemies":"Centurion and Healer","floor":31.0,"turns":4.0},{"damage":3.0,"enemies":"Champ","floor":33.0,"turns":8.0},{"damage":0.0,"enemies":"Orb Walker","floor":35.0,"turns":4.0},{"damage":16.0,"enemies":"2 Orb Walkers","floor":37.0,"turns":4.0},{"damage":0.0,"enemies":"3 Darklings","floor":38.0,"turns":6.0},{"damage":11.0,"enemies":"Nemesis","floor":40.0,"turns":6.0},{"damage":0.0,"enemies":"4 Shapes","floor":42.0,"turns":4.0},{"damage":0.0,"enemies":"Giant Head","floor":44.0,"turns":8.0},{"damage":0.0,"enemies":"Nemesis","floor":48.0,"turns":7.0},{"damage":20.0,"enemies":"Donu and Deca","floor":50.0,"turns":9.0},{"damage":19,"enemies":"Shield and Spear","floor":54,"turns":9},{"damage":27,"enemies":"The Heart","floor":55,"turns":9}],"seed_played":"-8082771875834607354","potions_obtained":[{"floor":4.0,"key":"DuplicationPotion"},{"floor":7.0,"key":"Dexterity Potion"},{"floor":10.0,"key":"SteroidPotion"},{"floor":12.0,"key":"CultistPotion"}],"is_trial":false,"path_per_floor":["M","$","M","M","M","R","E","R","T","M","M","E","M","M","R","B",null,"M","?","$","?","M","R","E","?","T","M","?","R","$","M","R","B",null,"M","?","?","M","$","E","R","M","T","E","?","R","$","E","R","B",null,"R","$","E","B",null],"character_chosen":"DEFECT","items_purchased":["Apotheosis","Capacitor","Defragment","DataDisk"],"campfire_rested":7,"item_purchase_floors":[20,30,39,47],"current_hp_per_floor":[66,66,66,64,54,54,37,59,59,57,57,27,27,24,24,10,59,37,33,33,33,33,55,35,35,35,23,10,32,32,32,54,51,69,69,69,53,53,53,42,42,42,42,49,49,73,73,73,82,62,77,82,82,63,36],"gold":158,"neow_bonus":"RANDOM_COMMON_RELIC","is_daily":false,"chose_seed":false,"campfire_upgraded":2,"win_rate":0.0,"timestamp":1609634122,"path_taken":["M","$","M","M","M","R","E","R","T","M","M","E","M","M","R","BOSS","M","?","$","?","M","R","E","?","T","M","?","R","?","M","R","BOSS","M","?","?","M","$","E","R","?","T","E","?","R","$","E","R","BOSS","R","$","E","BOSS"],"items_purchased_type":["Card","Card","Card","Relic"],"build_version":"2020-12-22","purchased_purges":5,"victory":true,"max_hp_per_floor":[75,75,75,75,75,75,75,75,75,75,75,75,75,75,75,75,75,75,75,75,75,75,75,75,75,75,75,75,75,75,75,75,75,75,75,75,75,75,75,75,75,75,75,82,82,82,82,82,82,82,82,82,82,82,82],"relic_stats":{"Sozu":0,"counters":[30,153],"Gambling Chip":[40],"Turnip":[2],"Art of War":[25],"Kunai":[25],"Boot":[46],"obtain_stats":[{"Omamori":48,"Boot":12,"Ancient Tea Set":26,"Akabeko":9,"Mercury Hourglass":40,"Sozu":17,"Anchor":7,"DataDisk":47,"CaptainsWheel":54,"HornCleat":28,"Gambling Chip":28,"Strawberry":44,"Fusion Hammer":34,"Turnip":37,"Art of War":0,"Red Mask":19,"Kunai":24,"Cracked Core":0},{"Omamori":27,"Boot":8,"Ancient Tea Set":15,"Akabeko":5,"Mercury Hourglass":24,"Sozu":11,"Anchor":5,"DataDisk":26,"CaptainsWheel":29,"HornCleat":18,"Gambling Chip":18,"Strawberry":26,"Fusion Hammer":20,"Turnip":22,"Art of War":0,"Red Mask":13,"Kunai":15,"Cracked Core":0},{"Omamori":127,"Boot":32,"Ancient Tea Set":66,"Akabeko":19,"Mercury Hourglass":108,"Sozu":51,"Anchor":19,"DataDisk":120,"CaptainsWheel":144,"HornCleat":76,"Gambling Chip":76,"Strawberry":120,"Fusion Hammer":88,"Turnip":96,"Art of War":0,"Red Mask":58,"Kunai":66,"Cracked Core":0}],"Mercury Hourglass":[156]},"card_choices":[{"not_picked":["Barrage","Leap"],"picked":"Sweeping Beam","floor":1.0},{"not_picked":["Hologram","Beam Cell"],"picked":"Cold Snap","floor":3.0},{"not_picked":["Heatsinks","Gash"],"picked":"Compile Driver","floor":4.0},{"not_picked":["Cold Snap","Turbo","Stack"],"picked":"SKIP","floor":5.0},{"not_picked":["Capacitor","Turbo"],"picked":"Ball Lightning","floor":7.0},{"not_picked":["Steam","Chill"],"picked":"Core Surge","floor":10.0},{"not_picked":["Redo","Static Discharge"],"picked":"Hologram","floor":11.0},{"not_picked":["Leap","Turbo"],"picked":"Coolheaded","floor":12.0},{"not_picked":["BootSequence","Redo"],"picked":"Loop","floor":13.0},{"not_picked":["BootSequence","Compile Driver","Cold Snap"],"picked":"SKIP","floor":14.0},{"not_picked":["Multi-Cast","Amplify"],"picked":"Biased Cognition","floor":16.0},{"not_picked":["Rebound","Storm","Streamline"],"picked":"SKIP","floor":18.0},{"not_picked":["Hello World","Beam Cell"],"picked":"Conserve Battery+1","floor":22.0},{"not_picked":["Ball Lightning","Gash"],"picked":"Core Surge","floor":24.0},{"not_picked":["Loop","Fusion","Compile Driver"],"picked":"SKIP","floor":27.0},{"not_picked":["Turbo","Creative AI","Double Energy"],"picked":"SKIP","floor":31.0},{"not_picked":["All For One","Rainbow"],"picked":"Echo Form","floor":33.0},{"not_picked":["Gash","Heatsinks+1"],"picked":"Glacier+1","floor":35.0},{"not_picked":["Hyperbeam","Static Discharge","Streamline"],"picked":"SKIP","floor":38.0},{"not_picked":["Hyperbeam","Static Discharge","Streamline"],"picked":"SKIP","floor":38.0},{"not_picked":["Gash+1","Storm","Beam Cell+1"],"picked":"SKIP","floor":40.0},{"not_picked":["Gash","Conserve Battery"],"picked":"Reinforced Body","floor":42.0},{"not_picked":["Steam+1","White Noise+1"],"picked":"Biased Cognition","floor":44.0},{"not_picked":["Jack Of All Trades","Trip"],"picked":"Panacea","floor":45.0},{"not_picked":["All For One","Heatsinks","Streamline+1"],"picked":"SKIP","floor":48.0},{"not_picked":["Leap+1","Turbo","Cold Snap+1"],"picked":"SKIP","floor":54}],"player_experience":725477,"relics_obtained":[{"floor":7.0,"key":"Anchor"},{"floor":9.0,"key":"Akabeko"},{"floor":12.0,"key":"Boot"},{"floor":19.0,"key":"Red Mask"},{"floor":24.0,"key":"Kunai"},{"floor":26.0,"key":"Ancient Tea Set"},{"floor":28.0,"key":"Gambling Chip"},{"floor":28.0,"key":"HornCleat"},{"floor":37.0,"key":"Turnip"},{"floor":40.0,"key":"Mercury Hourglass"},{"floor":44.0,"key":"Strawberry"},{"floor":48.0,"key":"Omamori"},{"floor":54,"key":"CaptainsWheel"}],"event_choices":[{"damage_healed":0.0,"max_hp_gain":0.0,"max_hp_loss":0.0,"gold_gain":0.0,"event_name":"Masked Bandits","player_choice":"Fought Bandits","floor":19.0,"gold_loss":0.0,"damage_taken":0.0},{"damage_healed":0.0,"max_hp_gain":0.0,"max_hp_loss":0.0,"gold_gain":0.0,"event_name":"Ghosts","player_choice":"Ignored","floor":21.0,"gold_loss":0.0,"damage_taken":0.0},{"damage_healed":0.0,"max_hp_gain":0.0,"max_hp_loss":0.0,"gold_gain":0.0,"event_name":"Cursed Tome","player_choice":"Ignored","floor":25.0,"gold_loss":0.0,"damage_taken":0.0},{"damage_healed":0.0,"max_hp_gain":0.0,"max_hp_loss":0.0,"gold_gain":0.0,"event_name":"Colosseum","player_choice":"Fight","floor":28.0,"gold_loss":0.0,"damage_taken":0.0},{"damage_healed":0.0,"max_hp_gain":0.0,"max_hp_loss":0.0,"gold_gain":0.0,"event_name":"Colosseum","player_choice":"Fought Nobs","floor":28.0,"gold_loss":0.0,"damage_taken":0.0},{"damage_healed":0.0,"max_hp_gain":0.0,"max_hp_loss":0.0,"gold_gain":222.0,"event_name":"Tomb of Lord Red Mask","player_choice":"Wore Mask","floor":36.0,"gold_loss":0.0,"damage_taken":0.0},{"damage_healed":0.0,"max_hp_gain":0.0,"max_hp_loss":0.0,"gold_gain":0.0,"event_name":"Mysterious Sphere","player_choice":"Fight","floor":37.0,"gold_loss":0.0,"damage_taken":0.0},{"damage_healed":0.0,"max_hp_gain":0.0,"max_hp_loss":0.0,"gold_gain":0.0,"event_name":"SensoryStone","player_choice":"Memory 1","floor":45.0,"gold_loss":0.0,"damage_taken":0.0}],"is_beta":false,"boss_relics":[{"not_picked":["Snecko Eye","Nuclear Battery"],"picked":"Sozu"},{"not_picked":["Calling Bell","Busted Crown"],"picked":"Fusion Hammer"}],"items_purged_floors":[2,20,30,39,47],"is_endless":false,"potions_floor_spawned":[4,7,10,12,16,18,22,27,28,35,44,48],"ascension_level":8}}