{"host":"zxbynhk7iwlwr508","time":1609655031,"event":{"mods":["AchievementEnabler","BaseMod","Colored Map","Colored Powertips","Highlight Path","Minty Spire (QoL Compilation)"],"gold_per_floor":[109,109,124,138,157,157,172,172,249,284,284,62,87,87,87,191,191,207,2,2,13,13,13,29,29,53,73,93,112,12,31,31,31,31],"floor_reached":33,"playtime":4801,"items_purged":["Strike_G","Strike_G"],"score":259,"play_id":"2ec77dc7-afec-47f4-bf00-e248e0f1ca84","local_time":"20210103012351","is_ascension_mode":false,"campfire_choices":[{"data":"Neutralize","floor":6,"key":"SMITH"},{"floor":8,"key":"REST"},{"floor":11,"key":"REST"},{"data":"Bouncing Flask","floor":15,"key":"SMITH"},{"data":"Bouncing Flask","floor":23,"key":"SMITH"},{"floor":25,"key":"REST"},{"floor":32,"key":"REST"}],"circlet_count":0,"master_deck":["Strike_G","Strike_G","Strike_G","Defend_G","Defend_G","Defend_G","Defend_G","Survivor","Neutralize+1","Terror","Cloak And Dagger","Reflex","Footwork","Underhanded Strike","Bouncing Flask+1","Prepared","Bouncing Flask+1","Cloak And Dagger","Envenom","Tactician","Infinite Blades+1","Deadly Poison","Poisoned Stab","PiercingWail","Acrobatics","Poisoned Stab","All Out Attack","Noxious Fumes","Masterful Stab+1","Sucker Punch+1"],"relics":["Ring of the Snake","NeowsBlessing","White Beast Statue","WingedGreaves","PreservedInsect","Toy Ornithopter","Velvet Choker","GremlinMask","Orichalcum"],"acts_visited":["Exordium","TheCity"],"potions_floor_usage":[10,13,16,16,18,28,29,29,31,31,33],"damage_taken":[{"damage":0.0,"enemies":"Jaw Worm","floor":1.0,"turns":1.0},{"damage":0.0,"enemies":"Small Slimes","floor":3.0,"turns":1.0},{"damage":0.0,"enemies":"Cultist","floor":4.0,"turns":1.0},{"damage":1.0,"enemies":"Large Slime","floor":5.0,"turns":7.0},{"damage":27,"enemies":"Gremlin Gang","floor":7,"turns":6},{"damage":34,"enemies":"3 Sentries","floor":10,"turns":16},{"damage":8,"enemies":"Gremlin Nob","floor":13,"turns":4},{"damage":43,"enemies":"Slime Boss","floor":16,"turns":13},{"damage":10,"enemies":"Chosen","floor":18,"turns":4},{"damage":20,"enemies":"Spheric Guardian","floor":21,"turns":4},{"damage":2,"enemies":"Snecko","floor":24,"turns":4},{"damage":24,"enemies":"Sentry and Sphere","floor":27,"turns":6},{"damage":23,"enemies":"Shelled Parasite and Fungi","floor":28,"turns":7},{"damage":17,"enemies":"Centurion and Healer","floor":29,"turns":6},{"damage":19,"enemies":"Snake Plant","floor":31,"turns":4},{"damage":49,"enemies":"Champ","floor":33,"turns":8}],"seed_played":"3780290461239946339","potions_obtained":[{"floor":1.0,"key":"DuplicationPotion"},{"floor":4.0,"key":"FearPotion"},{"floor":10,"key":"Poison Potion"},{"floor":13,"key":"Fruit Juice"},{"floor":16,"key":"Ancient Potion"},{"floor":18,"key":"SkillPotion"},{"floor":21,"key":"GhostInAJar"},{"floor":24,"key":"PowerPotion"},{"floor":28,"key":"SteroidPotion"},{"floor":29,"key":"Fire Potion"},{"floor":31,"key":"PowerPotion"}],"is_trial":false,"path_per_floor":["M","?","M","M","M","R","M","R","T","E","R","$","E","?","R","B",null,"M","$","?","M","?","R","M","R","T","M","M","M","$","M","R","B"],"character_chosen":"THE_SILENT","items_purchased":["Prepared","Bouncing Flask","Explosive Potion","Infinite Blades","Deadly Poison","Poisoned Stab","PiercingWail"],"campfire_rested":4,"item_purchase_floors":[12,12,12,19,19,19,19],"current_hp_per_floor":[70,70,70,70,69,69,42,63,63,29,50,50,47,44,44,11,75,70,70,70,50,50,50,48,70,70,46,28,21,21,12,34,0,0],"gold":31,"neow_bonus":"THREE_ENEMY_KILL","is_daily":false,"chose_seed":false,"campfire_upgraded":3,"win_rate":0.0,"timestamp":1609655031,"path_taken":["M","?","M","M","M","R","M","R","T","E","R","$","E","?","R","BOSS","M","$","?","?","?","R","M","R","T","M","M","M","$","M","R","BOSS"],"items_purchased_type":["Card","Card","Potion","Card","Card","Card","Card"],"build_version":"2020-12-22","purchased_purges":2,"victory":false,"max_hp_per_floor":[70,70,70,70,70,70,70,70,70,70,70,70,75,75,75,75,75,75,75,75,75,75,75,75,75,75,75,75,75,75,75,75,75,75],"card_choices":[{"not_picked":["Sucker Punch","Tactician"],"picked":"Terror","floor":1.0},{"not_picked":["Quick Slash","Malaise"],"picked":"Cloak And Dagger","floor":3.0},{"not_picked":["Prepared","Blur"],"picked":"Reflex","floor":4.0},{"not_picked":["Prepared","Escape Plan"],"picked":"Footwork","floor":5.0},{"not_picked":["Poisoned Stab","Deadly Poison"],"picked":"Underhanded Strike","floor":7},{"not_picked":["Escape Plan","Die Die Die"],"picked":"Bouncing Flask","floor":10},{"not_picked":["Dagger Throw","Predator"],"picked":"Cloak And Dagger","floor":13},{"not_picked":["Tools of the Trade","Adrenaline"],"picked":"Envenom","floor":16},{"not_picked":["PiercingWail","Riddle With Holes"],"picked":"Tactician","floor":18},{"not_picked":["Underhanded Strike","Flying Knee"],"picked":"Acrobatics","floor":21},{"not_picked":["Leg Sweep","Blur+1"],"picked":"Poisoned Stab","floor":24},{"not_picked":["Acrobatics","Dodge and Roll"],"picked":"All Out Attack","floor":27},{"not_picked":["PiercingWail","Flying Knee"],"picked":"Noxious Fumes","floor":28},{"not_picked":["Deflect","Deadly Poison+1"],"picked":"Masterful Stab+1","floor":29},{"not_picked":["Backstab","Flying Knee"],"picked":"Sucker Punch+1","floor":31}],"player_experience":111451,"relics_obtained":[{"floor":9,"key":"White Beast Statue"},{"floor":10,"key":"WingedGreaves"},{"floor":13,"key":"PreservedInsect"},{"floor":26,"key":"Orichalcum"}],"event_choices":[{"cards_removed":["Defend_G"],"damage_healed":0.0,"max_hp_gain":0.0,"max_hp_loss":0.0,"gold_gain":0.0,"event_name":"Living Wall","player_choice":"Forget","floor":2.0,"gold_loss":0.0,"damage_taken":0.0},{"damage_healed":0,"gold_gain":0,"player_choice":"Success","damage_taken":3,"relics_obtained":["Toy Ornithopter"],"max_hp_gain":0,"max_hp_loss":0,"event_name":"Scrap Ooze","floor":14,"gold_loss":0},{"damage_healed":0,"gold_gain":0,"player_choice":"Forge","damage_taken":0,"max_hp_gain":0,"max_hp_loss":0,"event_name":"Accursed Blacksmith","floor":20,"gold_loss":0,"cards_upgraded":["Infinite Blades"]},{"damage_healed":0,"gold_gain":0,"player_choice":"Trade","damage_taken":0,"relics_obtained":["GremlinMask"],"max_hp_gain":0,"max_hp_loss":0,"event_name":"FaceTrader","floor":22,"gold_loss":0}],"is_beta":false,"boss_relics":[{"not_picked":["Tiny House","Pandora\u0027s Box"],"picked":"Velvet Choker"}],"items_purged_floors":[12,30],"is_endless":false,"potions_floor_spawned":[1,4,10,13,16,18,21,24,27,28,29,31],"killed_by":"Champ","ascension_level":0}}