{"host":"61ejhfsushs0xmcl","time":1609686813,"event":{"mods":["ATMod(°¢èªMod)","Act Like it!","BaseMod","Colored Map","Gold Saver","Minty Spire (QoL Compilation)","MostiFishMod","Pale of the Ancients","Spicy Shops","StSLib","TestMod","Waifu the Spire","[IsaacMod]ÒÔÈö¼âËþ","¡¾ÒÅÎï¿¨ÅÆ¡¿REMEMod","óô»ðÖ¸ÄÏ"],"gold_per_floor":[2055,2066,2076,2076,2116,2146,2146,1726,1752,1233,1257,1257,1331,1360,1360,1430,1430,1443,1358,1358,883,909,963,1012,1032,1032,502,554,57,97,113,113,199,199,224,246,263,288,304,356,403,431,431,431,469,95,95,179,179,209,261,261,261,66,150,184],"floor_reached":57,"playtime":2074,"items_purged":["Strike_G","Strike_G","Strike_G","Neutralize","Strike_G+1","Strike_G+1","Defend_G","Defend_G","Defend_G","AT_ArcaneSupremacy+1","Flechettes"],"score":3270,"play_id":"8b18d33e-853a-4c5a-b411-f5963cb1eac9","local_time":"20210103231333","is_ascension_mode":true,"campfire_choices":[{"data":"AT_ArcaneSupremacy","floor":12.0,"key":"SMITH"},{"data":"Well Laid Plans","floor":15.0,"key":"SMITH"},{"floor":32.0,"key":"RECALL"},{"data":"MostiFishMod:Opportunism","floor":47,"key":"SMITH"},{"data":"REME_ShadowForm","floor":49,"key":"SMITH"},{"data":"REME_GreenPollution","floor":53,"key":"SMITH"}],"circlet_count":0,"master_deck":["AscendersBane","Defend_G","Defend_G","Survivor","AT_ShadowStep+1","REME_GreenPollution+1","Reflex","Eviscerate","REME_ShadowForm+1","Well Laid Plans+1","MostiFishMod:Opportunism+1","Catalyst+1","Acrobatics","Catalyst+1","Prepared","Noxious Fumes+1","Acrobatics","MostiFishMod:HiddenBlade+1","Night Terror","Catalyst+1","AT_WindFlip+1","Calculated Gamble+1","MostiFishMod:PoisonShield+1","Calculated Gamble+1","AT_ShadowStep+1","Catalyst+1","Prepared+1"],"relics":["Ring of the Snake","testmod-TestBox","DaveBox","AT_ATBox","REME_ComplimentaryCards","HushsDoor","NeowsBlessing","testmod-ObsoleteBoomerang","Membership Card","SatanicBible","SynthV:TestCard","Vajra","Lee\u0027s Waffle","Question Card","Whetstone","Potion Belt","REME_LimitBreaker","testmod-Charity","testmod-ArcanaOfDestiny","testmod-AssaultLearning","Odd Mushroom","GreenFoldingFan","REME_ArchaeologicalTools","TheAbacus","Gremlin Horn","Ying","InkBottle","AT_SilvercatRing","testmod-IndustrialRevolution","DollysMirror","Omamori","Lantern","Calipers","ClockworkSouvenir","Snake Skull","ShadowXiaoBlade","White Beast Statue","TuHaoJin","DeadEye","Prayer Wheel","Mercury Hourglass","AT_MibuBalloonWealth","HowToJump","REME_CardOfGreed","HornCleat"],"acts_visited":["Exordium","TheCity","TheBeyond","TheEnding"],"potions_floor_usage":[49,56,56,56,56,56],"damage_taken":[{"damage":0.0,"enemies":"Cultist","floor":1.0,"turns":1.0},{"damage":0.0,"enemies":"Small Slimes","floor":2.0,"turns":1.0},{"damage":0.0,"enemies":"Jaw Worm","floor":3.0,"turns":1.0},{"damage":2.0,"enemies":"Large Slime","floor":5.0,"turns":5.0},{"damage":0.0,"enemies":"Gremlin Nob","floor":6.0,"turns":2.0},{"damage":9.0,"enemies":"The Mushroom Lair","floor":11.0,"turns":3.0},{"damage":9.0,"enemies":"3 Sentries","floor":14.0,"turns":5.0},{"damage":0.0,"enemies":"The Guardian","floor":16.0,"turns":6.0},{"damage":4.0,"enemies":"Spheric Guardian","floor":18.0,"turns":2.0},{"damage":2.0,"enemies":"Shell Parasite","floor":22.0,"turns":1.0},{"damage":2.0,"enemies":"Slavers","floor":23.0,"turns":1.0},{"damage":4.0,"enemies":"Centurion and Healer","floor":25.0,"turns":2.0},{"damage":2.0,"enemies":"REME_1_Revenger","floor":28.0,"turns":1.0},{"damage":2.0,"enemies":"Book of Stabbing","floor":30.0,"turns":1.0},{"damage":2.0,"enemies":"3 Cultists","floor":31.0,"turns":1.0},{"damage":4.0,"enemies":"Automaton","floor":33.0,"turns":2.0},{"damage":2.0,"enemies":"3 Darklings","floor":35.0,"turns":1.0},{"damage":2.0,"enemies":"3 Shapes","floor":36.0,"turns":1.0},{"damage":2.0,"enemies":"Sphere and 2 Shapes","floor":37.0,"turns":1.0},{"damage":21.0,"enemies":"Writhing Mass","floor":38.0,"turns":2.0},{"damage":4.0,"enemies":"Spire Growth","floor":39.0,"turns":2.0},{"damage":9.0,"enemies":"Giant Head","floor":40.0,"turns":3.0},{"damage":25.0,"enemies":"Transient","floor":41.0,"turns":3.0},{"damage":2.0,"enemies":"Nemesis","floor":42.0,"turns":1.0},{"damage":4.0,"enemies":"Giant Head","floor":45.0,"turns":2.0},{"damage":2,"enemies":"Sphere and 2 Shapes","floor":48,"turns":1},{"damage":11,"enemies":"Time Eater","floor":50,"turns":2},{"damage":2,"enemies":"Donu and Deca","floor":51,"turns":1},{"damage":2,"enemies":"Shield and Spear","floor":55,"turns":1},{"damage":2,"enemies":"Delirium","floor":56,"turns":2}],"seed_played":"3586583918648108534","potions_obtained":[{"floor":2.0,"key":"REME_GoldPotion"},{"floor":3.0,"key":"Weak Potion"},{"floor":14.0,"key":"LiquidMemories"},{"floor":16.0,"key":"FearPotion"},{"floor":23.0,"key":"AttackPotion"},{"floor":28.0,"key":"FearPotion"},{"floor":33.0,"key":"Ancient Potion"},{"floor":39.0,"key":"Energy Potion"},{"floor":41.0,"key":"BlessingOfTheForge"},{"floor":42.0,"key":"Strength Potion"},{"floor":45.0,"key":"BlessingOfTheForge"},{"floor":48,"key":"testmod-SpacePotion"},{"floor":55,"key":"Weak Potion"}],"is_trial":false,"path_per_floor":["M","M","M","?","M","E","?","R","T","R","?","R","?","E","R","B",null,"M","?","?","$","M","E","?","M","T","$","E","$","E","M","R","B",null,"M","M","M","M","M","E","M","E","T","T","E","$","R","M","R","B","B",null,"R","$","E","B",null],"character_chosen":"THE_SILENT","items_purchased":["Lee\u0027s Waffle","Question Card","Reflex","Whetstone","REME_LimitBreaker","testmod-Charity","testmod-ArcanaOfDestiny","Eviscerate","testmod-AssaultLearning","TheAbacus","Gremlin Horn","Ying","MostiFishMod:FullyArmed","AT_SilvercatRing","testmod-IndustrialRevolution","DollysMirror","testmod-SpacePotion","Lantern","Calipers","Noxious Fumes","ClockworkSouvenir","Night Terror","AT_MibuBalloonWealth","HowToJump","REME_CardOfGreed","testmod-TimePotion"],"campfire_rested":0,"item_purchase_floors":[8,8,8,8,10,10,10,10,10,21,21,21,21,27,27,27,27,29,29,29,29,34,46,46,46,54],"current_hp_per_floor":[59,59,59,64,62,62,62,78,78,78,70,70,60,52,52,53,71,78,78,78,78,86,99,100,104,104,104,116,116,124,127,127,133,122,131,137,142,137,147,158,158,168,168,168,180,180,180,189,189,192,197,197,197,197,204,210],"gold":184,"neow_bonus":"THREE_ENEMY_KILL","is_daily":false,"chose_seed":false,"campfire_upgraded":5,"win_rate":0.0,"timestamp":1609686813,"path_taken":["M","M","?","?","M","E","?","R","T","R","?","R","?","E","R","BOSS","M","?","?","$","M","E","?","?","T","$","E","?","E","?","R","BOSS","M","M","M","M","M","E","M","E","T","?","E","$","R","M","R","BOSS","BOSS","R","$","E","BOSS"],"items_purchased_type":["Relic","Relic","Card","Relic","Relic","Relic","Relic","Card","Relic","Relic","Relic","Relic","Card","Relic","Relic","Relic","Potion","Relic","Relic","Card","Relic","Card","Relic","Relic","Relic","Potion"],"build_version":"2020-12-22","purchased_purges":11,"victory":true,"max_hp_per_floor":[66,66,66,71,71,71,71,78,78,78,79,79,80,81,81,82,77,78,78,78,78,86,99,100,104,104,104,116,116,124,127,127,133,122,131,137,142,148,152,162,177,179,179,179,185,185,185,189,189,193,197,197,197,197,204,210],"card_choices":[{"not_picked":["AT_FocusSwordFire","AT_ArcaneSupremacy","Leg Sweep"],"picked":"SKIP","floor":1.0},{"not_picked":["MostiFishMod:PerfectParry","Poisoned Stab","Outmaneuver","Bane"],"picked":"AT_ShadowStep","floor":2.0},{"not_picked":["Backflip","Finisher","Reflex","Acrobatics"],"picked":"REME_GreenPollution","floor":3.0},{"not_picked":["MostiFishMod:PreservedThorns","PiercingWail","Deadly Poison","Skewer","Expertise"],"picked":"SKIP","floor":5.0},{"not_picked":["Footwork","Dodge and Roll","Sucker Punch","Flying Knee"],"picked":"Flechettes","floor":6.0},{"not_picked":["Cloak And Dagger","Dagger Throw","Dash","Endless Agony","Deflect"],"picked":"Well Laid Plans","floor":14.0},{"not_picked":["Doppelganger","Wraith Form v2","Envenom","MostiFishMod:Listen","AT_MyraUnstableElement"],"picked":"MostiFishMod:Opportunism","floor":16.0},{"not_picked":["Slice+1","PiercingWail","Tactician","Backflip","Underhanded Strike","Finisher"],"picked":"SKIP","floor":18.0},{"not_picked":["Dash","AT_TinkerSharpsword","Dagger Throw","Deflect","Distraction+1","Choke"],"picked":"SKIP","floor":22.0},{"not_picked":["Adrenaline","Bane","AT_FocusSwordFire","Outmaneuver","Acrobatics"],"picked":"Catalyst","floor":23.0},{"not_picked":["Flying Knee","Blade Dance","Outmaneuver","Backflip","Quick Slash"],"picked":"Acrobatics","floor":25.0},{"not_picked":["Deadly Poison","Sucker Punch","Cloak And Dagger+1","AT_KneejerkReflex","Leg Sweep"],"picked":"Prepared","floor":28.0},{"not_picked":["Deflect","Bullet Time","Flechettes","Dagger Throw","Blade Dance","MostiFishMod:PreservedThorns"],"picked":"SKIP","floor":30.0},{"not_picked":["Blur","Escape Plan","Deflect","Sucker Punch","MostiFishMod:InvigoratingSolution"],"picked":"Acrobatics","floor":31.0},{"not_picked":["Grand Finale","REME_CopyPotion","Phantasmal Killer","MostiFishMod:AdrenalineArouse","Glass Knife"],"picked":"MostiFishMod:HiddenBlade","floor":33.0},{"not_picked":["MostiFishMod:InvigoratingSolution+1","Accuracy","MostiFishMod:PoisonShield","AT_FocusSwordFire","Caltrops+1","Noxious Fumes"],"picked":"SKIP","floor":35.0},{"not_picked":["Accuracy","AT_ArcaneSupremacy","Backflip+1","PiercingWail","Bouncing Flask"],"picked":"Catalyst+1","floor":36.0},{"not_picked":["Underhanded Strike","Caltrops","Dash+1","Riddle With Holes","Dagger Throw"],"picked":"AT_WindFlip+1","floor":37.0},{"not_picked":["Deadly Poison","Outmaneuver","MostiFishMod:PerfectParry","Flechettes","Slice","Deflect+1"],"picked":"SKIP","floor":38.0},{"not_picked":["Poisoned Stab","Caltrops+1","Backflip","Quick Slash","Backstab"],"picked":"Calculated Gamble","floor":39.0},{"not_picked":["Choke","MostiFishMod:Confrontation","Acrobatics","Cloak And Dagger","Glass Knife"],"picked":"MostiFishMod:PoisonShield+1","floor":40.0},{"not_picked":["Accuracy","Expertise+1","MostiFishMod:PerfectParry","Escape Plan","Skewer","AT_WindRun+1"],"picked":"SKIP","floor":41.0},{"not_picked":["Finisher","Terror","PiercingWail+1","Reflex","Cloak And Dagger+1"],"picked":"Calculated Gamble","floor":42.0},{"not_picked":["Tactician","Flying Knee","Backflip","Infinite Blades+1","Dodge and Roll","AT_Desolate"],"picked":"SKIP","floor":45.0},{"not_picked":["Blade Dance","Caltrops","PiercingWail","Flying Knee","Flechettes"],"picked":"AT_ShadowStep+1","floor":48},{"not_picked":["PiercingWail","Dagger Throw","Prepared","Dash","Flechettes"],"picked":"Catalyst+1","floor":48},{"not_picked":["Underhanded Strike","MostiFishMod:FrostNova","Acrobatics","AT_WindRun","Cloak And Dagger"],"picked":"Prepared+1","floor":55}],"player_experience":780401,"relics_obtained":[{"floor":1.0,"key":"SynthV:TestCard"},{"floor":6.0,"key":"Vajra"},{"floor":9.0,"key":"Potion Belt"},{"floor":11.0,"key":"Odd Mushroom"},{"floor":23.0,"key":"InkBottle"},{"floor":28.0,"key":"Omamori"},{"floor":30.0,"key":"Snake Skull"},{"floor":40.0,"key":"White Beast Statue"},{"floor":42.0,"key":"TuHaoJin"},{"floor":43.0,"key":"DeadEye"},{"floor":44.0,"key":"Prayer Wheel"},{"floor":45.0,"key":"Mercury Hourglass"},{"floor":55,"key":"HornCleat"}],"event_choices":[{"damage_healed":0.0,"max_hp_gain":5.0,"max_hp_loss":0.0,"gold_gain":0.0,"event_name":"Big Fish","player_choice":"Donut","floor":4.0,"gold_loss":0.0,"damage_taken":0.0},{"damage_healed":0.0,"max_hp_gain":0.0,"max_hp_loss":0.0,"gold_gain":0.0,"event_name":"Liars Game","player_choice":"Ignored","floor":7.0,"gold_loss":0.0,"damage_taken":0.0},{"damage_healed":0.0,"max_hp_gain":0.0,"max_hp_loss":0.0,"gold_gain":0.0,"event_name":"Mushrooms","player_choice":"Fought Mushrooms","floor":11.0,"gold_loss":0.0,"damage_taken":0.0},{"damage_healed":0.0,"max_hp_gain":0.0,"max_hp_loss":0.0,"gold_gain":75.0,"event_name":"World of Goop","player_choice":"Gather Gold","floor":13.0,"gold_loss":0.0,"damage_taken":11.0},{"damage_healed":0.0,"max_hp_gain":0.0,"max_hp_loss":0.0,"gold_gain":0.0,"event_name":"Addict","player_choice":"Obtained Relic","floor":19.0,"gold_loss":85.0,"damage_taken":0.0,"relics_obtained":["REME_ArchaeologicalTools"]},{"damage_healed":0.0,"max_hp_gain":0.0,"max_hp_loss":0.0,"gold_gain":0.0,"event_name":"Vampires","player_choice":"Ignored","floor":20.0,"gold_loss":0.0,"damage_taken":0.0},{"damage_healed":0.0,"max_hp_gain":0.0,"max_hp_loss":0.0,"gold_gain":50.0,"event_name":"Nest","player_choice":"Stole From Cult","floor":24.0,"gold_loss":0.0,"damage_taken":0.0}],"is_beta":false,"boss_relics":[{"not_picked":["EE1DDrone","testmod-BatchProcessingSystem"],"picked":"GreenFoldingFan"},{"not_picked":[]},{"not_picked":["testmod-SaigiyounoYou","MagicMushroom"],"picked":"ShadowXiaoBlade"},{"not_picked":[]}],"items_purged_floors":[8,10,17,21,21,27,27,29,34,46,54],"is_endless":false,"potions_floor_spawned":[2,3,14,16,23,28,33,39,41,42,45,48,55],"ascension_level":20}}