{"host":"h5pmktbc0hzjipqc","time":1609639162,"event":{"mods":["2.2 Compatiblity","AchievementEnabler","BaseMod","Better Altar","Better Match","Better Note","Better Sensory Stone","Better Skull","Better Third Choice","Better Vampires","BetterRewards","Block Reminder","Clawfect","Colored Powertips","Conspire","Curses Come First","Energized Spire","GifTheSpireLib","Halation","Hubris","Jedi Mod","Minty Spire (QoL Compilation)","Permanent Neow","Quick Restart","Rare Cards Sparkle","Relic Sorter","Relic Stats","Replay The Spire","Spicy Shops","Spikes Relics","StSLib","Synergy Search","The Jungle","Trackpad","Unceasing Turn Reminder","everything is the same but u backflip on backflip","vexMod"],"gold_per_floor":[118,118,68,68,84,84,84,84,84,138,172,187,207,278,278,373,373,387,387,405,419,419,451,451,148,174,74,131,165,165],"floor_reached":29,"playtime":1468,"items_purged":[],"score":299,"play_id":"67713ab5-9d42-4b4d-b4b8-10afeb1a93fd","local_time":"20210102195922","is_ascension_mode":true,"campfire_choices":[{"data":"Flex","floor":6,"key":"SMITH"},{"data":"Cleave","floor":8,"key":"SMITH"},{"floor":15,"key":"REST"}],"circlet_count":0,"master_deck":["Strike_R","Strike_R","Strike_R","Strike_R","Strike_R","Defend_R","Defend_R","Defend_R","Defend_R","Bash","Flex+1","Cleave+1","Deep Breath","Thunderclap","Pommel Strike","Twin Strike","Thunderclap","Twin Strike","Demon Form","ReplayTheSpireMod:Muscle Training+1","Perfected Strike","Cleave","hubris:SharpeningStone+1","conspire:SpireCoStock","conspire:SpireCoStock","Entrench"],"relics":["Burning Blood","BargainBundle","vexMod:Cooldron","trackpad:HandOfMidas","halation:Thesaurus","Medical Kit","trackpad:FieryHotPepper","Ring of Panic","ReplayTheSpireMod:Ring of Sloth","Mirror","trackpad:PetRock","Ring of Chaos","vexMod:ScavengeHelm","theJungle:BirthdayCake","Replay:Bandana","ExplosiveVial","Happy Flower","Matryoshka"],"acts_visited":["Exordium","Exordium"],"potions_floor_usage":[11,11,11,11,11,11,12,21,23,23,23,23,28,29,29,29,29,29,29],"damage_taken":[{"damage":6,"enemies":"conspire:RoseBush","floor":1,"turns":2},{"damage":0,"enemies":"Small Slimes","floor":5,"turns":2},{"damage":0,"enemies":"Jaw Worm","floor":10,"turns":1},{"damage":39,"enemies":"Gremlin Nob","floor":11,"turns":5},{"damage":0,"enemies":"2 Fungi Beasts","floor":12,"turns":2},{"damage":13,"enemies":"Red Slaver","floor":13,"turns":2},{"damage":41,"enemies":"Fading Forest","floor":16,"turns":11},{"damage":35,"enemies":"theJungle:GiantWrat","floor":18,"turns":5},{"damage":14,"enemies":"theJungle:5_Spyders","floor":20,"turns":6},{"damage":37,"enemies":"Snake Plant","floor":21,"turns":4},{"damage":6,"enemies":"theJungle:2_Phrogs","floor":23,"turns":5},{"damage":0,"enemies":"hubris:Merchant","floor":25,"turns":1},{"damage":41,"enemies":"theJungle:MamaSnecko","floor":28,"turns":6},{"damage":14,"enemies":"theJungle:2_Flameangoes","floor":29,"turns":2}],"seed_played":"-1219600127760526148","potions_obtained":[{"floor":1,"key":"EntropicBrew"},{"floor":21,"key":"EntropicBrew"},{"floor":23,"key":"EntropicBrew"},{"floor":28,"key":"EntropicBrew"}],"is_trial":false,"path_per_floor":["M","?","?","$","M","R","?","R","T","M","E","M","M","?","R","B",null,"M","?","M","M","?","E","?","$","T","?","E","M"],"character_chosen":"IRONCLAD","items_purchased":["Flex","Cleave","BargainBundle","Deep Breath","jedi:mysterypotion","Energy Potion","Venom Potion","SkillPotion","jedi:ominousloannote","vexMod:Cooldron","trackpad:HandOfMidas","halation:Thesaurus","Thunderclap","Replay:Bandana","ExplosiveVial"],"campfire_rested":1,"item_purchase_floors":[0,0,0,0,0,0,0,0,0,0,0,0,0,25,25],"current_hp_per_floor":[44,44,44,44,50,50,50,50,50,56,23,45,38,38,62,37,80,51,51,43,12,23,23,43,49,49,49,14,0,0],"gold":165,"neow_bonus":"","is_daily":false,"chose_seed":false,"campfire_upgraded":2,"win_rate":0.0,"timestamp":1609639162,"path_taken":["M","?","?","$","?","R","?","R","T","?","E","?","M","?","R","BOSS","M","?","?","M","?","E","?","$","T","?","E","?"],"items_purchased_type":["Card","Card","Relic","Card","Potion","Potion","Potion","Potion","Relic","Relic","Relic","Relic","Card","Relic","Relic"],"build_version":"2020-12-22","purchased_purges":0,"victory":false,"max_hp_per_floor":[80,80,80,80,80,80,80,80,80,80,80,80,80,80,80,80,80,80,80,80,80,80,80,100,100,100,100,100,100,100],"relic_stats":{"Happy Flower":[2],"counters":[15,57],"Medical Kit":[2],"obtain_stats":[{"BargainBundle":0,"trackpad:HandOfMidas":0,"Happy Flower":26,"vexMod:ScavengeHelm":23,"ReplayTheSpireMod:Ring of Sloth":2,"trackpad:PetRock":11,"Ring of Chaos":17,"halation:Thesaurus":0,"Medical Kit":0,"Burning Blood":0,"vexMod:Cooldron":0,"Replay:Bandana":25,"Matryoshka":28,"trackpad:FieryHotPepper":0,"jedi:ominousloannote":0,"halation:SimulatedSpire":0,"ExplosiveVial":25,"Another Sword":0,"theJungle:BirthdayCake":24,"Ring of Panic":2,"ReplayTheSpireMod:DimensionalGlitch":0,"Mirror":9,"ReplayTheSpireMod:ShopPack":0},{"BargainBundle":1,"trackpad:HandOfMidas":1,"Happy Flower":13,"vexMod:ScavengeHelm":12,"ReplayTheSpireMod:Ring of Sloth":2,"trackpad:PetRock":5,"Ring of Chaos":8,"halation:Thesaurus":1,"Medical Kit":1,"Burning Blood":0,"vexMod:Cooldron":1,"Replay:Bandana":12,"Matryoshka":14,"trackpad:FieryHotPepper":1,"jedi:ominousloannote":1,"halation:SimulatedSpire":1,"ExplosiveVial":12,"Another Sword":1,"theJungle:BirthdayCake":12,"Ring of Panic":2,"ReplayTheSpireMod:DimensionalGlitch":1,"Mirror":3,"ReplayTheSpireMod:ShopPack":1},{"BargainBundle":5,"trackpad:HandOfMidas":5,"Happy Flower":50,"vexMod:ScavengeHelm":49,"ReplayTheSpireMod:Ring of Sloth":7,"trackpad:PetRock":15,"Ring of Chaos":30,"halation:Thesaurus":5,"Medical Kit":5,"Burning Blood":0,"vexMod:Cooldron":5,"Replay:Bandana":49,"Matryoshka":55,"trackpad:FieryHotPepper":5,"jedi:ominousloannote":5,"halation:SimulatedSpire":5,"ExplosiveVial":49,"Another Sword":5,"theJungle:BirthdayCake":49,"Ring of Panic":7,"ReplayTheSpireMod:DimensionalGlitch":5,"Mirror":9,"ReplayTheSpireMod:ShopPack":5}],"Burning Blood":78},"card_choices":[{"not_picked":["jedi:collectorstrike","Sentinel"],"picked":"Pommel Strike","floor":1},{"not_picked":["Feel No Pain","jedi:suffering","jedi:fear"],"picked":"SKIP","floor":5},{"not_picked":["Invigoration","Armaments"],"picked":"Twin Strike","floor":10},{"not_picked":["conspire:Charge","Metallicize"],"picked":"Thunderclap","floor":11},{"not_picked":["Headbutt","Havoc","Run Through"],"picked":"SKIP","floor":12},{"not_picked":["Anger","Whirlwind"],"picked":"Twin Strike","floor":13},{"not_picked":["Exhume","Barricade"],"picked":"Demon Form","floor":16},{"not_picked":["Warcry","Dropkick+1"],"picked":"ReplayTheSpireMod:Muscle Training","floor":18},{"not_picked":["Shockwave","jedi:fear"],"picked":"Perfected Strike","floor":20},{"not_picked":["Thunderclap","ReplayTheSpireMod:Strike From Hell"],"picked":"Cleave","floor":21},{"not_picked":["Feel No Pain","Flex+1"],"picked":"hubris:SharpeningStone+1","floor":23},{"not_picked":["Clothesline","Shrug It Off"],"picked":"Entrench","floor":28}],"player_experience":22785,"relics_obtained":[{"floor":2,"key":"Ring of Panic"},{"floor":2,"key":"ReplayTheSpireMod:Ring of Sloth"},{"floor":9,"key":"Mirror"},{"floor":11,"key":"trackpad:PetRock"},{"floor":23,"key":"vexMod:ScavengeHelm"},{"floor":26,"key":"Happy Flower"},{"floor":28,"key":"Matryoshka"}],"event_choices":[{"cards_removed":["Looming Evil"],"damage_healed":0,"gold_gain":0,"player_choice":"Card Removal","damage_taken":0,"max_hp_gain":0,"max_hp_loss":0,"event_name":"The Cleric","floor":3,"gold_loss":50},{"damage_healed":0,"gold_gain":1,"player_choice":"1","damage_taken":0,"max_hp_gain":0,"max_hp_loss":0,"event_name":"betterStone:BetterStone","floor":7,"gold_loss":0},{"damage_healed":0,"gold_gain":71,"player_choice":"Gained Gold","damage_taken":0,"max_hp_gain":0,"max_hp_loss":0,"event_name":"Golden Wing","floor":14,"gold_loss":0},{"damage_healed":0,"gold_gain":0,"player_choice":"Upgraded","damage_taken":0,"max_hp_gain":0,"max_hp_loss":0,"event_name":"Upgrade Shrine","floor":19,"gold_loss":0,"cards_upgraded":["ReplayTheSpireMod:Muscle Training"]},{"damage_healed":0,"gold_gain":0,"player_choice":"Invest 2","damage_taken":0,"max_hp_gain":0,"max_hp_loss":0,"event_name":"conspire:Investor","floor":27,"gold_loss":0}],"is_beta":false,"boss_relics":[{"not_picked":["energizedSpire:DecayingSkull","halation:SmartPhone"],"picked":"Ring of Chaos"}],"items_purged_floors":[],"is_endless":false,"potions_floor_spawned":[1,5,10,21,23,28],"killed_by":"theJungle:2_Flameangoes","ascension_level":1}}