{"host":"1u4zr9vl8my47i07","time":1609711634,"event":{"mods":["AchievementEnabler","BaseMod","DeckTracker","Highlight Path","Keyboard Shortcuts","Minty Spire (QoL Compilation)","Relic Stats","StSLib","SuperFastMode","The Animator","Uncapped","Waifu the Spire","everything is the same but u backflip on backflip"],"gold_per_floor":[111,186,186,204,49,49,49,80,80,80,80,100,136,149,149,149,149],"floor_reached":16,"playtime":404,"items_purged":["Strike_R"],"score":184,"play_id":"e5fc2be6-e85a-4af9-ba4f-2efccd19c48d","local_time":"20210104070714","is_ascension_mode":true,"campfire_choices":[{"data":"Armaments","floor":6.0,"key":"SMITH"},{"data":"Immolate","floor":11.0,"key":"SMITH"},{"data":"Impervious","floor":15,"key":"SMITH"}],"circlet_count":0,"master_deck":["AscendersBane","Strike_R","Strike_R","Strike_R","Defend_R","Defend_R","Defend_R","Defend_R","Bash","Pommel Strike","Armaments+1","Impervious+1","Immolate+1","Disarm","Headbutt"],"relics":["Burning Blood","Golden Idol","Omamori","Blue Candle","InkBottle","Gremlin Horn"],"acts_visited":["Exordium"],"potions_floor_usage":[13,16],"damage_taken":[{"damage":8.0,"enemies":"2 Louse","floor":1.0,"turns":3.0},{"damage":0.0,"enemies":"Small Slimes","floor":4.0,"turns":3.0},{"damage":46.0,"enemies":"Gremlin Nob","floor":8.0,"turns":5.0},{"damage":7,"enemies":"Jaw Worm","floor":12,"turns":2},{"damage":24,"enemies":"3 Sentries","floor":13,"turns":8},{"damage":0,"enemies":"2 Fungi Beasts","floor":14,"turns":1},{"damage":12,"enemies":"The Guardian","floor":16,"turns":7}],"seed_played":"-4941693008966688089","potions_obtained":[{"floor":8.0,"key":"BloodPotion"},{"floor":13,"key":"DuplicationPotion"}],"is_trial":false,"path_per_floor":["M","?","?","M","$","R","?","E","T","?","R","M","E","M","R","B"],"character_chosen":"IRONCLAD","items_purchased":["Impervious"],"campfire_rested":0,"item_purchase_floors":[5],"current_hp_per_floor":[66,55,55,61,61,61,54,14,14,31,31,30,25,31,31,19,19],"gold":149,"neow_bonus":"REMOVE_CARD","is_daily":false,"chose_seed":false,"campfire_upgraded":3,"win_rate":0.0,"timestamp":1609711634,"path_taken":["M","?","?","M","$","R","?","E","T","?","R","?","E","M","R","BOSS"],"items_purchased_type":["Card"],"build_version":"2020-12-22","purchased_purges":1,"victory":false,"max_hp_per_floor":[75,75,69,69,69,69,69,69,69,69,69,69,69,69,69,69,69],"relic_stats":{"Gremlin Horn":[0,0],"counters":[7,29],"Golden Idol":24,"Blue Candle":[0],"obtain_stats":[{"Gremlin Horn":13,"Golden Idol":3,"Blue Candle":8,"Omamori":7,"Burning Blood":0,"InkBottle":9},{"Gremlin Horn":5,"Golden Idol":1,"Blue Candle":3,"Omamori":2,"Burning Blood":0,"InkBottle":3},{"Gremlin Horn":21,"Golden Idol":3,"Blue Candle":11,"Omamori":6,"Burning Blood":0,"InkBottle":11}],"Burning Blood":36,"InkBottle":[4]},"card_choices":[{"not_picked":["Feel No Pain","Warcry"],"picked":"Pommel Strike","floor":1.0},{"not_picked":["Heavy Blade","Warcry"],"picked":"Armaments","floor":4.0},{"not_picked":["Disarm","Clothesline"],"picked":"Immolate","floor":8.0},{"not_picked":["Pommel Strike","Armaments"],"picked":"Disarm","floor":12},{"not_picked":["Flex","Corruption"],"picked":"Headbutt","floor":13},{"not_picked":["Warcry","Rampage","Pommel Strike"],"picked":"SKIP","floor":14}],"player_experience":262275,"relics_obtained":[{"floor":8.0,"key":"Blue Candle"},{"floor":9.0,"key":"InkBottle"},{"floor":13,"key":"Gremlin Horn"}],"event_choices":[{"damage_healed":0.0,"max_hp_gain":0.0,"max_hp_loss":0.0,"gold_gain":75.0,"event_name":"World of Goop","player_choice":"Gather Gold","floor":2.0,"gold_loss":0.0,"damage_taken":11.0},{"damage_healed":0.0,"max_hp_gain":0.0,"max_hp_loss":6.0,"gold_gain":0.0,"event_name":"Golden Idol","player_choice":"Lose Max HP","floor":3.0,"gold_loss":0.0,"damage_taken":0.0,"relics_obtained":["Golden Idol"]},{"damage_healed":0.0,"max_hp_gain":0.0,"max_hp_loss":0.0,"gold_gain":0.0,"event_name":"Scrap Ooze","player_choice":"Success","floor":7.0,"gold_loss":0.0,"damage_taken":7.0,"relics_obtained":["Omamori"]},{"damage_healed":17.0,"max_hp_gain":0.0,"max_hp_loss":0.0,"gold_gain":0.0,"event_name":"Mushrooms","player_choice":"Healed and dodged fight","floor":10.0,"gold_loss":0.0,"damage_taken":0.0,"cards_obtained":["Parasite"]}],"is_beta":false,"boss_relics":[],"items_purged_floors":[5],"is_endless":false,"potions_floor_spawned":[8,13],"killed_by":"The Guardian","ascension_level":14}}