{"host":"6dypmz777xraikqf","time":1609649613,"event":{"mods":["AchievementEnabler","BaseMod","BetterRewards","Colored Map","Colored Powertips","Downfall","Highlight Path","Hubris","Infinite Spire","Minty Spire (QoL Compilation)","Replay The Spire","StSLib"],"gold_per_floor":[117,134,75,85,95,95,45,45,114,114,130,143,143,143,143,245,245,227,243,254,254,254,254],"floor_reached":22,"playtime":885,"items_purged":["Strike_R"],"score":231,"play_id":"d55da63f-632b-4a06-ae82-a1befb636fab","local_time":"20210103045333","is_ascension_mode":true,"campfire_choices":[{"data":"Rampage","floor":6,"key":"SMITH"},{"data":"Armaments","floor":8,"key":"SMITH"},{"data":"Bash","floor":13,"key":"SMITH"},{"data":"Searing Blow","floor":15,"key":"SMITH"}],"circlet_count":0,"master_deck":["Strike_R","Strike_R","Defend_R","Defend_R","Defend_R","Defend_R","Bash+1","Searing Blow+1","Armaments+1","Rampage+1","ReplayTheSpireMod:Stacked","Headbutt","Replay:Fractal Strike"],"relics":["Burning Blood","Sundial","Question Card","Busted Crown","InkBottle"],"acts_visited":["Exordium","TheCity"],"potions_floor_usage":[16,18],"damage_taken":[{"damage":14,"enemies":"Jaw Worm","floor":1,"turns":5},{"damage":1,"enemies":"Cultist","floor":2,"turns":3},{"damage":16,"enemies":"infinitespire:Voidling","floor":4,"turns":5},{"damage":6,"enemies":"Blue Slaver","floor":5,"turns":4},{"damage":14,"enemies":"Lots of Slimes","floor":11,"turns":5},{"damage":9,"enemies":"3 Louse","floor":12,"turns":3},{"damage":26,"enemies":"Hexaghost","floor":16,"turns":8},{"damage":18,"enemies":"2 Thieves","floor":18,"turns":4},{"damage":10,"enemies":"3 Byrds","floor":19,"turns":8},{"damage":29,"enemies":"Snecko","floor":20,"turns":6},{"damage":34,"enemies":"Snake Plant","floor":22,"turns":3}],"seed_played":"4191721068061615956","potions_obtained":[{"floor":2,"key":"Swift Potion"},{"floor":5,"key":"BlessingOfTheForge"},{"floor":12,"key":"SteroidPotion"},{"floor":16,"key":"SteroidPotion"}],"is_trial":false,"path_per_floor":["M","M","?","M","M","R","?","R","T","?","M","M","R","?","R","B",null,"M","M","M","AVR","M"],"character_chosen":"IRONCLAD","items_purchased":[],"campfire_rested":0,"item_purchase_floors":[],"current_hp_per_floor":[64,69,69,71,71,71,71,71,71,71,63,60,60,52,52,32,68,56,52,29,29,0,0],"gold":254,"neow_bonus":"","is_daily":false,"chose_seed":false,"campfire_upgraded":4,"win_rate":0.0,"timestamp":1609649613,"path_taken":["M","M","?","?","M","R","?","R","T","?","?","M","R","?","R","BOSS","M","?","M","AVR","M"],"items_purchased_type":[],"build_version":"2020-12-22","purchased_purges":1,"victory":false,"max_hp_per_floor":[80,80,80,80,80,80,80,80,80,80,80,80,80,80,80,80,80,80,80,80,80,80,80],"card_choices":[{"not_picked":["Dark Embrace","Run Through"],"picked":"Searing Blow","floor":1},{"not_picked":["Havoc","Massacre"],"picked":"Armaments","floor":2},{"not_picked":["Entrench","Cleave"],"picked":"Rampage","floor":4},{"not_picked":["Flex","Clash"],"picked":"ReplayTheSpireMod:Stacked","floor":5},{"not_picked":["Bloodletting","Defy Death","Body Slam"],"picked":"Headbutt","floor":11},{"not_picked":["Defy Death","Second Wind","Exhume","Sentinel"],"picked":"SKIP","floor":12},{"not_picked":["Combust","Run Through"],"picked":"SKIP","floor":18},{"not_picked":["Sever Soul","Warcry"],"picked":"SKIP","floor":19},{"not_picked":["Replay:Undeath\u0027s Touch","ReplayTheSpireMod:Strike From Hell+1"],"picked":"SKIP","floor":20}],"player_experience":82282,"relics_obtained":[{"floor":9,"key":"Question Card"}],"event_choices":[{"damage_healed":0,"gold_gain":0,"player_choice":"Paid Gold","damage_taken":0,"relics_obtained":["Sundial"],"max_hp_gain":0,"max_hp_loss":0,"event_name":"WeMeetAgain","floor":3,"gold_loss":59},{"cards_removed":["Strike_R"],"damage_healed":0,"gold_gain":0,"player_choice":"Card Removal","damage_taken":0,"max_hp_gain":0,"max_hp_loss":0,"event_name":"The Cleric","floor":7,"gold_loss":50},{"cards_removed":["Strike_R"],"damage_healed":0,"gold_gain":0,"player_choice":"Purged","damage_taken":0,"max_hp_gain":0,"max_hp_loss":0,"event_name":"Purifier","floor":10,"gold_loss":0},{"damage_healed":0,"gold_gain":0,"player_choice":"Damaged","damage_taken":8,"max_hp_gain":0,"max_hp_loss":0,"event_name":"Wheel of Change","floor":14,"gold_loss":0}],"is_beta":false,"boss_relics":[{"not_picked":["Replay:Bronze Core","Fusion Hammer"],"picked":"Busted Crown"}],"items_purged_floors":[21],"is_endless":false,"potions_floor_spawned":[2,5,12,16],"killed_by":"Snake Plant","ascension_level":6}}