{"host":"w3q5ijqu8eoknil3","time":1609651781,"event":{"mods":["AchievementEnabler","BaseMod","Block Reminder","Colored Powertips","Minty Spire (QoL Compilation)","Quick Restart","Relic Stats","ojb\u0027s Better Paths Mod","ojb\u0027s Info Mod","slay the spire mod where everything is the same but ironclad has a cowboy hat"],"gold_per_floor":[119,119,137,137,137,137,149,2,2,37,52,127,127,127,127],"floor_reached":14,"playtime":426,"items_purged":[],"score":154,"play_id":"7ad4a4dd-f8a2-4879-b56c-1208e7f55e9e","local_time":"20210103052941","is_ascension_mode":true,"campfire_choices":[{"data":"Poisoned Stab","floor":6,"key":"SMITH"},{"data":"Sucker Punch","floor":13,"key":"SMITH"}],"circlet_count":0,"master_deck":["AscendersBane","Strike_G","Strike_G","Strike_G","Strike_G","Strike_G","Defend_G","Defend_G","Defend_G","Defend_G","Defend_G","Survivor","Neutralize","Sucker Punch+1","Poisoned Stab+1","Normality","Acrobatics","Pain","PiercingWail","Crippling Poison"],"relics":["Cursed Key","Darkstone Periapt","Membership Card","Mercury Hourglass","MealTicket"],"acts_visited":["Exordium"],"potions_floor_usage":[14,14],"damage_taken":[{"damage":4,"enemies":"Small Slimes","floor":1,"turns":5},{"damage":6,"enemies":"Jaw Worm","floor":3,"turns":4},{"damage":0,"enemies":"Cultist","floor":7,"turns":3},{"damage":29,"enemies":"3 Sentries","floor":10,"turns":8},{"damage":3,"enemies":"Lots of Slimes","floor":11,"turns":3},{"damage":20,"enemies":"Lagavulin","floor":14,"turns":7}],"seed_played":"3550611951481293769","potions_obtained":[{"floor":1,"key":"Dexterity Potion"},{"floor":10,"key":"Energy Potion"}],"is_trial":false,"path_per_floor":["M","?","M","?","T","R","M","$","T","E","M","?","R","E"],"character_chosen":"THE_SILENT","items_purchased":["Membership Card"],"campfire_rested":0,"item_purchase_floors":[8],"current_hp_per_floor":[55,55,49,49,49,49,49,49,55,26,23,12,12,0,0],"gold":127,"neow_bonus":"BOSS_RELIC","is_daily":false,"chose_seed":false,"campfire_upgraded":2,"win_rate":0.0,"timestamp":1609651781,"path_taken":["M","?","M","?","?","R","?","?","T","E","M","?","R","E"],"items_purchased_type":["Relic"],"build_version":"2020-12-22","purchased_purges":0,"victory":false,"max_hp_per_floor":[66,66,66,66,66,66,66,66,72,72,72,72,72,72,72],"relic_stats":{"Darkstone Periapt":6,"counters":[6,30],"MealTicket":0,"Cursed Key":2,"obtain_stats":[{"Darkstone Periapt":5,"MealTicket":10,"Membership Card":8,"Cursed Key":0,"Ring of the Snake":0,"Mercury Hourglass":9},{"Darkstone Periapt":2,"MealTicket":4,"Membership Card":3,"Cursed Key":0,"Ring of the Snake":0,"Mercury Hourglass":3},{"Darkstone Periapt":9,"MealTicket":20,"Membership Card":12,"Cursed Key":0,"Ring of the Snake":0,"Mercury Hourglass":12}],"Mercury Hourglass":[92]},"card_choices":[{"not_picked":["Distraction","Deflect"],"picked":"Sucker Punch","floor":1},{"not_picked":["Eviscerate","Outmaneuver"],"picked":"Poisoned Stab","floor":3},{"not_picked":["Backflip","Blade Dance"],"picked":"Acrobatics","floor":7},{"not_picked":["Accuracy","Sucker Punch"],"picked":"PiercingWail","floor":10},{"not_picked":["Setup","Outmaneuver"],"picked":"Crippling Poison","floor":11}],"player_experience":978467,"relics_obtained":[{"floor":5,"key":"Darkstone Periapt"},{"floor":9,"key":"Mercury Hourglass"},{"floor":10,"key":"MealTicket"}],"event_choices":[{"damage_healed":0,"gold_gain":0,"player_choice":"Leave","damage_taken":0,"max_hp_gain":0,"max_hp_loss":0,"event_name":"The Cleric","floor":2,"gold_loss":0},{"damage_healed":0,"gold_gain":0,"player_choice":"Ignored","damage_taken":0,"max_hp_gain":0,"max_hp_loss":0,"event_name":"Liars Game","floor":4,"gold_loss":0},{"damage_healed":0,"gold_gain":75,"player_choice":"Gather Gold","damage_taken":11,"max_hp_gain":0,"max_hp_loss":0,"event_name":"World of Goop","floor":12,"gold_loss":0}],"is_beta":false,"boss_relics":[],"items_purged_floors":[],"is_endless":false,"potions_floor_spawned":[1,10],"killed_by":"Lagavulin","ascension_level":15}}