{"host":"6bsan6hkua32tfq7","time":1609703969,"event":{"mods":["BaseMod","Better Third Choice","Colored Map","Highlight Path","Minty Spire (QoL Compilation)","StSLib"],"gold_per_floor":[114,114,114,135,135,179,179,193,193,226,276,316,337,360,360,455,455,475,475,475,475,140,140,178,178,178,203,237,237,256,276,276,369,369,382,715,731,744,744,744,744,744,771,771,282,312,326,346,346,346,346],"floor_reached":50,"playtime":1477,"items_purged":["Decay"],"score":1281,"play_id":"d55c1433-ae9c-43cf-a4a3-0e18c94db0e9","local_time":"20210103205929","is_ascension_mode":true,"campfire_choices":[{"data":"Eruption","floor":7,"key":"SMITH"},{"floor":15,"key":"REST"},{"data":"Vault","floor":23,"key":"SMITH"},{"data":"RitualDagger","floor":25,"key":"SMITH"},{"data":"WaveOfTheHand","floor":32,"key":"SMITH"},{"data":"LikeWater","floor":40,"key":"SMITH"},{"data":"Vigilance","floor":42,"key":"SMITH"},{"data":"ThirdEye","floor":44,"key":"SMITH"},{"floor":49,"key":"RECALL"}],"circlet_count":0,"master_deck":["AscendersBane","Eruption+1","Vigilance+1","BowlingBash","WaveOfTheHand+1","Consecrate+1","EmptyFist+1","LikeWater+1","Judgement+1","ThirdEye+1","Vault+1","RitualDagger+1","SignatureMove","FlyingSleeves","WindmillStrike","LikeWater+1","LessonLearned","InnerPeace","Sanctity","Sanctity+1"],"relics":["PureWater","Lizard Tail","Gremlin Horn","Orichalcum","Ancient Tea Set","StrikeDummy","Coffee Dripper","Whetstone","TheAbacus","Bag of Marbles","Pear","Lantern","Cursed Key","Oddly Smooth Stone","ClockworkSouvenir","Dream Catcher"],"acts_visited":["Exordium","TheCity","TheBeyond"],"potions_floor_usage":[6,10,16,16,31,33,50,50],"damage_taken":[{"damage":0.0,"enemies":"Cultist","floor":1.0,"turns":3.0},{"damage":0.0,"enemies":"2 Louse","floor":4.0,"turns":2.0},{"damage":18,"enemies":"3 Sentries","floor":6,"turns":5},{"damage":2,"enemies":"Jaw Worm","floor":8,"turns":2},{"damage":3,"enemies":"Gremlin Nob","floor":10,"turns":3},{"damage":7,"enemies":"3 Sentries","floor":12,"turns":7},{"damage":0,"enemies":"Lots of Slimes","floor":13,"turns":1},{"damage":2,"enemies":"2 Fungi Beasts","floor":14,"turns":3},{"damage":22,"enemies":"The Guardian","floor":16,"turns":12},{"damage":22,"enemies":"2 Thieves","floor":18,"turns":3},{"damage":54,"enemies":"Book of Stabbing","floor":24,"turns":8},{"damage":0,"enemies":"3 Byrds","floor":27,"turns":2},{"damage":0,"enemies":"Gremlin Leader","floor":28,"turns":4},{"damage":0,"enemies":"Centurion and Healer","floor":30,"turns":2},{"damage":0,"enemies":"Shelled Parasite and Fungi","floor":31,"turns":2},{"damage":0,"enemies":"Collector","floor":33,"turns":4},{"damage":2,"enemies":"Orb Walker","floor":35,"turns":4},{"damage":29,"enemies":"3 Shapes","floor":37,"turns":3},{"damage":2,"enemies":"3 Darklings","floor":38,"turns":4},{"damage":0,"enemies":"Reptomancer","floor":46,"turns":3},{"damage":0,"enemies":"Transient","floor":47,"turns":7},{"damage":0,"enemies":"Sphere and 2 Shapes","floor":48,"turns":4},{"damage":32,"enemies":"Donu and Deca","floor":50,"turns":9}],"seed_played":"-3757272709247027039","potions_obtained":[{"floor":1.0,"key":"AttackPotion"},{"floor":5,"key":"DistilledChaos"},{"floor":5,"key":"StancePotion"},{"floor":8,"key":"BottledMiracle"},{"floor":12,"key":"FearPotion"},{"floor":24,"key":"Dexterity Potion"},{"floor":27,"key":"CultistPotion"},{"floor":31,"key":"LiquidMemories"},{"floor":35,"key":"GamblersBrew"}],"is_trial":false,"path_per_floor":["M","?","?","M","?","E","R","M","T","E","?","E","M","M","R","B",null,"M","?","?","?","$","R","E","R","T","M","E","?","M","M","R","B",null,"M","?","M","M","?","R","?","R","T","R","$","E","M","M","R","B"],"character_chosen":"WATCHER","items_purchased":["Whetstone","TheAbacus","Oddly Smooth Stone","ClockworkSouvenir","Sanctity"],"campfire_rested":1,"item_purchase_floors":[22,22,45,45,45],"current_hp_per_floor":[43,43,43,43,43,25,25,23,23,20,20,13,13,11,29,7,48,26,26,20,20,20,20,1,1,11,11,11,11,11,11,11,11,57,55,55,26,24,24,24,24,24,24,24,24,24,24,24,24,0,0],"gold":346,"neow_bonus":"ONE_RARE_RELIC","is_daily":false,"chose_seed":false,"campfire_upgraded":7,"win_rate":0.0,"timestamp":1609703969,"path_taken":["M","?","?","M","?","E","R","?","T","E","?","E","M","M","R","BOSS","M","?","?","?","$","R","E","R","T","M","E","?","?","M","R","BOSS","M","?","M","M","?","R","?","R","T","R","$","E","M","?","R","BOSS"],"items_purchased_type":["Relic","Relic","Relic","Relic","Card"],"build_version":"2020-12-22","purchased_purges":1,"victory":false,"max_hp_per_floor":[68,62,62,62,62,62,62,62,62,62,62,62,62,62,62,62,62,62,62,62,62,62,62,62,62,72,72,72,72,72,72,72,72,72,72,72,72,72,72,72,72,72,72,72,72,72,72,72,72,72,72],"card_choices":[{"not_picked":["Adaptation","Consecrate"],"picked":"FlurryOfBlows","floor":1.0},{"not_picked":["EmptyBody","Protect"],"picked":"BowlingBash","floor":4},{"not_picked":["CrushJoints","Fasting2"],"picked":"WaveOfTheHand","floor":6},{"not_picked":["SashWhip","Evaluate"],"picked":"Consecrate","floor":8},{"not_picked":["Evaluate","Worship"],"picked":"EmptyFist","floor":10},{"not_picked":["Study","InnerPeace"],"picked":"LikeWater","floor":12},{"not_picked":["Consecrate","CarveReality"],"picked":"Judgement","floor":13},{"not_picked":["FollowUp","CrushJoints"],"picked":"ThirdEye","floor":14},{"not_picked":["Brilliance","Judgement"],"picked":"Vault","floor":16},{"not_picked":["JustLucky","Halt","Vengeance"],"picked":"SKIP","floor":18},{"not_picked":["EmptyFist","Swivel"],"picked":"SignatureMove","floor":24},{"not_picked":["CutThroughFate","Crescendo"],"picked":"FlyingSleeves","floor":27},{"not_picked":["Ragnarok","Halt","FearNoEvil"],"picked":"SKIP","floor":28},{"not_picked":["Evaluate","JustLucky"],"picked":"WindmillStrike","floor":30},{"not_picked":["EmptyMind+1","Crescendo"],"picked":"LikeWater","floor":31},{"not_picked":["SpiritShield","Judgement"],"picked":"LessonLearned","floor":33},{"not_picked":["SashWhip+1","BowlingBash"],"picked":"InnerPeace","floor":35},{"not_picked":["Evaluate","CrushJoints","ForeignInfluence+1"],"picked":"SKIP","floor":37},{"not_picked":["EmptyFist+1","JustLucky","WindmillStrike"],"picked":"SKIP","floor":38},{"not_picked":["WindmillStrike+1","BowlingBash","EmptyBody"],"picked":"SKIP","floor":46},{"not_picked":["Consecrate","Conclude","EmptyFist"],"picked":"SKIP","floor":47},{"not_picked":["EmptyMind","BowlingBash+1"],"picked":"Sanctity+1","floor":48}],"player_experience":5232886,"relics_obtained":[{"floor":6,"key":"Gremlin Horn"},{"floor":9,"key":"Orichalcum"},{"floor":10,"key":"Ancient Tea Set"},{"floor":12,"key":"StrikeDummy"},{"floor":24,"key":"Bag of Marbles"},{"floor":26,"key":"Pear"},{"floor":28,"key":"Lantern"},{"floor":46,"key":"Dream Catcher"}],"event_choices":[{"damage_healed":0.0,"max_hp_gain":0.0,"max_hp_loss":6.0,"gold_gain":0.0,"event_name":"Golden Idol","player_choice":"Lose Max HP","floor":2.0,"gold_loss":0.0,"damage_taken":0.0,"relics_obtained":["Golden Idol"]},{"cards_removed":["Defend_P"],"damage_healed":0.0,"max_hp_gain":0.0,"max_hp_loss":0.0,"gold_gain":0.0,"event_name":"Living Wall","player_choice":"Forget","floor":3.0,"gold_loss":0.0,"damage_taken":0.0},{"damage_healed":0,"gold_gain":0,"player_choice":"Got Potions","damage_taken":0,"max_hp_gain":0,"max_hp_loss":0,"event_name":"Lab","floor":5,"gold_loss":0},{"damage_healed":0,"gold_gain":50,"player_choice":"Pray","damage_taken":0,"max_hp_gain":0,"max_hp_loss":0,"event_name":"Golden Shrine","floor":11,"gold_loss":0},{"damage_healed":0,"gold_gain":0,"player_choice":"Materialism","damage_taken":0,"max_hp_gain":0,"max_hp_loss":7,"event_name":"betterThird:BetterWriting","floor":19,"gold_loss":0},{"damage_healed":0,"gold_gain":0,"player_choice":"Dagger","damage_taken":6,"max_hp_gain":0,"max_hp_loss":0,"event_name":"betterThird:BetterNest","floor":20,"gold_loss":0,"cards_obtained":["RitualDagger"]},{"damage_healed":0,"gold_gain":0,"player_choice":"Ignored","damage_taken":0,"max_hp_gain":0,"max_hp_loss":0,"event_name":"Vampires","floor":21,"gold_loss":0},{"cards_removed":["FlurryOfBlows"],"damage_healed":0,"gold_gain":0,"player_choice":"Purged","damage_taken":0,"max_hp_gain":0,"max_hp_loss":0,"event_name":"Purifier","floor":29,"gold_loss":0},{"damage_healed":0,"gold_gain":333,"player_choice":"Gave Idol","damage_taken":0,"max_hp_gain":0,"max_hp_loss":0,"event_name":"The Moai Head","floor":36,"relics_lost":["Golden Idol"],"gold_loss":0},{"damage_healed":0,"gold_gain":0,"player_choice":"Memory 1","damage_taken":0,"max_hp_gain":0,"max_hp_loss":0,"event_name":"SensoryStone","floor":39,"gold_loss":0},{"damage_healed":0,"gold_gain":0,"player_choice":"Forge","damage_taken":0,"max_hp_gain":0,"max_hp_loss":0,"event_name":"Accursed Blacksmith","floor":41,"gold_loss":0,"cards_upgraded":["LikeWater"]}],"is_beta":false,"boss_relics":[{"not_picked":["Pandora\u0027s Box","Empty Cage"],"picked":"Coffee Dripper"},{"not_picked":["Snecko Eye","Busted Crown"],"picked":"Cursed Key"}],"items_purged_floors":[45],"is_endless":false,"potions_floor_spawned":[1,8,12,14,24,27,30,31,35,38,47],"killed_by":"Donu and Deca","ascension_level":20}}