{"host":"ty2cix8xj6r3ad26","time":1609710334,"event":{"mods":["AchievementEnabler","BaseMod","BetterRewards","Minty Spire (QoL Compilation)","StSLib","SuperFastMode"],"gold_per_floor":[119,137,149,169,169,169,169,169],"floor_reached":7,"playtime":518,"items_purged":["Strike_G","Defend_G"],"score":58,"play_id":"73e78f3d-0295-4ffb-a66f-bdff99a60837","local_time":"20210103234534","is_ascension_mode":true,"campfire_choices":[{"floor":6,"key":"REST"}],"circlet_count":0,"master_deck":["Strike_G","Strike_G","Strike_G","Strike_G","Defend_G","Defend_G","Defend_G","Defend_G","Survivor","Neutralize","Leg Sweep","Noxious Fumes","Secret Technique","Cloak And Dagger","Backflip","Escape Plan","Wraith Form v2","Injury"],"relics":["Ring of the Snake","Calipers","Girya","Strange Spoon","Golden Idol"],"acts_visited":["Exordium"],"potions_floor_usage":[4],"damage_taken":[{"damage":0,"enemies":"Cultist","floor":1,"turns":4},{"damage":0,"enemies":"2 Louse","floor":2,"turns":4},{"damage":3,"enemies":"Small Slimes","floor":3,"turns":5},{"damage":8,"enemies":"2 Fungi Beasts","floor":4,"turns":6},{"damage":39,"enemies":"Gremlin Nob","floor":7,"turns":5}],"seed_played":"-7103604587524970230","potions_obtained":[{"floor":3,"key":"FearPotion"}],"is_trial":false,"path_per_floor":["M","M","M","M","?","R","E"],"character_chosen":"THE_SILENT","items_purchased":["Calipers","Leg Sweep","Noxious Fumes","Strange Spoon","Secret Technique","Cloak And Dagger"],"campfire_rested":1,"item_purchase_floors":[0,0,0,0,0,0],"current_hp_per_floor":[22,22,19,11,11,32,0,0],"gold":169,"neow_bonus":"","is_daily":false,"chose_seed":false,"campfire_upgraded":0,"win_rate":0.0,"timestamp":1609710334,"path_taken":["M","?","M","M","?","R","E"],"items_purchased_type":["Relic","Card","Card","Relic","Card","Card"],"build_version":"2020-12-22","purchased_purges":2,"victory":false,"max_hp_per_floor":[70,70,70,70,70,70,70,70],"card_choices":[{"not_picked":["Acrobatics","Slice"],"picked":"Backflip","floor":1},{"not_picked":["Sucker Punch","Underhanded Strike"],"picked":"Escape Plan","floor":2},{"not_picked":["Sucker Punch","Cloak And Dagger","Dodge and Roll"],"picked":"SKIP","floor":3},{"not_picked":["Deflect","Backflip"],"picked":"Wraith Form v2","floor":4}],"player_experience":406519,"relics_obtained":[],"event_choices":[{"damage_healed":0,"gold_gain":0,"player_choice":"Take Wound","damage_taken":0,"relics_obtained":["Golden Idol"],"max_hp_gain":0,"max_hp_loss":0,"event_name":"Golden Idol","floor":5,"gold_loss":0,"cards_obtained":["Injury"]}],"is_beta":false,"boss_relics":[],"items_purged_floors":[0,0],"is_endless":false,"potions_floor_spawned":[3],"killed_by":"Gremlin Nob","ascension_level":7}}