{"host":"rmsq46plbpwfbxcc","time":1609690303,"event":{"mods":["AchievementEnabler","BaseMod","Colored Map","Colored Powertips","DeckTracker","KOR Keyword Fix","Minty Spire (QoL Compilation)","Permanent Neow","Quick Restart","SuperFastMode"],"gold_per_floor":[114,130,53,65,84,84,100,130,130,161,261,287,287,303,303,405,405,416,366,383,0,10,10,27,27,27,58,58,8,41,61,61,160,160,176,0,18,0,0,0,18,32,58,89,99,127,150,176,176,176,176,176,3,32,32],"floor_reached":56,"playtime":2021,"items_purged":["Bullet Time","Bouncing Flask+1","Masterful Stab","Deflect","Finisher+1"],"score":1694,"play_id":"f6c27ac6-d142-4a3a-8b03-a03d1e706add","local_time":"20210104011143","is_ascension_mode":true,"campfire_choices":[{"data":"Terror","floor":6.0,"key":"SMITH"},{"data":"Blade Dance","floor":13.0,"key":"SMITH"},{"data":"Phantasmal Killer","floor":15.0,"key":"SMITH"},{"data":"Accuracy","floor":23.0,"key":"SMITH"},{"data":"Finisher","floor":25.0,"key":"SMITH"},{"data":"Blade Dance","floor":32,"key":"SMITH"},{"data":"Adrenaline","floor":40,"key":"SMITH"},{"floor":49,"key":"RECALL"},{"data":"Neutralize","floor":52,"key":"SMITH"}],"circlet_count":0,"master_deck":["Survivor","Neutralize+1","Adrenaline+1","PiercingWail","Acrobatics","Phantasmal Killer+1","PiercingWail","Accuracy+1","Dash","Terror+1","Blade Dance+1","Escape Plan","After Image+1","Bullet Time+1","Flash of Steel","Blade Dance+1","Expertise+1","Caltrops+1","Blur+1","Finisher+1","Choke+1"],"relics":["Pandora\u0027s Box","Omamori","Smiling Mask","Paper Crane","Akabeko","Astrolabe","Kunai","Molten Egg 2","HornCleat","The Courier","WristBlade","Bag of Preparation","Red Mask","Potion Belt","Oddly Smooth Stone","Bronze Scales","Blood Vial","Happy Flower","Torii"],"acts_visited":["Exordium","TheCity","TheBeyond","TheEnding"],"potions_floor_usage":[33,50,55,55,55],"damage_taken":[{"damage":0.0,"enemies":"Small Slimes","floor":1.0,"turns":2.0},{"damage":0.0,"enemies":"Jaw Worm","floor":2.0,"turns":3.0},{"damage":0.0,"enemies":"Cultist","floor":4.0,"turns":3.0},{"damage":0.0,"enemies":"Large Slime","floor":5.0,"turns":4.0},{"damage":0.0,"enemies":"Looter","floor":7.0,"turns":3.0},{"damage":0.0,"enemies":"Gremlin Nob","floor":10.0,"turns":3.0},{"damage":2.0,"enemies":"3 Sentries","floor":12.0,"turns":5.0},{"damage":0.0,"enemies":"Gremlin Gang","floor":14.0,"turns":3.0},{"damage":0.0,"enemies":"Slime Boss","floor":16.0,"turns":4.0},{"damage":8.0,"enemies":"3 Byrds","floor":18.0,"turns":3.0},{"damage":9.0,"enemies":"Spheric Guardian","floor":20.0,"turns":4.0},{"damage":0.0,"enemies":"Chosen and Byrds","floor":22.0,"turns":3.0},{"damage":0.0,"enemies":"Snake Plant","floor":24.0,"turns":3.0},{"damage":3.0,"enemies":"Book of Stabbing","floor":27.0,"turns":4.0},{"damage":0,"enemies":"Gremlin Leader","floor":30,"turns":3},{"damage":0,"enemies":"3 Cultists","floor":31,"turns":3},{"damage":0,"enemies":"Automaton","floor":33,"turns":5},{"damage":0,"enemies":"3 Shapes","floor":35,"turns":2},{"damage":3,"enemies":"3 Darklings","floor":37,"turns":3},{"damage":0,"enemies":"Sphere and 2 Shapes","floor":41,"turns":1},{"damage":0,"enemies":"Jaw Worm Horde","floor":42,"turns":2},{"damage":0,"enemies":"Giant Head","floor":44,"turns":2},{"damage":0,"enemies":"Transient","floor":45,"turns":5},{"damage":0,"enemies":"Reptomancer","floor":46,"turns":3},{"damage":6,"enemies":"Nemesis","floor":48,"turns":3},{"damage":14,"enemies":"Awakened One","floor":50,"turns":6},{"damage":0,"enemies":"Shield and Spear","floor":54,"turns":3},{"damage":26,"enemies":"The Heart","floor":55,"turns":7}],"seed_played":"-4638927211442420946","potions_obtained":[{"floor":1.0,"key":"Explosive Potion"},{"floor":2.0,"key":"Explosive Potion"},{"floor":4.0,"key":"Strength Potion"},{"floor":22.0,"key":"LiquidBronze"},{"floor":24.0,"key":"LiquidMemories"},{"floor":30,"key":"Block Potion"},{"floor":33,"key":"FairyPotion"},{"floor":35,"key":"Regen Potion"},{"floor":44,"key":"Ancient Potion"},{"floor":54,"key":"DistilledChaos"}],"is_trial":false,"path_per_floor":["M","M","$","M","M","R","M","?","T","E","?","E","R","M","R","B",null,"M","$","M","$","M","R","M","R","T","E","?","$","E","M","R","B",null,"M","$","M","?","?","R","M","M","T","E","M","E","T","E","R","B",null,"R","$","E","B",null],"character_chosen":"THE_SILENT","items_purchased":["Terror","Kunai","Flash of Steel","Bag of Preparation","Happy Flower"],"campfire_rested":0,"item_purchase_floors":[3,21,21,36,53],"current_hp_per_floor":[70,70,70,70,70,70,70,70,70,70,70,68,68,68,68,68,70,62,62,53,53,53,53,53,53,53,50,50,50,50,50,50,50,70,70,70,67,67,67,67,67,67,67,67,67,67,67,61,61,49,70,70,70,70,56],"gold":32,"neow_bonus":"BOSS_RELIC","is_daily":false,"chose_seed":false,"campfire_upgraded":8,"win_rate":0.0,"timestamp":1609690303,"path_taken":["M","M","$","M","M","R","M","?","T","E","?","E","R","?","R","BOSS","M","$","M","$","M","R","M","R","T","E","?","$","E","M","R","BOSS","M","$","M","?","?","R","M","M","T","E","?","E","?","E","R","BOSS","R","$","E","BOSS"],"items_purchased_type":["Card","Relic","Card","Relic","Relic"],"build_version":"2020-12-22","purchased_purges":5,"victory":true,"max_hp_per_floor":[70,70,70,70,70,70,70,70,70,70,70,70,70,70,70,70,70,70,70,70,70,70,70,70,70,70,70,70,70,70,70,70,70,70,70,70,70,70,70,70,70,70,70,70,70,70,70,70,70,70,70,70,70,70,70],"card_choices":[{"not_picked":["Deadly Poison","Endless Agony"],"picked":"Accuracy","floor":1.0},{"not_picked":["PiercingWail","Quick Slash"],"picked":"Dash","floor":2.0},{"not_picked":["Predator","Well Laid Plans"],"picked":"Blade Dance","floor":4.0},{"not_picked":["Dash","Dagger Throw"],"picked":"Escape Plan","floor":5.0},{"not_picked":["Backstab","Quick Slash","Masterful Stab"],"picked":"SKIP","floor":7.0},{"not_picked":["Deflect","Reflex"],"picked":"Finisher","floor":10.0},{"not_picked":["Deadly Poison","Underhanded Strike","Caltrops"],"picked":"SKIP","floor":12.0},{"not_picked":["Predator","Dash","Bane"],"picked":"SKIP","floor":14.0},{"not_picked":["Corpse Explosion","Venomology"],"picked":"Bullet Time","floor":16.0},{"not_picked":["Deadly Poison","Underhanded Strike+1","Slice"],"picked":"SKIP","floor":18.0},{"not_picked":["Acrobatics","Outmaneuver+1","Blade Dance"],"picked":"SKIP","floor":20.0},{"not_picked":["Deadly Poison","Deflect","Outmaneuver"],"picked":"SKIP","floor":22.0},{"not_picked":["Terror","Sucker Punch","PiercingWail"],"picked":"SKIP","floor":24.0},{"not_picked":["Deflect","Poisoned Stab+1"],"picked":"Blade Dance","floor":27.0},{"not_picked":["Outmaneuver","Wraith Form v2"],"picked":"Expertise+1","floor":30},{"not_picked":["Predator+1","Sucker Punch+1","Eviscerate+1"],"picked":"SKIP","floor":31},{"not_picked":["Underhanded Strike+1","Deflect+1","Bouncing Flask"],"picked":"SKIP","floor":35},{"not_picked":["All Out Attack+1","Terror+1","Poisoned Stab+1"],"picked":"SKIP","floor":37},{"not_picked":["Underhanded Strike+1","Dagger Throw+1","Setup"],"picked":"SKIP","floor":41},{"not_picked":["Acrobatics+1","Escape Plan"],"picked":"Caltrops+1","floor":42},{"not_picked":["Quick Slash+1","Cloak And Dagger+1"],"picked":"Blur+1","floor":44},{"not_picked":["Outmaneuver","Flying Knee+1"],"picked":"Finisher+1","floor":45},{"not_picked":["Quick Slash+1","Slice+1","Infinite Blades+1"],"picked":"SKIP","floor":46},{"not_picked":["Reflex+1","Eviscerate+1"],"picked":"Choke+1","floor":48},{"not_picked":["Acrobatics","Eviscerate+1","Dagger Throw+1"],"picked":"SKIP","floor":54}],"player_experience":636792,"relics_obtained":[{"floor":9.0,"key":"Smiling Mask"},{"floor":10.0,"key":"Paper Crane"},{"floor":12.0,"key":"Akabeko"},{"floor":26.0,"key":"Molten Egg 2"},{"floor":27.0,"key":"HornCleat"},{"floor":30,"key":"The Courier"},{"floor":44,"key":"Potion Belt"},{"floor":46,"key":"Oddly Smooth Stone"},{"floor":47,"key":"Bronze Scales"},{"floor":48,"key":"Blood Vial"},{"floor":54,"key":"Torii"}],"event_choices":[{"damage_healed":0.0,"max_hp_gain":0.0,"max_hp_loss":0.0,"gold_gain":30.0,"event_name":"Dead Adventurer","player_choice":"Searched \u00272\u0027 times","floor":8.0,"gold_loss":0.0,"damage_taken":0.0,"relics_obtained":["Omamori"]},{"damage_healed":0.0,"max_hp_gain":0.0,"max_hp_loss":0.0,"gold_gain":100.0,"event_name":"Wheel of Change","player_choice":"Gold","floor":11.0,"gold_loss":0.0,"damage_taken":0.0},{"damage_healed":0.0,"max_hp_gain":0.0,"max_hp_loss":0.0,"gold_gain":0.0,"event_name":"Ghosts","player_choice":"Ignored","floor":28.0,"gold_loss":0.0,"damage_taken":0.0},{"damage_healed":0,"gold_gain":0,"player_choice":"Paid","damage_taken":0,"relics_obtained":["Red Mask"],"max_hp_gain":0,"max_hp_loss":0,"event_name":"Tomb of Lord Red Mask","floor":38,"gold_loss":18},{"damage_healed":0,"gold_gain":0,"player_choice":"0 cards matched","damage_taken":0,"max_hp_gain":0,"max_hp_loss":0,"event_name":"Match and Keep!","floor":39,"gold_loss":0,"cards_obtained":[]}],"is_beta":false,"boss_relics":[{"not_picked":["Runic Dome","Philosopher\u0027s Stone"],"picked":"Astrolabe"},{"not_picked":["Calling Bell","HoveringKite"],"picked":"WristBlade"}],"items_purged_floors":[19,21,29,36,53],"is_endless":false,"potions_floor_spawned":[1,2,4,22,24,30,31,33,35,44,54],"ascension_level":3}}