{"host":"eemx8njkng76fu5x","time":1609702788,"event":{"mods":["2.2 Compatiblity","BaseMod","Downfall","Minty Spire (QoL Compilation)","Permanent Neow","StSLib","Unceasing Turn Reminder","Unknown Chances"],"gold_per_floor":[99,116,126,145,295,295,377,377,377,377],"floor_reached":8,"playtime":232,"items_purged":[],"score":78,"play_id":"885828a3-4d34-4c5d-b2d4-def439496ddf","local_time":"20210104033948","is_ascension_mode":true,"campfire_choices":[{"data":"champ:Taunt","floor":1,"key":"SMITH"}],"circlet_count":0,"master_deck":["AscendersBane","champ:Strike","champ:Strike","champ:Strike","champ:Strike","champ:Defend","champ:Defend","champ:Defend","champ:Defend","champ:Execute","champ:Taunt+1","expansioncontent:HyperBeam","champ:Encircle","Slimebound:Icky"],"relics":["champ:ChampionCrown","Meat on the Bone","Gremlin Horn"],"acts_visited":["Exordium"],"potions_floor_usage":[],"damage_taken":[{"damage":10,"enemies":"Cultist","floor":2,"turns":4},{"damage":19,"enemies":"Jaw Worm","floor":3,"turns":5},{"damage":10,"enemies":"2 Louse","floor":4,"turns":2},{"damage":5,"enemies":"Lagavulin","floor":8,"turns":4}],"seed_played":"4402417323419190979","potions_obtained":[],"is_trial":false,"path_per_floor":["R","M","M","M","?","?","T","E"],"character_chosen":"THE_CHAMP","items_purchased":[],"campfire_rested":0,"item_purchase_floors":[],"current_hp_per_floor":[73,73,64,58,58,46,46,46,46,46],"gold":377,"neow_bonus":"RANDOM_COLORLESS","is_daily":false,"chose_seed":false,"campfire_upgraded":1,"win_rate":0.0,"timestamp":1609702788,"path_taken":["R","M","?","M","?","?","T","E"],"items_purchased_type":[],"build_version":"2020-12-22","purchased_purges":0,"victory":false,"max_hp_per_floor":[81,81,81,81,81,81,81,81,81,81],"card_choices":[{"not_picked":["Swift Strike","Jack Of All Trades"],"picked":"expansioncontent:HyperBeam","floor":0},{"not_picked":["champ:FaceSlap","champ:BladeFlurry","champ:DefensiveShout"],"picked":"SKIP","floor":2},{"not_picked":["champ:GutPunch","champ:BladeFlurry"],"picked":"champ:Encircle","floor":3},{"not_picked":["champ:Backstep","champ:CrookedStrike","champ:BerserkersShout"],"picked":"SKIP","floor":4}],"player_experience":444273,"relics_obtained":[{"floor":7,"key":"Gremlin Horn"}],"event_choices":[{"damage_healed":0,"gold_gain":0,"player_choice":"Success","damage_taken":12,"relics_obtained":["Meat on the Bone"],"max_hp_gain":0,"max_hp_loss":0,"event_name":"Scrap Ooze","floor":6,"gold_loss":0}],"is_beta":false,"boss_relics":[],"items_purged_floors":[],"is_endless":false,"potions_floor_spawned":[],"killed_by":"Lagavulin","ascension_level":14}}