{"host":"b7j598ve05halrwk","time":1609655136,"event":{"mods":["2.2 Compatiblity","BaseMod","Block Reminder","DeckTracker","Minty Spire (QoL Compilation)","Relic Stats","Slay the Relics Exporter","StSLib","ojb\u0027s Info Mod"],"gold_per_floor":[112,262,25,25,25,51,51,84,111,438,438,438,438,80,80,158,158,170,170,182,201,32,58,5,37,37,37,66,66,85,95,95,95,95],"floor_reached":33,"playtime":1669,"items_purged":["Doubt"],"score":734,"play_id":"6d9b9446-56c3-4488-8e98-f5242a8cdf1a","local_time":"20210103012536","is_ascension_mode":true,"campfire_choices":[{"data":"Melter","floor":7.0,"key":"SMITH"},{"data":"Static Discharge","floor":11.0,"key":"SMITH"},{"data":"Go for the Eyes","floor":13.0,"key":"SMITH"},{"data":"Zap","floor":15.0,"key":"SMITH"},{"floor":32,"key":"REST"}],"circlet_count":0,"master_deck":["AscendersBane","Strike_B","Strike_B","Strike_B","Strike_B","Defend_B","Defend_B+1","Defend_B","Defend_B","Zap+1","Dualcast","Go for the Eyes+1","Sunder+1","Melter+1","FTL","Steam","Static Discharge+1","Leap","Biased Cognition+1","Hologram","Cold Snap","Stack+1","Coolheaded","Cold Snap","Genetic Algorithm","Shame","Genetic Algorithm","Necronomicurse","Undo"],"relics":["Cracked Core","NeowsBlessing","Eternal Feather","Akabeko","Vajra","Pen Nib","Old Coin","MealTicket","ClockworkSouvenir","Bag of Preparation","Velvet Choker","Membership Card","Blood Vial","Letter Opener","Incense Burner","Boot","Oddly Smooth Stone","Necronomicon"],"acts_visited":["Exordium","TheCity"],"potions_floor_usage":[33],"damage_taken":[{"damage":0.0,"enemies":"2 Louse","floor":1.0,"turns":1.0},{"damage":0.0,"enemies":"Lagavulin","floor":6.0,"turns":1.0},{"damage":0.0,"enemies":"3 Sentries","floor":8.0,"turns":1.0},{"damage":10.0,"enemies":"Gremlin Nob","floor":10.0,"turns":3.0},{"damage":20.0,"enemies":"The Guardian","floor":16.0,"turns":10.0},{"damage":12.0,"enemies":"2 Thieves","floor":18.0,"turns":3.0},{"damage":10.0,"enemies":"Shell Parasite","floor":20.0,"turns":3.0},{"damage":6.0,"enemies":"Snake Plant","floor":21.0,"turns":3.0},{"damage":6.0,"enemies":"Gremlin Leader","floor":23.0,"turns":7.0},{"damage":5.0,"enemies":"Book of Stabbing","floor":25.0,"turns":4.0},{"damage":7,"enemies":"Slavers","floor":28,"turns":4},{"damage":6,"enemies":"Snecko","floor":30,"turns":4},{"damage":19,"enemies":"Shelled Parasite and Fungi","floor":31,"turns":4},{"damage":58,"enemies":"Collector","floor":33,"turns":8}],"seed_played":"5377630390872824590","potions_obtained":[{"floor":6.0,"key":"EssenceOfSteel"},{"floor":16.0,"key":"SkillPotion"},{"floor":20.0,"key":"Swift Potion"},{"floor":23.0,"key":"Fire Potion"},{"floor":30,"key":"Energy Potion"}],"is_trial":false,"path_per_floor":["M","?","$","?","T","E","R","E","T","E","R","?","R","$","R","B",null,"M","?","M","M","$","E","$","E","T","?","E","?","M","M","R","B"],"character_chosen":"DEFECT","items_purchased":["Sunder","Melter","ClockworkSouvenir","Bag of Preparation","Leap","Membership Card","Cold Snap","Genetic Algorithm"],"campfire_rested":1,"item_purchase_floors":[3,3,14,14,14,22,24,24],"current_hp_per_floor":[64,64,64,43,43,43,52,52,52,42,51,6,15,30,39,19,58,46,46,36,30,45,39,54,51,51,51,46,25,21,4,40,0,0],"gold":95,"neow_bonus":"THREE_ENEMY_KILL","is_daily":false,"chose_seed":false,"campfire_upgraded":4,"win_rate":0.0,"timestamp":1609655136,"path_taken":["M","?","$","?","?","E","R","E","T","E","R","?","R","$","R","BOSS","M","?","M","?","$","E","$","E","T","?","E","?","M","M","R","BOSS"],"items_purchased_type":["Card","Card","Relic","Relic","Card","Relic","Card","Card"],"build_version":"2020-12-22","purchased_purges":1,"victory":false,"max_hp_per_floor":[71,71,71,71,71,71,71,71,71,71,71,71,71,71,71,71,71,71,71,71,71,71,71,71,71,71,71,71,71,71,71,71,71,71],"relic_stats":{"Blood Vial":10,"counters":[14,56],"Eternal Feather":51,"MealTicket":45,"Pen Nib":[9],"Bag of Preparation":[20],"Necronomicon":[2],"Letter Opener":[70],"Boot":[5],"obtain_stats":[{"NeowsBlessing":0,"Vajra":8,"Velvet Choker":17,"Oddly Smooth Stone":28,"Eternal Feather":5,"Pen Nib":9,"Bag of Preparation":14,"Incense Burner":26,"Letter Opener":25,"Boot":27,"Akabeko":6,"Old Coin":10,"ClockworkSouvenir":14,"Blood Vial":23,"MealTicket":12,"Necronomicon":29,"Membership Card":22,"Cracked Core":0},{"NeowsBlessing":0,"Vajra":3,"Velvet Choker":5,"Oddly Smooth Stone":11,"Eternal Feather":1,"Pen Nib":3,"Bag of Preparation":4,"Incense Burner":10,"Letter Opener":10,"Boot":10,"Akabeko":2,"Old Coin":4,"ClockworkSouvenir":4,"Blood Vial":9,"MealTicket":4,"Necronomicon":11,"Membership Card":8,"Cracked Core":0},{"NeowsBlessing":0,"Vajra":3,"Velvet Choker":16,"Oddly Smooth Stone":40,"Eternal Feather":1,"Pen Nib":3,"Bag of Preparation":6,"Incense Burner":36,"Letter Opener":36,"Boot":36,"Akabeko":2,"Old Coin":6,"ClockworkSouvenir":6,"Blood Vial":32,"MealTicket":6,"Necronomicon":40,"Membership Card":25,"Cracked Core":0}]},"card_choices":[{"not_picked":["Coolheaded","Gash"],"picked":"Go for the Eyes","floor":1.0},{"not_picked":["Rebound","Tempest"],"picked":"FTL","floor":6.0},{"not_picked":["Consume","Compile Driver"],"picked":"Steam","floor":8.0},{"not_picked":["Beam Cell","Lockon"],"picked":"Static Discharge","floor":10.0},{"not_picked":["Machine Learning","Creative AI"],"picked":"Biased Cognition","floor":16.0},{"not_picked":["Barrage+1","Go for the Eyes"],"picked":"Hologram","floor":18.0},{"not_picked":["Barrage","Reprogram"],"picked":"Cold Snap","floor":20.0},{"not_picked":["Blizzard","Redo"],"picked":"Stack+1","floor":21.0},{"not_picked":["Storm","Tempest"],"picked":"Coolheaded","floor":23.0},{"not_picked":["Redo","Reboot","Chaos"],"picked":"SKIP","floor":25.0},{"not_picked":["Chaos","Conserve Battery+1"],"picked":"Genetic Algorithm","floor":28},{"not_picked":["Redo","Barrage+1","Heatsinks"],"picked":"SKIP","floor":30},{"not_picked":["Steam Power","Compile Driver"],"picked":"Undo","floor":31}],"player_experience":786758,"relics_obtained":[{"floor":5.0,"key":"Eternal Feather"},{"floor":6.0,"key":"Akabeko"},{"floor":8.0,"key":"Vajra"},{"floor":9.0,"key":"Pen Nib"},{"floor":10.0,"key":"Old Coin"},{"floor":23.0,"key":"Blood Vial"},{"floor":25.0,"key":"Letter Opener"},{"floor":26.0,"key":"Incense Burner"},{"floor":28,"key":"Oddly Smooth Stone"},{"floor":29,"key":"Necronomicon"}],"event_choices":[{"damage_healed":0.0,"max_hp_gain":0.0,"max_hp_loss":0.0,"gold_gain":150.0,"event_name":"Liars Game","player_choice":"AGREE","floor":2.0,"gold_loss":0.0,"damage_taken":0.0,"cards_obtained":["Doubt"]},{"damage_healed":0.0,"max_hp_gain":0.0,"max_hp_loss":0.0,"gold_gain":0.0,"event_name":"Shining Light","player_choice":"Entered Light","floor":4.0,"gold_loss":0.0,"damage_taken":21.0,"cards_upgraded":["Sunder","Defend_B"]},{"damage_healed":0.0,"max_hp_gain":0.0,"max_hp_loss":0.0,"gold_gain":0.0,"event_name":"Scrap Ooze","player_choice":"Success","floor":12.0,"gold_loss":0.0,"damage_taken":45.0,"relics_obtained":["MealTicket"]},{"damage_healed":0.0,"max_hp_gain":0.0,"max_hp_loss":0.0,"gold_gain":0.0,"event_name":"Upgrade Shrine","player_choice":"Upgraded","floor":19.0,"gold_loss":0.0,"damage_taken":0.0,"cards_upgraded":["Biased Cognition"]},{"damage_healed":0.0,"max_hp_gain":0.0,"max_hp_loss":0.0,"gold_gain":0.0,"event_name":"Addict","player_choice":"Stole Relic","floor":27.0,"gold_loss":0.0,"damage_taken":0.0,"relics_obtained":["Boot"],"cards_obtained":["Shame"]},{"damage_healed":0,"gold_gain":0,"player_choice":"Obtained Book","damage_taken":21,"max_hp_gain":0,"max_hp_loss":0,"event_name":"Cursed Tome","floor":29,"gold_loss":0}],"is_beta":false,"boss_relics":[{"not_picked":["Ectoplasm","Fusion Hammer"],"picked":"Velvet Choker"}],"items_purged_floors":[3],"is_endless":false,"potions_floor_spawned":[6,16,20,23,30],"killed_by":"Collector","ascension_level":20}}