{"host":"8lgo2trwv2o0qyml","time":1609645316,"event":{"mods":["BaseMod","Colored Map","Colored Powertips","DeckTracker","Highlight Path","Hubris","Infinite Spire","Minty Spire (QoL Compilation)","Quick Restart","Random Character Button","Relic Sorter","Replay The Spire","StSLib","SuperFastMode","Synergy Search","The Jungle"],"gold_per_floor":[113,288,288,288,26,26,51,68,91,91,103,130,146,174,174,278,278,298,313,25,25,40,68,82,82,130,130,130,130,130,157,157,254,254,271,371,381,392,409,437,451,477,477,25,45,45,70,87,87,87],"floor_reached":51,"playtime":3177,"items_purged":["Doubt"],"score":945,"play_id":"bb368e55-7b28-4da2-b806-0ccd70aadbbd","local_time":"20210102224156","is_ascension_mode":false,"campfire_choices":[{"data":"Noxious Fumes","floor":6,"key":"SMITH"},{"floor":10,"key":"REST"},{"data":"Blade Dance","floor":15,"key":"SMITH"},{"data":"Infinite Blades","floor":25,"key":"SMITH"},{"data":"Burst","floor":27,"key":"SMITH"},{"data":"Finisher","floor":29,"key":"SMITH"},{"floor":32,"key":"REST"},{"floor":46,"key":"REST"},{"data":"Noxious Fumes","floor":49,"key":"SMITH"}],"circlet_count":0,"master_deck":["Strike_G","Strike_G","Strike_G","Strike_G","Strike_G","Defend_G","Defend_G","Defend_G","Defend_G","Defend_G","Survivor","Neutralize","Blade Dance+1","infinitespire:FinalStrike","Noxious Fumes+1","Deflect","Endless Agony","Backstab","Dash","Underhanded Strike","Finisher+1","Burst+1","CurseOfTheBell","Endless Agony+1","Slice+1","Infinite Blades+1","Necronomicurse","hubris:TrickCloak+1","Blade Dance","Flying Knee+1","Riddle With Holes","Backflip+1","Draining Mist","Flying Knee","Noxious Fumes+1","Infinite Blades+1","Slice+1","Deflect+1","hubris:SlightOfHand+1"],"relics":["Ring of the Snake","hubris:DeckOfHolding","Replay:Accelerometer","NeowsBlessing","hubris:PeanutButter","OrangePellets","Kunai","Pet Ghost","Replay:Mystery Machine","hubris:Metronome","Calling Bell","hubris:OldNail","TungstenRod","Replay:Bottled Flurry","Quantum Egg","Necronomicon","Anchor","Lantern","Replay:Baseball","Vajra","hubris:FunFungus","infinitespire:CursedDice","Letter Opener"],"acts_visited":["Exordium","TheCity","TheBeyond"],"potions_floor_usage":[12,16,16,19,33,33,39,42,42,48,50],"damage_taken":[{"damage":0,"enemies":"Cultist","floor":1,"turns":1},{"damage":0,"enemies":"3 Sentries","floor":7,"turns":1},{"damage":0,"enemies":"Jaw Worm","floor":8,"turns":1},{"damage":0,"enemies":"Small Slimes","floor":11,"turns":3},{"damage":0,"enemies":"Lagavulin","floor":12,"turns":6},{"damage":0,"enemies":"Looter","floor":13,"turns":1},{"damage":0,"enemies":"3 Sentries","floor":14,"turns":4},{"damage":17,"enemies":"Hexaghost","floor":16,"turns":6},{"damage":0,"enemies":"Spheric Guardian","floor":18,"turns":2},{"damage":0,"enemies":"Shell Parasite","floor":19,"turns":1},{"damage":0,"enemies":"Snake Plant","floor":22,"turns":1},{"damage":0,"enemies":"Slavers","floor":23,"turns":2},{"damage":0,"enemies":"Centurion and Healer","floor":24,"turns":3},{"damage":0,"enemies":"Gremlin Leader","floor":31,"turns":4},{"damage":15,"enemies":"Champ","floor":33,"turns":5},{"damage":0,"enemies":"3 Shapes","floor":35,"turns":2},{"damage":0,"enemies":"Orb Walker","floor":37,"turns":1},{"damage":0,"enemies":"Spire Growth","floor":38,"turns":2},{"damage":0,"enemies":"Transient","floor":39,"turns":5},{"damage":4,"enemies":"R_Hoarder","floor":40,"turns":3},{"damage":0,"enemies":"Sphere and 2 Shapes","floor":41,"turns":3},{"damage":16,"enemies":"Giant Head","floor":42,"turns":6},{"damage":16,"enemies":"Maw","floor":45,"turns":4},{"damage":0,"enemies":"R_Hoarder","floor":47,"turns":6},{"damage":0,"enemies":"3 Darklings","floor":48,"turns":3},{"damage":86,"enemies":"Awakened One","floor":50,"turns":10}],"seed_played":"-2331563372712364044","potions_obtained":[{"floor":1,"key":"Elixir"},{"floor":13,"key":"Fire Potion"},{"floor":14,"key":"AttackPotion"},{"floor":16,"key":"SteroidPotion"},{"floor":19,"key":"Cursed Concoction"},{"floor":23,"key":"FearPotion"},{"floor":31,"key":"Weak Potion"},{"floor":35,"key":"PowerPotion"},{"floor":37,"key":"Energy Potion"},{"floor":38,"key":"SpeedPotion"},{"floor":45,"key":"SkillPotion"}],"is_trial":false,"path_per_floor":["M","?","?","?","$","R","E","M","T","R","M","E","M","E","R","B",null,"M","M","$","?","M","E","M","R","T","R","T","R","$","E","R","B",null,"M","?","M","M","M","E","M","E","T","$","M","R","E","M","R","B",null],"character_chosen":"THE_SILENT","items_purchased":["OrangePellets","Noxious Fumes","Quantum Egg","Infinite Blades","FairyPotion","infinitespire:CursedDice","BlessingOfTheForge"],"campfire_rested":3,"item_purchase_floors":[5,5,20,20,44,44,44],"current_hp_per_floor":[70,70,53,41,41,41,41,41,41,62,62,62,62,62,62,45,70,70,70,70,58,58,58,58,58,58,58,58,58,58,58,70,55,70,70,70,70,70,70,66,66,50,50,50,36,57,59,59,59,24],"gold":87,"neow_bonus":"THREE_ENEMY_KILL","is_daily":false,"chose_seed":false,"campfire_upgraded":6,"win_rate":0.0,"timestamp":1609645316,"path_taken":["M","?","?","?","?","R","E","M","T","R","M","E","M","E","R","BOSS","M","M","?","?","M","E","M","R","T","R","?","R","$","E","R","BOSS","M","?","M","M","M","E","M","E","T","?","?","R","E","M","R","BOSS"],"items_purchased_type":["Relic","Card","Relic","Card","Potion","Relic","Potion"],"build_version":"2020-12-22","purchased_purges":1,"victory":true,"max_hp_per_floor":[70,70,70,70,70,70,70,70,70,70,70,70,70,70,70,70,70,70,70,70,70,70,70,70,70,70,70,70,70,70,70,70,70,70,70,70,70,70,70,70,70,70,70,70,70,70,70,70,70,70],"card_choices":[{"not_picked":["Poisoned Stab","Dodge and Roll"],"picked":"Blade Dance","floor":1},{"not_picked":["ReplayTheSpireMod:Haul","infinitespire:SevenWalls"],"picked":"infinitespire:FinalStrike","floor":3},{"not_picked":["ReplayTheSpireMod:Speed Training","Predator"],"picked":"Deflect","floor":7},{"not_picked":["hubris:SlightOfHand","Flechettes"],"picked":"Endless Agony","floor":8},{"not_picked":["Eviscerate","ReplayTheSpireMod:Speed Training"],"picked":"Backstab","floor":11},{"not_picked":["Flying Knee","hubris:Counter"],"picked":"Dash","floor":12},{"not_picked":["Distraction","Outmaneuver"],"picked":"Underhanded Strike","floor":13},{"not_picked":["Slice","Predator"],"picked":"Finisher","floor":14},{"not_picked":["Replay:Bag of Tricks","Glass Knife"],"picked":"Burst","floor":16},{"not_picked":["ReplayTheSpireMod:The Works","Leg Sweep+1"],"picked":"Endless Agony+1","floor":18},{"not_picked":["ReplayTheSpireMod:Exploit Weakness+1","Escape Plan+1"],"picked":"Slice+1","floor":19},{"not_picked":["Slice","hubris:SlightOfHand+1"],"picked":"hubris:TrickCloak+1","floor":22},{"not_picked":["Poisoned Stab","Bouncing Flask"],"picked":"Blade Dance","floor":23},{"not_picked":["Backflip+1","Dash"],"picked":"Flying Knee+1","floor":24},{"not_picked":["Dodge and Roll","Deadly Poison+1"],"picked":"Riddle With Holes","floor":31},{"not_picked":["Prepared","Leg Sweep"],"picked":"Backflip+1","floor":35},{"not_picked":["Quick Slash","Blade Dance"],"picked":"Draining Mist","floor":37},{"not_picked":["Prepared","Tactician+1","Backflip"],"picked":"SKIP","floor":38},{"not_picked":["Acrobatics","Replay:Poison Smokescreen+1"],"picked":"Flying Knee","floor":39},{"not_picked":["Toxin Wave+1","Deadly Poison"],"picked":"Noxious Fumes","floor":40},{"not_picked":["Blur","Hidden Blade+1"],"picked":"Infinite Blades+1","floor":41},{"not_picked":["ReplayTheSpireMod:Speed Training+1","Caltrops"],"picked":"Slice+1","floor":42},{"not_picked":["Deadly Poison+1","Well Laid Plans"],"picked":"Deflect+1","floor":45},{"not_picked":["Replay:Poison Smokescreen","Footwork"],"picked":"hubris:SlightOfHand+1","floor":47},{"not_picked":["Well Laid Plans","Hidden Blade","Prepared"],"picked":"SKIP","floor":48}],"player_experience":6556,"relics_obtained":[{"floor":7,"key":"Kunai"},{"floor":9,"key":"Pet Ghost"},{"floor":12,"key":"Replay:Mystery Machine"},{"floor":14,"key":"hubris:Metronome"},{"floor":17,"key":"hubris:OldNail"},{"floor":17,"key":"TungstenRod"},{"floor":17,"key":"Replay:Bottled Flurry"},{"floor":21,"key":"Necronomicon"},{"floor":23,"key":"Anchor"},{"floor":26,"key":"Lantern"},{"floor":28,"key":"Replay:Baseball"},{"floor":31,"key":"Vajra"},{"floor":40,"key":"Replay:Accelerometer"},{"floor":42,"key":"hubris:FunFungus"},{"floor":43,"key":"hubris:DeckOfHolding"},{"floor":47,"key":"Letter Opener"}],"event_choices":[{"damage_healed":0,"gold_gain":175,"player_choice":"AGREE","damage_taken":0,"max_hp_gain":0,"max_hp_loss":0,"event_name":"Liars Game","floor":2,"gold_loss":0,"cards_obtained":["Doubt"]},{"damage_healed":0,"gold_gain":0,"player_choice":"Success","damage_taken":12,"relics_obtained":["hubris:PeanutButter"],"max_hp_gain":0,"max_hp_loss":0,"event_name":"Scrap Ooze","floor":4,"gold_loss":0},{"damage_healed":0,"gold_gain":0,"player_choice":"Obtained Book","damage_taken":16,"max_hp_gain":0,"max_hp_loss":0,"event_name":"Cursed Tome","floor":21,"gold_loss":0},{"damage_healed":0,"gold_gain":100,"player_choice":"Pray","damage_taken":0,"max_hp_gain":0,"max_hp_loss":0,"event_name":"Golden Shrine","floor":36,"gold_loss":0}],"is_beta":false,"boss_relics":[{"not_picked":["Empty Cage","hubris:CrackedHourglass"],"picked":"Calling Bell"},{"not_picked":["Philosopher\u0027s Stone","Velvet Choker","hubris:RunicObelisk"]}],"items_purged_floors":[5],"is_endless":false,"potions_floor_spawned":[1,13,14,16,19,23,31,35,37,38,45],"ascension_level":0}}