{"host":"792mtbovsoa03nb3","time":1609644320,"event":{"mods":["BaseMod","Colored Map","Curses Come First","Dota2Spire","Downfall","Ekko","Evolution","Hubris","Infinite Spire","Minty Spire (QoL Compilation)","Replay The Spire","Spicy Shops","StSLib","The Blue Laboratory","The Jungle","??????REMEMod"],"gold_per_floor":[116,116,128,128,128,153,153,168,168,180,26,26,26,26,26,127,127,142,57,57,76,76,110,110,138,164,195,17,29,44,44,44,149,149,160,176,476,486,586,616,616,1,1,36,0,0,15,25,25,25],"floor_reached":51,"playtime":2205,"items_purged":["Slimebound:Icky","Strike_G","Strike_G","Normality"],"score":931,"play_id":"743e113c-81f1-4995-a064-b05913e1416a","local_time":"20210102192520","is_ascension_mode":true,"campfire_choices":[{"data":"Distraction","floor":7.0,"key":"SMITH"},{"data":"Poisoned Stab","floor":12.0,"key":"SMITH"},{"data":"Blade Dance","floor":15.0,"key":"SMITH"},{"data":"infinitespire:Collect","floor":24.0,"key":"SMITH"},{"data":"Burst","floor":32.0,"key":"SMITH"},{"floor":41,"key":"REST"},{"data":"1","floor":49,"key":"LIFT"}],"circlet_count":0,"master_deck":["Quick Slash","Strike_G","Strike_G","Defend_G","Defend_G","Defend_G","Defend_G","Survivor","Neutralize","Cloak And Dagger","sneckomod:UnknownClassGUARDIAN+1","Blade Dance+1","Distraction+1","Deflect","Masterful Stab","Poisoned Stab+1","Burst+1","infinitespire:Collect+1","Leg Sweep","Choke","Blade Dance+1","Poisoned Stab","Cloak And Dagger","hubris:NaturalOne","Storm of Steel","Poisoned Stab","Outmaneuver","hubris:Fate","REME_GreenPollution","REME_ShadowForm","REME_ShadowForm","Backflip+1","Infinite Blades+1","Parasite","Backflip"],"relics":["Ring of the Snake","EVO:Axolotl","REME_ComplimentaryCards","Dota2Spire:Mjollnir","NlothsMask","hubris:Towel","Bronze Scales","hubris:Icosahedron","Garlic","hubris:HollowSoul","Dota2Spire:Vanguard","Dota2Spire:RefresherOrb","Paper Crane","Mercury Hourglass","Meat on the Bone","Replay:Baseball","Strawberry","hubris:HerbalPaste","Fusion Hammer","Dota2Spire:OctarineCore","Blood Vial","Lee\u0027s Waffle","infinitespire:Lucky Rock","Girya","Nunchaku","Red Mask"],"acts_visited":["Exordium","TheCity","TheBeyond"],"potions_floor_usage":[40,50,50],"damage_taken":[{"damage":2.0,"enemies":"Small Slimes","floor":1.0,"turns":2.0},{"damage":3.0,"enemies":"infinitespire:Voidling","floor":3.0,"turns":4.0},{"damage":14.0,"enemies":"3 Sentries","floor":6.0,"turns":6.0},{"damage":7.0,"enemies":"Jaw Worm","floor":8.0,"turns":3.0},{"damage":1.0,"enemies":"Blue Slaver","floor":10.0,"turns":2.0},{"damage":6.0,"enemies":"The Guardian","floor":16.0,"turns":9.0},{"damage":3.0,"enemies":"2 Thieves","floor":18.0,"turns":4.0},{"damage":0.0,"enemies":"Shell Parasite","floor":21.0,"turns":2.0},{"damage":0.0,"enemies":"Nightmare","floor":23.0,"turns":10.0},{"damage":5.0,"enemies":"Slavers","floor":25.0,"turns":4.0},{"damage":0.0,"enemies":"Book of Stabbing","floor":27.0,"turns":3.0},{"damage":0.0,"enemies":"Snecko","floor":29.0,"turns":3.0},{"damage":0.0,"enemies":"Cultist and Chosen","floor":30.0,"turns":3.0},{"damage":17.0,"enemies":"Champ","floor":33.0,"turns":9.0},{"damage":4.0,"enemies":"3 Shapes","floor":35.0,"turns":3.0},{"damage":2.0,"enemies":"3 Darklings","floor":36.0,"turns":2.0},{"damage":13.0,"enemies":"Spire Growth","floor":38.0,"turns":3.0},{"damage":0.0,"enemies":"infinitespire:Three Voidlings","floor":39.0,"turns":2.0},{"damage":61.0,"enemies":"Nightmare_Alpha","floor":39.0,"turns":10.0},{"damage":21,"enemies":"Reptomancer","floor":40,"turns":3},{"damage":10,"enemies":"Giant Head","floor":44,"turns":5},{"damage":2,"enemies":"Maw","floor":47,"turns":6},{"damage":0,"enemies":"Writhing Mass","floor":48,"turns":4},{"damage":30,"enemies":"infinitespire:MassOfShapes","floor":50,"turns":5}],"seed_played":"-4711177407215421242","potions_obtained":[{"floor":6.0,"key":"blueLaboratory:BlinkPotion"},{"floor":10.0,"key":"SkillPotion"},{"floor":16.0,"key":"blueLaboratory:PyrophylliteBrew"},{"floor":18.0,"key":"EssenceOfSteel"},{"floor":25.0,"key":"blueLaboratory:StoneskinPotion"},{"floor":27.0,"key":"Dexterity Potion"},{"floor":35.0,"key":"blueLaboratory:SavagePotion"},{"floor":38.0,"key":"blueLaboratory:PyrophylliteBrew"},{"floor":39,"key":"blueLaboratory:FrostheartPotion"},{"floor":47,"key":"Languid Potion"}],"is_trial":false,"path_per_floor":["M","?","M","?","?","E","R","M","T","M","$","R","?","T","R","B",null,"M","?","AVR","M","?","NM","R","E","T","E","$","M","M","?","R","B",null,"M","M","?","M","?","E","R","$","T","E","?","$","M","M","R","B",null],"character_chosen":"THE_SILENT","items_purchased":["Poisoned Stab","hubris:HerbalPaste","REME_ShadowForm","Lee\u0027s Waffle","infinitespire:Lucky Rock"],"campfire_rested":1,"item_purchase_floors":[11,28,42,42,42],"current_hp_per_floor":[68,68,65,65,65,51,51,44,44,43,43,43,43,43,43,37,70,67,67,67,67,54,54,54,49,49,56,56,61,66,66,66,55,82,82,80,80,69,21,17,41,89,89,82,82,82,88,89,89,65],"gold":25,"neow_bonus":"ONE_RARE_RELIC","is_daily":false,"chose_seed":false,"campfire_upgraded":5,"win_rate":0.0,"timestamp":1609644320,"path_taken":["M","?","?","?","?","E","R","M","T","M","$","R","?","?","R","BOSS","M","?","AVR","M","?","NM","R","E","T","E","?","?","M","?","R","BOSS","M","M","?","?","?","E","R","$","T","E","?","$","M","M","R","BOSS"],"items_purchased_type":["Card","Relic","Card","Relic","Relic"],"build_version":"2020-12-22","purchased_purges":4,"victory":true,"max_hp_per_floor":[70,70,70,70,70,70,70,70,70,70,70,70,70,70,70,70,70,70,70,70,70,75,75,75,75,75,82,82,82,82,82,82,82,82,82,82,82,82,82,82,82,89,89,89,89,89,89,89,89,89],"card_choices":[{"not_picked":["Poisoned Stab","Quick Slash"],"picked":"Cloak And Dagger","floor":1.0},{"not_picked":["Predator","hubris:Counter"],"picked":"Blade Dance","floor":3.0},{"not_picked":["Bane","ReplayTheSpireMod:From All Sides"],"picked":"Distraction","floor":6.0},{"not_picked":["Deadly Poison","Concentrate"],"picked":"Deflect","floor":8.0},{"not_picked":["Backflip","Bouncing Flask"],"picked":"Masterful Stab","floor":10.0},{"not_picked":["Corpse Explosion","Storm of Steel"],"picked":"Burst","floor":16.0},{"not_picked":["Outmaneuver","Prepared","REME_GrazeFinale"],"picked":"SKIP","floor":18.0},{"not_picked":["Quick Slash","Masterful Stab"],"picked":"Leg Sweep","floor":21.0},{"not_picked":["Blade Dance","Sucker Punch"],"picked":"Choke","floor":23.0},{"not_picked":["Bane+1","REME_GreenPollution"],"picked":"Blade Dance+1","floor":25.0},{"not_picked":["ReplayTheSpireMod:From All Sides","REME_ShadowStrike"],"picked":"Poisoned Stab","floor":27.0},{"not_picked":["Backflip","Quick Slash+1"],"picked":"Cloak And Dagger","floor":29.0},{"not_picked":["Underhanded Strike","Blade Dance","Dagger Spray"],"picked":"SKIP","floor":30.0},{"not_picked":["Poison Darts","Adrenaline"],"picked":"Storm of Steel","floor":33.0},{"not_picked":["Acrobatics+1","Slice+1"],"picked":"Poisoned Stab","floor":35.0},{"not_picked":["hubris:SlightOfHand+1","Sucker Punch+1","Reflex"],"picked":"SKIP","floor":36.0},{"not_picked":["hubris:TrickCloak+1","Burst"],"picked":"Outmaneuver","floor":38.0},{"not_picked":["infinitespire:Gouge","infinitespire:Collect"],"picked":"hubris:Fate","floor":39},{"not_picked":["Calculated Gamble+1","Underhanded Strike+1"],"picked":"REME_GreenPollution","floor":40},{"not_picked":["Blur","Burst"],"picked":"Backflip+1","floor":44},{"not_picked":["Poisoned Stab+1","Dagger Spray+1"],"picked":"Infinite Blades+1","floor":47},{"not_picked":["Sneak Up","Well Laid Plans+1"],"picked":"Backflip","floor":48}],"player_experience":838854,"relics_obtained":[{"floor":6.0,"key":"Bronze Scales"},{"floor":14.0,"key":"Garlic"},{"floor":23.0,"key":"Mercury Hourglass"},{"floor":25.0,"key":"Meat on the Bone"},{"floor":26.0,"key":"Replay:Baseball"},{"floor":27.0,"key":"Strawberry"},{"floor":39,"key":"Dota2Spire:OctarineCore"},{"floor":40,"key":"Blood Vial"},{"floor":43,"key":"Girya"},{"floor":44,"key":"Nunchaku"}],"event_choices":[{"damage_healed":0.0,"max_hp_gain":0.0,"max_hp_loss":0.0,"gold_gain":0.0,"event_name":"FaceTrader","player_choice":"Trade","floor":2.0,"gold_loss":0.0,"damage_taken":0.0,"relics_obtained":["NlothsMask"]},{"damage_healed":0.0,"max_hp_gain":0.0,"max_hp_loss":0.0,"gold_gain":0.0,"event_name":"Addict","player_choice":"Obtained Relic","floor":19.0,"gold_loss":85.0,"damage_taken":0.0,"relics_obtained":["Dota2Spire:Vanguard"]},{"damage_healed":0.0,"max_hp_gain":5.0,"max_hp_loss":0.0,"gold_gain":0.0,"event_name":"Forgotten Altar","player_choice":"Shed Blood","floor":22.0,"gold_loss":0.0,"damage_taken":18.0},{"cards_removed":["Defend_G"],"damage_healed":0.0,"max_hp_gain":0.0,"max_hp_loss":0.0,"gold_gain":0.0,"event_name":"Back to Basics","player_choice":"Elegance","floor":31.0,"gold_loss":0.0,"damage_taken":0.0},{"damage_healed":0.0,"max_hp_gain":0.0,"max_hp_loss":0.0,"gold_gain":300.0,"event_name":"Wheel of Change","player_choice":"Gold","floor":37.0,"gold_loss":0.0,"damage_taken":0.0},{"damage_healed":0,"gold_gain":0,"player_choice":"Damaged","damage_taken":8,"max_hp_gain":0,"max_hp_loss":0,"event_name":"Wheel of Change","floor":39,"gold_loss":0},{"damage_healed":0,"gold_gain":0,"player_choice":"Paid","damage_taken":0,"relics_obtained":["Red Mask"],"max_hp_gain":0,"max_hp_loss":0,"event_name":"Tomb of Lord Red Mask","floor":45,"gold_loss":36}],"is_beta":false,"boss_relics":[{"not_picked":["Ring of the Serpent","hubris:Stopwatch"],"picked":"hubris:HollowSoul"},{"not_picked":["hubris:RunicObelisk","Astrolabe"],"picked":"Fusion Hammer"}],"items_purged_floors":[11,28,42,42],"is_endless":false,"potions_floor_spawned":[6,10,16,18,25,27,30,35,38,39,47,48],"ascension_level":3}}