{"host":"8f5cu9y0fpol72qs","time":1609638193,"event":{"mods":["AlwaysNeverKeys","BaseMod","Colored Map","Colored Powertips","Curses Come First","Highlight Path","Key Reminder","Marisa????????","Minty Spire (QoL Compilation)","Replay The Spire","StSLib","The Hierophant","The Servant 0.9.4"],"gold_per_floor":[117,131,208,14,14,48,48,48,48],"floor_reached":8,"playtime":840,"items_purged":["Strike_R"],"score":86,"play_id":"ee2b1ba8-54bd-473f-bcea-9b93fd2c8b21","local_time":"20210102174313","is_ascension_mode":true,"campfire_choices":[{"floor":7,"key":"REST"}],"circlet_count":0,"master_deck":["AscendersBane","Strike_R","Strike_R","Strike_R","Defend_R+1","Defend_R","Defend_R","Defend_R","Bash","Replay:Undeath\u0027s Touch+1","Demonic Infusion","Battle Trance","Shockwave","Armaments"],"relics":["Burning Blood","Replay:Wax Seal","Membership Card","Onion Ring"],"acts_visited":["Exordium"],"potions_floor_usage":[8],"damage_taken":[{"damage":14.0,"enemies":"Small Slimes","floor":1.0,"turns":5.0},{"damage":0.0,"enemies":"2 Louse","floor":2.0,"turns":3.0},{"damage":32,"enemies":"3 Sentries","floor":6,"turns":10},{"damage":48,"enemies":"Lagavulin","floor":8,"turns":9}],"seed_played":"1048564559110673139","potions_obtained":[{"floor":2.0,"key":"Toxic Potion"},{"floor":6,"key":"LiquidBronze"}],"is_trial":false,"path_per_floor":["M","M","?","$","?","E","R","E"],"character_chosen":"IRONCLAD","items_purchased":["Membership Card"],"campfire_rested":1,"item_purchase_floors":[4],"current_hp_per_floor":[64,70,50,50,34,8,32,0,0],"gold":48,"neow_bonus":"RANDOM_EVENT","is_daily":false,"chose_seed":false,"campfire_upgraded":0,"win_rate":0.0,"timestamp":1609638193,"path_taken":["M","M","?","$","?","E","R","E"],"items_purchased_type":["Relic"],"build_version":"2020-12-22","purchased_purges":1,"victory":false,"max_hp_per_floor":[80,80,80,80,80,80,80,80,80],"card_choices":[{"not_picked":["Clothesline","Clash"],"picked":"Replay:Undeath\u0027s Touch","floor":1.0},{"not_picked":["Iron Wave","Blood for Blood"],"picked":"Demonic Infusion","floor":2.0},{"not_picked":["Heavy Blade","Pommel Strike"],"picked":"Battle Trance","floor":3.0},{"not_picked":["Body Slam","Bloodletting"],"picked":"Shockwave","floor":3.0},{"not_picked":["Evolve","Clothesline"],"picked":"Armaments","floor":6}],"player_experience":791623,"relics_obtained":[{"floor":3.0,"key":"Replay:Wax Seal"},{"floor":6,"key":"Onion Ring"}],"event_choices":[{"damage_healed":0.0,"max_hp_gain":0.0,"max_hp_loss":0.0,"gold_gain":0.0,"event_name":"Shining Light","player_choice":"Entered Light","floor":5.0,"gold_loss":0.0,"damage_taken":16.0,"cards_upgraded":["Defend_R","Replay:Undeath\u0027s Touch"]}],"is_beta":false,"boss_relics":[],"items_purged_floors":[4],"is_endless":false,"potions_floor_spawned":[2,6],"killed_by":"Lagavulin","ascension_level":12}}