{"host":"hy86brpkenigfxlv","time":1609697546,"event":{"mods":["BaseMod","Bestiary","BetterRewards","Colored Map","Downfall","GifTheSpireLib","Hero for Fun","Jorbs\u0027s Wanderer Trilogy","Minty Spire (QoL Compilation)","Rare Cards Sparkle","StSLib","SuperFastMode","The Animator","The Cursed","The Disciple","The Necromancer","The Saiyan","The Servant 0.9.4"],"gold_per_floor":[100125,100125,100139,100152,99310,99327,99342,99386,99386,99386,99414,98545,98560,98580,98580,98675,98675,98687,98701,98701,98745,98095,98122,98122,98122,98146,97465,97483,97497,97497,97507,97507,97603,97603,97620,96659,96670,96683,96096,96096,96128,96145,96198,96215,96240,96257,96276,95085,95085,95085,95085,95085,95085,94392,94419,94419],"floor_reached":57,"playtime":4529,"items_purged":["animator:Defend","animator:Strike","animator:Verdia","animator:Defend","animator:Verdia","animator:Hans","animator:Mitsurugi","animator:Aqua+1"],"score":1450,"play_id":"7709f365-4211-42c3-8171-a410d955b6d8","local_time":"20210104021226","is_ascension_mode":false,"campfire_choices":[{"data":"animator:EmiyaShirou","floor":10,"key":"SMITH"},{"data":"animator:Vanir","floor":15,"key":"SMITH"},{"data":"animator:Lelouch","floor":24,"key":"SMITH"},{"data":"animator:Darkness","floor":30,"key":"SMITH"},{"data":"animator:Mitsurugi","floor":32,"key":"SMITH"},{"floor":40,"key":"RECALL"},{"data":"animator:Hibiki","floor":49,"key":"SMITH"},{"data":"animator:Kira","floor":52,"key":"SMITH"}],"circlet_count":0,"master_deck":["animator:Strike_Konosuba","animator:Strike","animator:Kazuma","animator:Mitsurugi+1","animator:EmiyaShirou+1","animator:YunYun","animator:Darkness+1","animator:Kazuma","animator:Mitsurugi","animator:Lelouch+1","animator:Vanir+1","animator:Shimakaze","animator:Megumin+15","animator:Darkness+1","animator:Mitsurugi+1","animator:Kira+1","animator:Canti","animator:Sora","animator:Hibiki+1","animator:Zero"],"relics":["animator:VividPicture","animator:ColorlessFragment","animator:PurgingStone","Lantern","White Beast Statue","Bronze Scales","StoneCalendar","animator:HallowedScabbard","Toy Ornithopter","Mercury Hourglass","Medical Kit","Bottled Tornado","animator:EngravedStaff","Juzu Bracelet","Mango","Pear","Anchor","HandDrill","animator:RacePiece","Happy Flower","FossilizedHelix","Lee\u0027s Waffle","Boot","TwistedFunnel","Ornamental Fan","Omamori","Bag of Preparation","animator:HeavyHalberd","Mummified Hand","Frozen Eye","Paper Frog","ClockworkSouvenir","InkBottle"],"acts_visited":["Exordium","TheCity","TheBeyond","TheEnding"],"potions_floor_usage":[7,16,28,33,35,42,50,56,56,56],"damage_taken":[{"damage":5,"enemies":"Jaw Worm","floor":1,"turns":8},{"damage":1,"enemies":"Cultist","floor":3,"turns":4},{"damage":0,"enemies":"2 Louse","floor":4,"turns":2},{"damage":0,"enemies":"Lots of Slimes","floor":6,"turns":1},{"damage":0,"enemies":"Large Slime","floor":7,"turns":5},{"damage":0,"enemies":"3 Sentries","floor":8,"turns":8},{"damage":2,"enemies":"Lagavulin","floor":11,"turns":6},{"damage":0,"enemies":"2 Fungi Beasts","floor":13,"turns":3},{"damage":0,"enemies":"Blue Slaver","floor":14,"turns":3},{"damage":22,"enemies":"Hexaghost","floor":16,"turns":7},{"damage":18,"enemies":"Spheric Guardian","floor":18,"turns":4},{"damage":0,"enemies":"2 Thieves","floor":19,"turns":4},{"damage":0,"enemies":"Snake Plant","floor":21,"turns":4},{"damage":12,"enemies":"Slavers","floor":23,"turns":3},{"damage":0,"enemies":"Chosen and Byrds","floor":28,"turns":4},{"damage":0,"enemies":"Snecko","floor":29,"turns":3},{"damage":0,"enemies":"Sentry and Sphere","floor":31,"turns":3},{"damage":47,"enemies":"Automaton","floor":33,"turns":7},{"damage":0,"enemies":"3 Darklings","floor":35,"turns":3},{"damage":0,"enemies":"3 Shapes","floor":37,"turns":5},{"damage":0,"enemies":"Writhing Mass","floor":38,"turns":3},{"damage":0,"enemies":"Reptomancer","floor":41,"turns":4},{"damage":0,"enemies":"Jaw Worm Horde","floor":42,"turns":2},{"damage":0,"enemies":"Sphere and 2 Shapes","floor":44,"turns":1},{"damage":0,"enemies":"Giant Head","floor":45,"turns":6},{"damage":0,"enemies":"Transient","floor":46,"turns":5},{"damage":0,"enemies":"Jaw Worm Horde","floor":47,"turns":1},{"damage":11,"enemies":"Donu and Deca","floor":50,"turns":6},{"damage":0,"enemies":"Shield and Spear","floor":55,"turns":3},{"damage":113,"enemies":"The Heart","floor":56,"turns":7}],"seed_played":"4691089824935013626","potions_obtained":[{"floor":1,"key":"Guardian:BlockOnCardUsePotion"},{"floor":7,"key":"CultistPotion"},{"floor":8,"key":"AttackPotion"},{"floor":16,"key":"SteroidPotion"},{"floor":23,"key":"SkillPotion"},{"floor":28,"key":"LiquidMemories"},{"floor":33,"key":"Block Potion"},{"floor":35,"key":"Explosive Potion"},{"floor":44,"key":"EssenceOfSteel"},{"floor":45,"key":"DuplicationPotion"}],"is_trial":false,"path_per_floor":["M","?","M","M","$","M","M","E","T","R","E","$","M","M","R","B",null,"M","M","?","M","$","E","R","?","T","$","M","M","R","M","R","B",null,"M","$","M","M","$","R","E","M","T","M","E","M","M","$","R","B",null,"R","??","$","E","B",null],"character_chosen":"THE_ANIMATOR","items_purchased":["animator:Darkness","animator:ColorlessFragment","Lantern","White Beast Statue","DuplicationPotion","Block Potion","animator:Mitsurugi","animator:Lelouch","Toy Ornithopter","Mercury Hourglass","Medical Kit","Bottled Tornado","animator:EngravedStaff","Pear","Anchor","HandDrill","animator:Kira","Happy Flower","FossilizedHelix","Lee\u0027s Waffle","animator:Canti","Boot","TwistedFunnel","animator:Hibiki","animator:Zero","animator:HeavyHalberd","Mummified Hand","Frozen Eye","Paper Frog","ClockworkSouvenir","PowerPotion"],"campfire_rested":0,"item_purchase_floors":[5,5,5,5,5,5,12,12,12,12,12,22,22,27,27,27,36,36,36,36,39,39,39,48,48,48,48,48,54,54,54],"current_hp_per_floor":[68,68,70,71,71,71,73,73,73,73,73,73,73,74,74,62,74,59,62,50,53,53,44,44,58,58,68,76,79,79,79,79,47,98,98,105,105,105,105,105,105,105,105,105,105,105,105,105,105,94,105,105,105,105,105,9],"gold":94419,"neow_bonus":"TEN_PERCENT_HP_BONUS","is_daily":false,"chose_seed":false,"campfire_upgraded":7,"win_rate":0.0,"timestamp":1609697546,"path_taken":["M","?","M","M","$","?","M","E","T","R","E","$","M","M","R","BOSS","M","M","?","?","$","E","R","?","T","$","M","M","R","M","R","BOSS","M","$","M","M","$","R","E","M","T","M","E","M","M","$","R","BOSS","R","??","$","E","BOSS"],"items_purchased_type":["Card","Relic","Relic","Relic","Potion","Potion","Card","Card","Relic","Relic","Relic","Relic","Relic","Relic","Relic","Relic","Card","Relic","Relic","Relic","Card","Relic","Relic","Card","Card","Relic","Relic","Relic","Relic","Relic","Potion"],"build_version":"2020-12-22","purchased_purges":8,"victory":true,"max_hp_per_floor":[72,72,72,73,73,73,73,73,73,73,73,73,73,74,74,74,74,74,74,74,74,74,74,74,88,88,98,98,98,98,98,98,98,98,98,105,105,105,105,105,105,105,105,105,105,105,105,105,105,105,105,105,105,105,105,105],"card_choices":[{"not_picked":["animator:Kazuma","animator:ElricAlphonse"],"picked":"animator:Mitsurugi","floor":1},{"not_picked":["animator:Ain","animator:Tatsumaki"],"picked":"animator:EmiyaShirou","floor":3},{"not_picked":["animator:Verdia","animator:Boros"],"picked":"animator:YunYun","floor":4},{"not_picked":["animator:Priestess","animator:Elsword"],"picked":"animator:Kazuma","floor":6},{"not_picked":["animator:Chung","animator:Gluttony","animator:Spearman"],"picked":"SKIP","floor":7},{"not_picked":["animator:YunYun","animator:Hans"],"picked":"animator:Verdia","floor":8},{"not_picked":["animator:Illya","animator:RinTohsaka","animator:Priestess"],"picked":"SKIP","floor":11},{"not_picked":["animator:Ciel","animator:Elsword","animator:Alexander"],"picked":"SKIP","floor":13},{"not_picked":["animator:Kazuma","animator:Aqua"],"picked":"animator:Vanir","floor":14},{"not_picked":["animator:Aisha","animator:Verdia","animator:Mikaela"],"picked":"SKIP","floor":18},{"not_picked":["animator:ElricAlphonse","animator:Entoma","animator:Yuuichirou"],"picked":"SKIP","floor":19},{"not_picked":["animator:Aqua","animator:Vanir"],"picked":"animator:Megumin","floor":21},{"not_picked":["animator:DolaRiku","animator:Melzalgald","animator:Yoichi"],"picked":"SKIP","floor":23},{"not_picked":["animator:Ara","animator:SakuraMatou","animator:MumenRider"],"picked":"SKIP","floor":28},{"not_picked":["animator:MumenRider","animator:PandorasActor"],"picked":"animator:Darkness+1","floor":31},{"not_picked":["animator:Chris","animator:MumenRider"],"picked":"animator:Mitsurugi+1","floor":35},{"not_picked":["animator:Vanir","animator:ElricAlphonse","animator:PandorasActor"],"picked":"SKIP","floor":38},{"not_picked":["animator:WinryRockbell","animator:Hans","animator:Raven"],"picked":"SKIP","floor":41},{"not_picked":["animator:Vanir+1","animator:Pride+1","animator:LizardPriest"],"picked":"SKIP","floor":44},{"not_picked":["animator:Chung+1","animator:Scar","animator:DolaSchwi"],"picked":"SKIP","floor":45},{"not_picked":["animator:Megumin","animator:Mitsurugi+1"],"picked":"animator:Sora","floor":47},{"not_picked":["animator:Aqua+1","animator:Shinoa+1","animator:ShinjiMatou"],"picked":"SKIP","floor":55}],"player_experience":29828,"relics_obtained":[{"floor":8,"key":"Bronze Scales"},{"floor":9,"key":"StoneCalendar"},{"floor":11,"key":"animator:HallowedScabbard"},{"floor":23,"key":"Juzu Bracelet"},{"floor":41,"key":"Ornamental Fan"},{"floor":43,"key":"Omamori"},{"floor":45,"key":"Bag of Preparation"},{"floor":55,"key":"InkBottle"}],"event_choices":[{"damage_healed":0,"gold_gain":0,"player_choice":"Forge","damage_taken":0,"max_hp_gain":0,"max_hp_loss":0,"event_name":"Accursed Blacksmith","floor":2,"gold_loss":0,"cards_upgraded":["animator:Aqua"]},{"damage_healed":0,"gold_gain":0,"player_choice":"CARD ","damage_taken":12,"max_hp_gain":0,"max_hp_loss":0,"event_name":"Knowing Skull","floor":20,"potions_obtained":[],"gold_loss":0,"cards_obtained":["animator:Shimakaze"]},{"damage_healed":0,"gold_gain":0,"player_choice":"Opened","damage_taken":0,"relics_obtained":["Mango"],"max_hp_gain":0,"max_hp_loss":0,"event_name":"The Mausoleum","floor":25,"gold_loss":0}],"is_beta":false,"boss_relics":[{"not_picked":["Runic Dome","SacredBark"],"picked":"animator:VividPicture"},{"not_picked":["Coffee Dripper","Tiny House"],"picked":"animator:RacePiece"}],"items_purged_floors":[5,12,22,27,36,39,48,54],"is_endless":false,"potions_floor_spawned":[1,6,7,8,11,13,14,16,18,19,21,23,28,29,31,33,35,37,38,41,42,44,45,46,47,55],"ascension_level":0}}