{"host":"my77oq6kb6j47rwl","time":1609637680,"event":{"mods":["BaseMod","Emptier Cage","Ironclad Rager","Minty Spire (QoL Compilation)","Quick Restart","Rare Cards Sparkle","StSLib"],"gold_per_floor":[17,17,28,42,42,71,71,100,100,134,149,167,167,180,180,251,251,263,283,19,38,48,73,73,98,151,151,163,176,14,46,46,123,123,143,123,140,151,51,51,86,9,58,90,40,69,69,82,82,82],"floor_reached":51,"playtime":6887,"items_purged":["Twin Strike","Twin Strike","Twin Strike"],"score":1431,"play_id":"3eedb76f-3047-452d-9ba5-1748fa1de0a5","local_time":"20210102203440","is_ascension_mode":true,"campfire_choices":[{"data":"Iron Wave","floor":7,"key":"SMITH"},{"floor":13,"key":"REST"},{"data":"Iron Wave","floor":15,"key":"SMITH"},{"data":"Iron Wave","floor":24,"key":"SMITH"},{"floor":32,"key":"REST"},{"data":"Iron Wave","floor":40,"key":"SMITH"},{"data":"Spot Weakness","floor":47,"key":"SMITH"},{"floor":49,"key":"REST"}],"circlet_count":0,"master_deck":["AscendersBane","Bash","Clumsy","Twin Strike+1","Twin Strike+1","Iron Wave+1","Iron Wave+1","Iron Wave+1","Iron Wave+1","Cleave","Rage","Juggernaut+1","Flex","Barricade+1","Metallicize+1","Juggernaut+1","Spot Weakness+1","Inflame+1","Battle Trance","Evolve+1","Entrench+1","Rage","Rupture+1","Juggernaut+1","Demon Form+1","Pommel Strike+1","Battle Trance+1","Feel No Pain+1","Fire Breathing+1","Inflame+1"],"relics":["Burning Blood","Frozen Egg 2","Red Skull","Anchor","Meat on the Bone","InkBottle","Mark of Pain","Oddly Smooth Stone","Darkstone Periapt","HornCleat","MealTicket","Bronze Scales","Velvet Choker","Smiling Mask","Omamori","Lantern"],"acts_visited":["Exordium","TheCity","TheBeyond"],"potions_floor_usage":[10,25,33,36,50,50],"damage_taken":[{"damage":0,"enemies":"Cultist","floor":1,"turns":3},{"damage":12,"enemies":"Jaw Worm","floor":3,"turns":2},{"damage":0,"enemies":"Small Slimes","floor":4,"turns":2},{"damage":12,"enemies":"Gremlin Nob","floor":6,"turns":4},{"damage":21,"enemies":"Lagavulin","floor":8,"turns":4},{"damage":0,"enemies":"Gremlin Nob","floor":10,"turns":3},{"damage":6,"enemies":"Looter","floor":11,"turns":3},{"damage":1,"enemies":"Exordium Thugs","floor":12,"turns":4},{"damage":0,"enemies":"Exordium Wildlife","floor":14,"turns":2},{"damage":0,"enemies":"Slime Boss","floor":16,"turns":6},{"damage":0,"enemies":"Chosen","floor":18,"turns":3},{"damage":0,"enemies":"3 Byrds","floor":19,"turns":4},{"damage":6,"enemies":"Snake Plant","floor":21,"turns":4},{"damage":3,"enemies":"Centurion and Healer","floor":22,"turns":4},{"damage":13,"enemies":"Gremlin Leader","floor":23,"turns":5},{"damage":13,"enemies":"Book of Stabbing","floor":25,"turns":4},{"damage":0,"enemies":"Cultist and Chosen","floor":28,"turns":4},{"damage":0,"enemies":"Chosen and Byrds","floor":29,"turns":6},{"damage":35,"enemies":"Gremlin Leader","floor":31,"turns":5},{"damage":18,"enemies":"Collector","floor":33,"turns":6},{"damage":0,"enemies":"Orb Walker","floor":35,"turns":3},{"damage":4,"enemies":"3 Shapes","floor":37,"turns":4},{"damage":44,"enemies":"Transient","floor":38,"turns":5},{"damage":38,"enemies":"Nemesis","floor":41,"turns":7},{"damage":0,"enemies":"Giant Head","floor":44,"turns":7},{"damage":11,"enemies":"Reptomancer","floor":46,"turns":5},{"damage":25,"enemies":"4 Shapes","floor":48,"turns":4},{"damage":67,"enemies":"Awakened One","floor":50,"turns":8}],"seed_played":"990839672722064515","potions_obtained":[{"floor":1,"key":"SmokeBomb"},{"floor":4,"key":"BloodPotion"},{"floor":8,"key":"DuplicationPotion"},{"floor":11,"key":"EssenceOfSteel"},{"floor":25,"key":"LiquidBronze"},{"floor":36,"key":"Fruit Juice"},{"floor":37,"key":"Strength Potion"}],"is_trial":false,"path_per_floor":["M","?","M","M","T","E","R","E","T","E","M","M","R","M","R","B",null,"M","M","$","M","M","E","R","E","T","?","M","M","$","E","R","B",null,"M","?","M","M","$","R","E","$","T","E","$","E","R","M","R","B",null],"character_chosen":"IRONCLAD","items_purchased":["Inflame+1","Oddly Smooth Stone","Juggernaut+1","Feel No Pain+1"],"campfire_rested":3,"item_purchase_floors":[20,20,30,42],"current_hp_per_floor":[57,43,37,43,43,37,37,22,22,54,54,59,72,72,72,72,72,72,72,72,72,72,65,65,58,58,72,72,72,72,43,64,52,67,72,77,77,51,66,66,46,61,61,67,77,72,72,53,76,27],"gold":82,"neow_bonus":"IRONCLAD_BERSERKER","is_daily":false,"chose_seed":false,"campfire_upgraded":5,"win_rate":0.0,"timestamp":1609637680,"path_taken":["M","?","M","M","?","E","R","E","T","E","M","M","R","M","R","BOSS","M","M","$","M","M","E","R","E","T","?","M","M","$","E","R","BOSS","M","?","M","M","?","R","E","?","T","E","$","E","R","M","R","BOSS"],"items_purchased_type":["Card","Relic","Card","Card"],"build_version":"2020-12-22","purchased_purges":3,"victory":true,"max_hp_per_floor":[72,72,72,72,72,72,72,72,72,72,72,72,72,72,72,72,72,72,72,72,72,72,72,72,72,72,72,72,72,72,72,72,72,72,72,77,77,77,77,77,77,77,77,77,77,77,77,77,77,77],"card_choices":[{"not_picked":["Havoc","Twin Strike"],"picked":"Cleave","floor":1},{"not_picked":["Shrug It Off","True Grit"],"picked":"Rage","floor":3},{"not_picked":["Warcry","Havoc","Iron Wave"],"picked":"SKIP","floor":4},{"not_picked":["Wild Strike","Havoc"],"picked":"Juggernaut+1","floor":6},{"not_picked":["Pommel Strike","Dropkick"],"picked":"Flex","floor":8},{"not_picked":["Pommel Strike","Carnage"],"picked":"Barricade+1","floor":10},{"not_picked":["Clash","Dual Wield"],"picked":"Metallicize+1","floor":11},{"not_picked":["Perfected Strike","Anger","Infernal Blade"],"picked":"SKIP","floor":12},{"not_picked":["Perfected Strike","True Grit","Sever Soul"],"picked":"SKIP","floor":14},{"not_picked":["Reaper","Fiend Fire"],"picked":"Juggernaut+1","floor":16},{"not_picked":["ICR:Frenzy","Sword Boomerang","Pommel Strike"],"picked":"SKIP","floor":18},{"not_picked":["Flame Barrier","Headbutt"],"picked":"Spot Weakness","floor":19},{"not_picked":["Havoc","Clothesline"],"picked":"Battle Trance","floor":21},{"not_picked":["Berserk+1","True Grit"],"picked":"Evolve+1","floor":22},{"not_picked":["Reckless Charge","Perfected Strike","Pommel Strike"],"picked":"SKIP","floor":23},{"not_picked":["Disarm","Anger"],"picked":"Entrench+1","floor":25},{"not_picked":["Havoc","Warcry"],"picked":"Rage","floor":28},{"not_picked":["Fire Breathing+1","Wild Strike"],"picked":"Rupture+1","floor":29},{"not_picked":["Warcry","Flex","Infernal Blade"],"picked":"SKIP","floor":31},{"not_picked":["Berserk+1","Brutality+1"],"picked":"Demon Form+1","floor":33},{"not_picked":["ICR:Frenzy","True Grit","Body Slam"],"picked":"SKIP","floor":35},{"not_picked":["Heavy Blade","Bloodletting"],"picked":"Pommel Strike+1","floor":37},{"not_picked":["Warcry","Flame Barrier","Thunderclap+1"],"picked":"SKIP","floor":38},{"not_picked":["Anger","Flex"],"picked":"Battle Trance+1","floor":41},{"not_picked":["Warcry","Twin Strike","Perfected Strike+1"],"picked":"SKIP","floor":44},{"not_picked":["Pommel Strike","Entrench"],"picked":"Fire Breathing+1","floor":46},{"not_picked":["Cleave","Perfected Strike+1"],"picked":"Inflame+1","floor":48}],"player_experience":1014432,"relics_obtained":[{"floor":5,"key":"Frozen Egg 2"},{"floor":6,"key":"Red Skull"},{"floor":8,"key":"Anchor"},{"floor":9,"key":"Meat on the Bone"},{"floor":10,"key":"InkBottle"},{"floor":23,"key":"Darkstone Periapt"},{"floor":25,"key":"HornCleat"},{"floor":26,"key":"MealTicket"},{"floor":31,"key":"Bronze Scales"},{"floor":41,"key":"Smiling Mask"},{"floor":44,"key":"Omamori"},{"floor":46,"key":"Lantern"}],"event_choices":[{"damage_healed":0,"gold_gain":0,"player_choice":"Entered Light","damage_taken":14,"max_hp_gain":0,"max_hp_loss":0,"event_name":"Shining Light","floor":2,"gold_loss":0,"cards_upgraded":["Twin Strike","Twin Strike"]},{"damage_healed":24,"gold_gain":0,"player_choice":"Heal","damage_taken":0,"max_hp_gain":0,"max_hp_loss":0,"event_name":"The Library","floor":27,"gold_loss":0},{"damage_healed":0,"gold_gain":0,"player_choice":"Bought 1 Potion","damage_taken":0,"max_hp_gain":0,"max_hp_loss":0,"event_name":"The Woman in Blue","floor":36,"gold_loss":0}],"is_beta":false,"boss_relics":[{"not_picked":["Runic Pyramid","Astrolabe"],"picked":"Mark of Pain"},{"not_picked":["Runic Cube","Coffee Dripper"],"picked":"Velvet Choker"}],"items_purged_floors":[20,39,45],"is_endless":false,"potions_floor_spawned":[1,4,8,11,16,18,23,25,29,37,41,48],"ascension_level":13}}