{"host":"y89x8uui45kcjy42","time":1609682694,"event":{"mods":["2.2 Compatiblity","BaseMod","CapriCore","Colored Map","Colored Powertips","Custom Start","Friendly Minions","Keyboard Shortcuts","Minty Spire (QoL Compilation)","Relic Stats","Slay the Relics Exporter","StSLib","SuperFastMode"],"gold_per_floor":[109,109,109,259,184,224,224,224,251,251,282,295,314,338,338,433,433,458,474,474,474,57,57,93,93,117,117,153,153,176,207,207,300,300,313,135,154,487,503,503,503,503],"floor_reached":41,"playtime":1463,"items_purged":["Nirvana","Pain"],"score":1135,"play_id":"a8b42d60-5380-464d-a7b9-e779f206e2e1","local_time":"20210103230454","is_ascension_mode":true,"campfire_choices":[{"data":"Eruption","floor":7,"key":"SMITH"},{"data":"InnerPeace","floor":10,"key":"SMITH"},{"data":"CrushJoints","floor":15,"key":"SMITH"},{"data":"MentalFortress","floor":23,"key":"SMITH"},{"data":"Omniscience","floor":27,"key":"SMITH"},{"data":"ConjureBlade","floor":32,"key":"SMITH"},{"data":"DevaForm","floor":40,"key":"SMITH"}],"circlet_count":0,"master_deck":["AscendersBane","Eruption+1","Vigilance","Collect+1","InnerPeace+1","Indignation","CrushJoints+1","Conclude+1","Meditate","ReachHeaven","DeceiveReality","Omniscience+1","InnerPeace","Fasting2+1","MentalFortress+1","EmptyBody","SignatureMove","ConjureBlade+1","DevaForm+1","MentalFortress","Vengeance"],"relics":["PureWater","NeowsBlessing","Incense Burner","Happy Flower","Sundial","Pandora\u0027s Box","Chemical X","Whetstone","Torii","Anchor","Akabeko","WarpedTongs","Strawberry","Cursed Key"],"acts_visited":["Exordium","TheCity","TheBeyond"],"potions_floor_usage":[16,16,18,24,28,31,41,41],"damage_taken":[{"damage":0,"enemies":"Small Slimes","floor":1,"turns":1},{"damage":0,"enemies":"Lagavulin","floor":6,"turns":1},{"damage":0,"enemies":"3 Sentries","floor":11,"turns":1},{"damage":4,"enemies":"Jaw Worm","floor":12,"turns":3},{"damage":0,"enemies":"2 Louse","floor":13,"turns":3},{"damage":4,"enemies":"Looter","floor":14,"turns":4},{"damage":9,"enemies":"The Guardian","floor":16,"turns":8},{"damage":19,"enemies":"Chosen","floor":18,"turns":6},{"damage":13,"enemies":"Shell Parasite","floor":19,"turns":4},{"damage":6,"enemies":"Gremlin Leader","floor":24,"turns":5},{"damage":2,"enemies":"Book of Stabbing","floor":28,"turns":5},{"damage":1,"enemies":"Chosen and Byrds","floor":30,"turns":4},{"damage":6,"enemies":"Gremlin Leader","floor":31,"turns":5},{"damage":33,"enemies":"Champ","floor":33,"turns":5},{"damage":8,"enemies":"3 Darklings","floor":35,"turns":3},{"damage":6,"enemies":"3 Shapes","floor":37,"turns":4},{"damage":2,"enemies":"Maw","floor":39,"turns":5},{"damage":66,"enemies":"Reptomancer","floor":41,"turns":2}],"seed_played":"8283729363411557395","potions_obtained":[{"floor":1,"key":"Block Potion"},{"floor":14,"key":"Block Potion"},{"floor":16,"key":"Swift Potion"},{"floor":19,"key":"Energy Potion"},{"floor":24,"key":"SneckoOil"},{"floor":30,"key":"Strength Potion"},{"floor":35,"key":"LiquidBronze"},{"floor":37,"key":"ColorlessPotion"}],"is_trial":false,"path_per_floor":["M","?","?","?","?","E","R","?","T","R","E","M","M","M","R","B",null,"M","M","?","?","$","R","E","?","T","R","E","?","M","E","R","B",null,"M","$","M","?","M","R","E"],"character_chosen":"WATCHER","items_purchased":["Chemical X","Whetstone","MentalFortress"],"campfire_rested":0,"item_purchase_floors":[22,22,36],"current_hp_per_floor":[61,38,18,18,18,18,18,23,23,23,23,19,19,15,15,6,56,37,24,24,24,24,24,18,18,18,18,16,16,15,16,16,58,75,67,67,61,61,59,59,0,0],"gold":503,"neow_bonus":"THREE_ENEMY_KILL","is_daily":false,"chose_seed":false,"campfire_upgraded":7,"win_rate":0.0,"timestamp":1609682694,"path_taken":["M","?","?","?","?","E","R","?","T","R","E","M","M","?","R","BOSS","M","M","?","?","$","R","E","?","T","R","E","?","?","E","R","BOSS","M","$","M","?","M","R","E"],"items_purchased_type":["Relic","Relic","Card"],"build_version":"2020-12-22","purchased_purges":2,"victory":false,"max_hp_per_floor":[68,68,68,68,68,68,68,73,73,73,73,73,73,73,73,73,73,73,73,73,73,73,73,73,73,73,73,73,73,73,80,80,80,80,80,80,80,80,80,80,80,80],"relic_stats":{"Happy Flower":[22],"Torii":5,"counters":[18,69],"Sundial":[10],"Pandora\u0027s Box":["Meditate","Weave","Nirvana","ReachHeaven","DeceiveReality","Omniscience","InnerPeace","CutThroughFate"],"Chemical X":[16],"Whetstone":["Conclude","Weave"],"Cursed Key":0,"obtain_stats":[{"NeowsBlessing":0,"Happy Flower":9,"Torii":24,"Golden Idol":2,"Incense Burner":6,"Whetstone":22,"Cursed Key":34,"Akabeko":28,"WarpedTongs":29,"Anchor":26,"Sundial":11,"Strawberry":31,"Pandora\u0027s Box":17,"Chemical X":22,"PureWater":0},{"NeowsBlessing":0,"Happy Flower":2,"Torii":10,"Golden Idol":1,"Incense Burner":2,"Whetstone":9,"Cursed Key":14,"Akabeko":11,"WarpedTongs":11,"Anchor":10,"Sundial":3,"Strawberry":13,"Pandora\u0027s Box":7,"Chemical X":9,"PureWater":0},{"NeowsBlessing":0,"Happy Flower":2,"Torii":36,"Golden Idol":1,"Incense Burner":2,"Whetstone":31,"Cursed Key":55,"Akabeko":41,"WarpedTongs":41,"Anchor":36,"Sundial":3,"Strawberry":50,"Pandora\u0027s Box":21,"Chemical X":31,"PureWater":0}],"WarpedTongs":[28]},"card_choices":[{"not_picked":["CarveReality","Protect"],"picked":"Collect","floor":1},{"not_picked":["LikeWater","Sanctity"],"picked":"InnerPeace","floor":6},{"not_picked":["ForeignInfluence","Weave"],"picked":"Indignation","floor":11},{"not_picked":["DeceiveReality","SashWhip"],"picked":"CrushJoints","floor":12},{"not_picked":["CutThroughFate","FlyingSleeves","EmptyBody"],"picked":"SKIP","floor":13},{"not_picked":["Protect","Swivel"],"picked":"Conclude","floor":14},{"not_picked":["DeceiveReality","FlurryOfBlows","FollowUp+1"],"picked":"SKIP","floor":18},{"not_picked":["EmptyBody+1","Adaptation"],"picked":"Fasting2+1","floor":19},{"not_picked":["PathToVictory","BowlingBash","CutThroughFate"],"picked":"SKIP","floor":24},{"not_picked":["Swivel","EmptyFist"],"picked":"ConjureBlade","floor":28},{"not_picked":["ForeignInfluence","CutThroughFate","FollowUp+1"],"picked":"SKIP","floor":30},{"not_picked":["Pray","JustLucky+1","ThirdEye+1"],"picked":"SKIP","floor":31},{"not_picked":["Scrawl","Wish"],"picked":"DevaForm","floor":33},{"not_picked":["CutThroughFate","Meditate","Weave"],"picked":"SKIP","floor":35},{"not_picked":["FlyingSleeves","Wireheading+1","FlurryOfBlows"],"picked":"SKIP","floor":37},{"not_picked":["Meditate","EmptyMind"],"picked":"Vengeance","floor":39}],"player_experience":549106,"relics_obtained":[{"floor":6,"key":"Incense Burner"},{"floor":9,"key":"Happy Flower"},{"floor":11,"key":"Sundial"},{"floor":24,"key":"Torii"},{"floor":26,"key":"Anchor"},{"floor":28,"key":"Akabeko"},{"floor":31,"key":"Strawberry"}],"event_choices":[{"damage_healed":0,"gold_gain":0,"player_choice":"Take Damage","damage_taken":23,"relics_obtained":["Golden Idol"],"max_hp_gain":0,"max_hp_loss":0,"event_name":"Golden Idol","floor":2,"gold_loss":0},{"damage_healed":0,"gold_gain":0,"player_choice":"Entered Light","damage_taken":20,"max_hp_gain":0,"max_hp_loss":0,"event_name":"Shining Light","floor":3,"gold_loss":0,"cards_upgraded":["Collect","Defend_P"]},{"damage_healed":0,"gold_gain":150,"player_choice":"AGREE","damage_taken":0,"max_hp_gain":0,"max_hp_loss":0,"event_name":"Liars Game","floor":4,"gold_loss":0,"cards_obtained":["Doubt"]},{"cards_removed":["Doubt"],"damage_healed":0,"gold_gain":0,"player_choice":"Card Removal","damage_taken":0,"max_hp_gain":0,"max_hp_loss":0,"event_name":"The Cleric","floor":5,"gold_loss":75},{"damage_healed":0,"gold_gain":0,"player_choice":"Donut","damage_taken":0,"max_hp_gain":5,"max_hp_loss":0,"event_name":"Big Fish","floor":8,"gold_loss":0},{"damage_healed":0,"gold_gain":0,"player_choice":"Read","damage_taken":0,"max_hp_gain":0,"max_hp_loss":0,"event_name":"The Library","floor":20,"gold_loss":0,"cards_obtained":["MentalFortress"]},{"damage_healed":0,"gold_gain":0,"player_choice":"Ignored","damage_taken":0,"max_hp_gain":0,"max_hp_loss":0,"event_name":"Vampires","floor":21,"gold_loss":0},{"damage_healed":0,"gold_gain":0,"cards_transformed":["Weave","CutThroughFate"],"player_choice":"Became Test Subject","damage_taken":0,"max_hp_gain":0,"max_hp_loss":0,"event_name":"Drug Dealer","floor":25,"gold_loss":0,"cards_obtained":["EmptyBody","SignatureMove"]},{"damage_healed":0,"gold_gain":0,"player_choice":"Rummage","damage_taken":0,"relics_obtained":["WarpedTongs"],"max_hp_gain":0,"max_hp_loss":0,"event_name":"Accursed Blacksmith","floor":29,"gold_loss":0,"cards_obtained":["Pain"]},{"damage_healed":0,"gold_gain":333,"player_choice":"Gave Idol","damage_taken":0,"max_hp_gain":0,"max_hp_loss":0,"event_name":"The Moai Head","floor":38,"relics_lost":["Golden Idol"],"gold_loss":0}],"is_beta":false,"boss_relics":[{"not_picked":["Runic Pyramid","Empty Cage"],"picked":"Pandora\u0027s Box"},{"not_picked":["Fusion Hammer","Tiny House"],"picked":"Cursed Key"}],"items_purged_floors":[22,36],"is_endless":false,"potions_floor_spawned":[1,14,16,19,24,30,35,37],"killed_by":"Reptomancer","ascension_level":20}}