{"host":"a4s27ghlnr83kbqz","time":1609644633,"event":{"mods":["AchievementEnabler","BaseMod","Colored Map","Minty Spire (QoL Compilation)","Permanent Neow","SuperFastMode"],"gold_per_floor":[110,110,35,55,67,99,99,99,99,18,34,60,60,76,76,153,153,173,173],"floor_reached":18,"playtime":434,"items_purged":["Shame"],"score":344,"play_id":"33d6eb8e-3e25-470e-ba6c-cd6453b03175","local_time":"20210103113033","is_ascension_mode":true,"campfire_choices":[{"data":"Uppercut","floor":8.0,"key":"SMITH"},{"data":"Fire Breathing","floor":13.0,"key":"SMITH"},{"floor":15,"key":"REST"}],"circlet_count":0,"master_deck":["AscendersBane","Strike_R","Strike_R","Strike_R","Strike_R+1","Defend_R","Defend_R+1","Defend_R","Bash","Armaments","Iron Wave","Clothesline","Flame Barrier","Uppercut+1","Evolve","Havoc","Fire Breathing+1","Blood for Blood+1","Reaper+1"],"relics":["Burning Blood","Dead Branch","Molten Egg 2","Blood Vial","Runic Pyramid"],"acts_visited":["Exordium","TheCity"],"potions_floor_usage":[14,16],"damage_taken":[{"damage":7.0,"enemies":"Jaw Worm","floor":1.0,"turns":4.0},{"damage":4.0,"enemies":"Small Slimes","floor":4.0,"turns":3.0},{"damage":0.0,"enemies":"Cultist","floor":5.0,"turns":4.0},{"damage":33.0,"enemies":"3 Sentries","floor":6.0,"turns":13.0},{"damage":14.0,"enemies":"3 Louse","floor":11.0,"turns":4.0},{"damage":19.0,"enemies":"Gremlin Nob","floor":12.0,"turns":4.0},{"damage":27,"enemies":"Gremlin Gang","floor":14,"turns":9},{"damage":32,"enemies":"Hexaghost","floor":16,"turns":10},{"damage":36,"enemies":"Spheric Guardian","floor":18,"turns":8}],"seed_played":"-1276004344060441839","potions_obtained":[{"floor":4.0,"key":"DistilledChaos"},{"floor":5.0,"key":"GamblersBrew"},{"floor":14,"key":"Fire Potion"},{"floor":18,"key":"DuplicationPotion"}],"is_trial":false,"path_per_floor":["M","?","$","M","M","E","?","R","T","$","M","E","R","M","R","B",null,"M"],"character_chosen":"IRONCLAD","items_purchased":["Evolve"],"campfire_rested":1,"item_purchase_floors":[10],"current_hp_per_floor":[67,44,44,46,52,25,50,50,50,50,42,29,29,10,32,8,58,30,30],"gold":173,"neow_bonus":"TRANSFORM_TWO_CARDS","is_daily":false,"chose_seed":false,"campfire_upgraded":2,"win_rate":0.0,"timestamp":1609644633,"path_taken":["M","?","$","M","M","E","?","R","T","$","M","E","R","M","R","BOSS","M"],"items_purchased_type":["Card"],"build_version":"2020-12-22","purchased_purges":1,"victory":false,"max_hp_per_floor":[75,75,75,75,75,75,75,75,75,75,75,75,75,75,75,75,75,75,75],"card_choices":[{"not_picked":["Warcry","Burning Pact"],"picked":"Clothesline","floor":1.0},{"not_picked":["Heavy Blade","Armaments","Warcry"],"picked":"SKIP","floor":4.0},{"not_picked":["Seeing Red","Thunderclap"],"picked":"Flame Barrier","floor":5.0},{"not_picked":["Twin Strike","Sword Boomerang"],"picked":"Uppercut","floor":6.0},{"not_picked":["Twin Strike+1","Rampage+1"],"picked":"Havoc","floor":11.0},{"not_picked":["Exhume","Searing Blow+1"],"picked":"Fire Breathing","floor":12.0},{"not_picked":["True Grit","Havoc"],"picked":"Blood for Blood+1","floor":14},{"not_picked":["Double Tap","Berserk"],"picked":"Reaper+1","floor":16}],"player_experience":1080698,"relics_obtained":[{"floor":6.0,"key":"Dead Branch"},{"floor":9.0,"key":"Molten Egg 2"},{"floor":12.0,"key":"Blood Vial"}],"event_choices":[{"damage_healed":0.0,"max_hp_gain":0.0,"max_hp_loss":0.0,"gold_gain":0.0,"event_name":"Shining Light","player_choice":"Entered Light","floor":2.0,"gold_loss":0.0,"damage_taken":23.0,"cards_upgraded":["Defend_R","Strike_R"]},{"damage_healed":25.0,"max_hp_gain":0.0,"max_hp_loss":0.0,"gold_gain":0.0,"event_name":"Big Fish","player_choice":"Banana","floor":7.0,"gold_loss":0.0,"damage_taken":0.0}],"is_beta":false,"boss_relics":[{"not_picked":["SlaversCollar","Empty Cage"],"picked":"Runic Pyramid"}],"items_purged_floors":[3],"is_endless":false,"potions_floor_spawned":[4,5,14,18],"killed_by":"Spheric Guardian","ascension_level":20}}