{"host":"tw4sg9io217sih45","time":1609667145,"event":{"mods":["AchievementEnabler","BaseMod","Colored Map","Highlight Path","Minty Spire (QoL Compilation)"],"gold_per_floor":[109,109,184,134,154,154,198,216,265,265,289,214,214,228,228,359,359,384,88,113,144,144,144,178,178,178,178,188,206,206,221,221,322,322,336,353,78,300,315,315,340,340,340,373,373,387,387,387,387,387],"floor_reached":51,"playtime":2914,"items_purged":["Strike_P","Defend_P","Strike_P"],"score":809,"play_id":"1a7fda01-ecc6-4aab-8dc0-c9637f36fcab","local_time":"20210103174545","is_ascension_mode":true,"campfire_choices":[{"data":"Eruption","floor":6,"key":"SMITH"},{"data":"Evaluate","floor":10,"key":"SMITH"},{"data":"BattleHymn","floor":15,"key":"SMITH"},{"data":"MasterReality","floor":23,"key":"SMITH"},{"data":"Vigilance","floor":27,"key":"SMITH"},{"data":"BowlingBash","floor":30,"key":"SMITH"},{"floor":32,"key":"RECALL"},{"data":"Tantrum","floor":40,"key":"SMITH"},{"data":"FlurryOfBlows","floor":42,"key":"SMITH"},{"floor":45,"key":"REST"},{"floor":47,"key":"REST"},{"data":"FlurryOfBlows","floor":49,"key":"SMITH"}],"circlet_count":0,"master_deck":["Strike_P","Defend_P+1","Defend_P","Defend_P","Eruption+1","Vigilance+1","FlurryOfBlows+1","BowlingBash+1","Evaluate+1","BattleHymn+1","Tantrum+1","MasterReality+1","Consecrate+1","EmptyBody+1","EmptyFist+1","Wallop+1","Indignation+1","Meditate+1","FlurryOfBlows+1","FlurryOfBlows","Perseverance+1","Study+1","FlurryOfBlows+1","ClearTheMind+1"],"relics":["HolyWater","NeowsBlessing","Bloody Idol","Art of War","Anchor","Centennial Puzzle","Philosopher\u0027s Stone","ClockworkSouvenir","Red Mask","Prayer Wheel","War Paint","Lantern","HornCleat","Gambling Chip","Oddly Smooth Stone"],"acts_visited":["Exordium","TheCity","TheBeyond"],"potions_floor_usage":[11,24,33,33,44,50,50,50],"damage_taken":[{"damage":0,"enemies":"Small Slimes","floor":1,"turns":1},{"damage":0,"enemies":"Jaw Worm","floor":5,"turns":1},{"damage":0,"enemies":"Gremlin Nob","floor":7,"turns":1},{"damage":0,"enemies":"2 Louse","floor":8,"turns":2},{"damage":0,"enemies":"Exordium Wildlife","floor":11,"turns":4},{"damage":5,"enemies":"Exordium Thugs","floor":14,"turns":2},{"damage":15,"enemies":"Hexaghost","floor":16,"turns":7},{"damage":0,"enemies":"Chosen","floor":18,"turns":3},{"damage":2,"enemies":"Shell Parasite","floor":20,"turns":4},{"damage":0,"enemies":"Masked Bandits","floor":21,"turns":2},{"damage":1,"enemies":"Book of Stabbing","floor":24,"turns":3},{"damage":0,"enemies":"Centurion and Healer","floor":28,"turns":3},{"damage":5,"enemies":"Snecko","floor":29,"turns":4},{"damage":2,"enemies":"Shelled Parasite and Fungi","floor":31,"turns":3},{"damage":63,"enemies":"Automaton","floor":33,"turns":7},{"damage":1,"enemies":"Orb Walker","floor":35,"turns":2},{"damage":0,"enemies":"3 Shapes","floor":36,"turns":2},{"damage":11,"enemies":"Spire Growth","floor":39,"turns":3},{"damage":0,"enemies":"Giant Head","floor":41,"turns":5},{"damage":57,"enemies":"Nemesis","floor":44,"turns":5},{"damage":0,"enemies":"Transient","floor":46,"turns":5},{"damage":63,"enemies":"Awakened One","floor":50,"turns":6}],"seed_played":"-8175332881175297813","potions_obtained":[{"floor":7,"key":"Weak Potion"},{"floor":11,"key":"Dexterity Potion"},{"floor":14,"key":"Block Potion"},{"floor":24,"key":"LiquidMemories"},{"floor":28,"key":"ColorlessPotion"},{"floor":29,"key":"SkillPotion"},{"floor":33,"key":"CultistPotion"},{"floor":39,"key":"Regen Potion"},{"floor":44,"key":"SpeedPotion"},{"floor":46,"key":"Dexterity Potion"}],"is_trial":false,"path_per_floor":["M","?","?","?","M","R","E","M","T","R","M","$","?","M","R","B",null,"M","$","M","?","?","R","E","?","T","R","M","M","R","M","R","B",null,"M","M","$","?","M","R","E","R","T","E","R","M","R","?","R","B",null],"character_chosen":"WATCHER","items_purchased":["EmptyBody","ClockworkSouvenir","Lantern"],"campfire_rested":2,"item_purchase_floors":[19,19,37],"current_hp_per_floor":[72,54,43,43,43,43,43,43,43,43,43,43,40,35,35,20,72,72,72,70,70,70,70,69,69,69,69,72,72,72,72,72,14,72,72,72,72,72,66,66,71,71,71,27,48,53,72,72,72,9],"gold":387,"neow_bonus":"THREE_ENEMY_KILL","is_daily":false,"chose_seed":false,"campfire_upgraded":9,"win_rate":0.0,"timestamp":1609667145,"path_taken":["M","?","?","?","?","R","E","M","T","R","M","?","?","M","R","BOSS","M","$","M","?","?","R","E","?","T","R","M","?","R","M","R","BOSS","M","M","$","?","M","R","E","R","T","E","R","M","R","?","R","BOSS"],"items_purchased_type":["Card","Relic","Relic"],"build_version":"2020-12-22","purchased_purges":3,"victory":true,"max_hp_per_floor":[72,72,72,72,72,72,72,72,72,72,72,72,72,72,72,72,72,72,72,72,72,72,72,72,72,72,72,72,72,72,72,72,72,72,72,72,72,72,72,72,72,72,72,72,72,72,72,72,72,72],"card_choices":[{"not_picked":["FlyingSleeves","SashWhip","PathToVictory"],"picked":"SKIP","floor":1},{"not_picked":["CutThroughFate","Fasting2"],"picked":"FlurryOfBlows","floor":5},{"not_picked":["Protect","SashWhip"],"picked":"BowlingBash","floor":7},{"not_picked":["DeceiveReality","BowlingBash"],"picked":"Evaluate","floor":8},{"not_picked":["PathToVictory","Worship"],"picked":"BattleHymn","floor":11},{"not_picked":["CrushJoints","EmptyFist"],"picked":"Tantrum","floor":14},{"not_picked":["ConjureBlade","SpiritShield"],"picked":"MasterReality","floor":16},{"not_picked":["WreathOfFlame","Protect"],"picked":"Consecrate+1","floor":18},{"not_picked":["Protect","CrushJoints","CarveReality"],"picked":"SKIP","floor":20},{"not_picked":["SandsOfTime","WheelKick"],"picked":"EmptyFist+1","floor":21},{"not_picked":["ThirdEye","FearNoEvil+1","LessonLearned"],"picked":"SKIP","floor":24},{"not_picked":["SignatureMove+1","SashWhip+1","Fasting2"],"picked":"SKIP","floor":28},{"not_picked":["Consecrate+1","Nirvana","FlyingSleeves"],"picked":"SKIP","floor":28},{"not_picked":["SashWhip","FlyingSleeves"],"picked":"Wallop+1","floor":29},{"not_picked":["Swivel","Evaluate+1","WheelKick+1"],"picked":"SKIP","floor":29},{"not_picked":["Crescendo","Scrawl"],"picked":"Indignation+1","floor":31},{"not_picked":["CrushJoints","WheelKick","ReachHeaven"],"picked":"SKIP","floor":31},{"not_picked":["FollowUp+1","FlyingSleeves"],"picked":"Meditate+1","floor":35},{"not_picked":["DeceiveReality","EmptyMind","ReachHeaven"],"picked":"SKIP","floor":35},{"not_picked":["Sanctity+1","Weave+1"],"picked":"FlurryOfBlows","floor":36},{"not_picked":["CrushJoints+1","ThirdEye"],"picked":"FlurryOfBlows","floor":36},{"not_picked":["ForeignInfluence","SashWhip"],"picked":"Perseverance+1","floor":39},{"not_picked":["Wireheading+1","Halt+1"],"picked":"Study+1","floor":39},{"not_picked":["DevaForm","ClearTheMind"],"picked":"FlurryOfBlows+1","floor":41},{"not_picked":["Adaptation+1","Sanctity+1"],"picked":"ClearTheMind+1","floor":44},{"not_picked":["Evaluate+1","Sanctity","EmptyMind"],"picked":"SKIP","floor":46},{"not_picked":["Conclude+1","ClearTheMind+1","InnerPeace"],"picked":"SKIP","floor":46}],"player_experience":201058,"relics_obtained":[{"floor":7,"key":"Art of War"},{"floor":9,"key":"Anchor"},{"floor":21,"key":"Red Mask"},{"floor":24,"key":"Prayer Wheel"},{"floor":26,"key":"War Paint"},{"floor":41,"key":"HornCleat"},{"floor":43,"key":"Gambling Chip"},{"floor":44,"key":"Oddly Smooth Stone"}],"event_choices":[{"damage_healed":0,"gold_gain":0,"player_choice":"Take Damage","damage_taken":18,"relics_obtained":["Golden Idol"],"max_hp_gain":0,"max_hp_loss":0,"event_name":"Golden Idol","floor":2,"gold_loss":0},{"damage_healed":0,"gold_gain":75,"player_choice":"Gather Gold","damage_taken":11,"max_hp_gain":0,"max_hp_loss":0,"event_name":"World of Goop","floor":3,"gold_loss":0},{"cards_removed":["Strike_P"],"damage_healed":0,"gold_gain":0,"player_choice":"Card Removal","damage_taken":0,"max_hp_gain":0,"max_hp_loss":0,"event_name":"The Cleric","floor":4,"gold_loss":50},{"damage_healed":0,"gold_gain":0,"player_choice":"Success","damage_taken":3,"relics_obtained":["Centennial Puzzle"],"max_hp_gain":0,"max_hp_loss":0,"event_name":"Scrap Ooze","floor":13,"gold_loss":0},{"damage_healed":0,"gold_gain":0,"player_choice":"Fought Bandits","damage_taken":0,"max_hp_gain":0,"max_hp_loss":0,"event_name":"Masked Bandits","floor":21,"gold_loss":0},{"damage_healed":0,"gold_gain":0,"player_choice":"Ignored","damage_taken":0,"max_hp_gain":0,"max_hp_loss":0,"event_name":"Vampires","floor":22,"gold_loss":0},{"damage_healed":0,"gold_gain":0,"player_choice":"Gave Idol","damage_taken":0,"relics_obtained":["Bloody Idol"],"max_hp_gain":0,"max_hp_loss":0,"event_name":"Forgotten Altar","floor":25,"relics_lost":["Golden Idol"],"gold_loss":0},{"damage_healed":0,"gold_gain":222,"player_choice":"Wore Mask","damage_taken":0,"max_hp_gain":0,"max_hp_loss":0,"event_name":"Tomb of Lord Red Mask","floor":38,"gold_loss":0},{"damage_healed":0,"gold_gain":0,"player_choice":"Ignored","damage_taken":0,"max_hp_gain":0,"max_hp_loss":0,"event_name":"Mysterious Sphere","floor":48,"gold_loss":0}],"is_beta":false,"boss_relics":[{"not_picked":["Tiny House","SlaversCollar"],"picked":"Philosopher\u0027s Stone"},{"not_picked":["Astrolabe","Pandora\u0027s Box"],"picked":"HolyWater"}],"items_purged_floors":[12,19,37],"is_endless":false,"potions_floor_spawned":[7,11,14,24,28,29,33,39,44,46],"ascension_level":1}}