{"host":"mytek2nu1hrzdnew","time":1609707831,"event":{"mods":["Aspiration","BaseMod","Clawfect","Conspire","Energized Spire","Evolution","GifTheSpireLib","Gold Saver","Hubris","Minty Spire (QoL Compilation)","Replay The Spire","Retaliation","StSLib","Stuff the Spire","The Blue Laboratory","Uncapped"],"gold_per_floor":[481,495,495,43,43,70,70,70,97,113,113,138,152,170,170,170,170],"floor_reached":16,"playtime":656,"items_purged":["Strike_R"],"score":138,"play_id":"cacb8064-a30b-46a9-9035-ffba5c1cab17","local_time":"20210103160351","is_ascension_mode":true,"campfire_choices":[{"floor":8,"key":"REST"},{"floor":11,"key":"REST"},{"floor":15,"key":"REST"}],"circlet_count":0,"master_deck":["Pommel Strike+1","Strike_R+1","Strike_R","Strike_R","Defend_R+1","Defend_R","Defend_R","Defend_R+1","Bash+1","ReplayTheSpireMod:Strike From Hell","StuffTheSpire:RockThrow","Finesse","ReplayTheSpireMod:Corrosion Curse","Cleave","Replay:Undeath\u0027s Touch","Gash","Iron Wave"],"relics":["Burning Blood","EVO:Axolotl","aspiration:Nostalgia","Iron Core","Gremlin Food","BargainBundle","Boot","StuffTheSpire:Barrel","aspiration:FetidBarrel"],"acts_visited":["Exordium"],"potions_floor_usage":[6,12],"damage_taken":[{"damage":10,"enemies":"Small Slimes","floor":1,"turns":3},{"damage":3,"enemies":"Jaw Worm","floor":2,"turns":4},{"damage":24,"enemies":"Gremlin Nob","floor":6,"turns":4},{"damage":15,"enemies":"2 Louse","floor":10,"turns":3},{"damage":42,"enemies":"3 Sentries","floor":12,"turns":8},{"damage":9,"enemies":"2 Fungi Beasts","floor":13,"turns":3},{"damage":6,"enemies":"3 Louse","floor":14,"turns":2},{"damage":85,"enemies":"Slime Boss","floor":16,"turns":11}],"seed_played":"-5998768388062515312","potions_obtained":[{"floor":2,"key":"ColorlessPotion"},{"floor":12,"key":"Fruit Juice"}],"is_trial":false,"path_per_floor":["M","M","?","$","?","E","?","R","T","M","R","E","M","M","R","B"],"character_chosen":"IRONCLAD","items_purchased":["Gremlin Food","Finesse","BargainBundle"],"campfire_rested":3,"item_purchase_floors":[4,4,4],"current_hp_per_floor":[76,79,79,79,84,66,49,74,74,65,85,54,51,51,78,0,0],"gold":170,"neow_bonus":"NOSTALGIA","is_daily":false,"chose_seed":false,"campfire_upgraded":0,"win_rate":0.0,"timestamp":1609707831,"path_taken":["M","M","?","$","?","E","?","R","T","M","R","E","M","M","R","BOSS"],"items_purchased_type":["Relic","Card","Relic"],"build_version":"2020-12-22","purchased_purges":1,"victory":false,"max_hp_per_floor":[80,80,80,80,85,85,85,85,85,85,85,90,90,90,90,90,90],"card_choices":[{"not_picked":["hubris:ReadiedAction","Pummel"],"picked":"ReplayTheSpireMod:Strike From Hell","floor":1},{"not_picked":["Pommel Strike","Hologram"],"picked":"StuffTheSpire:RockThrow","floor":2},{"not_picked":["Infernal Blade","DDmod:GrandUltimatumAttack"],"picked":"ReplayTheSpireMod:Corrosion Curse","floor":6},{"not_picked":["Shockwave","Battle Trance"],"picked":"Cleave","floor":10},{"not_picked":["Reckless Charge","Run Through"],"picked":"Replay:Undeath\u0027s Touch","floor":12},{"not_picked":["Armaments","Massacre"],"picked":"Gash","floor":13},{"not_picked":["conspire:ExplosiveBarrier","Hologram"],"picked":"Iron Wave","floor":14}],"player_experience":1015576,"relics_obtained":[{"floor":6,"key":"Boot"},{"floor":9,"key":"StuffTheSpire:Barrel"},{"floor":12,"key":"aspiration:FetidBarrel"}],"event_choices":[{"damage_healed":0,"gold_gain":0,"player_choice":"Leave","damage_taken":0,"max_hp_gain":0,"max_hp_loss":0,"event_name":"conspire:Investor","floor":3,"gold_loss":0},{"damage_healed":0,"gold_gain":0,"player_choice":"Donut","damage_taken":0,"max_hp_gain":5,"max_hp_loss":0,"event_name":"Big Fish","floor":5,"gold_loss":0},{"damage_healed":0,"gold_gain":0,"player_choice":"Entered Light","damage_taken":17,"max_hp_gain":0,"max_hp_loss":0,"event_name":"Shining Light","floor":7,"gold_loss":0,"cards_upgraded":["Defend_R","Strike_R"]}],"is_beta":false,"boss_relics":[],"items_purged_floors":[4],"is_endless":false,"potions_floor_spawned":[2,12,13],"killed_by":"Slime Boss","ascension_level":5}}