{"host":"7s0ipaqx8m4pdduf","time":1609687696,"event":{"mods":["BaseMod","Better Note","BetterRewards","Colored Map","Downfall","Infinite Spire","Minty Spire (QoL Compilation)","StSLib","SuperFastMode"],"gold_per_floor":[113,128,65,65,79,111,129,157,206,206,225,260,280,305,305,409,409,421,421,433,444,454,482,482,272,299,299,311,226,259,35,35,130,130,141,160,4,4,104,104,127,127,150,150,162,213,213,243,243,348,348,348,348],"floor_reached":51,"playtime":4263,"items_purged":["Guardian:Strike_Guardian","Guardian:Defend_Guardian","Guardian:Strike_Guardian","Writhe"],"score":1275,"play_id":"b2f901a6-b43f-4f5c-8622-d1a48bed7977","local_time":"20210103162816","is_ascension_mode":true,"campfire_choices":[{"floor":10.0,"key":"REST"},{"data":"Guardian:ArmoredProtocol","floor":15.0,"key":"SMITH"},{"data":"Guardian:Orbwalk","floor":32.0,"key":"SMITH"},{"data":"infinitespire:UltimateForm","floor":40,"key":"SMITH"},{"floor":44,"key":"REST"},{"floor":47,"key":"REST"},{"data":"Guardian:StasisEngine","floor":49,"key":"SMITH"}],"circlet_count":0,"master_deck":["Guardian:CurlUp","Guardian:TwinSlam","Guardian:BronzeArmor+1","Guardian:TimeCapacitor","Blind+1","expansioncontent:YouAreMine+1","Guardian:ArmoredProtocol+1","Guardian:SpikerProtocol","Guardian:Recover+1","Guardian:Repulse","Guardian:EvasiveProtocol","Guardian:PiercingHide+1","Guardian:Planning+1","Guardian:FuturePlans","Guardian:CompilePackage+1","Guardian:WalkerClaw+1","Guardian:FloatingOrbs","Guardian:Suspension+1","Guardian:ArmoredProtocol+1","Guardian:EvasiveProtocol","Guardian:Orbwalk+1","Guardian:Orbwalk","Guardian:BronzeArmor+1","Guardian:StasisEngine+1","Guardian:TimeCapacitor","Guardian:CrystalBeam+1","Thinking Ahead+1","infinitespire:UltimateForm+1","expansioncontent:DecasProtection+1","infinitespire:TheBestDefense+1","Parasite","Guardian:DonusPower+1","Guardian:TimeCapacitor+1","Guardian:CompilePackage+1","Guardian:GuardianWhirl","Guardian:AncientConstruct","Guardian:SentryBeam","Guardian:GemFire","Guardian:ArmoredProtocol"],"relics":["Guardian:ModeShifter","Toxic Egg 2","StoneCalendar","Gremlin Horn","Du-Vu Doll","CaptainsWheel","The Courier","Akabeko","Vajra","Shuriken","Guardian:StasisSlotReductionRelic","White Beast Statue","Happy Flower","Shovel","infinitespire:PuzzleCube","Lantern","Bag of Preparation","Membership Card","Tiny Chest","SlaversCollar","Pen Nib","Oddly Smooth Stone","Unceasing Top","PreservedInsect","Whetstone","Prayer Wheel","Regal Pillow","Pandora\u0027s Box"],"acts_visited":["TheCity","TheBeyond","Exordium"],"potions_floor_usage":[50],"damage_taken":[{"damage":2.0,"enemies":"Cultist","floor":1.0,"turns":4.0},{"damage":2.0,"enemies":"infinitespire:Voidling","floor":2.0,"turns":5.0},{"damage":0.0,"enemies":"Small Slimes","floor":5.0,"turns":4.0},{"damage":17.0,"enemies":"Gremlin Nob","floor":6.0,"turns":5.0},{"damage":0.0,"enemies":"2 Fungi Beasts","floor":7.0,"turns":4.0},{"damage":9.0,"enemies":"3 Sentries","floor":8.0,"turns":7.0},{"damage":0.0,"enemies":"Looter","floor":11.0,"turns":2.0},{"damage":0.0,"enemies":"Gremlin Nob","floor":12.0,"turns":4.0},{"damage":0.0,"enemies":"Blue Slaver","floor":13.0,"turns":4.0},{"damage":2.0,"enemies":"3 Sentries","floor":14.0,"turns":7.0},{"damage":0.0,"enemies":"Slime Boss","floor":16.0,"turns":7.0},{"damage":0.0,"enemies":"Chosen","floor":18.0,"turns":5.0},{"damage":0.0,"enemies":"Spheric Guardian","floor":20.0,"turns":3.0},{"damage":0.0,"enemies":"Snecko","floor":21.0,"turns":4.0},{"damage":0.0,"enemies":"Snake Plant","floor":22.0,"turns":3.0},{"damage":0.0,"enemies":"Book of Stabbing","floor":23.0,"turns":4.0},{"damage":0.0,"enemies":"3 Cultists","floor":28.0,"turns":4.0},{"damage":0.0,"enemies":"Slavers","floor":30.0,"turns":5.0},{"damage":0.0,"enemies":"Automaton","floor":33.0,"turns":6.0},{"damage":0.0,"enemies":"Orb Walker","floor":35.0,"turns":4.0},{"damage":5.0,"enemies":"3 Darklings","floor":36.0,"turns":4.0},{"damage":7.0,"enemies":"infinitespire:Three Voidlings","floor":39.0,"turns":5.0},{"damage":30.0,"enemies":"Nightmare_Alpha","floor":39.0,"turns":8.0},{"damage":0,"enemies":"Writhing Mass","floor":45,"turns":5},{"damage":0,"enemies":"2 Orb Walkers","floor":46,"turns":7},{"damage":1,"enemies":"Nightmare","floor":48,"turns":5},{"damage":10,"enemies":"Donu and Deca","floor":50,"turns":6}],"seed_played":"4006044700529511102","potions_obtained":[{"floor":2.0,"key":"PowerPotion"},{"floor":6.0,"key":"SkillPotion"},{"floor":8.0,"key":"ColorlessPotion"},{"floor":11.0,"key":"Fire Potion"},{"floor":13.0,"key":"Energy Potion"},{"floor":16.0,"key":"SteroidPotion"},{"floor":18.0,"key":"Block Potion"},{"floor":20.0,"key":"infinitespire:BlackPotion"},{"floor":22.0,"key":"Dexterity Potion"},{"floor":23.0,"key":"AttackPotion"},{"floor":28.0,"key":"SpeedPotion"},{"floor":30.0,"key":"Guardian:DefensiveModePotion"},{"floor":46,"key":"Guardian:BlockOnCardUsePotion"},{"floor":50,"key":"SkillPotion"}],"is_trial":false,"path_per_floor":["M","M","?","AVR","M","E","M","E","T","R","M","E","M","E","R","B",null,"M","AVR","M","M","M","E","?","$","T","?","M","?","E","$","R","B",null,"M","M","$","?","?","R","T","?","T","R","M","?","R","NM","R","B",null],"character_chosen":"GUARDIAN","items_purchased":["Toxic Egg 2","Guardian:BronzeArmor+1","Guardian:TimeCapacitor","Blind+1","expansioncontent:YouAreMine+1","Guardian:ArmoredProtocol","Guardian:EvasiveProtocol","Fruit Juice","Membership Card","Guardian:Orbwalk","Tiny Chest","Guardian:BronzeArmor+1","Guardian:TimeCapacitor","Pen Nib","Oddly Smooth Stone","Guardian:CrystalBeam"],"campfire_rested":3,"item_purchase_floors":[0,0,0,0,0,0,25,25,31,31,31,31,37,37,37,37],"current_hp_per_floor":[37,35,35,35,35,18,18,9,9,31,31,31,31,29,29,29,75,75,75,75,75,75,75,75,80,80,65,65,65,65,65,65,65,85,85,80,80,80,50,50,50,28,28,53,53,53,78,77,77,67,85,85,85],"gold":348,"neow_bonus":"","is_daily":false,"chose_seed":false,"campfire_upgraded":4,"win_rate":0.0,"timestamp":1609687696,"path_taken":["M","M","?","AVR","M","E","M","E","T","R","M","E","?","E","R","BOSS","M","AVR","M","?","M","E","?","?","T","?","M","?","E","?","R","BOSS","M","M","$","?","?","R","?","?","T","R","M","?","R","NM","R","BOSS"],"items_purchased_type":["Relic","Card","Card","Card","Card","Card","Card","Potion","Relic","Card","Relic","Card","Card","Relic","Relic","Card"],"build_version":"2020-12-22","purchased_purges":4,"victory":false,"max_hp_per_floor":[75,75,75,75,75,75,75,75,75,75,75,75,75,75,75,75,75,75,75,75,75,75,75,75,80,80,85,85,85,85,85,85,85,85,85,85,85,85,85,85,85,85,85,85,85,85,85,85,85,85,85,85,85],"card_choices":[{"not_picked":["Guardian:CrystalBeam","Guardian:Incinerate"],"picked":"Guardian:SpikerProtocol","floor":1.0},{"not_picked":["Guardian:Gem_Cyan","Guardian:MultiBeam"],"picked":"Guardian:Gem_Purple","floor":2.0},{"not_picked":["Guardian:ShieldCharger+1","Guardian:CrystalBeam"],"picked":"Guardian:Recover+1","floor":5.0},{"not_picked":["Guardian:Gem_Red","Guardian:TemporalStrike"],"picked":"Guardian:Repulse","floor":6.0},{"not_picked":["Guardian:Planning+1","Guardian:Repulse"],"picked":"Guardian:EvasiveProtocol","floor":7.0},{"not_picked":["Guardian:Recover+1","Guardian:Gem_Yellow"],"picked":"Guardian:Gem_Cyan","floor":8.0},{"not_picked":["Guardian:RefractedBeam","Guardian:TemporalShield+1"],"picked":"Guardian:PiercingHide+1","floor":11.0},{"not_picked":["Guardian:Gem_Cyan","Guardian:Gem_Green"],"picked":"Guardian:Planning+1","floor":12.0},{"not_picked":["Guardian:Gem_Blue","Guardian:Planning+1"],"picked":"Guardian:FuturePlans","floor":13.0},{"not_picked":["Guardian:PiercingHide+1","Guardian:Gem_Lightblue"],"picked":"Guardian:Gem_Fragmented","floor":14.0},{"not_picked":["Guardian:StasisEngine","Guardian:StasisStrike"],"picked":"Guardian:CompilePackage+1","floor":16.0},{"not_picked":["Guardian:PiercingHide+1","Guardian:Recover+1"],"picked":"Guardian:Gem_Cyan","floor":18.0},{"not_picked":["Guardian:ChargeCore","Guardian:ShieldCharger+1"],"picked":"Guardian:WalkerClaw+1","floor":20.0},{"not_picked":["Guardian:MultiBeam","Guardian:Gem_Yellow"],"picked":"Guardian:FloatingOrbs","floor":21.0},{"not_picked":["Guardian:Recover+1","Guardian:TemporalStrike"],"picked":"Guardian:Suspension+1","floor":22.0},{"not_picked":["Guardian:VentSteam+1","Guardian:Preprogram+1"],"picked":"Guardian:ArmoredProtocol+1","floor":23.0},{"not_picked":["Guardian:Planning+1","Guardian:VentSteam+1","Guardian:PrimingBeam"],"picked":"SKIP","floor":28.0},{"not_picked":["Guardian:ArmoredProtocol","Guardian:Gem_Yellow"],"picked":"Guardian:Orbwalk","floor":30.0},{"not_picked":["Guardian:StasisStrike","Guardian:ExploitGems+1"],"picked":"Guardian:StasisEngine","floor":33.0},{"not_picked":["Guardian:PiercingHide+1","Guardian:PrimingBeam","Guardian:Reroute+1"],"picked":"SKIP","floor":35.0},{"not_picked":["Guardian:TimeCapacitor","Guardian:VentSteam+1"],"picked":"Guardian:Gem_Cyan","floor":36.0},{"not_picked":["expansioncontent:SlimeTackle","Panacea+1"],"picked":"Thinking Ahead+1","floor":38.0},{"not_picked":["infinitespire:Punishment","infinitespire:FinalStrike"],"picked":"infinitespire:UltimateForm","floor":39},{"not_picked":["Transmutation+1","The Bomb+1"],"picked":"expansioncontent:DecasProtection+1","floor":39},{"not_picked":["infinitespire:Gouge","infinitespire:DeathsTouch"],"picked":"infinitespire:TheBestDefense","floor":42},{"not_picked":["Guardian:TemporalStrike","Guardian:TimeBomb+1","Guardian:ChargeCore"],"picked":"SKIP","floor":45},{"not_picked":["Guardian:Gem_Red","Guardian:Reroute"],"picked":"Guardian:DonusPower+1","floor":46},{"not_picked":["Guardian:Gem_Fragmented","Guardian:BronzeArmor+1"],"picked":"Guardian:TimeCapacitor+1","floor":48},{"not_picked":["Guardian:FastForward+1","Guardian:ExploitGems+1"],"picked":"Guardian:CompilePackage+1","floor":50}],"player_experience":2336107,"relics_obtained":[{"floor":6.0,"key":"CaptainsWheel"},{"floor":8.0,"key":"The Courier"},{"floor":9.0,"key":"Akabeko"},{"floor":12.0,"key":"Vajra"},{"floor":14.0,"key":"Shuriken"},{"floor":23.0,"key":"Happy Flower"},{"floor":26.0,"key":"infinitespire:PuzzleCube"},{"floor":30.0,"key":"Bag of Preparation"},{"floor":39,"key":"Unceasing Top"},{"floor":41,"key":"PreservedInsect"},{"floor":43,"key":"Whetstone"},{"floor":46,"key":"Prayer Wheel"},{"floor":48,"key":"Regal Pillow"}],"event_choices":[{"damage_healed":0.0,"max_hp_gain":0.0,"max_hp_loss":0.0,"gold_gain":0.0,"event_name":"WeMeetAgain","player_choice":"Paid Gold","floor":3.0,"gold_loss":63.0,"damage_taken":0.0,"relics_obtained":["Gremlin Horn"]},{"damage_healed":0.0,"max_hp_gain":0.0,"max_hp_loss":0.0,"gold_gain":0.0,"event_name":"The Mausoleum","player_choice":"Opened","floor":24.0,"gold_loss":0.0,"damage_taken":0.0,"relics_obtained":["Shovel"],"cards_obtained":["Writhe"]},{"damage_healed":0.0,"max_hp_gain":5.0,"max_hp_loss":0.0,"gold_gain":0.0,"event_name":"Forgotten Altar","player_choice":"Shed Blood","floor":27.0,"gold_loss":0.0,"damage_taken":20.0},{"damage_healed":0.0,"max_hp_gain":0.0,"max_hp_loss":0.0,"gold_gain":0.0,"event_name":"Addict","player_choice":"Obtained Relic","floor":29.0,"gold_loss":85.0,"damage_taken":0.0,"relics_obtained":["Lantern"]},{"damage_healed":0.0,"max_hp_gain":0.0,"max_hp_loss":0.0,"gold_gain":0.0,"event_name":"SensoryStone","player_choice":"Memory 1","floor":38.0,"gold_loss":0.0,"damage_taken":0.0},{"damage_healed":0,"gold_gain":0,"player_choice":"Memory 1","damage_taken":0,"max_hp_gain":0,"max_hp_loss":0,"event_name":"SensoryStone","floor":39,"gold_loss":0},{"damage_healed":0,"gold_gain":0,"player_choice":"Fight","damage_taken":0,"max_hp_gain":0,"max_hp_loss":0,"event_name":"Mysterious Sphere","floor":46,"gold_loss":0}],"is_beta":false,"boss_relics":[{"not_picked":["infinitespire:Cupcake","Fusion Hammer"],"picked":"Guardian:StasisSlotReductionRelic"},{"not_picked":["SacredBark","Snecko Eye"],"picked":"SlaversCollar"},{"not_picked":["Empty Cage","Calling Bell"],"picked":"Pandora\u0027s Box"}],"items_purged_floors":[0,4,19,25],"is_endless":true,"potions_floor_spawned":[2,6,8,11,13,16,18,20,21,22,23,28,30,33,35,36,39,39,45,46,48,50],"ascension_level":2}}