{"host":"p6y17sixyu8q9v1f","time":1609677481,"event":{"mods":["BaseMod","Colored Map","Minty Spire (QoL Compilation)"],"gold_per_floor":[119,44,62,62,62,62,85,85,85,85,85,10,31,71,71,71,71],"floor_reached":16,"playtime":590,"items_purged":["Injury"],"score":123,"play_id":"378a798f-be6e-4b6c-9b1d-b469ce97a822","local_time":"20210103063801","is_ascension_mode":true,"campfire_choices":[{"data":"Searing Blow","floor":6,"key":"SMITH"},{"data":"Searing Blow+1","floor":8,"key":"SMITH"},{"data":"Searing Blow+2","floor":11,"key":"SMITH"},{"data":"Searing Blow+3","floor":15,"key":"SMITH"}],"circlet_count":0,"master_deck":["Strike_R","Strike_R","Strike_R","Strike_R","Strike_R","Defend_R","Defend_R","Defend_R","Defend_R","Bash","Reaper","Flex","Searing Blow+4","Thunderclap","Bloodletting","Fire Breathing"],"relics":["Burning Blood","Bird Faced Urn","Golden Idol","Letter Opener","Lantern"],"acts_visited":["Exordium"],"potions_floor_usage":[13,14],"damage_taken":[{"damage":7,"enemies":"2 Louse","floor":1,"turns":3},{"damage":5,"enemies":"Small Slimes","floor":3,"turns":4},{"damage":19,"enemies":"Jaw Worm","floor":7,"turns":5},{"damage":0,"enemies":"3 Louse","floor":13,"turns":2},{"damage":33,"enemies":"3 Sentries","floor":14,"turns":7},{"damage":52,"enemies":"Hexaghost","floor":16,"turns":7}],"seed_played":"-5028009785931013356","potions_obtained":[{"floor":3,"key":"PowerPotion"},{"floor":7,"key":"Block Potion"}],"is_trial":false,"path_per_floor":["M","$","M","?","?","R","M","R","T","?","R","$","M","E","R","B"],"character_chosen":"IRONCLAD","items_purchased":["Searing Blow"],"campfire_rested":0,"item_purchase_floors":[2],"current_hp_per_floor":[80,80,80,55,55,55,43,43,43,48,48,48,66,49,49,0,0],"gold":71,"neow_bonus":"ONE_RANDOM_RARE_CARD","is_daily":false,"chose_seed":false,"campfire_upgraded":4,"win_rate":0.0,"timestamp":1609677481,"path_taken":["M","$","M","?","?","R","M","R","T","?","R","?","M","E","R","BOSS"],"items_purchased_type":["Card"],"build_version":"2020-12-22","purchased_purges":1,"victory":false,"max_hp_per_floor":[80,80,80,80,80,80,80,80,80,85,85,85,85,85,85,85,85],"card_choices":[{"not_picked":["Clash","Warcry"],"picked":"Flex","floor":1},{"not_picked":["Heavy Blade","Headbutt","Havoc"],"picked":"SKIP","floor":3},{"not_picked":["Dark Embrace","Blood for Blood"],"picked":"Thunderclap","floor":7},{"not_picked":["Second Wind","Wild Strike"],"picked":"Bloodletting","floor":13},{"not_picked":["Intimidate","Corruption"],"picked":"Fire Breathing","floor":14}],"player_experience":888625,"relics_obtained":[{"floor":9,"key":"Letter Opener"},{"floor":14,"key":"Lantern"}],"event_choices":[{"damage_healed":0,"gold_gain":0,"player_choice":"Success","damage_taken":25,"relics_obtained":["Bird Faced Urn"],"max_hp_gain":0,"max_hp_loss":0,"event_name":"Scrap Ooze","floor":4,"gold_loss":0},{"damage_healed":0,"gold_gain":0,"player_choice":"Take Wound","damage_taken":0,"relics_obtained":["Golden Idol"],"max_hp_gain":0,"max_hp_loss":0,"event_name":"Golden Idol","floor":5,"gold_loss":0,"cards_obtained":["Injury"]},{"damage_healed":0,"gold_gain":0,"player_choice":"Donut","damage_taken":0,"max_hp_gain":5,"max_hp_loss":0,"event_name":"Big Fish","floor":10,"gold_loss":0}],"is_beta":false,"boss_relics":[],"items_purged_floors":[12],"is_endless":false,"potions_floor_spawned":[3,7],"killed_by":"Hexaghost","ascension_level":5}}