{"host":"11","time":1609673394,"event":{"mods":["ATMod(阿瑾Mod)","Ascension Reborn","BaseMod","BetterRewards","Conspire","Decade(王小明)","Downfall","Googly Eyes","Hero for Fun","Highlight Path","Hunter 猎人","KomeijiMod","Minty Spire (QoL Compilation)","Quick Restart","RumiaBox-露米娅的神秘盒子","Shop Mod","StSLib","SuperFastMode","TestMod","The IronCluck","The Jungle","The Poker Player","The Saiyan","UnlockEverythingMod","[IsaacMod]以撒尖塔","vexMod","【功能Mod】聪明的最终Boss","【功能Mod】附魔书"],"gold_per_floor":[111,86,161,171,121,150,122,136,163,141,141,158,158,158,158],"floor_reached":13,"playtime":586,"items_purged":[],"score":108,"play_id":"55f1b071-bc7e-44fc-8a3c-8505ae8514c4","local_time":"20210103192954","is_ascension_mode":true,"metric_token":1814,"campfire_choices":[{"data":"AT_ChampionStep","floor":11,"key":"SMITH"}],"circlet_count":0,"master_deck":["PokerPlayerMod:Diamond1","PokerPlayerMod:Diamond2","PokerPlayerMod:Diamond3","PokerPlayerMod:Diamond4","PokerPlayerMod:Diamond5","PokerPlayerMod:Spade1","PokerPlayerMod:Spade2","PokerPlayerMod:Spade3","PokerPlayerMod:Spade4","PokerPlayerMod:Club1","PokerPlayerMod:Club2","PokerPlayerMod:TrumpStrike","PokerPlayerMod:BadJoker","PokerPlayerMod:Mulligan","Bomb","AT_ChampionStep+1","PokerPlayerMod:Diamond4","PokerPlayerMod:FillThePot","PokerPlayerMod:MagicTrick","PokerPlayerMod:Diamond3","PokerPlayerMod:Diamond5","PokerPlayerMod:ClubDance"],"relics":["PokerPlayerMod:DeckCase","testmod-TestBox","HushsDoor","EnchantBook_Base","AT_ATBox","testmod-Antiphasic","SatanicBible","NeowsBlessing","AddBug","SecretRecord","SecretRecord"],"acts_visited":["Exordium"],"potions_floor_usage":[],"damage_taken":[{"damage":0,"enemies":"2 Louse","floor":1,"turns":1},{"damage":0,"enemies":"Jaw Worm","floor":4,"turns":1},{"damage":0,"enemies":"Lagavulin","floor":6,"turns":1},{"damage":9,"enemies":"Small Slimes","floor":8,"turns":4},{"damage":12,"enemies":"Blue Slaver","floor":12,"turns":2},{"damage":31,"enemies":"Gremlin Nob","floor":13,"turns":3}],"seed_played":"8706638585460788484","potions_obtained":[{"floor":6,"key":"Dexterity Potion"},{"floor":8,"key":"SteroidPotion"}],"is_trial":false,"path_per_floor":["M","?","?","M","?","E","$","M","T","$","R","M","E"],"character_chosen":"THE_POKER_PLAYER","items_purchased":["PokerPlayerMod:Diamond3","PokerPlayerMod:Diamond5"],"campfire_rested":0,"item_purchase_floors":[7,10],"current_hp_per_floor":[52,52,41,41,41,41,41,32,32,32,32,20,0,0,0],"gold":158,"neow_bonus":"THREE_ENEMY_KILL","is_daily":false,"chose_seed":false,"campfire_upgraded":1,"win_rate":0.0,"timestamp":1609673394,"path_taken":["M","?","?","?","?","E","?","M","T","$","R","M","E"],"items_purchased_type":["Card","Card"],"build_version":"2020-12-18","purchased_purges":0,"victory":false,"max_hp_per_floor":[52,52,52,52,52,52,52,52,52,52,52,52,57,57,57],"card_choices":[{"not_picked":[],"picked":"Bomb","floor":0},{"not_picked":["PokerPlayerMod:Diamond1","PokerPlayerMod:RiskyBet"],"picked":"PokerPlayerMod:Diamond4","floor":1},{"not_picked":["PokerPlayerMod:SpadeStrike","Bomb"],"picked":"PokerPlayerMod:FillThePot","floor":4},{"not_picked":["Unbreaking_colorless+2","Sharpness_colorless+1","SilkTouch_colorless+1"],"picked":"SKIP","floor":4},{"not_picked":["PokerPlayerMod:DartThrow","PokerPlayerMod:Club1"],"picked":"PokerPlayerMod:MagicTrick","floor":6},{"not_picked":["PokerPlayerMod:CardBurn","PokerPlayerMod:Spade1","PokerPlayerMod:ClubShade"],"picked":"SKIP","floor":8},{"not_picked":["PokerPlayerMod:Diamond1","PokerPlayerMod:Diamond3"],"picked":"PokerPlayerMod:ClubDance","floor":12},{"not_picked":["Unbreaking_colorless+2","Efficiency_colorless+1","Sharpness_colorless+1"],"picked":"SKIP","floor":12}],"player_experience":59567,"relics_obtained":[{"floor":1,"key":"AddBug"},{"floor":6,"key":"Omamori"},{"floor":9,"key":"AT_EbonyIvory"},{"floor":12,"key":"SecretRecord"}],"event_choices":[{"damage_healed":0,"gold_gain":75,"player_choice":"Gather Gold","damage_taken":11,"max_hp_gain":0,"max_hp_loss":0,"event_name":"World of Goop","floor":3,"gold_loss":0},{"cards_removed":["PokerPlayerMod:Heart2"],"damage_healed":0,"gold_gain":0,"player_choice":"Card Removal","damage_taken":0,"max_hp_gain":0,"max_hp_loss":0,"event_name":"The Cleric","floor":5,"gold_loss":50}],"is_beta":true,"boss_relics":[],"items_purged_floors":[],"is_endless":false,"potions_floor_spawned":[6,8,12],"killed_by":"Gremlin Nob","ascension_level":0}}