{"host":"mtg945c5jssv10ty","time":1609665939,"event":{"mods":["BaseMod","Downfall","Minty Spire (QoL Compilation)","StSLib","SuperFastMode","Wide Potions"],"gold_per_floor":[99,99,99,99,99,113,194,194,212,137,87,72,22,51,64,161,161,111,122,222,322,2,102,102,117,137,147,159,59,59,44,62,165,165,415,435,447,459,459,459,459,459,459,459],"floor_reached":42,"playtime":1729,"items_purged":["Pain"],"score":444,"play_id":"55bcec32-2045-43c5-b709-81a47cbef750","local_time":"20210103042539","is_ascension_mode":false,"campfire_choices":[{"data":"Slimebound:CorrosiveSpit","floor":1.0,"key":"SMITH"},{"data":"Slimebound:ServeAndProtect","floor":11.0,"key":"SMITH"},{"data":"Slimebound:Replication","floor":13.0,"key":"SMITH"},{"data":"Slimebound:RallyTheTroops","floor":18.0,"key":"SMITH"},{"data":"Slimebound:TagTeam","floor":29.0,"key":"SMITH"},{"data":"Slimebound:FormOfPuddle","floor":35.0,"key":"SMITH"}],"circlet_count":0,"master_deck":["Slimebound:Tackle","Slimebound:Defend_Slimebound","Slimebound:Defend_Slimebound","Slimebound:Defend_Slimebound+1","Slimebound:Split","Slimebound:CorrosiveSpit+1","Slimebound:HauntingLick","Slimebound:SplitBruiser","Slimebound:ServeAndProtect+1","Slimebound:Equalize","Slimebound:HungryTackle","Slimebound:Replication+1","Slimebound:MegaLick","Slimebound:SplitLeeching","Slimebound:RallyTheTroops+1","Slimebound:SplitAcid+1","Slimebound:Equalize","Slimebound:MinionMaster","Slimebound:Prepare+1","Slimebound:LeadByExample+1","Slimebound:SplitBruiser","Slimebound:RallyTheTroops+1","Slimebound:SpikyOuterGoop","Slimebound:ProtectTheBoss","Slimebound:LeadByExample","Slimebound:TagTeam+1","Slimebound:LivingWall","Slimebound:SlimeTap","Slimebound:FormOfPuddle+1","Slimebound:RainOfGoop+1","Slimebound:Replication+1","Slimebound:MassRepurpose","Slimebound:Darklings","expansioncontent:Flail"],"relics":["Slimebound:AbsorbEndCombatUpgraded","downfall:HeartsMalice","WarpedTongs","Letter Opener","Slimebound:GreedOozeRelic","Regal Pillow","MutagenicStrength","WingedGreaves","Matryoshka","DollysMirror","downfall:GremlinWheel","Blood Vial","War Paint","Empty Cage","Bag of Preparation","Mummified Hand"],"acts_visited":["Exordium","TheCity","TheBeyond"],"potions_floor_usage":[],"damage_taken":[{"damage":0.0,"enemies":"Cultist","floor":2.0,"turns":1.0},{"damage":0.0,"enemies":"Jaw Worm","floor":3.0,"turns":1.0},{"damage":0.0,"enemies":"Small Slimes","floor":4.0,"turns":1.0},{"damage":2.0,"enemies":"Exordium Wildlife","floor":6.0,"turns":3.0},{"damage":9.0,"enemies":"Large Slime","floor":9.0,"turns":4.0},{"damage":3.0,"enemies":"downfall:FleeingMerchant","floor":12.0,"turns":4.0},{"damage":5.0,"enemies":"Lagavulin","floor":14.0,"turns":6.0},{"damage":4.0,"enemies":"Exordium Thugs","floor":15.0,"turns":2.0},{"damage":59.0,"enemies":"downfall:Defect","floor":16.0,"turns":5.0},{"damage":0.0,"enemies":"Spheric Guardian","floor":19.0,"turns":3.0},{"damage":29.0,"enemies":"downfall:Augmenter","floor":20.0,"turns":4.0},{"damage":25.0,"enemies":"downfall:Ironclad","floor":21.0,"turns":7.0},{"damage":8.0,"enemies":"downfall:FleeingMerchant","floor":22.0,"turns":4.0},{"damage":3.0,"enemies":"downfall:FleeingMerchant","floor":23.0,"turns":2.0},{"damage":6.0,"enemies":"Shell Parasite","floor":25.0,"turns":4.0},{"damage":10.0,"enemies":"Snake Plant","floor":26.0,"turns":3.0},{"damage":8.0,"enemies":"Snecko","floor":27.0,"turns":4.0},{"damage":0.0,"enemies":"Sentry and Sphere","floor":28.0,"turns":3.0},{"damage":0.0,"enemies":"downfall:FleeingMerchant","floor":31.0,"turns":4.0},{"damage":1.0,"enemies":"3 Cultists","floor":32.0,"turns":3.0},{"damage":26.0,"enemies":"downfall:Watcher","floor":33.0,"turns":9.0},{"damage":22.0,"enemies":"3 Darklings","floor":36.0,"turns":4.0},{"damage":3.0,"enemies":"Orb Walker","floor":37.0,"turns":2.0},{"damage":16.0,"enemies":"Jaw Worm Horde","floor":38.0,"turns":3.0},{"damage":0,"enemies":"Writhing Mass","floor":42,"turns":1}],"seed_played":"-3348259107157214583","potions_obtained":[{"floor":6.0,"key":"Regen Potion"},{"floor":9.0,"key":"Swift Potion"},{"floor":14.0,"key":"hexamod:EctoCoolerPotion"},{"floor":15.0,"key":"DuplicationPotion"},{"floor":21.0,"key":"AttackPotion"},{"floor":26.0,"key":"BlessingOfTheForge"},{"floor":27.0,"key":"ColorlessPotion"},{"floor":32.0,"key":"Block Potion"},{"floor":33.0,"key":"Regen Potion"},{"floor":38.0,"key":"Explosive Potion"}],"is_trial":false,"path_per_floor":["R","M","M","M","?","M","T","?","M","?","R","$","R","E","M","B",null,"R","M","?","?","$","?","T","M","M","M","M","R","?","$","M","B",null,"R","M","M","M","?","?","T","M"],"character_chosen":"SLIMEBOUND","items_purchased":["DollysMirror","Slimebound:SpikyOuterGoop"],"campfire_rested":0,"item_purchase_floors":[22,22],"current_hp_per_floor":[65,65,65,65,65,64,64,64,60,60,60,65,65,61,59,11,65,65,65,44,35,45,42,42,48,42,44,50,50,50,56,59,43,65,65,48,57,51,51,51,51,53,53,53],"gold":459,"neow_bonus":"THREE_ENEMY_KILL","is_daily":false,"chose_seed":false,"campfire_upgraded":6,"win_rate":0.0,"timestamp":1609665939,"path_taken":["R","M","M","M","?","?","T","?","M","?","R","?","R","E","M","BOSS","R","M","?","?","$","?","T","M","?","M","M","R","?","?","M","BOSS","R","M","M","M","?","?","T","M"],"items_purchased_type":["Relic","Card"],"build_version":"2020-12-22","purchased_purges":1,"victory":false,"max_hp_per_floor":[65,65,65,65,65,65,65,65,65,65,65,65,65,65,65,65,65,65,65,65,65,65,65,65,65,65,65,65,65,65,65,65,65,65,65,65,65,65,65,65,65,65,65,65],"card_choices":[{"not_picked":["Slimebound:Dissolve","Slimebound:LeechEnergy"],"picked":"Slimebound:HauntingLick","floor":2.0},{"not_picked":["Slimebound:ProtectTheBoss","Slimebound:SlimeBarrage"],"picked":"Slimebound:SplitBruiser","floor":3.0},{"not_picked":["Slimebound:LeechEnergy","Slimebound:GoopTackle"],"picked":"Slimebound:ServeAndProtect","floor":4.0},{"not_picked":["Slimebound:LeechingTouch","Slimebound:SamplingLick"],"picked":"Slimebound:Equalize","floor":6.0},{"not_picked":["Slimebound:LeechingTouch","Slimebound:BestDefense"],"picked":"Slimebound:HungryTackle","floor":9.0},{"not_picked":["Slimebound:SamplingLick","Slimebound:FinishingTackle"],"picked":"Slimebound:Replication","floor":12.0},{"not_picked":["Slimebound:ItLooksTasty","Slimebound:GoopSpray"],"picked":"Slimebound:MegaLick","floor":14.0},{"not_picked":["Slimebound:BestDefense","Slimebound:Schlurp"],"picked":"Slimebound:SplitLeeching","floor":15.0},{"not_picked":["Slimebound:Darklings","Slimebound:MinionMaster"],"picked":"Slimebound:RallyTheTroops","floor":16.0},{"not_picked":["Slimebound:LeechingTouch","Slimebound:Chomp"],"picked":"Slimebound:SplitAcid+1","floor":19.0},{"not_picked":["Slimebound:GrowthPunch","Slimebound:BestDefense"],"picked":"Slimebound:Prepare","floor":20.0},{"not_picked":["Slimebound:GrowthPunch","Slimebound:DisruptingSlam"],"picked":"Slimebound:LeadByExample+1","floor":21.0},{"not_picked":["Slimebound:SplitAcid","Slimebound:HauntingLick"],"picked":"Slimebound:SplitBruiser","floor":22.0},{"not_picked":["Slimebound:Nibble","Slimebound:SlimeSpikes"],"picked":"Slimebound:ProtectTheBoss","floor":25.0},{"not_picked":["Slimebound:ItLooksTasty","Slimebound:TongueLash"],"picked":"Slimebound:LeadByExample","floor":26.0},{"not_picked":["Slimebound:MegaLick+1","Slimebound:ViciousTackle+1"],"picked":"Slimebound:TagTeam","floor":27.0},{"not_picked":["Slimebound:SplitLeeching","Slimebound:SplitBruiser"],"picked":"Slimebound:LivingWall","floor":28.0},{"not_picked":["Slimebound:SlimeBarrage","Slimebound:PressTheAttack"],"picked":"Slimebound:SlimeTap","floor":31.0},{"not_picked":["Slimebound:PressTheAttack","Slimebound:GoopTackle"],"picked":"Slimebound:FormOfPuddle","floor":32.0},{"not_picked":["Slimebound:SplitMire","Slimebound:ItLooksTasty+1"],"picked":"Slimebound:RainOfGoop+1","floor":36.0},{"not_picked":["Slimebound:SplitAcid","Slimebound:ServeAndProtect"],"picked":"Slimebound:Replication+1","floor":37.0},{"not_picked":["Slimebound:Nibble","Slimebound:SplitSpecialist"],"picked":"Slimebound:MassRepurpose","floor":38.0},{"not_picked":["expansioncontent:AwakenDeath","expansioncontent:FaceSlap"],"picked":"expansioncontent:Flail","floor":40.0}],"player_experience":176187,"relics_obtained":[{"floor":7.0,"key":"Letter Opener"},{"floor":14.0,"key":"Regal Pillow"},{"floor":20.0,"key":"MutagenicStrength"},{"floor":21.0,"key":"WingedGreaves"},{"floor":21.0,"key":"Matryoshka"},{"floor":23.0,"key":"downfall:GremlinWheel"},{"floor":24.0,"key":"Blood Vial"},{"floor":24.0,"key":"War Paint"},{"floor":41.0,"key":"Bag of Preparation"},{"floor":41.0,"key":"Mummified Hand"}],"event_choices":[{"damage_healed":0.0,"max_hp_gain":0.0,"max_hp_loss":0.0,"gold_gain":0.0,"event_name":"Accursed Blacksmith","player_choice":"Rummage","floor":5.0,"gold_loss":0.0,"damage_taken":0.0,"relics_obtained":["WarpedTongs"],"cards_obtained":["Pain"]},{"damage_healed":0.0,"max_hp_gain":0.0,"max_hp_loss":0.0,"gold_gain":0.0,"event_name":"Accursed Blacksmith","player_choice":"Ignored","floor":12.0,"gold_loss":0.0,"damage_taken":0.0},{"damage_healed":0.0,"max_hp_gain":0.0,"max_hp_loss":0.0,"gold_gain":300.0,"event_name":"Wheel of Change","player_choice":"Gold","floor":35.0,"gold_loss":0.0,"damage_taken":0.0}],"is_beta":false,"boss_relics":[{"not_picked":["Philosopher\u0027s Stone","Snecko Eye"],"picked":"Slimebound:AbsorbEndCombatUpgraded"},{"not_picked":["Runic Dome","Calling Bell"],"picked":"Empty Cage"}],"items_purged_floors":[22],"is_endless":false,"potions_floor_spawned":[6,9,14,15,21,26,27,32,33,38],"killed_by":"Writhing Mass","ascension_level":0}}