{"host":"uonldg9uriwfhjjx","time":1609676498,"event":{"mods":["AchievementEnabler","BaseMod","Minty Spire (QoL Compilation)","Relic Stats"],"gold_per_floor":[114,56,68,84,84,84,123,123,123,156,170,184,184,218,218,314,377,363,384,403,403,403],"floor_reached":21,"playtime":2515,"items_purged":[],"score":362,"play_id":"b02732eb-cdbe-4e89-9281-1ecc2fe466f7","local_time":"20210103072138","is_ascension_mode":true,"campfire_choices":[{"data":"Anger","floor":6,"key":"SMITH"},{"data":"Inflame","floor":8,"key":"SMITH"},{"data":"Flex","floor":15,"key":"SMITH"}],"circlet_count":0,"master_deck":["AscendersBane","Strike_R","Strike_R","Strike_R","Strike_R","Strike_R","Defend_R+1","Defend_R+1","Defend_R","Defend_R+1","Bash","Anger","Anger+1","Flex+1","Inflame+1","Sword Boomerang","Corruption","Thunderclap","Uppercut","Flex"],"relics":["Burning Blood","Pocketwatch","Golden Idol","Singing Bowl","Sundial","Pantograph","War Paint","Tiny House"],"acts_visited":["Exordium","TheCity"],"potions_floor_usage":[],"damage_taken":[{"damage":0,"enemies":"Small Slimes","floor":1,"turns":3},{"damage":0,"enemies":"2 Louse","floor":3,"turns":2},{"damage":7,"enemies":"Jaw Worm","floor":4,"turns":2},{"damage":20,"enemies":"3 Sentries","floor":7,"turns":6},{"damage":20,"enemies":"Lagavulin","floor":10,"turns":4},{"damage":3,"enemies":"Exordium Wildlife","floor":11,"turns":3},{"damage":14,"enemies":"Blue Slaver","floor":12,"turns":4},{"damage":16,"enemies":"Gremlin Nob","floor":14,"turns":3},{"damage":45,"enemies":"Hexaghost","floor":16,"turns":7},{"damage":22,"enemies":"2 Thieves","floor":18,"turns":4},{"damage":12,"enemies":"Chosen","floor":19,"turns":3},{"damage":39,"enemies":"Centurion and Healer","floor":20,"turns":6},{"damage":36,"enemies":"Chosen and Byrds","floor":21,"turns":4}],"seed_played":"-4384144451448078882","potions_obtained":[{"floor":1,"key":"SpeedPotion"},{"floor":4,"key":"Dexterity Potion"}],"is_trial":false,"path_per_floor":["M","$","M","M","?","R","E","R","T","E","M","M","?","E","R","B",null,"M","M","M","M"],"character_chosen":"IRONCLAD","items_purchased":["Anger"],"campfire_rested":0,"item_purchase_floors":[2],"current_hp_per_floor":[56,56,62,61,61,61,47,47,47,33,38,32,56,46,46,34,69,53,49,18,0,0],"gold":403,"neow_bonus":"ONE_RARE_RELIC","is_daily":false,"chose_seed":false,"campfire_upgraded":3,"win_rate":0.0,"timestamp":1609676498,"path_taken":["M","$","M","M","?","R","E","R","T","E","M","M","?","E","R","BOSS","M","M","M","M"],"items_purchased_type":["Card"],"build_version":"2020-12-22","purchased_purges":0,"victory":false,"max_hp_per_floor":[75,75,75,75,68,68,68,68,68,68,70,72,72,72,72,74,79,79,81,83,83,83],"relic_stats":{"Singing Bowl":10,"counters":[13,51],"Golden Idol":71,"Sundial":[6],"Pantograph":25,"War Paint":["Defend_R","Defend_R"],"obtain_stats":[{"Tiny House":17,"Singing Bowl":7,"Golden Idol":5,"Sundial":9,"Pantograph":10,"War Paint":14,"Burning Blood":0,"Pocketwatch":0},{"Tiny House":9,"Singing Bowl":4,"Golden Idol":3,"Sundial":4,"Pantograph":5,"War Paint":8,"Burning Blood":0,"Pocketwatch":0},{"Tiny House":34,"Singing Bowl":13,"Golden Idol":7,"Sundial":13,"Pantograph":17,"War Paint":27,"Burning Blood":0,"Pocketwatch":0}],"Burning Blood":72,"Pocketwatch":[54]},"card_choices":[{"not_picked":["Second Wind","Wild Strike"],"picked":"Anger","floor":1},{"not_picked":["Carnage","Ghostly Armor"],"picked":"Flex","floor":3},{"not_picked":["Pommel Strike","Anger"],"picked":"Inflame","floor":4},{"not_picked":["Clash","Body Slam"],"picked":"Sword Boomerang","floor":7},{"not_picked":["Flex","Perfected Strike"],"picked":"Corruption","floor":10},{"not_picked":["Havoc","Feel No Pain","Wild Strike"],"picked":"Singing Bowl","floor":11},{"not_picked":["Clash","Pommel Strike","Thunderclap"],"picked":"Singing Bowl","floor":12},{"not_picked":["True Grit","Armaments"],"picked":"Thunderclap","floor":14},{"not_picked":["Immolate","Fiend Fire","Double Tap"],"picked":"Singing Bowl","floor":16},{"not_picked":["Perfected Strike","Shockwave"],"picked":"Uppercut","floor":17},{"not_picked":["Bloodletting+1","Disarm"],"picked":"Flex","floor":18},{"not_picked":["Thunderclap+1","Armaments","Perfected Strike"],"picked":"Singing Bowl","floor":19},{"not_picked":["Warcry","Cleave","Sever Soul"],"picked":"Singing Bowl","floor":20}],"player_experience":727438,"relics_obtained":[{"floor":7,"key":"Singing Bowl"},{"floor":9,"key":"Sundial"},{"floor":10,"key":"Pantograph"},{"floor":14,"key":"War Paint"}],"event_choices":[{"damage_healed":0,"gold_gain":0,"player_choice":"Lose Max HP","damage_taken":0,"relics_obtained":["Golden Idol"],"max_hp_gain":0,"max_hp_loss":7,"event_name":"Golden Idol","floor":5,"gold_loss":0},{"damage_healed":24,"gold_gain":0,"player_choice":"Banana","damage_taken":0,"max_hp_gain":0,"max_hp_loss":0,"event_name":"Big Fish","floor":13,"gold_loss":0}],"is_beta":false,"boss_relics":[{"not_picked":["Runic Dome","SacredBark"],"picked":"Tiny House"}],"items_purged_floors":[],"is_endless":false,"potions_floor_spawned":[1,4,7,12,18,20],"killed_by":"Chosen and Byrds","ascension_level":16}}