{"host":"u3zhfyeznnb1kiy1","time":1609717505,"event":{"mods":["BaseMod","Colored Map","Colored Powertips","Downfall","GifTheSpireLib","Highlight Path","Minty Spire (QoL Compilation)","StSLib"],"gold_per_floor":[99,117,117,292,89,122,174,24,9,34,34,62,62,79,96,192,192,117,136,155,166,10,10,10,39,39,51,326,341,341,369,389,389,389],"floor_reached":33,"playtime":2924,"items_purged":["Doubt","sneckomod:Defend"],"score":333,"play_id":"c5df21df-0e5a-4a62-8b56-121df3f4492f","local_time":"20210103184505","is_ascension_mode":true,"campfire_choices":[{"floor":1.0,"key":"RECALL"},{"data":"sneckomod:UnknownUncommonPower","floor":8.0,"key":"SMITH"},{"data":"sneckomod:UnknownWeak","floor":11.0,"key":"SMITH"},{"data":"sneckomod:Unknown","floor":13.0,"key":"SMITH"},{"data":"sneckomod:Unknown","floor":18.0,"key":"SMITH"}],"circlet_count":0,"master_deck":["sneckomod:Strike","sneckomod:Strike","sneckomod:Defend","sneckomod:Defend","sneckomod:TailWhip","sneckomod:SnekBite","sneckomod:Unknown+1","sneckomod:Unknown+1","sneckomod:UnknownCommonSkill","sneckomod:UnknownWeak+1","sneckomod:UnknownUncommonPower+1","sneckomod:SnakeSap","sneckomod:TrashToTreasure","sneckomod:TrashToTreasure","sneckomod:UnknownDexterity+1","sneckomod:Unknown1Cost+1","sneckomod:Unknown1Cost+1","sneckomod:UnknownColorless+1","sneckomod:UnknownCommonAttack+1","sneckomod:UnknownWeak+1","sneckomod:UnknownClassGREEN+1","sneckomod:Nope","expansioncontent:DefensiveStance+1","sneckomod:WideSting","sneckomod:UnknownUncommonAttack+1","Regret","sneckomod:UnknownWeak+1","sneckomod:UnknownClassGREEN+1","sneckomod:UnknownClassTHE_CHAMP_GRAY+1"],"relics":["Snecko Eye","downfall:ShatteredFragment","Smiling Mask","downfall:HeartBlessingRed","downfall:HeartBlessingBlue","sneckomod:UnknownEgg","Bottled Tornado","SlaversCollar","downfall:HeartBlessingGreen","Frozen Egg 2","HornCleat","Darkstone Periapt"],"acts_visited":["Exordium","TheCity"],"potions_floor_usage":[22,33,33],"damage_taken":[{"damage":0.0,"enemies":"2 Louse","floor":2.0,"turns":2.0},{"damage":5.0,"enemies":"downfall:FleeingMerchant","floor":5.0,"turns":4.0},{"damage":16.0,"enemies":"3 Sentries","floor":6.0,"turns":7.0},{"damage":0.0,"enemies":"downfall:FleeingMerchant","floor":9.0,"turns":4.0},{"damage":25.0,"enemies":"Lagavulin","floor":10.0,"turns":3.0},{"damage":1.0,"enemies":"Gremlin Nob","floor":12.0,"turns":4.0},{"damage":4.0,"enemies":"Jaw Worm","floor":14.0,"turns":2.0},{"damage":0.0,"enemies":"Cultist","floor":15.0,"turns":2.0},{"damage":33.0,"enemies":"downfall:Silent","floor":16.0,"turns":6.0},{"damage":8.0,"enemies":"Chosen","floor":19.0,"turns":4.0},{"damage":6.0,"enemies":"Snake Plant","floor":20.0,"turns":5.0},{"damage":4.0,"enemies":"Cultist and Chosen","floor":21.0,"turns":6.0},{"damage":15,"enemies":"downfall:FleeingMerchant","floor":22,"turns":4},{"damage":34,"enemies":"Slavers","floor":25,"turns":3},{"damage":0,"enemies":"Chosen and Byrds","floor":27,"turns":3},{"damage":10,"enemies":"Snake Plant","floor":29,"turns":5},{"damage":22,"enemies":"Gremlin Leader","floor":31,"turns":4},{"damage":0,"enemies":"Sentry and Sphere","floor":32,"turns":2},{"damage":10,"enemies":"downfall:Ironclad","floor":33,"turns":5}],"seed_played":"3158940769489102648","potions_obtained":[{"floor":10.0,"key":"AttackPotion"},{"floor":14.0,"key":"SpeedPotion"},{"floor":16.0,"key":"FearPotion"},{"floor":19.0,"key":"Dexterity Potion"},{"floor":25,"key":"DuplicationPotion"},{"floor":31,"key":"Swift Potion"}],"is_trial":false,"path_per_floor":["R","M","?","?","$","E","T","R","$","E","R","E","R","M","M","B",null,"R","M","M","M","$","?","T","E","?","M","?","M","?","E","M","B"],"character_chosen":"THE_SNECKO","items_purchased":["sneckomod:UnknownUncommonPower","sneckomod:SnakeSap","expansioncontent:DefensiveStance"],"campfire_rested":0,"item_purchase_floors":[5,5,22],"current_hp_per_floor":[90,90,69,69,64,48,48,58,58,48,48,57,57,57,57,31,100,100,92,86,82,67,67,67,33,33,33,33,25,25,9,9,0,0],"gold":389,"neow_bonus":"BOSS_RELIC","is_daily":false,"chose_seed":false,"campfire_upgraded":4,"win_rate":0.0,"timestamp":1609717505,"path_taken":["R","M","?","?","$","E","T","R","?","E","R","E","R","M","M","BOSS","R","M","M","M","$","?","T","E","?","?","?","?","?","E","M","BOSS"],"items_purchased_type":["Card","Card","Card"],"build_version":"2020-12-22","purchased_purges":2,"victory":false,"max_hp_per_floor":[90,90,90,90,90,90,90,100,100,100,100,100,100,100,100,100,100,100,100,100,100,100,100,100,100,100,100,100,100,100,100,100,100,100],"card_choices":[{"not_picked":["sneckomod:QuickBite","sneckomod:UnknownCommonAttack"],"picked":"sneckomod:UnknownCommonSkill","floor":2.0},{"not_picked":["sneckomod:RainOfDice","sneckomod:UnknownClassHEXA_GHOST_PURPLE"],"picked":"sneckomod:UnknownWeak","floor":5.0},{"not_picked":["sneckomod:SoulCleanse","sneckomod:UnknownX"],"picked":"sneckomod:TrashToTreasure","floor":6.0},{"not_picked":["sneckomod:UnknownClassPURPLE","sneckomod:UnknownEthereal"],"picked":"sneckomod:TrashToTreasure","floor":9.0},{"not_picked":["sneckomod:UnknownClassBLUE+1","sneckomod:WideSting"],"picked":"sneckomod:UnknownDexterity+1","floor":10.0},{"not_picked":["sneckomod:SnekBeam","sneckomod:QuickMove","sneckomod:Cheat"],"picked":"SKIP","floor":12.0},{"not_picked":["sneckomod:IronFang","sneckomod:QuickMove"],"picked":"sneckomod:Unknown1Cost+1","floor":14.0},{"not_picked":["sneckomod:DiceBlock","sneckomod:IronFang"],"picked":"sneckomod:Unknown1Cost+1","floor":15.0},{"not_picked":["sneckomod:Cheat","sneckomod:UnlimitedRolls"],"picked":"sneckomod:UnknownColorless+1","floor":16.0},{"not_picked":["sneckomod:UnknownExhaust+1","sneckomod:UnknownVulnerable+1"],"picked":"sneckomod:UnknownCommonAttack+1","floor":19.0},{"not_picked":["sneckomod:Unknown1Cost+1","sneckomod:DiceBlock"],"picked":"sneckomod:UnknownWeak+1","floor":20.0},{"not_picked":["sneckomod:DiceCrush","sneckomod:SnekBeam"],"picked":"sneckomod:UnknownClassGREEN+1","floor":21.0},{"not_picked":["sneckomod:QuickMove+1","sneckomod:DiceCrush"],"picked":"sneckomod:Nope","floor":22},{"not_picked":["sneckomod:QuickMove","sneckomod:UnknownUncommonAttack+1"],"picked":"sneckomod:WideSting","floor":25},{"not_picked":["sneckomod:UnknownWeak+1","sneckomod:Unknown0Cost+1"],"picked":"sneckomod:UnknownUncommonAttack+1","floor":27},{"not_picked":["sneckomod:Nope","sneckomod:DiceCrush"],"picked":"sneckomod:UnknownWeak+1","floor":29},{"not_picked":["sneckomod:Mudshield+1","sneckomod:Transmogrify"],"picked":"sneckomod:UnknownClassGREEN+1","floor":31},{"not_picked":["sneckomod:DiceBlock","sneckomod:UnknownUncommonSkill+1"],"picked":"sneckomod:UnknownClassTHE_CHAMP_GRAY+1","floor":32}],"player_experience":1252144,"relics_obtained":[{"floor":6.0,"key":"Smiling Mask"},{"floor":10.0,"key":"sneckomod:UnknownEgg"},{"floor":12.0,"key":"Bottled Tornado"},{"floor":24,"key":"Frozen Egg 2"},{"floor":25,"key":"HornCleat"},{"floor":31,"key":"Darkstone Periapt"}],"event_choices":[{"damage_healed":0,"gold_gain":0,"player_choice":"Ignored","damage_taken":0,"max_hp_gain":0,"max_hp_loss":0,"event_name":"Vampires","floor":23,"gold_loss":0},{"cards_removed":["sneckomod:Strike"],"damage_healed":0,"gold_gain":0,"player_choice":"Purged","damage_taken":0,"max_hp_gain":0,"max_hp_loss":0,"event_name":"Purifier","floor":26,"gold_loss":0},{"damage_healed":0,"gold_gain":0,"player_choice":"Upgraded","damage_taken":0,"max_hp_gain":0,"max_hp_loss":0,"event_name":"Upgrade Shrine","floor":30,"gold_loss":0,"cards_upgraded":["expansioncontent:DefensiveStance"]}],"is_beta":false,"boss_relics":[{"not_picked":["SacredBark","Astrolabe"],"picked":"SlaversCollar"}],"items_purged_floors":[5,22],"is_endless":false,"potions_floor_spawned":[10,14,16,19,20,25,29,31],"killed_by":"downfall:Ironclad","ascension_level":2}}