{"host":"s6t38s6k4widkzbu","time":1609670732,"event":{"mods":["ATMod(°¢èªMod)","Aspiration","BaseMod","Conspire","Downfall","Googly Eyes","Hermit","Highlight Path","Hunter ÁÔÈË","KinomotoSakuraMod(Ä¾Ö®±¾Ó£)","KomeijiMod","Marisa£¨ìFÓê¡¡Ä§ÀíÉ³£©","Minty Spire (QoL Compilation)","Permanent Neow","Prisma Mod","Quick Restart","READ ME - Guardian Mod","Reimu£¨²©ÀöÁéÃÎ£©","Remilia£¨ÀÙÃ×ÀòÑÇ£©","Replay The Spire","RumiaBox-Â¶Ã×æ«µÄÉñÃØºÐ×Ó","StSLib","The Animator","The Bladedancer","The Bug Knight","The Cursed","The Gatherer","The Jungle","The Mystic","The Runesmith","The Servant 0.9.4","Youmu£¨»êÆÇÑýÃÎ£©","Yuyuko","¡¾ÒÅÎï¿¨ÅÆ¡¿REMEMod","óô»ðÖ¸ÄÏ"],"gold_per_floor":[116,116,36,53,70,98,98,108,135,135,135,135,220,234,234,385,385,388,388,388,388,462,462,475,475,475,489,489,513,567,443,443,598,598,616,616,390,390,390,429,429,447,473,518,518,50,50,71,71,71,71,71,10,53,83],"floor_reached":56,"playtime":21149,"items_purged":["TheCursedMod:Strike_TheCursed","TheCursedMod:Strike_TheCursed","TheCursedMod:Strike_TheCursed"],"score":1321,"play_id":"15548ec7-2e59-45d8-b439-54b0522311b7","local_time":"20210103184532","is_ascension_mode":false,"campfire_choices":[{"data":"TheCursedMod:DarkBarrier","floor":7.0,"key":"SMITH"},{"data":"TheCursedMod:CursedWand","floor":11.0,"key":"SMITH"},{"data":"TheCursedMod:Hemoplague","floor":15.0,"key":"SMITH"},{"data":"TheCursedMod:CollectTribute","floor":23.0,"key":"SMITH"},{"data":"TheCursedMod:SpitefulPray","floor":25.0,"key":"SMITH"},{"floor":32.0,"key":"REST"},{"floor":41.0,"key":"RECALL"},{"floor":49.0,"key":"REST"},{"data":"TheCursedMod:HellsGateOpen","floor":52.0,"key":"SMITH"},{"data":"TheCursedMod:ManaBullet","floor":52.0,"key":"SMITH"}],"circlet_count":0,"master_deck":["TheCursedMod:Strike_TheCursed","TheCursedMod:Defend_TheCursed+1","TheCursedMod:Defend_TheCursed","TheCursedMod:Defend_TheCursed+1","TheCursedMod:CursedWand+1","TheCursedMod:CleanUpWorkshop","TheCursedMod:Dregs","PrismaMod:IllyaCarnivalPrismaAstolfo+1","TheCursedMod:DemonicPact+1","TheCursedMod:SpitefulPray+1","Looming Evil","TheCursedMod:Hemoplague+1","TheCursedMod:SpitefulStrike","TheCursedMod:CursedShiv","TheCursedMod:SoulCrush","TheCursedMod:DarkBarrier+1","TheCursedMod:CursedBoomerang","Injury","TheCursedMod:Obscuration","TheCursedMod:AshesToAshes","TheCursedMod:CollectTribute+1","TheCursedMod:RapidMovement+1","Shame","ReplayTheSpireMod:Splinters","TheCursedMod:CircleOfFlame+1","TheCursedMod:Hemoplague","TheCursedMod:FleshFromBone","TheCursedMod:WearCloak+1","TheCursedMod:LuckyCharm","TheCursedMod:CollectTribute+1","TheCursedMod:Mangle+1","TheCursedMod:ManaBullet+1","TheCursedMod:HellsGateOpen+1","TheCursedMod:Grudge","TheCursedMod:SpreadPlague","TheCursedMod:BlessingInDisguise+1","TheCursedMod:CircleOfBlood","TheCursedMod:Stretching+1","TheCursedMod:DemonSword+1","TheCursedMod:SpreadPlague+1"],"relics":["TheCursedMod:BlackMagic101","REME_ComplimentaryCards","AT_ATBox","ReplayTheSpireMod:CursedCoin","AT_ArcaneBoots","Blue Doll","ThirstyCross","Golden Idol","TheCursedMod:FourLeafCloverCharm","theJungle:SneckoAutograph","Blood Vial","Gremlin Horn","theJungle:BirthdayCakeSlice","Lantern","TentaclePot:ReiMu","Philosopher\u0027s Stone","AT_EbonyIvory","Simple Rune","ReplayTheSpireMod:Lightbulb","Replay:Arrowhead","Guide Book","Molten Egg 2","Runesmith:Locket"],"acts_visited":["Exordium","Exordium","TheBeyond","TheEnding"],"potions_floor_usage":[],"damage_taken":[{"damage":8.0,"enemies":"Jaw Worm","floor":1.0,"turns":4.0},{"damage":4.0,"enemies":"conspire:RoseBush","floor":4.0,"turns":2.0},{"damage":0.0,"enemies":"2 Louse","floor":5.0,"turns":4.0},{"damage":32.0,"enemies":"Gremlin Nob","floor":6.0,"turns":5.0},{"damage":9.0,"enemies":"2 Fungi Beasts","floor":8.0,"turns":5.0},{"damage":0.0,"enemies":"Large Slime","floor":13.0,"turns":4.0},{"damage":0.0,"enemies":"3 Louse","floor":14.0,"turns":2.0},{"damage":5.0,"enemies":"Slime Boss","floor":16.0,"turns":9.0},{"damage":7.0,"enemies":"theJungle:5_Spyders","floor":18.0,"turns":8.0},{"damage":13.0,"enemies":"Shell Parasite","floor":24.0,"turns":4.0},{"damage":2.0,"enemies":"theJungle:Lyon","floor":27.0,"turns":4.0},{"damage":30.0,"enemies":"Snake Plant","floor":30.0,"turns":5.0},{"damage":17.0,"enemies":"theJungle:TotemBoss","floor":33.0,"turns":7.0},{"damage":0.0,"enemies":"Orb Walker","floor":35.0,"turns":5.0},{"damage":15.0,"enemies":"Reptomancer","floor":40.0,"turns":6.0},{"damage":16.0,"enemies":"3 Darklings","floor":42.0,"turns":4.0},{"damage":29.0,"enemies":"conspire:MimicChest","floor":44.0,"turns":7.0},{"damage":2.0,"enemies":"Spire Growth","floor":48.0,"turns":4.0},{"damage":0.0,"enemies":"Donu and Deca","floor":50.0,"turns":6.0},{"damage":8.0,"enemies":"Shield and Spear","floor":54.0,"turns":5.0},{"damage":79,"enemies":"The Heart","floor":55,"turns":7}],"seed_played":"-795835837496751908","potions_obtained":[{"floor":1.0,"key":"Energy Potion"},{"floor":4.0,"key":"Fire Potion"},{"floor":6.0,"key":"REME_GoldPotion"},{"floor":16.0,"key":"EssenceOfSteel"},{"floor":18.0,"key":"SneckoOil"},{"floor":22.0,"key":"ExcitationPotion"},{"floor":22.0,"key":"Fire Potion"},{"floor":40.0,"key":"Dexterity Potion"},{"floor":44.0,"key":"SmokeBomb"}],"is_trial":false,"path_per_floor":["M","?","$","M","M","E","R","M","T","?","R","?","M","M","R","B",null,"M","?","?","?","?","R","M","R","T","M","?","T","M","$","R","B",null,"M","?","$","?","T","E","R","M","T","?","?","$","T","M","R","B",null,"R","$","E","B",null],"character_chosen":"THE_CURSED","items_purchased":["ReplayTheSpireMod:CursedCoin","TheCursedMod:Hemoplague","TheCursedMod:FuryStrike","TheCursedMod:SpitefulStrike","TheCursedMod:LuckyCharm","TheCursedMod:ManaBullet","TheCursedMod:HellsGateOpen","TheCursedMod:CircleOfBlood","Replay:Arrowhead","Guide Book","TheCursedMod:DemonSword+1"],"campfire_rested":2,"item_purchase_floors":[3,3,3,3,31,37,37,46,46,46,53],"current_hp_per_floor":[67,67,67,63,63,34,34,25,25,25,25,25,25,25,25,20,78,71,61,61,61,61,61,53,53,53,53,58,58,30,30,54,39,83,83,83,83,83,83,68,68,54,54,30,30,30,30,34,58,72,83,83,83,78,1],"gold":83,"neow_bonus":"ONE_RANDOM_RARE_CARD","is_daily":false,"chose_seed":false,"campfire_upgraded":7,"win_rate":0.0,"timestamp":1609670732,"path_taken":["M","?","?","M","M","E","R","M","T","?","R","?","?","M","R","BOSS","M","?","?","?","?","R","M","R","T","M","?","?","M","$","R","BOSS","M","?","$","?","?","E","R","?","T","?","?","$","?","M","R","BOSS","R","$","E","BOSS"],"items_purchased_type":["Relic","Card","Card","Card","Card","Card","Card","Card","Relic","Relic","Card"],"build_version":"2020-12-22","purchased_purges":3,"victory":true,"max_hp_per_floor":[75,75,75,75,75,78,78,78,78,78,78,78,78,78,78,78,78,78,78,78,78,78,78,78,78,78,78,83,83,83,83,83,83,83,83,83,83,83,83,83,83,83,83,83,83,83,83,83,83,83,83,83,83,83,83],"card_choices":[{"not_picked":["TheCursedMod:CircleOfFlame","TheCursedMod:CursedAmulet"],"picked":"TheCursedMod:SpitefulPray","floor":1.0},{"not_picked":["TheCursedMod:FleshFromBone","TheCursedMod:Wield"],"picked":"TheCursedMod:CursedShiv","floor":4.0},{"not_picked":["TheCursedMod:CursedStaff","TheCursedMod:SmokeScreen"],"picked":"TheCursedMod:SoulCrush","floor":5.0},{"not_picked":["TheCursedMod:TroublousMinions","TheCursedMod:DoubleShield"],"picked":"TheCursedMod:DarkBarrier","floor":6.0},{"not_picked":["TheCursedMod:CircleOfFlame","TheCursedMod:SpitefulPray"],"picked":"TheCursedMod:CursedBoomerang","floor":8.0},{"not_picked":["TheCursedMod:SpitefulStrike","TheCursedMod:SmokeScreen"],"picked":"TheCursedMod:Obscuration","floor":13.0},{"not_picked":["TheCursedMod:Obscuration","TheCursedMod:RapidMovement"],"picked":"TheCursedMod:AshesToAshes","floor":14.0},{"not_picked":["TheCursedMod:ForbiddenAlchemy","TheCursedMod:CircleOfAbyss"],"picked":"TheCursedMod:CollectTribute","floor":16.0},{"not_picked":["TheCursedMod:AshesToAshes+1","TheCursedMod:CursedBoomerang"],"picked":"TheCursedMod:RapidMovement+1","floor":18.0},{"not_picked":["TheCursedMod:CursedShiv","TheCursedMod:Wield"],"picked":"TheCursedMod:CircleOfFlame+1","floor":22.0},{"not_picked":["TheCursedMod:CircleOfAmplification","TheCursedMod:Stretching"],"picked":"TheCursedMod:Hemoplague","floor":24.0},{"not_picked":["TheCursedMod:Stretching","TheCursedMod:CursedBlade"],"picked":"TheCursedMod:FleshFromBone","floor":27.0},{"not_picked":["TheCursedMod:BloodBarrier+1","TheCursedMod:CursedAmulet"],"picked":"TheCursedMod:WearCloak+1","floor":30.0},{"not_picked":["TheCursedMod:UltimatePain","TheCursedMod:CursedRelics"],"picked":"TheCursedMod:CollectTribute","floor":33.0},{"not_picked":["TheCursedMod:Stigma+1","TheCursedMod:SoulCrush+1"],"picked":"TheCursedMod:Mangle+1","floor":35.0},{"not_picked":["TheCursedMod:CursedArmor+1","TheCursedMod:DarkBarrier"],"picked":"TheCursedMod:Grudge","floor":40.0},{"not_picked":["TheCursedMod:CircleOfAmplification","TheCursedMod:CircleOfFlame+1"],"picked":"TheCursedMod:SpreadPlague","floor":42.0},{"not_picked":["TheCursedMod:RapidMovement","TheCursedMod:SpitefulStrike+1"],"picked":"TheCursedMod:BlessingInDisguise+1","floor":44.0},{"not_picked":["TheCursedMod:Obscuration","TheCursedMod:CircleOfAmplification"],"picked":"TheCursedMod:Stretching+1","floor":48.0},{"not_picked":["TheCursedMod:CursedBlade+1","TheCursedMod:CollectTribute"],"picked":"TheCursedMod:SpreadPlague+1","floor":54.0}],"player_experience":388242,"relics_obtained":[{"floor":6.0,"key":"AT_SpeedBoots"},{"floor":9.0,"key":"Blue Doll"},{"floor":22.0,"key":"Blood Vial"},{"floor":26.0,"key":"Gremlin Horn"},{"floor":29.0,"key":"Lantern"},{"floor":40.0,"key":"AT_EbonyIvory"},{"floor":43.0,"key":"Simple Rune"},{"floor":44.0,"key":"ReplayTheSpireMod:Lightbulb"},{"floor":47.0,"key":"Molten Egg 2"},{"floor":54.0,"key":"Runesmith:Locket"}],"event_choices":[{"damage_healed":0.0,"max_hp_gain":0.0,"max_hp_loss":0.0,"gold_gain":0.0,"event_name":"Upgrade Shrine","player_choice":"Upgraded","floor":2.0,"gold_loss":0.0,"damage_taken":0.0,"cards_upgraded":["PrismaMod:IllyaCarnivalPrismaAstolfo"]},{"damage_healed":0.0,"max_hp_gain":0.0,"max_hp_loss":0.0,"gold_gain":0.0,"event_name":"Golden Idol","player_choice":"Take Wound","floor":12.0,"gold_loss":0.0,"damage_taken":0.0,"relics_obtained":["Golden Idol"],"cards_obtained":["Injury"]},{"cards_removed":["TheCursedMod:FuryStrike"],"damage_healed":0.0,"max_hp_gain":0.0,"max_hp_loss":0.0,"gold_gain":0.0,"event_name":"Falling","player_choice":"Removed Attack","floor":36.0,"gold_loss":0.0,"damage_taken":0.0},{"damage_healed":0.0,"max_hp_gain":0.0,"max_hp_loss":0.0,"gold_gain":0.0,"event_name":"Tomb of Lord Red Mask","player_choice":"Ignored","floor":38.0,"gold_loss":0.0,"damage_taken":0.0},{"damage_healed":0.0,"max_hp_gain":0.0,"max_hp_loss":0.0,"gold_gain":0.0,"event_name":"conspire:Investor","player_choice":"Leave","floor":45.0,"gold_loss":0.0,"damage_taken":0.0}],"is_beta":false,"boss_relics":[{"not_picked":["EasyGame_NEW","SoulBox"],"picked":"TheCursedMod:FourLeafCloverCharm"},{"not_picked":["aspiration:MobileForge","ChewingGum"],"picked":"Philosopher\u0027s Stone"}],"items_purged_floors":[3,31,37],"is_endless":false,"potions_floor_spawned":[1,4,6,16,18,40,44],"ascension_level":0}}