{"host":"6gwm7y0tp7acoxay","time":1609672702,"event":{"mods":["BaseMod","Colored Map","Keyboard Shortcuts","Minty Spire (QoL Compilation)","Quick Restart","StSLib","SuperFastMode","everything is the same but u backflip on backflip"],"gold_per_floor":[118,118,118,193,207,238,238,264,333,333,374,408,408,448,448,538,538,554,590,590,603,603,637,676,707,707,171,214,233,233,254,254,345,345,358,178,178,178,196,227,262,296,296,327,307,346,370,383,383,383,383,383,383,49,84,84],"floor_reached":57,"playtime":2029,"items_purged":["Pommel Strike"],"score":3545,"play_id":"0605a7c0-9188-4142-9ea0-1dadba767c75","local_time":"20210103201822","daily_mods":["SealedDeck","Heirloom","Flight"],"is_ascension_mode":true,"campfire_choices":[{"data":"Armaments","floor":7.0,"key":"SMITH"},{"floor":13.0,"key":"REST"},{"data":"Offering","floor":15.0,"key":"SMITH"},{"floor":32.0,"key":"RECALL"},{"data":"Evolve","floor":49.0,"key":"SMITH"},{"data":"Uppercut","floor":53.0,"key":"SMITH"}],"circlet_count":0,"master_deck":["AscendersBane","Flame Barrier","Armaments+1","Shockwave","Dropkick","Second Wind","Evolve+1","Uppercut+1","Demon Form","Offering+1","Whirlwind","Berserk","Dual Wield","Madness","Madness","Madness","Shrug It Off"],"relics":["Burning Blood","Incense Burner","Happy Flower","Pantograph","Bag of Marbles","Gremlin Horn","Golden Idol","Bottled Tornado","Ancient Tea Set","Dream Catcher","Empty Cage","Red Mask","Molten Egg 2","Turnip","TungstenRod","Bronze Scales","Toy Ornithopter","Matryoshka","Kunai","Busted Crown","Blood Vial","Shuriken","Pen Nib","Paper Frog","Sundial","Centennial Puzzle","Gambling Chip","Ornamental Fan","Orichalcum"],"acts_visited":["Exordium","TheCity","TheBeyond","TheEnding"],"potions_floor_usage":[56,56],"damage_taken":[{"damage":0.0,"enemies":"2 Louse","floor":1.0,"turns":3.0},{"damage":0.0,"enemies":"Small Slimes","floor":5.0,"turns":4.0},{"damage":10.0,"enemies":"3 Sentries","floor":6.0,"turns":5.0},{"damage":23.0,"enemies":"Gremlin Nob","floor":8.0,"turns":4.0},{"damage":0.0,"enemies":"Lagavulin","floor":11.0,"turns":6.0},{"damage":35.0,"enemies":"Gremlin Nob","floor":12.0,"turns":5.0},{"damage":9.0,"enemies":"3 Sentries","floor":14.0,"turns":3.0},{"damage":14.0,"enemies":"Hexaghost","floor":16.0,"turns":5.0},{"damage":9.0,"enemies":"Spheric Guardian","floor":18.0,"turns":4.0},{"damage":18.0,"enemies":"Masked Bandits","floor":19.0,"turns":2.0},{"damage":1.0,"enemies":"2 Thieves","floor":21.0,"turns":2.0},{"damage":6.0,"enemies":"Gremlin Leader","floor":23.0,"turns":3.0},{"damage":16.0,"enemies":"Book of Stabbing","floor":24.0,"turns":4.0},{"damage":6.0,"enemies":"Slavers","floor":25.0,"turns":1.0},{"damage":14.0,"enemies":"Book of Stabbing","floor":28.0,"turns":4.0},{"damage":5.0,"enemies":"Snecko","floor":29.0,"turns":3.0},{"damage":0.0,"enemies":"Snake Plant","floor":31.0,"turns":3.0},{"damage":15.0,"enemies":"Champ","floor":33.0,"turns":4.0},{"damage":5.0,"enemies":"3 Darklings","floor":35.0,"turns":4.0},{"damage":12.0,"enemies":"Orb Walker","floor":39.0,"turns":2.0},{"damage":5.0,"enemies":"Giant Head","floor":40.0,"turns":4.0},{"damage":5.0,"enemies":"Reptomancer","floor":41.0,"turns":2.0},{"damage":5.0,"enemies":"Nemesis","floor":42.0,"turns":5.0},{"damage":5.0,"enemies":"Reptomancer","floor":44.0,"turns":3.0},{"damage":13.0,"enemies":"Giant Head","floor":46.0,"turns":4.0},{"damage":0.0,"enemies":"3 Darklings","floor":47.0,"turns":2.0},{"damage":5.0,"enemies":"Transient","floor":48.0,"turns":6.0},{"damage":22.0,"enemies":"Time Eater","floor":50.0,"turns":6.0},{"damage":5.0,"enemies":"Awakened One","floor":51.0,"turns":4.0},{"damage":5,"enemies":"Shield and Spear","floor":55,"turns":3},{"damage":18,"enemies":"The Heart","floor":56,"turns":5}],"seed_played":"-8472778744170172307","potions_obtained":[{"floor":12.0,"key":"GamblersBrew"},{"floor":19.0,"key":"Energy Potion"},{"floor":23.0,"key":"PowerPotion"},{"floor":31.0,"key":"Fire Potion"},{"floor":39.0,"key":"Strength Potion"},{"floor":41.0,"key":"Energy Potion"}],"is_trial":true,"path_per_floor":["M","?","?","?","M","E","R","E","T","?","E","E","R","E","R","B",null,"M","?","?","M","T","E","E","E","T","$","E","M","?","M","R","B",null,"M","$","?","?","M","E","E","E","T","E","?","E","M","M","R","B","B",null,"R","$","E","B",null],"character_chosen":"IRONCLAD","items_purchased":["Toy Ornithopter","Matryoshka","Regen Potion","Madness","Ornamental Fan","SkillPotion"],"campfire_rested":1,"item_purchase_floors":[27,27,27,36,54,54],"current_hp_per_floor":[74,63,63,52,58,54,54,37,37,37,43,14,34,31,31,48,63,60,48,48,53,53,53,43,43,43,43,52,53,53,59,59,64,67,68,68,57,57,51,52,60,63,63,66,66,61,68,68,68,52,68,68,68,68,68,61],"gold":84,"neow_bonus":"","is_daily":false,"chose_seed":false,"campfire_upgraded":4,"win_rate":0.0,"timestamp":1609672702,"path_taken":["M","?","?","?","M","E","R","E","T","?","E","E","R","E","R","BOSS","M","?","?","?","?","E","E","E","T","$","E","?","?","M","R","BOSS","M","$","?","?","?","E","E","E","T","E","?","E","M","M","R","BOSS","BOSS","R","$","E","BOSS"],"items_purchased_type":["Relic","Relic","Potion","Card","Relic","Potion"],"build_version":"2020-12-22","purchased_purges":1,"victory":true,"max_hp_per_floor":[75,75,75,75,75,75,75,75,75,68,68,68,68,68,68,68,68,68,68,68,68,68,68,68,68,68,68,68,68,68,68,68,68,68,68,68,68,68,68,68,68,68,68,68,68,68,68,68,68,68,68,68,68,68,68,68],"card_choices":[{"not_picked":["Pummel","Rampage"],"picked":"Uppercut","floor":1.0},{"not_picked":["Twin Strike","Thunderclap","Flex"],"picked":"SKIP","floor":5.0},{"not_picked":["Cleave","Pommel Strike","True Grit"],"picked":"SKIP","floor":6.0},{"not_picked":["Headbutt","Body Slam"],"picked":"Demon Form","floor":8.0},{"not_picked":["Inflame","Havoc","Clothesline"],"picked":"SKIP","floor":11.0},{"not_picked":["Iron Wave","Clash"],"picked":"Offering","floor":12.0},{"not_picked":["Rampage","Warcry"],"picked":"Whirlwind","floor":14.0},{"not_picked":["Offering","Barricade"],"picked":"Berserk","floor":16.0},{"not_picked":["Infernal Blade+1","Entrench","Flex"],"picked":"SKIP","floor":18.0},{"not_picked":["Thunderclap","Twin Strike","Havoc"],"picked":"SKIP","floor":21.0},{"not_picked":["Havoc","Twin Strike+1","Fiend Fire+1"],"picked":"SKIP","floor":23.0},{"not_picked":["Combust","Inflame","Shockwave"],"picked":"SKIP","floor":24.0},{"not_picked":["Sentinel","Havoc","Perfected Strike+1"],"picked":"SKIP","floor":25.0},{"not_picked":["Cleave+1","Clothesline+1"],"picked":"Dual Wield","floor":28.0},{"not_picked":["Burning Pact","Anger+1","Clash+1"],"picked":"SKIP","floor":29.0},{"not_picked":["Havoc","Pommel Strike+1","Second Wind"],"picked":"SKIP","floor":31.0},{"not_picked":["Whirlwind+1"],"picked":"SKIP","floor":35.0},{"not_picked":["Perfected Strike+1"],"picked":"SKIP","floor":39.0},{"not_picked":["Second Wind"],"picked":"SKIP","floor":40.0},{"not_picked":["Dual Wield+1"],"picked":"SKIP","floor":41.0},{"not_picked":["Sword Boomerang+1"],"picked":"SKIP","floor":42.0},{"not_picked":["Body Slam+1"],"picked":"SKIP","floor":44.0},{"not_picked":["Sword Boomerang+1"],"picked":"SKIP","floor":46.0},{"not_picked":["Entrench"],"picked":"SKIP","floor":47.0},{"not_picked":["Battle Trance"],"picked":"SKIP","floor":48.0},{"not_picked":["Shrug It Off"],"picked":"SKIP","floor":55},{"not_picked":[],"picked":"Shrug It Off","floor":55}],"player_experience":4354786,"relics_obtained":[{"floor":6.0,"key":"Pantograph"},{"floor":8.0,"key":"Bag of Marbles"},{"floor":9.0,"key":"Gremlin Horn"},{"floor":11.0,"key":"Bottled Tornado"},{"floor":12.0,"key":"Ancient Tea Set"},{"floor":14.0,"key":"Dream Catcher"},{"floor":19.0,"key":"Red Mask"},{"floor":23.0,"key":"Molten Egg 2"},{"floor":24.0,"key":"Turnip"},{"floor":25.0,"key":"TungstenRod"},{"floor":26.0,"key":"Bronze Scales"},{"floor":28.0,"key":"Kunai"},{"floor":40.0,"key":"Blood Vial"},{"floor":41.0,"key":"Shuriken"},{"floor":42.0,"key":"Pen Nib"},{"floor":43.0,"key":"Paper Frog"},{"floor":43.0,"key":"Sundial"},{"floor":44.0,"key":"Centennial Puzzle"},{"floor":46.0,"key":"Gambling Chip"},{"floor":55,"key":"Orichalcum"}],"event_choices":[{"damage_healed":0.0,"max_hp_gain":0.0,"max_hp_loss":0.0,"gold_gain":0.0,"event_name":"Scrap Ooze","player_choice":"Success","floor":2.0,"gold_loss":0.0,"damage_taken":11.0,"relics_obtained":["Happy Flower"]},{"damage_healed":0.0,"max_hp_gain":0.0,"max_hp_loss":0.0,"gold_gain":0.0,"event_name":"Liars Game","player_choice":"Ignored","floor":3.0,"gold_loss":0.0,"damage_taken":0.0},{"damage_healed":0.0,"max_hp_gain":0.0,"max_hp_loss":0.0,"gold_gain":75.0,"event_name":"World of Goop","player_choice":"Gather Gold","floor":4.0,"gold_loss":0.0,"damage_taken":11.0},{"damage_healed":0.0,"max_hp_gain":0.0,"max_hp_loss":7.0,"gold_gain":0.0,"event_name":"Golden Idol","player_choice":"Lose Max HP","floor":10.0,"gold_loss":0.0,"damage_taken":0.0,"relics_obtained":["Golden Idol"]},{"damage_healed":0.0,"max_hp_gain":0.0,"max_hp_loss":0.0,"gold_gain":0.0,"event_name":"Masked Bandits","player_choice":"Fought Bandits","floor":19.0,"gold_loss":0.0,"damage_taken":0.0},{"cards_removed":["Spot Weakness"],"damage_healed":0.0,"max_hp_gain":0.0,"max_hp_loss":0.0,"gold_gain":0.0,"event_name":"Purifier","player_choice":"Purged","floor":20.0,"gold_loss":0.0,"damage_taken":0.0},{"damage_healed":0.0,"max_hp_gain":0.0,"max_hp_loss":0.0,"gold_gain":0.0,"event_name":"The Mausoleum","player_choice":"Ignored","floor":30.0,"gold_loss":0.0,"damage_taken":0.0},{"damage_healed":0.0,"max_hp_gain":0.0,"max_hp_loss":0.0,"gold_gain":0.0,"event_name":"Winding Halls","player_choice":"Embrace Madness","floor":37.0,"gold_loss":0.0,"damage_taken":12.0,"cards_obtained":["Madness","Madness"]},{"damage_healed":0.0,"max_hp_gain":0.0,"max_hp_loss":0.0,"gold_gain":0.0,"event_name":"Match and Keep!","player_choice":"0 cards matched","floor":38.0,"gold_loss":0.0,"damage_taken":0.0,"cards_obtained":[]},{"damage_healed":0.0,"max_hp_gain":0.0,"max_hp_loss":0.0,"gold_gain":0.0,"event_name":"The Woman in Blue","player_choice":"Bought 1 Potion","floor":45.0,"gold_loss":0.0,"damage_taken":0.0}],"is_beta":false,"boss_relics":[{"not_picked":["Black Blood","Ectoplasm"],"picked":"Empty Cage"},{"not_picked":["Philosopher\u0027s Stone","Velvet Choker"],"picked":"Busted Crown"}],"items_purged_floors":[36],"is_endless":false,"potions_floor_spawned":[12,19,21,23,31,39,40,41,44,46],"ascension_level":20}}