{"host":"qwttrqaysb380yri","time":1609639039,"event":{"mods":["BaseMod","Custom Start","Minty Spire (QoL Compilation)","Permanent Neow","Puzzle Mod","Relic Stats","StSLib","The Hierophant"],"gold_per_floor":[117,132,145,162,162,190,204,220,220,220,248,260,260,292,292,366,366,382,397,424,181,181,216,229,267,293,335,346,346,386,409,421,433,433],"floor_reached":33,"playtime":1350,"items_purged":["Strike_G"],"score":673,"play_id":"37fdd345-cd46-4ca2-8b26-57959f496850","local_time":"20210103025719","is_ascension_mode":true,"campfire_choices":[{"floor":10,"key":"REST"},{"floor":13,"key":"REST"},{"floor":15,"key":"REST"},{"data":"Noxious Fumes","floor":29,"key":"SMITH"},{"data":"Leg Sweep","floor":32,"key":"SMITH"}],"circlet_count":0,"master_deck":["AscendersBane","Strike_G","Strike_G","Strike_G","Strike_G","Defend_G","Defend_G","Defend_G","Defend_G","Defend_G","Survivor","Neutralize","Blind","Deadly Poison","Backstab","Dash","Deadly Poison","All Out Attack","Poisoned Stab","Leg Sweep+1","Noxious Fumes+1","Caltrops","Dagger Spray","Adrenaline","CurseOfTheBell","Backstab","Heel Hook","PiercingWail","After Image","Backflip+1"],"relics":["Ring of the Snake","Potion Belt","Bird Faced Urn","Bag of Preparation","Strawberry","StrikeDummy","Calling Bell","Pen Nib","Meat on the Bone","Peace Pipe","Red Mask","TwistedFunnel","MutagenicStrength","CeramicFish","Akabeko","Lantern","Pocketwatch","MawBank"],"acts_visited":["Exordium","TheCity"],"potions_floor_usage":[6,11,16,16,20,27,33,33],"damage_taken":[{"damage":2,"enemies":"Cultist","floor":1,"turns":4},{"damage":0,"enemies":"Small Slimes","floor":2,"turns":3},{"damage":1,"enemies":"Jaw Worm","floor":3,"turns":2},{"damage":0,"enemies":"2 Fungi Beasts","floor":4,"turns":4},{"damage":12,"enemies":"3 Sentries","floor":6,"turns":8},{"damage":14,"enemies":"Large Slime","floor":7,"turns":7},{"damage":0,"enemies":"Exordium Wildlife","floor":8,"turns":2},{"damage":12,"enemies":"Lagavulin","floor":11,"turns":7},{"damage":6,"enemies":"Exordium Thugs","floor":12,"turns":3},{"damage":18,"enemies":"3 Sentries","floor":14,"turns":8},{"damage":36,"enemies":"Slime Boss","floor":16,"turns":10},{"damage":0,"enemies":"3 Byrds","floor":18,"turns":4},{"damage":0,"enemies":"Spheric Guardian","floor":19,"turns":1},{"damage":17,"enemies":"Masked Bandits","floor":20,"turns":4},{"damage":32,"enemies":"Book of Stabbing","floor":23,"turns":5},{"damage":0,"enemies":"3 Cultists","floor":24,"turns":4},{"damage":13,"enemies":"Slavers","floor":25,"turns":5},{"damage":7,"enemies":"Gremlin Leader","floor":27,"turns":4},{"damage":0,"enemies":"Snecko","floor":28,"turns":2},{"damage":0,"enemies":"Slavers","floor":30,"turns":2},{"damage":0,"enemies":"Centurion and Healer","floor":31,"turns":5},{"damage":59,"enemies":"Collector","floor":33,"turns":7}],"seed_played":"376825412441894417","potions_obtained":[{"floor":2,"key":"Fire Potion"},{"floor":3,"key":"SpeedPotion"},{"floor":7,"key":"Fire Potion"},{"floor":8,"key":"Block Potion"},{"floor":11,"key":"AttackPotion"},{"floor":19,"key":"Block Potion"},{"floor":24,"key":"GamblersBrew"},{"floor":27,"key":"SpeedPotion"},{"floor":31,"key":"ColorlessPotion"}],"is_trial":false,"path_per_floor":["M","M","M","M","?","E","M","M","T","R","E","M","R","E","R","B",null,"M","M","?","$","?","E","M","E","T","E","M","R","E","M","R","B"],"character_chosen":"THE_SILENT","items_purchased":["TwistedFunnel"],"campfire_rested":3,"item_purchase_floors":[21],"current_hp_per_floor":[57,57,56,56,38,26,12,12,12,31,26,20,41,27,48,16,59,63,63,50,50,50,32,48,39,39,48,52,52,54,60,60,7,7],"gold":433,"neow_bonus":"RANDOM_COLORLESS","is_daily":false,"chose_seed":false,"campfire_upgraded":2,"win_rate":0.0,"timestamp":1609639039,"path_taken":["M","?","M","M","?","E","M","M","T","R","E","M","R","E","R","BOSS","M","M","?","$","?","E","M","E","T","E","M","R","E","M","R","BOSS"],"items_purchased_type":["Relic"],"build_version":"2020-12-22","purchased_purges":1,"victory":false,"max_hp_per_floor":[66,66,66,66,66,66,66,66,66,66,73,73,73,73,73,73,73,73,73,73,73,73,73,73,73,73,73,73,73,73,73,73,73,73],"relic_stats":{"Peace Pipe":0,"counters":[22,101],"Bird Faced Urn":[48],"CeramicFish":27,"Pen Nib":[9],"Bag of Preparation":[30],"MawBank":36,"obtain_stats":[{"Potion Belt":5,"TwistedFunnel":21,"Lantern":26,"CeramicFish":23,"Pen Nib":17,"Bag of Preparation":9,"MawBank":30,"Akabeko":25,"Calling Bell":17,"Peace Pipe":17,"Bird Faced Urn":6,"Strawberry":11,"MutagenicStrength":22,"Red Mask":20,"StrikeDummy":14,"Ring of the Snake":0,"Meat on the Bone":17,"Pocketwatch":27},{"Potion Belt":4,"TwistedFunnel":14,"Lantern":17,"CeramicFish":15,"Pen Nib":11,"Bag of Preparation":7,"MawBank":20,"Akabeko":17,"Calling Bell":11,"Peace Pipe":11,"Bird Faced Urn":5,"Strawberry":8,"MutagenicStrength":14,"Red Mask":14,"StrikeDummy":10,"Ring of the Snake":0,"Meat on the Bone":11,"Pocketwatch":18},{"Potion Belt":13,"TwistedFunnel":67,"Lantern":81,"CeramicFish":72,"Pen Nib":58,"Bag of Preparation":30,"MawBank":89,"Akabeko":81,"Calling Bell":58,"Peace Pipe":58,"Bird Faced Urn":21,"Strawberry":37,"MutagenicStrength":67,"Red Mask":67,"StrikeDummy":48,"Ring of the Snake":0,"Meat on the Bone":58,"Pocketwatch":85}],"Ring of the Snake":[44],"Meat on the Bone":36,"Pocketwatch":[12]},"card_choices":[{"not_picked":["Enlightenment","Forethought"],"picked":"Blind","floor":0},{"not_picked":["Well Laid Plans","Tactician"],"picked":"Deadly Poison","floor":1},{"not_picked":["Noxious Fumes","Endless Agony"],"picked":"Backstab","floor":2},{"not_picked":["Riddle With Holes","Quick Slash"],"picked":"Dash","floor":3},{"not_picked":["Poisoned Stab","Underhanded Strike"],"picked":"Deadly Poison","floor":4},{"not_picked":["Wraith Form v2","Calculated Gamble"],"picked":"All Out Attack","floor":6},{"not_picked":["Tactician","Backflip"],"picked":"Poisoned Stab","floor":7},{"not_picked":["Acrobatics","Sucker Punch"],"picked":"Leg Sweep","floor":8},{"not_picked":["PiercingWail","Deadly Poison"],"picked":"Noxious Fumes","floor":11},{"not_picked":["Heel Hook","Dodge and Roll"],"picked":"Caltrops","floor":12},{"not_picked":["Choke","Quick Slash"],"picked":"Dagger Spray","floor":14},{"not_picked":["A Thousand Cuts","Night Terror"],"picked":"Adrenaline","floor":16},{"not_picked":["Deadly Poison","Dodge and Roll"],"picked":"Backstab","floor":18},{"not_picked":["Distraction","Reflex"],"picked":"Heel Hook","floor":19},{"not_picked":["Prepared","Outmaneuver","Quick Slash"],"picked":"SKIP","floor":23},{"not_picked":["Poisoned Stab","Eviscerate","Underhanded Strike"],"picked":"SKIP","floor":24},{"not_picked":["Infinite Blades","Distraction"],"picked":"PiercingWail","floor":25},{"not_picked":["Dagger Spray","All Out Attack"],"picked":"After Image","floor":27},{"not_picked":["Finisher+1","Reflex","Backstab"],"picked":"SKIP","floor":28},{"not_picked":["Distraction+1","Outmaneuver"],"picked":"Backflip+1","floor":30},{"not_picked":["Predator","Dagger Throw","Backflip"],"picked":"SKIP","floor":31}],"player_experience":1982353,"relics_obtained":[{"floor":6,"key":"Bird Faced Urn"},{"floor":9,"key":"Bag of Preparation"},{"floor":11,"key":"Strawberry"},{"floor":14,"key":"StrikeDummy"},{"floor":17,"key":"Pen Nib"},{"floor":17,"key":"Meat on the Bone"},{"floor":17,"key":"Peace Pipe"},{"floor":20,"key":"Red Mask"},{"floor":23,"key":"CeramicFish"},{"floor":25,"key":"Akabeko"},{"floor":26,"key":"Lantern"},{"floor":27,"key":"Pocketwatch"},{"floor":30,"key":"MawBank"}],"event_choices":[{"damage_healed":0,"gold_gain":0,"player_choice":"Success","damage_taken":18,"relics_obtained":["Potion Belt"],"max_hp_gain":0,"max_hp_loss":0,"event_name":"Scrap Ooze","floor":5,"gold_loss":0},{"damage_healed":0,"gold_gain":0,"player_choice":"Fought Bandits","damage_taken":0,"max_hp_gain":0,"max_hp_loss":0,"event_name":"Masked Bandits","floor":20,"gold_loss":0},{"damage_healed":0,"gold_gain":0,"player_choice":"Inject Mutagens","damage_taken":0,"relics_obtained":["MutagenicStrength"],"max_hp_gain":0,"max_hp_loss":0,"event_name":"Drug Dealer","floor":22,"gold_loss":0}],"is_beta":false,"boss_relics":[{"not_picked":["Ring of the Serpent","HoveringKite"],"picked":"Calling Bell"}],"items_purged_floors":[21],"is_endless":false,"potions_floor_spawned":[2,3,7,8,11,19,24,27,31],"killed_by":"Collector","ascension_level":16}}