{"host":"wh4j7ne8ji3b7qqv","time":1609679324,"event":{"mods":["AchievementEnabler","BaseMod","Colored Map","Downfall","Minty Spire (QoL Compilation)","StSLib"],"gold_per_floor":[115,115,132,152,152,181,196,196,196,52,52,2,34,34,34,131,131,148,148,363,363,378,407,407,407],"floor_reached":24,"playtime":914,"items_purged":[],"score":247,"play_id":"cfb2853e-efe5-4aa0-a33d-516c1fe49bba","local_time":"20210103140844","is_ascension_mode":false,"campfire_choices":[{"floor":8,"key":"REST"},{"data":"Tantrum","floor":11,"key":"SMITH"},{"floor":15,"key":"REST"}],"circlet_count":0,"master_deck":["Strike_P","Strike_P+1","Strike_P","Defend_P","Defend_P","Defend_P","Eruption","Vigilance","JustLucky+1","FlurryOfBlows","Tantrum+1","Prostrate","SandsOfTime","EmptyBody","Prostrate","ReachHeaven","DevaForm","TalkToTheHand","FollowUp","Ragnarok"],"relics":["PureWater","Question Card","Regal Pillow","Bird Faced Urn","Lee\u0027s Waffle","Dream Catcher","SlaversCollar","Old Coin","Shuriken","Meat on the Bone"],"acts_visited":["Exordium","TheCity"],"potions_floor_usage":[3,6,23],"damage_taken":[{"damage":7,"enemies":"Cultist","floor":1,"turns":3},{"damage":1,"enemies":"Jaw Worm","floor":3,"turns":3},{"damage":0,"enemies":"2 Louse","floor":4,"turns":3},{"damage":37,"enemies":"3 Sentries","floor":6,"turns":4},{"damage":10,"enemies":"2 Fungi Beasts","floor":7,"turns":3},{"damage":27,"enemies":"Lagavulin","floor":13,"turns":3},{"damage":25,"enemies":"Slime Boss","floor":16,"turns":5},{"damage":12,"enemies":"2 Thieves","floor":18,"turns":4},{"damage":2,"enemies":"Chosen","floor":22,"turns":4},{"damage":82,"enemies":"Slavers","floor":23,"turns":5},{"damage":23,"enemies":"Centurion and Healer","floor":24,"turns":2}],"seed_played":"-3710479247591407082","potions_obtained":[{"floor":3,"key":"Fruit Juice"},{"floor":4,"key":"champ:CounterPotion"},{"floor":13,"key":"Regen Potion"},{"floor":23,"key":"BlessingOfTheForge"}],"is_trial":false,"path_per_floor":["M","T","M","M","?","E","M","R","T","$","R","?","E","?","R","B",null,"M","?","?","T","M","E","M"],"character_chosen":"WATCHER","items_purchased":["Lee\u0027s Waffle"],"campfire_rested":2,"item_purchase_floors":[10],"current_hp_per_floor":[72,72,76,76,59,22,12,52,52,91,91,91,64,64,91,66,91,79,91,91,91,89,21,0,0],"gold":407,"neow_bonus":"TEN_PERCENT_HP_BONUS","is_daily":false,"chose_seed":false,"campfire_upgraded":1,"win_rate":0.0,"timestamp":1609679324,"path_taken":["M","?","M","M","?","E","?","R","T","$","R","?","E","?","R","BOSS","M","?","?","?","?","E","M"],"items_purchased_type":["Relic"],"build_version":"2020-12-22","purchased_purges":0,"victory":false,"max_hp_per_floor":[79,79,84,84,84,84,84,84,84,91,91,91,91,91,91,91,91,91,91,91,91,91,91,91,91],"card_choices":[{"not_picked":["EmptyFist","Nirvana"],"picked":"JustLucky","floor":1},{"not_picked":["Fasting2","Protect","EmptyFist"],"picked":"FlurryOfBlows","floor":3},{"not_picked":["FollowUp","Nirvana","FlyingSleeves"],"picked":"Tantrum","floor":4},{"not_picked":["Nirvana","Collect","MasterReality"],"picked":"Prostrate","floor":6},{"not_picked":["FollowUp","ThirdEye","Prostrate"],"picked":"SandsOfTime","floor":7},{"not_picked":["InnerPeace","Crescendo","JustLucky"],"picked":"EmptyBody","floor":13},{"not_picked":["FlyingSleeves","WheelKick","Nirvana"],"picked":"ReachHeaven","floor":15},{"not_picked":["Scrawl","ConjureBlade","Ragnarok"],"picked":"DevaForm","floor":16},{"not_picked":["Evaluate+1","Sanctity","Perseverance"],"picked":"TalkToTheHand","floor":18},{"not_picked":["Prostrate","CarveReality","ClearTheMind"],"picked":"FollowUp","floor":22},{"not_picked":["ReachHeaven","FlurryOfBlows+1","EmptyFist+1"],"picked":"Ragnarok","floor":23}],"player_experience":41161,"relics_obtained":[{"floor":2,"key":"Question Card"},{"floor":6,"key":"Regal Pillow"},{"floor":9,"key":"Bird Faced Urn"},{"floor":13,"key":"Dream Catcher"},{"floor":21,"key":"Shuriken"},{"floor":23,"key":"Meat on the Bone"}],"event_choices":[{"damage_healed":0,"gold_gain":0,"player_choice":"Entered Light","damage_taken":17,"max_hp_gain":0,"max_hp_loss":0,"event_name":"Shining Light","floor":5,"gold_loss":0,"cards_upgraded":["Strike_P","JustLucky"]},{"cards_removed":["Strike_P"],"damage_healed":0,"gold_gain":0,"player_choice":"Card Removal","damage_taken":0,"max_hp_gain":0,"max_hp_loss":0,"event_name":"The Cleric","floor":12,"gold_loss":50},{"damage_healed":0,"gold_gain":0,"cards_transformed":["Defend_P"],"player_choice":"Change","damage_taken":0,"max_hp_gain":0,"max_hp_loss":0,"event_name":"Living Wall","floor":14,"gold_loss":0,"cards_obtained":["Prostrate"]},{"damage_healed":30,"gold_gain":0,"player_choice":"Heal","damage_taken":0,"max_hp_gain":0,"max_hp_loss":0,"event_name":"The Library","floor":19,"gold_loss":0},{"damage_healed":0,"gold_gain":0,"player_choice":"Obtained Relic","damage_taken":0,"relics_obtained":["Old Coin"],"max_hp_gain":0,"max_hp_loss":0,"event_name":"Addict","floor":20,"gold_loss":85}],"is_beta":false,"boss_relics":[{"not_picked":["Astrolabe","Snecko Eye"],"picked":"SlaversCollar"}],"items_purged_floors":[],"is_endless":false,"potions_floor_spawned":[3,4,13,23],"killed_by":"Centurion and Healer","ascension_level":0}}