{"host":"tvs5yxzo65ue2qcy","time":1609684548,"event":{"mods":["BaseMod","DeckTracker","Highlight Path","Minty Spire (QoL Compilation)","Permanent Neow","Quick Restart","StSLib","SuperFastMode","everything is the same but u backflip on backflip"],"gold_per_floor":[112,3,3,19,19,19,44,114,114,114,176,226,226,226,226,354,354,368,453,428,443,468,468,486,499,545,545,595,615,189,202,202,326,326,351,415,465,540,558,558,571,470,470,491,763,763,585,628,628,628,628,628,182,225,225],"floor_reached":56,"playtime":2663,"items_purged":["Strike_G","Escape Plan","Acrobatics"],"score":1454,"play_id":"42aa5939-d534-4352-9ae9-5f50e0212705","local_time":"20210103233548","is_ascension_mode":false,"campfire_choices":[{"data":"Neutralize","floor":6.0,"key":"SMITH"},{"data":"Defend_G","floor":10.0,"key":"PURGE"},{"data":"Strike_G","floor":13.0,"key":"PURGE"},{"data":"Defend_G","floor":15.0,"key":"PURGE"},{"data":"Strike_G","floor":23.0,"key":"PURGE"},{"data":"Survivor","floor":27.0,"key":"PURGE"},{"floor":32.0,"key":"REST"},{"data":"Concentrate+1","floor":40.0,"key":"PURGE"},{"data":"Defend_G","floor":46.0,"key":"PURGE"},{"floor":49.0,"key":"RECALL"},{"data":"Expertise","floor":52,"key":"PURGE"}],"circlet_count":0,"master_deck":["Neutralize+1","Masterful Stab","Heel Hook+1","Backflip","Finesse"],"relics":["Ring of the Snake","NeowsBlessing","SsserpentHead","Incense Burner","Peace Pipe","Golden Idol","Empty Cage","Red Mask","Singing Bowl","Busted Crown","Tingsha","Bird Faced Urn","Membership Card","Nunchaku","Blood Vial","Oddly Smooth Stone"],"acts_visited":["Exordium","TheCity","TheBeyond","TheEnding"],"potions_floor_usage":[55,55,55],"damage_taken":[{"damage":0.0,"enemies":"Cultist","floor":1.0,"turns":1.0},{"damage":0.0,"enemies":"Small Slimes","floor":4.0,"turns":1.0},{"damage":0.0,"enemies":"3 Sentries","floor":7.0,"turns":1.0},{"damage":3.0,"enemies":"2 Louse","floor":8.0,"turns":3.0},{"damage":0.0,"enemies":"2 Fungi Beasts","floor":11.0,"turns":3.0},{"damage":64.0,"enemies":"The Guardian","floor":16.0,"turns":17.0},{"damage":0.0,"enemies":"Chosen","floor":18.0,"turns":4.0},{"damage":15.0,"enemies":"Masked Bandits","floor":19.0,"turns":6.0},{"damage":3.0,"enemies":"2 Thieves","floor":21.0,"turns":3.0},{"damage":6.0,"enemies":"Snake Plant","floor":22.0,"turns":5.0},{"damage":5.0,"enemies":"3 Cultists","floor":24.0,"turns":6.0},{"damage":0.0,"enemies":"Shelled Parasite and Fungi","floor":25.0,"turns":3.0},{"damage":2.0,"enemies":"Snake Plant","floor":29.0,"turns":3.0},{"damage":7.0,"enemies":"Snecko","floor":31.0,"turns":4.0},{"damage":23.0,"enemies":"Automaton","floor":33.0,"turns":6.0},{"damage":3.0,"enemies":"3 Darklings","floor":35.0,"turns":5.0},{"damage":3.0,"enemies":"Orb Walker","floor":36.0,"turns":3.0},{"damage":3.0,"enemies":"Maw","floor":38.0,"turns":6.0},{"damage":0.0,"enemies":"Spire Growth","floor":39.0,"turns":3.0},{"damage":19.0,"enemies":"Writhing Mass","floor":41.0,"turns":7.0},{"damage":0.0,"enemies":"Jaw Worm Horde","floor":44.0,"turns":2.0},{"damage":0.0,"enemies":"Nemesis","floor":48.0,"turns":1.0},{"damage":35,"enemies":"Awakened One","floor":50,"turns":7},{"damage":0,"enemies":"Shield and Spear","floor":54,"turns":2},{"damage":26,"enemies":"The Heart","floor":55,"turns":5}],"seed_played":"-2732933780474346912","potions_obtained":[{"floor":8.0,"key":"CunningPotion"},{"floor":11.0,"key":"ColorlessPotion"},{"floor":16.0,"key":"Block Potion"},{"floor":19.0,"key":"Fire Potion"},{"floor":22.0,"key":"AttackPotion"},{"floor":25.0,"key":"EntropicBrew"},{"floor":28.0,"key":"Swift Potion"},{"floor":28.0,"key":"Regen Potion"},{"floor":33.0,"key":"Block Potion"},{"floor":35.0,"key":"Explosive Potion"},{"floor":36.0,"key":"GamblersBrew"},{"floor":48.0,"key":"GhostInAJar"}],"is_trial":false,"path_per_floor":["M","$","?","M","$","R","E","M","T","R","M","?","R","?","R","B",null,"M","?","?","M","M","R","M","M","T","R","?","M","$","M","R","B",null,"M","M","?","M","M","R","M","$","T","M","?","R","$","E","R","B",null,"R","$","E","B",null],"character_chosen":"THE_SILENT","items_purchased":["Masterful Stab","Singing Bowl","LiquidMemories","GhostInAJar","Expertise","Finesse","Membership Card","Nunchaku","Blood Vial","PowerPotion"],"campfire_rested":1,"item_purchase_floors":[2,30,30,42,47,47,53,53,53,53],"current_hp_per_floor":[70,70,70,70,70,70,70,67,67,67,67,65,65,65,65,1,65,65,50,50,47,41,41,36,36,36,36,36,34,34,38,58,37,69,68,67,67,66,68,68,51,51,51,53,53,53,53,55,55,20,83,83,83,85,59],"gold":225,"neow_bonus":"THREE_ENEMY_KILL","is_daily":false,"chose_seed":false,"campfire_upgraded":1,"win_rate":0.0,"timestamp":1609684548,"path_taken":["M","$","?","M","$","R","E","?","T","R","?","?","R","?","R","BOSS","M","?","?","M","M","R","M","M","T","R","?","M","$","M","R","BOSS","M","?","?","?","M","R","M","$","T","M","?","R","$","E","R","BOSS","R","$","E","BOSS"],"items_purchased_type":["Card","Relic","Potion","Potion","Card","Card","Relic","Relic","Relic","Potion"],"build_version":"2020-12-22","purchased_purges":3,"victory":true,"max_hp_per_floor":[70,70,70,70,70,70,70,70,70,70,70,65,65,65,65,65,65,65,65,65,65,65,65,65,65,65,65,65,65,65,67,67,69,69,71,73,73,75,77,77,79,79,79,81,81,81,81,83,83,83,83,83,83,85,85],"card_choices":[{"not_picked":["Bane","Sucker Punch"],"picked":"Acrobatics","floor":1.0},{"not_picked":["Dodge and Roll","Acrobatics"],"picked":"Heel Hook","floor":4.0},{"not_picked":["Infinite Blades","Blur"],"picked":"Backflip","floor":7.0},{"not_picked":["Deflect","Setup","Sucker Punch"],"picked":"SKIP","floor":8.0},{"not_picked":["Acrobatics","Dodge and Roll"],"picked":"Escape Plan","floor":11.0},{"not_picked":["Blur","Blade Dance"],"picked":"Concentrate+1","floor":18.0},{"not_picked":["Poisoned Stab","Finisher","Choke"],"picked":"SKIP","floor":21.0},{"not_picked":["Setup","Outmaneuver","Deadly Poison"],"picked":"SKIP","floor":22.0},{"not_picked":["Dodge and Roll","Deadly Poison","Footwork"],"picked":"SKIP","floor":24.0},{"not_picked":["Dagger Throw+1","Sucker Punch+1","Calculated Gamble+1"],"picked":"SKIP","floor":25.0},{"not_picked":["Outmaneuver","Bane","Dodge and Roll"],"picked":"SKIP","floor":29.0},{"not_picked":["Concentrate","Escape Plan","Expertise"],"picked":"Singing Bowl","floor":31.0},{"not_picked":["Tools of the Trade","A Thousand Cuts","Burst"],"picked":"Singing Bowl","floor":33.0},{"not_picked":["Flying Knee"],"picked":"Singing Bowl","floor":35.0},{"not_picked":["Underhanded Strike+1"],"picked":"Singing Bowl","floor":36.0},{"not_picked":["Blade Dance+1"],"picked":"Singing Bowl","floor":38.0},{"not_picked":["Finisher+1"],"picked":"Singing Bowl","floor":39.0},{"not_picked":["Dodge and Roll"],"picked":"Singing Bowl","floor":41.0},{"not_picked":["Flying Knee"],"picked":"Singing Bowl","floor":44.0},{"not_picked":["Choke+1"],"picked":"Singing Bowl","floor":48.0},{"not_picked":["PiercingWail"],"picked":"Singing Bowl","floor":54}],"player_experience":230155,"relics_obtained":[{"floor":7.0,"key":"Incense Burner"},{"floor":9.0,"key":"Peace Pipe"},{"floor":19.0,"key":"Red Mask"},{"floor":43.0,"key":"Tingsha"},{"floor":48.0,"key":"Bird Faced Urn"},{"floor":54,"key":"Oddly Smooth Stone"}],"event_choices":[{"damage_healed":0.0,"max_hp_gain":0.0,"max_hp_loss":0.0,"gold_gain":0.0,"event_name":"FaceTrader","player_choice":"Trade","floor":3.0,"gold_loss":0.0,"damage_taken":0.0,"relics_obtained":["SsserpentHead"]},{"damage_healed":0.0,"max_hp_gain":0.0,"max_hp_loss":5.0,"gold_gain":0.0,"event_name":"Golden Idol","player_choice":"Lose Max HP","floor":12.0,"gold_loss":0.0,"damage_taken":0.0,"relics_obtained":["Golden Idol"]},{"cards_removed":["Defend_G"],"damage_healed":0.0,"max_hp_gain":0.0,"max_hp_loss":0.0,"gold_gain":0.0,"event_name":"The Cleric","player_choice":"Card Removal","floor":14.0,"gold_loss":50.0,"damage_taken":0.0},{"damage_healed":0.0,"max_hp_gain":0.0,"max_hp_loss":0.0,"gold_gain":0.0,"event_name":"Masked Bandits","player_choice":"Fought Bandits","floor":19.0,"gold_loss":0.0,"damage_taken":0.0},{"cards_removed":["Defend_G"],"damage_healed":0.0,"max_hp_gain":0.0,"max_hp_loss":0.0,"gold_gain":0.0,"event_name":"Beggar","player_choice":"Gave Gold","floor":20.0,"gold_loss":75.0,"damage_taken":0.0},{"damage_healed":0.0,"max_hp_gain":0.0,"max_hp_loss":0.0,"gold_gain":0.0,"event_name":"Lab","player_choice":"Got Potions","floor":28.0,"gold_loss":0.0,"damage_taken":0.0},{"damage_healed":0.0,"max_hp_gain":0.0,"max_hp_loss":0.0,"gold_gain":0.0,"event_name":"Accursed Blacksmith","player_choice":"Forge","floor":37.0,"gold_loss":0.0,"damage_taken":0.0,"cards_upgraded":["Heel Hook"]},{"damage_healed":0.0,"max_hp_gain":0.0,"max_hp_loss":0.0,"gold_gain":222.0,"event_name":"Tomb of Lord Red Mask","player_choice":"Wore Mask","floor":45.0,"gold_loss":0.0,"damage_taken":0.0}],"is_beta":false,"boss_relics":[{"not_picked":["Runic Dome","Velvet Choker"],"picked":"Empty Cage"},{"not_picked":["Sozu","SacredBark"],"picked":"Busted Crown"}],"items_purged_floors":[2,30,53],"is_endless":false,"potions_floor_spawned":[8,11,16,19,22,25,33,35,36,48],"ascension_level":0}}