{"host":"ixqzyafodex1tsi5","time":1609675253,"event":{"mods":["ATMod(°¢èªMod)","AchievementEnabler","Act Like it!","BaseMod","Gensokyo","GifTheSpireLib","Lobotomy","LobotomyExtend","Luminous","Minty Spire (QoL Compilation)","Relic Stats","Replay The Spire","RumiaBox-Â¶Ã×æ«µÄÉñÃØºÐ×Ó","Shop Mod","Spicy Shops","StSLib","The Cursed","[IsaacMod]ÒÔÈö¼âËþ","¡¾¹¦ÄÜMod¡¿»ìãçÖ®»·ÐÞ¸´²¹¶¡","¡¾ÒÅÎï¿¨ÅÆ¡¿REMEMod"],"gold_per_floor":[115,138,156,106,122,137,154,185,185,32,32,32,107,140,140,172,172,271,271,285,285,304,304,321,321,350,350,432,56,83,94,124,139,139,139,139],"floor_reached":35,"playtime":1603,"items_purged":[],"score":869,"play_id":"550e978a-cc41-4e3c-bdd6-b183dc012ebc","local_time":"20210103200053","is_ascension_mode":true,"campfire_choices":[{"data":"AT_FocusSwordFire","floor":7.0,"key":"SMITH"},{"data":"Glass Knife","floor":13,"key":"SMITH"},{"data":"Dagger Spray","floor":15,"key":"SMITH"},{"data":"Venomology","floor":23,"key":"SMITH"},{"data":"Backstab","floor":25,"key":"SMITH"},{"data":"Adrenaline","floor":32,"key":"SMITH"}],"circlet_count":0,"master_deck":["Mercenary","BodiesMountain","LongBird","BodiesMountain","BigBird","Strike_G","Strike_G","Strike_G","Strike_G","Strike_G","Defend_G","Defend_G","Defend_G+1","Defend_G","Survivor","Neutralize","EpicFetus","AT_FocusSwordFire+1","Venomology+1","RedShoes","Glass Knife+1","Prepared","Cloak And Dagger","Tactician+1","Backstab+1","Flying Knee","Dagger Spray+1","Adrenaline+1","Adrenaline","Blade Dance+1","Infinite Blades+1","Blade Dance+1","ReplayTheSpireMod:The Works+1"],"relics":["Ring of the Snake","REME_ComplimentaryCards","HushsDoor","AT_ATBox","PokeGo","CogitoBucket","Tough Bandages","LetterFromLob","Lizard Tail","Bag of Marbles","GodSword3","REME_PoisonedDagger","Vampiric Spirits","Centennial Puzzle","REME_DemonsWealth","LuminousBracelet","Lamp_r","War Paint","DoctorsRemote","Membership Card","Replay:Baseball","ReplayTheSpireMod:TigerMarble","DollysMirror","BookOfRevelations","TheSmile_r","Justitia_r","BackwardClock","Tiny Chest","WantedRequest"],"acts_visited":["Exordium","TheBeyond"],"potions_floor_usage":[12,16,24,29,29,31,33],"damage_taken":[{"damage":4.0,"enemies":"2 Louse","floor":1.0,"turns":2.0},{"damage":10.0,"enemies":"Jaw Worm","floor":1.0,"turns":3.0},{"damage":12.0,"enemies":"Small Slimes","floor":3.0,"turns":2.0},{"damage":2.0,"enemies":"Cultist","floor":4.0,"turns":2.0},{"damage":0.0,"enemies":"2 Fungi Beasts","floor":5.0,"turns":3.0},{"damage":7.0,"enemies":"3 Sentries","floor":6.0,"turns":2.0},{"damage":0,"enemies":"Gremlin Nob","floor":12,"turns":2},{"damage":15,"enemies":"Lagavulin","floor":14,"turns":3},{"damage":0,"enemies":"Slime Boss","floor":16,"turns":2},{"damage":31,"enemies":"3 Darklings","floor":18,"turns":3},{"damage":16,"enemies":"3 Shapes","floor":20,"turns":1},{"damage":83,"enemies":"Spire Growth","floor":22,"turns":5},{"damage":5,"enemies":"Giant Head","floor":24,"turns":2},{"damage":0,"enemies":"Nemesis","floor":28,"turns":1},{"damage":29,"enemies":"Transient","floor":29,"turns":4},{"damage":21,"enemies":"Reptomancer","floor":30,"turns":2},{"damage":4,"enemies":"Writhing Mass","floor":31,"turns":1},{"damage":60,"enemies":"Awakened One","floor":33,"turns":4}],"seed_played":"6795910135854815809","potions_obtained":[{"floor":4.0,"key":"SpeedPotion"},{"floor":5.0,"key":"CunningPotion"},{"floor":14,"key":"DuplicationPotion"},{"floor":29,"key":"PowerPotion"},{"floor":31,"key":"FearPotion"}],"is_trial":false,"path_per_floor":["M","?","?","M","?","M","M","M","E","R","$","T","T","?","E","R","E","R","B",null,"M","?","M","M","M","R","E","R","T","$","E","M","E","M","R","B",null,null],"character_chosen":"THE_SILENT","items_purchased":["Bag of Marbles","Adrenaline","Membership Card","Replay:Baseball","ReplayTheSpireMod:TigerMarble","DollysMirror"],"campfire_rested":0,"item_purchase_floors":[8,17,27,27,27,27],"current_hp_per_floor":[66,49,55,55,43,41,41,34,34,34,34,34,23,23,23,21,21,49,62,60,68,77,77,15,15,46,46,46,46,81,64,65,80,80,29,29],"gold":139,"neow_bonus":"","is_daily":false,"chose_seed":false,"campfire_upgraded":6,"win_rate":0.0,"timestamp":1609675253,"path_taken":["M","?","?","M","?","?","M","M","E","R","$","T","?","?","E","R","E","R","BOSS","M","?","M","M","M","R","E","R","T","?","E","M","E","M","R","BOSS"],"items_purchased_type":["Relic","Card","Relic","Relic","Relic","Relic"],"build_version":"2020-12-22","purchased_purges":0,"victory":true,"max_hp_per_floor":[70,70,70,70,70,70,70,70,70,70,70,70,70,70,70,70,70,70,66,81,81,81,81,81,81,81,81,81,81,81,81,81,81,81,81,81],"relic_stats":{"Tough Bandages":[21],"Lizard Tail":0,"Centennial Puzzle":[23],"counters":[20,46],"Tiny Chest":0,"War Paint":["Tactician","Defend_G"],"obtain_stats":[{"AT_ATBox":0,"Vampiric Spirits":12,"LuminousBracelet":18,"Lamp_r":22,"CogitoBucket":0,"Tough Bandages":2,"Lizard Tail":6,"Centennial Puzzle":14,"REME_DemonsWealth":17,"PokeGo":0,"DollysMirror":27,"Tiny Chest":30,"Ring of the Snake":0,"WantedRequest":33,"KeepersGift":0,"DoctorsRemote":26,"BackwardClock":29,"BookOfRevelations":28,"War Paint":24,"REME_PoisonedDagger":10,"Replay:Baseball":27,"TheSmile_r":29,"LetterFromLob":1,"Bag of Marbles":8,"ReplayTheSpireMod:TigerMarble":27,"Membership Card":27,"HushsDoor":0,"GodSword3":9,"Justitia_r":29,"REME_ComplimentaryCards":0},{"AT_ATBox":0,"Vampiric Spirits":7,"LuminousBracelet":11,"Lamp_r":13,"CogitoBucket":0,"Tough Bandages":1,"Lizard Tail":6,"Centennial Puzzle":8,"REME_DemonsWealth":9,"PokeGo":0,"DollysMirror":14,"Tiny Chest":18,"Ring of the Snake":0,"WantedRequest":20,"KeepersGift":0,"DoctorsRemote":14,"BackwardClock":17,"BookOfRevelations":15,"War Paint":14,"REME_PoisonedDagger":6,"Replay:Baseball":14,"TheSmile_r":17,"LetterFromLob":1,"Bag of Marbles":6,"ReplayTheSpireMod:TigerMarble":14,"Membership Card":14,"HushsDoor":0,"GodSword3":6,"Justitia_r":17,"REME_ComplimentaryCards":0},{"AT_ATBox":0,"Vampiric Spirits":16,"LuminousBracelet":25,"Lamp_r":31,"CogitoBucket":0,"Tough Bandages":2,"Lizard Tail":14,"Centennial Puzzle":19,"REME_DemonsWealth":21,"PokeGo":0,"DollysMirror":33,"Tiny Chest":41,"Ring of the Snake":0,"WantedRequest":46,"KeepersGift":0,"DoctorsRemote":33,"BackwardClock":39,"BookOfRevelations":34,"War Paint":33,"REME_PoisonedDagger":14,"Replay:Baseball":33,"TheSmile_r":38,"LetterFromLob":2,"Bag of Marbles":14,"ReplayTheSpireMod:TigerMarble":33,"Membership Card":33,"HushsDoor":0,"GodSword3":14,"Justitia_r":38,"REME_ComplimentaryCards":0}],"Ring of the Snake":[40]},"card_choices":[{"not_picked":[],"picked":"EpicFetus","floor":0.0},{"not_picked":["MeatLantern","ShyLook"],"picked":"RedShoes","floor":1.0},{"not_picked":["Crippling Poison","Quick Slash"],"picked":"Glass Knife","floor":1.0},{"not_picked":["Slice","Deflect"],"picked":"Prepared","floor":2.0},{"not_picked":["Acrobatics","Leg Sweep"],"picked":"Cloak And Dagger","floor":1.0},{"not_picked":["VoidDream","BeautyBeast","Bloodbath"],"picked":"Singing Bowl","floor":1.0},{"not_picked":["LittlePrince","QueenBee"],"picked":"LongBird","floor":3.0},{"not_picked":["Quick Slash","REME_ShadowStrike"],"picked":"Tactician","floor":3.0},{"not_picked":["CherryBlossoms","OSAHOGD","Scorched"],"picked":"Singing Bowl","floor":4.0},{"not_picked":["SpiderBud","Murderer"],"picked":"DespairKnight","floor":4.0},{"not_picked":["Calculated Gamble","AT_WomanClash"],"picked":"Backstab","floor":4.0},{"not_picked":["Wellcheers","HeroicMonk","Murderer"],"picked":"Singing Bowl","floor":5.0},{"not_picked":["MHz","FairyFestival"],"picked":"BigBird","floor":5.0},{"not_picked":["Footwork","PiercingWail"],"picked":"Flying Knee","floor":5.0},{"not_picked":["Bloodbath","MeatLantern","Murderer"],"picked":"Singing Bowl","floor":6.0},{"not_picked":["Hidden Blade","Terror"],"picked":"Dagger Spray","floor":6.0},{"not_picked":["WallGazer","Mercenary"],"picked":"BodiesMountain","floor":12},{"not_picked":["PiercingWail","Sucker Punch","Eviscerate"],"picked":"SKIP","floor":12},{"not_picked":["PunishingBird","BeautyBeast","VoidDream"],"picked":"Singing Bowl","floor":14},{"not_picked":["AT_ThistleTea","Riddle With Holes","Footwork"],"picked":"SKIP","floor":14},{"not_picked":["Glass Knife","After Image"],"picked":"Adrenaline","floor":16},{"not_picked":["NothingThere","Variant"],"picked":"Mercenary","floor":16},{"not_picked":["ShyLook","GalaxyChild","FieryBird"],"picked":"Singing Bowl","floor":18},{"not_picked":["Replay:Poison Smokescreen","Accuracy","Sickly"],"picked":"Blade Dance+1","floor":18},{"not_picked":["CherryBlossoms","OldLady","Scorched"],"picked":"Singing Bowl","floor":20},{"not_picked":["Bane+1","Backflip","Toxin Wave","Gensokyo:ImpossibleRequest"],"picked":"SKIP","floor":20},{"not_picked":["Woodsman","LaLuna","OSAHOGD"],"picked":"Singing Bowl","floor":22},{"not_picked":["PiercingWail","Poisoned Stab","Blade Dance","Gensokyo:ImpossibleRequest"],"picked":"SKIP","floor":22},{"not_picked":["MHz","UniverseFragment","GreedKing"],"picked":"Singing Bowl","floor":24},{"not_picked":["Deflect","AT_KneejerkReflex","Regret"],"picked":"Infinite Blades+1","floor":24},{"not_picked":["MHz","PunishingBird","LittlePrince"],"picked":"Singing Bowl","floor":28},{"not_picked":["Doppelganger","Predator","REME_GreenPollution+1","Languid"],"picked":"SKIP","floor":28},{"not_picked":["Bloodbath","SilentOrchestra","Rudolta"],"picked":"Singing Bowl","floor":29},{"not_picked":["Backflip","Outmaneuver","Decay"],"picked":"Blade Dance+1","floor":29},{"not_picked":["Murderer","GreedKing","CENSORED"],"picked":"Singing Bowl","floor":30},{"not_picked":["Dash","PiercingWail","Sucker Punch","Regret"],"picked":"SKIP","floor":30},{"not_picked":["Wellcheers","FieryBird","NakedNest"],"picked":"Singing Bowl","floor":31},{"not_picked":["Backflip","Sucker Punch","Voices"],"picked":"ReplayTheSpireMod:The Works+1","floor":31}],"player_experience":214626,"relics_obtained":[{"floor":1.0,"key":"LetterFromLob"},{"floor":2.0,"key":"Tough Bandages"},{"floor":1.0,"key":"LetterFromLob"},{"floor":6.0,"key":"Lizard Tail"},{"floor":9,"key":"GodSword3"},{"floor":10,"key":"REME_PoisonedDagger"},{"floor":12,"key":"Vampiric Spirits"},{"floor":14,"key":"Centennial Puzzle"},{"floor":24,"key":"War Paint"},{"floor":26,"key":"DoctorsRemote"},{"floor":28,"key":"BookOfRevelations"},{"floor":30,"key":"Tiny Chest"}],"event_choices":[{"cards_removed":["Defend_G"],"damage_healed":0.0,"max_hp_gain":0.0,"max_hp_loss":0.0,"gold_gain":0.0,"event_name":"The Cleric","player_choice":"Card Removal","floor":2.0,"gold_loss":50.0,"damage_taken":0.0},{"damage_healed":0,"gold_gain":75,"player_choice":"Gather Gold","damage_taken":11,"max_hp_gain":0,"max_hp_loss":0,"event_name":"World of Goop","floor":11,"gold_loss":0}],"is_beta":false,"boss_relics":[{"not_picked":["Calling Bell","ReplayTheSpireMod:DimensionalGlitch"],"picked":"REME_DemonsWealth"},{"not_picked":[]}],"items_purged_floors":[],"is_endless":false,"potions_floor_spawned":[4,5,14,22,29,30,31],"ascension_level":5}}