{"host":"oy4pyvr762z5n0bb","time":1609633448,"event":{"mods":["AchievementEnabler","BaseMod","Colored Map","Colored Powertips","Googly Eyes","Key Reminder","Minty Spire (QoL Compilation)","Quick Restart","Relic Sorter","StSLib","SuperFastMode","Unceasing Turn Reminder","slay the spire mod where everything is the same but ironclad has a cowboy hat"],"gold_per_floor":[113,26,42,62,137,137,312,338,338,89,89,89,123,134,134,236,236,252,252,265,364,197,197,157,157,210,60,88,107,124,124,124,226,226,241,268,268,287,337,337,364,364,364],"floor_reached":42,"playtime":849,"items_purged":["Doubt","Anger"],"score":663,"play_id":"cf467127-7102-4909-88c0-15ad8a501f02","local_time":"20210102162408","is_ascension_mode":true,"campfire_choices":[{"data":"Combust","floor":6.0,"key":"SMITH"},{"floor":11,"key":"REST"},{"data":"Rupture","floor":15,"key":"SMITH"},{"floor":23,"key":"REST"},{"floor":25,"key":"REST"},{"floor":32,"key":"REST"},{"floor":40,"key":"REST"}],"circlet_count":0,"master_deck":["Strike_R","Strike_R","Strike_R","Strike_R","Defend_R","Defend_R","Defend_R","Defend_R","Bash","Sword Boomerang","Combust+1","Sword Boomerang","Ghostly Armor","Dropkick","Dropkick","Rupture+1","Reckless Charge","True Grit","Twin Strike","Feed","Thunderclap","Armaments","Flame Barrier","Pummel","Dropkick","Combust+1","Immolate","Rupture+1","Rupture+1","Hemokinesis"],"relics":["Burning Blood","Torii","Mango","InkBottle","Sozu","Juzu Bracelet","Regal Pillow","Ornamental Fan","Fusion Hammer","Nunchaku","Charon\u0027s Ashes","Question Card"],"acts_visited":["Exordium","TheCity","TheBeyond"],"potions_floor_usage":[13,19],"damage_taken":[{"damage":0.0,"enemies":"Cultist","floor":1.0,"turns":4.0},{"damage":2.0,"enemies":"Small Slimes","floor":3.0,"turns":2.0},{"damage":17.0,"enemies":"2 Louse","floor":4.0,"turns":3.0},{"damage":16.0,"enemies":"Gremlin Nob","floor":8.0,"turns":4.0},{"damage":13,"enemies":"3 Sentries","floor":13,"turns":5},{"damage":9,"enemies":"2 Fungi Beasts","floor":14,"turns":2},{"damage":41,"enemies":"Hexaghost","floor":16,"turns":7},{"damage":34,"enemies":"2 Thieves","floor":18,"turns":4},{"damage":0,"enemies":"Spheric Guardian","floor":19,"turns":1},{"damage":41,"enemies":"Snecko","floor":20,"turns":5},{"damage":32,"enemies":"Gremlin Leader","floor":28,"turns":6},{"damage":33,"enemies":"Snake Plant","floor":29,"turns":5},{"damage":10,"enemies":"Chosen and Byrds","floor":30,"turns":4},{"damage":72,"enemies":"Champ","floor":33,"turns":9},{"damage":51,"enemies":"3 Darklings","floor":35,"turns":5},{"damage":12,"enemies":"Orb Walker","floor":38,"turns":4},{"damage":14,"enemies":"Mind Bloom Boss Battle","floor":39,"turns":6},{"damage":67,"enemies":"Reptomancer","floor":41,"turns":6},{"damage":25,"enemies":"Spire Growth","floor":42,"turns":3}],"seed_played":"1852077325420274729","potions_obtained":[{"floor":1.0,"key":"Swift Potion"},{"floor":4.0,"key":"Block Potion"},{"floor":8.0,"key":"Explosive Potion"},{"floor":16,"key":"SmokeBomb"}],"is_trial":false,"path_per_floor":["M","$","M","M","?","R","?","E","T","$","R","?","E","M","R","B",null,"M","M","M","?","$","R","?","R","T","?","E","M","M","?","R","B",null,"M","T","?","M","?","R","E","M"],"character_chosen":"IRONCLAD","items_purchased":["Combust","Sword Boomerang","Rupture","Reckless Charge","True Grit","Flame Barrier"],"campfire_rested":5,"item_purchase_floors":[2,2,10,10,10,22],"current_hp_per_floor":[73,73,77,66,55,55,55,45,59,59,92,92,85,82,82,47,94,69,75,40,40,40,73,73,106,106,106,83,56,52,52,101,35,96,51,51,51,45,37,86,25,0,0],"gold":364,"neow_bonus":"TWENTY_PERCENT_HP_BONUS","is_daily":false,"chose_seed":false,"campfire_upgraded":2,"win_rate":0.0,"timestamp":1609633448,"path_taken":["M","?","M","M","?","R","?","E","T","$","R","?","E","M","R","BOSS","M","?","M","?","$","R","?","R","T","?","E","M","M","?","R","BOSS","M","?","?","M","?","R","E","M"],"items_purchased_type":["Card","Card","Card","Card","Card","Card"],"build_version":"2020-12-22","purchased_purges":2,"victory":false,"max_hp_per_floor":[96,96,96,96,96,96,96,96,110,110,110,110,110,110,110,110,110,113,113,113,113,113,113,113,113,113,113,116,116,116,116,116,116,116,116,116,116,116,116,116,116,116,116],"card_choices":[{"not_picked":["Power Through","Iron Wave"],"picked":"Sword Boomerang","floor":1.0},{"not_picked":["Heavy Blade","Clothesline"],"picked":"Ghostly Armor","floor":3.0},{"not_picked":["Clothesline","Intimidate"],"picked":"Dropkick","floor":4.0},{"not_picked":["Bloodletting","Searing Blow"],"picked":"Dropkick","floor":8.0},{"not_picked":["Flex","Whirlwind"],"picked":"Anger","floor":13},{"not_picked":["Havoc","Clash"],"picked":"Twin Strike","floor":14},{"not_picked":["Fiend Fire","Impervious"],"picked":"Feed","floor":16},{"not_picked":["Havoc","Flex"],"picked":"Thunderclap","floor":18},{"not_picked":["Headbutt","Uppercut+1"],"picked":"Armaments","floor":20},{"not_picked":["Sword Boomerang","Iron Wave"],"picked":"Pummel","floor":28},{"not_picked":["Body Slam","Cleave"],"picked":"Dropkick","floor":29},{"not_picked":["Dark Embrace","Havoc"],"picked":"Combust","floor":30},{"not_picked":["Fiend Fire","Barricade"],"picked":"Immolate","floor":33},{"not_picked":["Body Slam+1","Infernal Blade"],"picked":"Rupture+1","floor":35},{"not_picked":["Clash+1","Anger"],"picked":"Rupture+1","floor":38},{"not_picked":["Dual Wield","Uppercut"],"picked":"Hemokinesis","floor":41}],"player_experience":627111,"relics_obtained":[{"floor":8.0,"key":"Torii"},{"floor":9.0,"key":"Mango"},{"floor":13,"key":"InkBottle"},{"floor":26,"key":"Juzu Bracelet"},{"floor":28,"key":"Ornamental Fan"},{"floor":36,"key":"Nunchaku"},{"floor":39,"key":"Charon\u0027s Ashes"},{"floor":41,"key":"Question Card"}],"event_choices":[{"damage_healed":0.0,"max_hp_gain":0.0,"max_hp_loss":0.0,"gold_gain":75.0,"event_name":"World of Goop","player_choice":"Gather Gold","floor":5.0,"gold_loss":0.0,"damage_taken":11.0},{"damage_healed":0.0,"max_hp_gain":0.0,"max_hp_loss":0.0,"gold_gain":175.0,"event_name":"Liars Game","player_choice":"AGREE","floor":7.0,"gold_loss":0.0,"damage_taken":0.0,"cards_obtained":["Doubt"]},{"cards_removed":["Strike_R"],"damage_healed":0,"gold_gain":0,"player_choice":"Purged","damage_taken":0,"max_hp_gain":0,"max_hp_loss":0,"event_name":"Purifier","floor":12,"gold_loss":0},{"damage_healed":0,"gold_gain":99,"player_choice":"Stole From Cult","damage_taken":0,"max_hp_gain":0,"max_hp_loss":0,"event_name":"Nest","floor":21,"gold_loss":0},{"damage_healed":0,"gold_gain":0,"player_choice":"Bought 3 Potions","damage_taken":0,"max_hp_gain":0,"max_hp_loss":0,"event_name":"The Woman in Blue","floor":24,"gold_loss":0},{"damage_healed":0,"gold_gain":0,"player_choice":"Paid Gold","damage_taken":0,"relics_obtained":["Regal Pillow"],"max_hp_gain":0,"max_hp_loss":0,"event_name":"WeMeetAgain","floor":27,"gold_loss":150},{"damage_healed":0,"gold_gain":0,"player_choice":"Upgraded","damage_taken":0,"max_hp_gain":0,"max_hp_loss":0,"event_name":"Upgrade Shrine","floor":31,"gold_loss":0,"cards_upgraded":["Combust"]},{"damage_healed":0,"gold_gain":0,"player_choice":"Ignored","damage_taken":0,"max_hp_gain":0,"max_hp_loss":0,"event_name":"Mysterious Sphere","floor":37,"gold_loss":0},{"damage_healed":0,"gold_gain":0,"player_choice":"Fight","damage_taken":0,"max_hp_gain":0,"max_hp_loss":0,"event_name":"MindBloom","floor":39,"gold_loss":0}],"is_beta":false,"boss_relics":[{"not_picked":["Tiny House","Coffee Dripper"],"picked":"Sozu"},{"not_picked":["Velvet Choker","Calling Bell"],"picked":"Fusion Hammer"}],"items_purged_floors":[10,22],"is_endless":false,"potions_floor_spawned":[1,4,8,16,19,29],"killed_by":"Spire Growth","ascension_level":6}}