{"host":"wy23tj84iquxuyyu","time":1609633776,"event":{"mods":["Aspiration","BaseMod","Better Note","Colored Map","Fireblade Mod","Hermit","Marked Mod","Minty Spire (QoL Compilation)","Random Character Button","Rare Cards Sparkle","Relic Stats","Replay The Spire","Retaliation","Shade Mod","Spicy Shops","StSLib","The Cursed","The Death Knight","The Necromancer","Trackpad"],"gold_per_floor":[111,286,28,28,45,65,65,65,89,117,136,136,11,36,36,139,139,149,161,161,161,6,40,40,72,72,92,105,123,123,42,42,142,142,159,119,137,187,187,218,218,229,274,274,206,224,224,244,244,244],"floor_reached":51,"playtime":2121,"items_purged":["Doubt","Parasite","Replay:Hysterical Blindness"],"score":788,"play_id":"3b7d9442-6ce5-4ccb-83ca-b6d03d2660da","local_time":"20210102192936","is_ascension_mode":false,"campfire_choices":[{"data":"Terror","floor":8,"key":"SMITH"},{"data":"Cloak And Dagger","floor":12,"key":"SMITH"},{"data":"Blade Dance","floor":15,"key":"SMITH"},{"data":"Envenom","floor":24,"key":"SMITH"},{"floor":30,"key":"REST"},{"data":"Infinite Blades","floor":32,"key":"SMITH"},{"floor":41,"key":"REST"},{"floor":47,"key":"REST"},{"floor":49,"key":"RECALL"}],"circlet_count":0,"master_deck":["Strike_G","Strike_G","Strike_G+1","Strike_G","Defend_G","Defend_G+1","Defend_G","Defend_G","Defend_G","Survivor","Neutralize","Terror+1","Finisher","Cloak And Dagger","Cloak And Dagger+1","Blade Dance+1","Envenom+1","Finisher","Choke","Masterful Stab+1","Backstab+1","Distraction+1","Infinite Blades+1","Blade Dance","Cloak And Dagger+1","Slice","Prepared","Cloak And Dagger","Accuracy","Accuracy"],"relics":["aspiration:FutureDiary","Oddly Smooth Stone","MealTicket","Potion Belt","trackpad:CultistFigurine","TwistedFunnel","Anchor","Black Star","HandDrill","Kunai","Smiling Mask","Replay:Wax Seal","trackpad:BottledTsunami","Mercury Hourglass","Fusion Hammer","trackpad:ChainingVapors","Bag of Preparation","Tingsha","trackpad:WritersBlock","ReplayTheSpireMod:CursedCoin"],"acts_visited":["Exordium","TheCity","TheBeyond"],"potions_floor_usage":[10,18,23,23,29,35,50,50,50,50],"damage_taken":[{"damage":0,"enemies":"2 Louse","floor":1,"turns":2},{"damage":0,"enemies":"Small Slimes","floor":5,"turns":3},{"damage":0,"enemies":"Jaw Worm","floor":6,"turns":3},{"damage":6,"enemies":"Replay:BlueRogue","floor":10,"turns":8},{"damage":0,"enemies":"Red Slaver","floor":11,"turns":4},{"damage":22,"enemies":"The Guardian","floor":16,"turns":8},{"damage":0,"enemies":"Spheric Guardian","floor":18,"turns":3},{"damage":0,"enemies":"Chosen","floor":19,"turns":4},{"damage":4,"enemies":"Gremlin Leader","floor":23,"turns":6},{"damage":6,"enemies":"Slavers","floor":25,"turns":5},{"damage":1,"enemies":"3 Cultists","floor":27,"turns":4},{"damage":18,"enemies":"Snake Plant","floor":28,"turns":3},{"damage":0,"enemies":"Centurion and Healer","floor":29,"turns":3},{"damage":20,"enemies":"Pondfish","floor":33,"turns":6},{"damage":0,"enemies":"3 Shapes","floor":35,"turns":4},{"damage":0,"enemies":"3 Darklings","floor":37,"turns":3},{"damage":18,"enemies":"Mind Bloom Boss Battle","floor":38,"turns":5},{"damage":25,"enemies":"Reptomancer","floor":40,"turns":5},{"damage":8,"enemies":"Writhing Mass","floor":42,"turns":3},{"damage":0,"enemies":"Jaw Worm Horde","floor":46,"turns":2},{"damage":0,"enemies":"Spire Growth","floor":48,"turns":2},{"damage":12,"enemies":"Donu and Deca","floor":50,"turns":7}],"seed_played":"9191454779651670777","potions_obtained":[{"floor":1,"key":"DeathKnight:RimePotion"},{"floor":5,"key":"ColorlessPotion"},{"floor":11,"key":"GhostInAJar"},{"floor":19,"key":"Fire Potion"},{"floor":27,"key":"FearPotion"},{"floor":28,"key":"Explosive Potion"},{"floor":29,"key":"SpeedPotion"},{"floor":38,"key":"Energy Potion"},{"floor":40,"key":"Poison Potion"},{"floor":46,"key":"AttackPotion"},{"floor":48,"key":"DeathKnight:RimePotion"}],"is_trial":false,"path_per_floor":["M","?","$","?","M","M","$","R","T","E","M","R","$","T","R","B",null,"M","M","?","?","$","E","R","E","T","M","M","M","R","$","R","B",null,"M","?","M","?","?","E","R","M","T","?","$","M","R","M","R","B",null],"character_chosen":"THE_SILENT","items_purchased":["Oddly Smooth Stone","Finisher","TwistedFunnel","Blade Dance","HandDrill","Infinite Blades","ReplayTheSpireMod:CursedCoin","Accuracy"],"campfire_rested":3,"item_purchase_floors":[3,3,13,13,22,31,45,45],"current_hp_per_floor":[70,70,70,58,58,58,70,70,70,64,64,64,70,70,70,48,70,70,70,70,70,70,66,66,60,60,59,41,41,62,70,70,50,70,70,70,70,52,52,27,48,40,40,40,55,55,67,67,67,55],"gold":244,"neow_bonus":"BOSS_RELIC","is_daily":false,"chose_seed":false,"campfire_upgraded":5,"win_rate":0.0,"timestamp":1609633776,"path_taken":["M","?","$","?","?","M","?","R","T","E","M","R","?","?","R","BOSS","M","M","?","?","?","E","R","E","T","M","M","M","R","$","R","BOSS","M","?","?","?","?","E","R","?","T","?","$","M","R","M","R","BOSS"],"items_purchased_type":["Relic","Card","Relic","Card","Relic","Card","Relic","Card"],"build_version":"2020-12-22","purchased_purges":3,"victory":true,"max_hp_per_floor":[70,70,70,70,70,70,70,70,70,70,70,70,70,70,70,70,70,70,70,70,70,70,70,70,70,70,70,70,70,70,70,70,70,70,70,70,70,70,70,70,70,70,70,70,67,67,67,67,67,67],"relic_stats":{"counters":[22,92],"MealTicket":41,"Tingsha":[6],"Black Star":3,"HandDrill":[58],"Bag of Preparation":[8],"Kunai":[58],"Smiling Mask":125,"obtain_stats":[{"Potion Belt":9,"TwistedFunnel":13,"trackpad:ChainingVapors":38,"ReplayTheSpireMod:CursedCoin":45,"Oddly Smooth Stone":3,"Tingsha":40,"Bag of Preparation":40,"Smiling Mask":23,"Mercury Hourglass":26,"Anchor":14,"trackpad:WritersBlock":43,"MealTicket":4,"Fusion Hammer":34,"Black Star":17,"HandDrill":22,"Kunai":23,"aspiration:FutureDiary":0,"trackpad:CultistFigurine":10,"Replay:Wax Seal":25,"trackpad:BottledTsunami":25,"Ring of the Snake":0},{"Potion Belt":3,"TwistedFunnel":5,"trackpad:ChainingVapors":17,"ReplayTheSpireMod:CursedCoin":19,"Oddly Smooth Stone":1,"Tingsha":18,"Bag of Preparation":18,"Smiling Mask":9,"Mercury Hourglass":10,"Anchor":5,"trackpad:WritersBlock":19,"MealTicket":1,"Fusion Hammer":14,"Black Star":6,"HandDrill":8,"Kunai":9,"aspiration:FutureDiary":0,"trackpad:CultistFigurine":4,"Replay:Wax Seal":10,"trackpad:BottledTsunami":10,"Ring of the Snake":0},{"Potion Belt":8,"TwistedFunnel":20,"trackpad:ChainingVapors":73,"ReplayTheSpireMod:CursedCoin":81,"Oddly Smooth Stone":2,"Tingsha":78,"Bag of Preparation":78,"Smiling Mask":41,"Mercury Hourglass":46,"Anchor":20,"trackpad:WritersBlock":81,"MealTicket":2,"Fusion Hammer":62,"Black Star":28,"HandDrill":35,"Kunai":41,"aspiration:FutureDiary":0,"trackpad:CultistFigurine":16,"Replay:Wax Seal":46,"trackpad:BottledTsunami":46,"Ring of the Snake":0}],"Mercury Hourglass":[202]},"card_choices":[{"not_picked":["ReplayTheSpireMod:The Works","Backstab"],"picked":"Terror","floor":1},{"not_picked":["Dodge and Roll","Prepared","Draining Mist"],"picked":"SKIP","floor":5},{"not_picked":["Deadly Poison","Backflip","Poisoned Stab"],"picked":"SKIP","floor":6},{"not_picked":["Underhanded Strike","Tools of the Trade"],"picked":"Cloak And Dagger","floor":10},{"not_picked":["Caltrops","Dodge and Roll"],"picked":"Cloak And Dagger","floor":11},{"not_picked":["ReplayTheSpireMod:Necrosis","Grand Finale"],"picked":"Envenom","floor":16},{"not_picked":["Skewer","Poisoned Stab+1","Noxious Fumes"],"picked":"SKIP","floor":18},{"not_picked":["ReplayTheSpireMod:Scrap Shanks+1","Dodge and Roll+1","Bane+1"],"picked":"SKIP","floor":19},{"not_picked":["ReplayTheSpireMod:The Works","Underhanded Strike+1"],"picked":"Choke","floor":23},{"not_picked":["Backflip","Expertise+1","Underhanded Strike"],"picked":"SKIP","floor":25},{"not_picked":["Deadly Poison","Well Laid Plans+1"],"picked":"Masterful Stab+1","floor":27},{"not_picked":["ReplayTheSpireMod:Tripwire","Footwork"],"picked":"Backstab+1","floor":28},{"not_picked":["Flechettes","Acrobatics"],"picked":"Distraction+1","floor":29},{"not_picked":["Draining Mist","Sucker Punch"],"picked":"Blade Dance","floor":35},{"not_picked":["Deflect","Bane+1"],"picked":"Cloak And Dagger+1","floor":37},{"not_picked":["Crippling Poison+1","Skewer+1"],"picked":"Slice","floor":38},{"not_picked":["Deadly Poison+1","ReplayTheSpireMod:Tripwire+1","Acrobatics"],"picked":"SKIP","floor":40},{"not_picked":["Dodge and Roll","Flying Knee+1"],"picked":"Cloak And Dagger","floor":42},{"not_picked":["Deadly Poison","Blur"],"picked":"Accuracy","floor":46},{"not_picked":["Sucker Punch","Backflip","Concentrate"],"picked":"SKIP","floor":48}],"player_experience":879619,"relics_obtained":[{"floor":9,"key":"Potion Belt"},{"floor":10,"key":"trackpad:CultistFigurine"},{"floor":14,"key":"Anchor"},{"floor":23,"key":"Kunai"},{"floor":23,"key":"Smiling Mask"},{"floor":25,"key":"Replay:Wax Seal"},{"floor":25,"key":"trackpad:BottledTsunami"},{"floor":26,"key":"Mercury Hourglass"},{"floor":38,"key":"trackpad:ChainingVapors"},{"floor":40,"key":"Bag of Preparation"},{"floor":40,"key":"Tingsha"},{"floor":43,"key":"trackpad:WritersBlock"}],"event_choices":[{"damage_healed":0,"gold_gain":175,"player_choice":"AGREE","damage_taken":0,"max_hp_gain":0,"max_hp_loss":0,"event_name":"Liars Game","floor":2,"gold_loss":0,"cards_obtained":["Doubt"]},{"damage_healed":0,"gold_gain":0,"player_choice":"Success","damage_taken":12,"relics_obtained":["MealTicket"],"max_hp_gain":0,"max_hp_loss":0,"event_name":"Scrap Ooze","floor":4,"gold_loss":0},{"cards_removed":["Terror"],"damage_healed":0,"gold_gain":0,"player_choice":"Give","damage_taken":0,"max_hp_gain":0,"max_hp_loss":0,"event_name":"betterNote:BetterNote","floor":20,"gold_loss":0,"cards_obtained":["TheCursedMod:SmokeScreen"]},{"damage_healed":0,"gold_gain":0,"player_choice":"Read","damage_taken":0,"max_hp_gain":0,"max_hp_loss":0,"event_name":"The Library","floor":21,"gold_loss":0,"cards_obtained":["Finisher"]},{"damage_healed":0,"gold_gain":0,"player_choice":"Upgraded Two","damage_taken":0,"max_hp_gain":0,"max_hp_loss":0,"event_name":"Designer","floor":36,"gold_loss":40,"cards_upgraded":["Defend_G","Strike_G"]},{"damage_healed":0,"gold_gain":0,"player_choice":"Fight","damage_taken":0,"max_hp_gain":0,"max_hp_loss":0,"event_name":"MindBloom","floor":38,"gold_loss":0},{"damage_healed":0,"gold_gain":0,"cards_transformed":["Strike_G"],"player_choice":"Transformed","damage_taken":0,"max_hp_gain":0,"max_hp_loss":0,"event_name":"Transmorgrifier","floor":39,"gold_loss":0,"cards_obtained":["Prepared"]},{"damage_healed":0,"gold_gain":0,"player_choice":"Ignored","damage_taken":0,"max_hp_gain":0,"max_hp_loss":0,"event_name":"SecretPortal","floor":44,"gold_loss":0}],"is_beta":false,"boss_relics":[{"not_picked":["Sozu","Kintsugi"],"picked":"Black Star"},{"not_picked":["aspiration:RitualDagger","ChewingGum"],"picked":"Fusion Hammer"}],"items_purged_floors":[3,45,45],"is_endless":false,"potions_floor_spawned":[1,5,11,19,27,28,29,38,40,46,48],"ascension_level":0}}