{"host":"am0cr9xwekqmrere","time":1609659314,"event":{"mods":["AchievementEnabler","Act Like it!","BaseMod","Better Altar","Better Match","Better Note","Better Sensory Stone","Better Skull","Better Third Choice","BetterRewards","Conspire","Hubris","Infinite Spire","Minty Spire (QoL Compilation)","Rare Cards Sparkle","Spicy Shops","StSLib","The Marked","Unceasing Turn Reminder"],"gold_per_floor":[114,114,46,46,70,113,113,193,217,217,235,251,251,272,272,393,393,412,412,412],"floor_reached":19,"playtime":625,"items_purged":[],"score":267,"play_id":"75e2d331-67e5-4725-af4a-f1760a3ce1af","local_time":"20210103013514","is_ascension_mode":false,"campfire_choices":[{"floor":13,"key":"REST"},{"floor":15,"key":"REST"}],"circlet_count":0,"master_deck":["theMarked:Strike","theMarked:Strike","theMarked:Strike","theMarked:Strike","theMarked:Strike","theMarked:Defend","theMarked:Defend","theMarked:Defend","theMarked:Defend","theMarked:WardOff","theMarked:SwordAndMagic","theMarked:SelfDefenseTraining","theMarked:BanishingStrike","theMarked:HeritageOfTheMarked","hubris:DuctTapeCard","theMarked:MysticalArsenal","theMarked:Polarize","theMarked:HeritageOfTheMarked","theMarked:SummonStrength","theMarked:HeightenedSenses"],"relics":["theMarked:ArtifactOfAir","Golden Idol","Shovel","hubris:SlimyHat","Blood Vial","hubris:DuctTape","hubris:Backtick","Calipers"],"acts_visited":["Exordium","TheCity"],"potions_floor_usage":[8,11,16,16,18],"damage_taken":[{"damage":7,"enemies":"Jaw Worm","floor":1,"turns":4},{"damage":0,"enemies":"2 Louse","floor":5,"turns":3},{"damage":20,"enemies":"Lagavulin","floor":6,"turns":7},{"damage":20,"enemies":"Gremlin Nob","floor":8,"turns":4},{"damage":10,"enemies":"Small Slimes","floor":11,"turns":4},{"damage":0,"enemies":"Exordium Wildlife","floor":12,"turns":5},{"damage":6,"enemies":"Large Slime","floor":14,"turns":8},{"damage":32,"enemies":"The Guardian","floor":16,"turns":10},{"damage":36,"enemies":"2 Thieves","floor":18,"turns":5},{"damage":40,"enemies":"Shell Parasite","floor":19,"turns":6}],"seed_played":"670616309348380916","potions_obtained":[{"floor":1,"key":"Dexterity Potion"},{"floor":6,"key":"Energy Potion"},{"floor":8,"key":"Weak Potion"},{"floor":14,"key":"ColorlessPotion"},{"floor":16,"key":"Fire Potion"},{"floor":18,"key":"Strength Potion"}],"is_trial":false,"path_per_floor":["M","?","$","?","M","E","?","?","T","T","M","M","R","M","R","B",null,"M","M"],"character_chosen":"THE_DEFAULT","items_purchased":["theMarked:WardOff","theMarked:SwordAndMagic","theMarked:SelfDefenseTraining","theMarked:HeritageOfTheMarked"],"campfire_rested":2,"item_purchase_floors":[0,0,0,3],"current_hp_per_floor":[58,58,58,58,58,38,31,11,11,11,3,5,26,22,43,13,70,34,0,0],"gold":412,"neow_bonus":"","is_daily":false,"chose_seed":false,"campfire_upgraded":0,"win_rate":0.0,"timestamp":1609659314,"path_taken":["M","?","$","?","M","E","?","?","T","?","?","M","R","M","R","BOSS","M","M"],"items_purchased_type":["Card","Card","Card","Card"],"build_version":"2020-12-22","purchased_purges":0,"victory":false,"max_hp_per_floor":[70,70,70,70,70,70,70,70,70,70,70,70,70,70,70,70,70,70,70,70],"card_choices":[{"not_picked":["theMarked:WastefulAttack","theMarked:Frustration"],"picked":"theMarked:BanishingStrike","floor":1},{"not_picked":["theMarked:Generate","theMarked:CreepingChasm"],"picked":"theMarked:HeightenedSenses","floor":5},{"not_picked":["theMarked:RepellingDischarge","theMarked:Electrify","theMarked:WastefulDefense"],"picked":"SKIP","floor":6},{"not_picked":["theMarked:BanishingStrike","theMarked:GodGivenPower"],"picked":"theMarked:MysticalArsenal","floor":11},{"not_picked":["theMarked:WastefulAttack","theMarked:KeepCalmAndFightOn"],"picked":"theMarked:Polarize","floor":12},{"not_picked":["theMarked:ParalyzingBlade","theMarked:Opportunist"],"picked":"theMarked:HeritageOfTheMarked","floor":14},{"not_picked":["theMarked:ChannelForce","theMarked:FavorableWinds"],"picked":"theMarked:SummonStrength","floor":16},{"not_picked":["theMarked:Polarize","theMarked:ShockingTouch"],"picked":"theMarked:HeightenedSenses","floor":18}],"player_experience":2590824,"relics_obtained":[{"floor":6,"key":"Shovel"},{"floor":9,"key":"Blood Vial"},{"floor":10,"key":"hubris:DuctTape"}],"event_choices":[{"damage_healed":0,"gold_gain":0,"player_choice":"Take Wound","damage_taken":0,"relics_obtained":["Golden Idol"],"max_hp_gain":0,"max_hp_loss":0,"event_name":"Golden Idol","floor":2,"gold_loss":0,"cards_obtained":["Injury"]},{"damage_healed":0,"gold_gain":0,"player_choice":"Leave","damage_taken":0,"max_hp_gain":0,"max_hp_loss":0,"event_name":"conspire:Investor","floor":4,"gold_loss":0},{"cards_removed":["Injury"],"damage_healed":0,"gold_gain":0,"player_choice":"Card Removal","damage_taken":7,"max_hp_gain":0,"max_hp_loss":0,"event_name":"Golden Wing","floor":7,"gold_loss":0},{"damage_healed":0,"gold_gain":0,"player_choice":"Searched \u00272\u0027 times","damage_taken":0,"relics_obtained":["hubris:SlimyHat"],"max_hp_gain":0,"max_hp_loss":0,"event_name":"Dead Adventurer","floor":8,"gold_loss":0}],"is_beta":false,"boss_relics":[{"not_picked":["conspire:RoyalGoblet","Busted Crown"],"picked":"hubris:Backtick"}],"items_purged_floors":[],"is_endless":false,"potions_floor_spawned":[1,6,8,14,16,18],"killed_by":"Shell Parasite","ascension_level":0}}