{"host":"6ld56ls1xbe0aj21","time":1609668345,"event":{"mods":["AchievementEnabler","BaseMod","Colored Powertips","Minty Spire (QoL Compilation)","Quick Restart","Rare Cards Sparkle","StSLib","SuperFastMode","everything is the same but u backflip on backflip","slay the spire mod where everything is the same but ironclad has a cowboy hat"],"gold_per_floor":[15,33,49,224,299,299,299],"floor_reached":6,"playtime":213,"items_purged":[],"score":50,"play_id":"3ec48dd5-5693-40d9-98c2-7c179966c266","local_time":"20210103210545","is_ascension_mode":true,"campfire_choices":[],"circlet_count":0,"master_deck":["Strike_R","Strike_R","Strike_R","Strike_R","Strike_R","Defend_R","Defend_R","Defend_R","Defend_R","Bash","Violence","Combust","Battle Trance","Iron Wave","Doubt"],"relics":["Burning Blood"],"acts_visited":["Exordium"],"potions_floor_usage":[6,6],"damage_taken":[{"damage":25,"enemies":"Jaw Worm","floor":1,"turns":7},{"damage":5,"enemies":"2 Louse","floor":2,"turns":3},{"damage":3,"enemies":"Cultist","floor":3,"turns":3},{"damage":53,"enemies":"Lagavulin","floor":6,"turns":8}],"seed_played":"2179800555322524572","potions_obtained":[{"floor":2,"key":"Weak Potion"},{"floor":3,"key":"Weak Potion"}],"is_trial":false,"path_per_floor":["M","M","M","?","?","E"],"character_chosen":"IRONCLAD","items_purchased":[],"campfire_rested":0,"item_purchase_floors":[],"current_hp_per_floor":[53,54,57,57,46,0,0],"gold":299,"neow_bonus":"RANDOM_COLORLESS_2","is_daily":false,"chose_seed":false,"campfire_upgraded":0,"win_rate":0.0,"timestamp":1609668345,"path_taken":["M","M","M","?","?","E"],"items_purchased_type":[],"build_version":"2020-12-22","purchased_purges":0,"victory":false,"max_hp_per_floor":[80,80,80,80,80,80,80],"card_choices":[{"not_picked":["Thinking Ahead","Magnetism"],"picked":"Violence","floor":0},{"not_picked":["Seeing Red","Warcry"],"picked":"Combust","floor":1},{"not_picked":["Pommel Strike","Warcry"],"picked":"Battle Trance","floor":2},{"not_picked":["Intimidate","Heavy Blade"],"picked":"Iron Wave","floor":3}],"player_experience":268411,"relics_obtained":[],"event_choices":[{"damage_healed":0,"gold_gain":175,"player_choice":"AGREE","damage_taken":0,"max_hp_gain":0,"max_hp_loss":0,"event_name":"Liars Game","floor":4,"gold_loss":0,"cards_obtained":["Doubt"]},{"damage_healed":0,"gold_gain":75,"player_choice":"Gather Gold","damage_taken":11,"max_hp_gain":0,"max_hp_loss":0,"event_name":"World of Goop","floor":5,"gold_loss":0}],"is_beta":false,"boss_relics":[],"items_purged_floors":[],"is_endless":false,"potions_floor_spawned":[2,3],"killed_by":"Lagavulin","ascension_level":8}}