{"host":"cmyud3of70k6t1eo","time":1609687462,"event":{"mods":["BaseMod","Clawfect","Colored Map","Conspire","Disable Question Mark Monsters","Energized Spire","Evolution","GungeonMod","Hyrulean Relics","Infinite Spire","Minty Spire (QoL Compilation)","Quick Restart","SCP261 Mod","Shop Mod","StSLib","UnlockEverythingMod"],"gold_per_floor":[119,219,236,236,269,269,269,289,289,306,306,0,52,52,52,155,155,175,175,188,188,204,204,236,236,262,262,283,306,306,32,32,183,183,209,309,334,336,336],"floor_reached":38,"playtime":1607,"items_purged":["Parasite"],"score":432,"play_id":"2b83bef9-b6b2-44dc-bdea-c27c9ccdd826","local_time":"20210103102422","is_ascension_mode":false,"campfire_choices":[{"floor":6,"key":"REST"},{"floor":15,"key":"REST"},{"floor":23,"key":"REST"},{"floor":32,"key":"REST"}],"circlet_count":0,"master_deck":["CrushJoints","Strike_P","Strike_P+1","Defend_P","Defend_P","Defend_P","Defend_P+1","Eruption","Vigilance","Blasphemy","FearNoEvil","DeusExMachina","FearNoEvil","MentalFortress","Consecrate","ReachHeaven","Alpha","FlurryOfBlows+1","BowlingBash","ReachHeaven+1","WheelKick+1","Perseverance+1","Consecrate","ClearTheMind","Wish","DevaForm","SashWhip","Consecrate"],"relics":["HolyWater","EVO:Axolotl","Regal Pillow","DemoMod:BigBoy","Strange Spoon","infinitespire:Cupcake","Pantograph","Question Card","DemoMod:Metronome","infinitespire:Midas Blood","DemoMod:GlassGuonStoneRelic"],"acts_visited":["Exordium","TheCity","TheBeyond"],"potions_floor_usage":[5,16,16,29,33,33],"damage_taken":[{"damage":0,"enemies":"Small Slimes","floor":1,"turns":3},{"damage":0,"enemies":"Cultist","floor":3,"turns":2},{"damage":30,"enemies":"conspire:MimicChest","floor":5,"turns":3},{"damage":3,"enemies":"2 Louse","floor":8,"turns":2},{"damage":15,"enemies":"Large Slime","floor":10,"turns":3},{"damage":14,"enemies":"Slime Boss","floor":16,"turns":6},{"damage":17,"enemies":"Chosen","floor":18,"turns":5},{"damage":15,"enemies":"3 Byrds","floor":20,"turns":5},{"damage":27,"enemies":"Centurion and Healer","floor":22,"turns":5},{"damage":0,"enemies":"conspire:Head Lice","floor":24,"turns":2},{"damage":17,"enemies":"Snecko","floor":28,"turns":4},{"damage":23,"enemies":"Shelled Parasite and Fungi","floor":29,"turns":3},{"damage":37,"enemies":"conspire:MysteriousRune","floor":33,"turns":9},{"damage":40,"enemies":"Orb Walker","floor":35,"turns":5},{"damage":22,"enemies":"3 Shapes","floor":37,"turns":2},{"damage":9,"enemies":"Sphere and 2 Shapes","floor":38,"turns":2}],"seed_played":"-6997239485068149420","potions_obtained":[{"floor":1,"key":"SCP261:ThunderBarPotion"},{"floor":3,"key":"LiquidBronze"},{"floor":8,"key":"Explosive Potion"},{"floor":16,"key":"BottledMiracle"},{"floor":18,"key":"Explosive Potion"},{"floor":20,"key":"Energy Potion"},{"floor":33,"key":"SteroidPotion"},{"floor":35,"key":"Fire Potion"}],"is_trial":false,"path_per_floor":["M","?","M","?","?","R","?","M","T","M","?","$","?","$","R","B",null,"M","?","M","?","M","R","E","?","T","AVR","M","M","?","$","R","B",null,"M","?","M","M"],"character_chosen":"WATCHER","items_purchased":["Strange Spoon","ReachHeaven","ClearTheMind","Wish","SCP261:DewritoBlazePotion"],"campfire_rested":4,"item_purchase_floors":[12,12,31,31,31],"current_hp_per_floor":[72,72,72,72,42,72,58,55,55,40,58,58,58,58,69,55,69,52,52,37,37,10,45,45,45,45,45,28,5,5,5,40,3,69,29,29,7,0,0],"gold":336,"neow_bonus":"ONE_RANDOM_RARE_CARD","is_daily":false,"chose_seed":false,"campfire_upgraded":0,"win_rate":0.0,"timestamp":1609687462,"path_taken":["M","?","?","?","?","R","?","?","T","M","?","$","?","$","R","BOSS","M","?","M","?","?","R","E","?","T","AVR","M","M","?","$","R","BOSS","M","?","?","M"],"items_purchased_type":["Relic","Card","Card","Card","Potion"],"build_version":"2020-12-22","purchased_purges":1,"victory":false,"max_hp_per_floor":[72,72,72,72,72,72,72,72,72,72,72,69,69,69,69,69,69,69,69,69,69,69,69,69,69,69,69,69,69,69,69,69,69,69,69,69,69,69,69],"card_choices":[{"not_picked":["ClearTheMind","TalkToTheHand"],"picked":"FearNoEvil","floor":1},{"not_picked":["Meditate","Crescendo"],"picked":"DeusExMachina","floor":3},{"not_picked":["Crescendo","JustLucky"],"picked":"FearNoEvil","floor":5},{"not_picked":["FollowUp","CutThroughFate"],"picked":"MentalFortress","floor":8},{"not_picked":["Halt","FlurryOfBlows"],"picked":"Consecrate","floor":10},{"not_picked":["Brilliance","Establishment"],"picked":"Alpha","floor":16},{"not_picked":["ThirdEye","BowlingBash"],"picked":"FlurryOfBlows+1","floor":18},{"not_picked":["CutThroughFate","ForeignInfluence"],"picked":"BowlingBash","floor":20},{"not_picked":["Protect","Prostrate"],"picked":"ReachHeaven+1","floor":22},{"not_picked":["Halt","Vengeance"],"picked":"WheelKick+1","floor":24},{"not_picked":["WreathOfFlame+1","Indignation","Study"],"picked":"Perseverance+1","floor":28},{"not_picked":["Indignation","ClearTheMind","Worship"],"picked":"Consecrate","floor":29},{"not_picked":["Alpha","Judgement","Scrawl"],"picked":"DevaForm","floor":33},{"not_picked":["WheelKick","Protect+1","ClearTheMind"],"picked":"SashWhip","floor":35},{"not_picked":["TalkToTheHand+1","Fasting2","BowlingBash"],"picked":"Consecrate","floor":37}],"player_experience":145042,"relics_obtained":[{"floor":5,"key":"Regal Pillow"},{"floor":9,"key":"DemoMod:BigBoy"},{"floor":24,"key":"Pantograph"},{"floor":26,"key":"DemoMod:Metronome"}],"event_choices":[{"damage_healed":0,"gold_gain":100,"player_choice":"Pray","damage_taken":0,"max_hp_gain":0,"max_hp_loss":0,"event_name":"Golden Shrine","floor":2,"gold_loss":0},{"damage_healed":0,"gold_gain":0,"player_choice":"Ignored","damage_taken":0,"max_hp_gain":0,"max_hp_loss":0,"event_name":"Liars Game","floor":4,"gold_loss":0},{"damage_healed":0,"gold_gain":0,"player_choice":"Entered Light","damage_taken":14,"max_hp_gain":0,"max_hp_loss":0,"event_name":"Shining Light","floor":7,"gold_loss":0,"cards_upgraded":["Defend_P","Strike_P"]},{"damage_healed":18,"gold_gain":0,"player_choice":"Healed and dodged fight","damage_taken":0,"max_hp_gain":0,"max_hp_loss":0,"event_name":"Mushrooms","floor":11,"gold_loss":0,"cards_obtained":["Parasite"]},{"damage_healed":0,"gold_gain":52,"player_choice":"Gained Gold","damage_taken":0,"max_hp_gain":0,"max_hp_loss":0,"event_name":"Golden Wing","floor":13,"gold_loss":0},{"damage_healed":0,"gold_gain":0,"player_choice":"Ignored","damage_taken":0,"max_hp_gain":0,"max_hp_loss":0,"event_name":"Ghosts","floor":19,"gold_loss":0},{"cards_removed":["Strike_P"],"damage_healed":0,"gold_gain":0,"player_choice":"Card Removal","damage_taken":0,"max_hp_gain":0,"max_hp_loss":0,"event_name":"Wheel of Change","floor":21,"gold_loss":0},{"damage_healed":0,"gold_gain":0,"player_choice":"Opened","damage_taken":0,"relics_obtained":["Question Card"],"max_hp_gain":0,"max_hp_loss":0,"event_name":"The Mausoleum","floor":25,"gold_loss":0},{"damage_healed":0,"gold_gain":0,"player_choice":"Ignored","damage_taken":0,"max_hp_gain":0,"max_hp_loss":0,"event_name":"Cursed Tome","floor":30,"gold_loss":0},{"damage_healed":0,"gold_gain":100,"player_choice":"Pray","damage_taken":0,"max_hp_gain":0,"max_hp_loss":0,"event_name":"Golden Shrine","floor":36,"gold_loss":0}],"is_beta":false,"boss_relics":[{"not_picked":["energizedSpire:MagnifyingGlass","energizedSpire:StickyHand"],"picked":"infinitespire:Cupcake"},{"not_picked":["SlaversCollar","conspire:SeveredTorchhead"],"picked":"HolyWater"}],"items_purged_floors":[12],"is_endless":false,"potions_floor_spawned":[1,3,8,16,18,20,22,33,35],"killed_by":"Sphere and 2 Shapes","ascension_level":0}}