{"host":"6bsan6hkua32tfq7","time":1609700339,"event":{"mods":["BaseMod","Better Third Choice","Colored Map","Highlight Path","Minty Spire (QoL Compilation)","StSLib"],"gold_per_floor":[109,123,123,141,160,160,186,4,27,0,0,19,35,35,35,35,35],"floor_reached":16,"playtime":1995,"items_purged":["Defend_G"],"score":204,"play_id":"d1127132-01e4-4211-97e2-d164cf0f68e6","local_time":"20210103195859","is_ascension_mode":true,"campfire_choices":[{"floor":6.0,"key":"REST"},{"floor":11.0,"key":"REST"},{"data":"Well Laid Plans","floor":15.0,"key":"SMITH"}],"circlet_count":0,"master_deck":["AscendersBane","Strike_G","Strike_G","Strike_G","Strike_G","Strike_G","Defend_G","Defend_G","Defend_G","Survivor","Neutralize","Well Laid Plans+1","Tactician","Dagger Throw","Blade Dance","Predator","Impatience","Decay","Infinite Blades","Deflect"],"relics":["Cursed Key","Centennial Puzzle","Bag of Marbles"],"acts_visited":["Exordium"],"potions_floor_usage":[16,16],"damage_taken":[{"damage":4.0,"enemies":"Jaw Worm","floor":1.0,"turns":5.0},{"damage":6.0,"enemies":"Cultist","floor":2.0,"turns":5.0},{"damage":8.0,"enemies":"Small Slimes","floor":4.0,"turns":5.0},{"damage":8.0,"enemies":"Looter","floor":5.0,"turns":4.0},{"damage":56.0,"enemies":"Gremlin Nob","floor":7.0,"turns":5.0},{"damage":2.0,"enemies":"2 Fungi Beasts","floor":12.0,"turns":3.0},{"damage":0.0,"enemies":"Gremlin Gang","floor":13.0,"turns":4.0},{"damage":27,"enemies":"The Guardian","floor":16,"turns":13}],"seed_played":"367457329827949221","potions_obtained":[{"floor":1.0,"key":"Regen Potion"},{"floor":5.0,"key":"Swift Potion"},{"floor":12.0,"key":"CunningPotion"},{"floor":13.0,"key":"LiquidBronze"}],"is_trial":false,"path_per_floor":["M","M","?","M","M","R","E","$","T","?","R","M","M","?","R","B"],"character_chosen":"THE_SILENT","items_purchased":["Impatience"],"campfire_rested":2,"item_purchase_floors":[8],"current_hp_per_floor":[55,49,49,41,33,52,10,10,10,10,29,27,27,27,27,0,0],"gold":35,"neow_bonus":"BOSS_RELIC","is_daily":false,"chose_seed":false,"campfire_upgraded":1,"win_rate":0.0,"timestamp":1609700339,"path_taken":["M","M","?","?","M","R","E","$","T","?","R","M","M","?","R","BOSS"],"items_purchased_type":["Card"],"build_version":"2020-12-22","purchased_purges":1,"victory":false,"max_hp_per_floor":[66,66,66,66,66,66,66,66,66,66,66,66,66,66,66,66,66],"card_choices":[{"not_picked":["Cloak And Dagger","Slice"],"picked":"Well Laid Plans","floor":1.0},{"not_picked":["Deflect","Concentrate"],"picked":"Tactician","floor":2.0},{"not_picked":["Accuracy","Concentrate"],"picked":"Dagger Throw","floor":4.0},{"not_picked":["Endless Agony","Sucker Punch"],"picked":"Blade Dance","floor":5.0},{"not_picked":["A Thousand Cuts","Acrobatics"],"picked":"Predator","floor":7.0},{"not_picked":["Sucker Punch","Blade Dance"],"picked":"Infinite Blades","floor":12.0},{"not_picked":["Quick Slash","Endless Agony"],"picked":"Deflect","floor":13.0}],"player_experience":5228990,"relics_obtained":[{"floor":7.0,"key":"Centennial Puzzle"},{"floor":9.0,"key":"Bag of Marbles"}],"event_choices":[{"cards_removed":["Defend_G"],"damage_healed":0.0,"max_hp_gain":0.0,"max_hp_loss":0.0,"gold_gain":0.0,"event_name":"Bonfire Elementals","player_choice":"Offered Basic","floor":3.0,"gold_loss":0.0,"damage_taken":0.0},{"damage_healed":0.0,"max_hp_gain":0.0,"max_hp_loss":0.0,"gold_gain":0.0,"event_name":"betterThird:BetterGoop","player_choice":"Left","floor":10.0,"gold_loss":27.0,"damage_taken":0.0},{"damage_healed":0.0,"max_hp_gain":0.0,"max_hp_loss":0.0,"gold_gain":0.0,"event_name":"betterThird:BetterSerpent","player_choice":"Ignored","floor":14.0,"gold_loss":0.0,"damage_taken":35.0}],"is_beta":false,"boss_relics":[],"items_purged_floors":[8],"is_endless":false,"potions_floor_spawned":[1,5,12,13],"killed_by":"The Guardian","ascension_level":20}}