{"host":"ilrepnd391jk07a9","time":1609681907,"event":{"mods":["Aspiration","BaseMod","Better Altar","Better Note","Better Skull","Better Third Choice","BetterRewards","Colored Powertips","DeckTracker","Defuse TimeMaze Blight","Downfall","GifTheSpireLib","Gremlin Skip","Halation","Highlight Path","Hubris","Minty Spire (QoL Compilation)","Quick Restart","Relic Stats","Replay The Spire","StSLib","Stuff the Spire","everything is the same but u backflip on backflip","vexMod"],"gold_per_floor":[99,109,124,72,72,104,104,104,54,54,72,98,198,230,249,351,351,351,364,383,383,383,414,414,339,191,225,235,235,235,261,274,371,371,371,346,357,602,615,615,615,465,511,545,122,137,165,97,108,108,108,142,142,142,142],"floor_reached":56,"playtime":4860,"items_purged":["hexamod:Strike","Shame","hexamod:Strike"],"score":1529,"play_id":"11761e02-cebd-4c7e-a13a-02455111a6d3","local_time":"20210104025147","is_ascension_mode":true,"campfire_choices":[{"data":"hexamod:Sear","floor":1.0,"key":"SMITH"},{"data":"hexamod:Incineration","floor":8.0,"key":"SMITH"},{"data":"hexamod:SuperheatedStrike","floor":10.0,"key":"SMITH"},{"data":"hexamod:ChargedBarrage","floor":18.0,"key":"SMITH"},{"floor":25.0,"key":"REST"},{"floor":30.0,"key":"REST"},{"data":"hexamod:SearingWound","floor":35,"key":"SMITH"},{"floor":40,"key":"RECALL"},{"data":"hexamod:SoulSteal","floor":42,"key":"SMITH"},{"floor":54,"key":"REST"}],"circlet_count":0,"master_deck":["hexamod:Strike","hexamod:Defend","hexamod:Defend","hexamod:Defend","hexamod:Defend","hexamod:Sear+1","hexamod:Float+1","hexamod:Firestarter","hexamod:Incineration+1","hexamod:SuperheatedStrike+1","hexamod:EmpoweringStance","hexamod:SoulSteal+1","hexamod:FastForward","hexamod:ChargedBarrage+1","Leg Sweep+1","Noxious Fumes+1","hexamod:Hexaguard+1","Dodge and Roll+1","hexamod:SearingWound+1","hexamod:HeatMetal+1","hexamod:RadiantFlame+1","hexamod:SpectralSpark"],"relics":["hexamod:SpiritBrand","Juzu Bracelet","StuffTheSpire:SapphireSignet","Iron Hammer","Calipers","Vajra","aspiration:SilentSkillbook","Enchiridion","StuffTheSpire:Rhapsscallions","Centennial Puzzle","downfall:HeartBlessingGreen","Replay:Ringing Soul","StuffTheSpire:NeowsTribute","halation:BottledLove","Velvet Choker","StoneCalendar","downfall:HeartBlessingRed","downfall:HeartBlessingBlue","hubris:ToyBattleship","Replay:Accelerometer","Gambling Chip","PreservedInsect","hexamod:MatchstickCase"],"acts_visited":["TheCity","TheBeyond","TheEnding"],"potions_floor_usage":[33,39,49,55,55],"damage_taken":[{"damage":0.0,"enemies":"Cultist","floor":2.0,"turns":3.0},{"damage":8.0,"enemies":"Small Slimes","floor":3.0,"turns":3.0},{"damage":0.0,"enemies":"downfall:FleeingMerchant","floor":4.0,"turns":4.0},{"damage":1.0,"enemies":"Replay:BlueRogue","floor":6.0,"turns":3.0},{"damage":4.0,"enemies":"downfall:FleeingMerchant","floor":9.0,"turns":4.0},{"damage":0.0,"enemies":"Jaw Worm","floor":11.0,"turns":2.0},{"damage":12.0,"enemies":"3 Sentries","floor":12.0,"turns":5.0},{"damage":3.0,"enemies":"Gremlin Nob","floor":14.0,"turns":3.0},{"damage":0.0,"enemies":"Exordium Thugs","floor":15.0,"turns":3.0},{"damage":16.0,"enemies":"downfall:Silent","floor":16.0,"turns":6.0},{"damage":0.0,"enemies":"Spheric Guardian","floor":19.0,"turns":3.0},{"damage":12.0,"enemies":"Chosen","floor":20.0,"turns":3.0},{"damage":31.0,"enemies":"Book of Stabbing","floor":23.0,"turns":5.0},{"damage":0.0,"enemies":"downfall:FleeingMerchant","floor":26.0,"turns":4.0},{"damage":11.0,"enemies":"Gremlin Leader","floor":27.0,"turns":5.0},{"damage":15.0,"enemies":"Sentry and Sphere","floor":28.0,"turns":7.0},{"damage":18.0,"enemies":"Book of Stabbing","floor":31.0,"turns":8.0},{"damage":0.0,"enemies":"Centurion and Healer","floor":32.0,"turns":3.0},{"damage":1,"enemies":"downfall:Ironclad","floor":33,"turns":7},{"damage":19,"enemies":"3 Darklings","floor":37,"turns":5},{"damage":0,"enemies":"downfall:FleeingMerchant","floor":38,"turns":3},{"damage":6,"enemies":"3 Shapes","floor":39,"turns":3},{"damage":7,"enemies":"Giant Head","floor":44,"turns":6},{"damage":5,"enemies":"3 Darklings","floor":46,"turns":3},{"damage":0,"enemies":"R_Hoarder","floor":47,"turns":6},{"damage":7,"enemies":"Jaw Worm Horde","floor":49,"turns":3},{"damage":1,"enemies":"downfall:Watcher","floor":50,"turns":7},{"damage":40,"enemies":"downfall:CharBossMerchant","floor":52,"turns":7},{"damage":32,"enemies":"downfall:NeowBoss","floor":55,"turns":27}],"seed_played":"-6452626152742418992","potions_obtained":[{"floor":3.0,"key":"Fire Potion"},{"floor":11.0,"key":"Toxic Potion"},{"floor":15.0,"key":"champ:CounterPotion"},{"floor":16.0,"key":"CultistPotion"},{"floor":20.0,"key":"Block Potion"},{"floor":23.0,"key":"Block Potion"},{"floor":27.0,"key":"Fire Potion"},{"floor":32.0,"key":"Swift Potion"},{"floor":33,"key":"FearPotion"},{"floor":39,"key":"AttackPotion"},{"floor":49,"key":"Dexterity Potion"}],"is_trial":false,"path_per_floor":["R","M","M","$","?","E","T","R","$","R","M","E","?","E","M","B",null,"R","M","M","?","?","E","T","R","$","E","M","?","R","E","M","B",null,"R","?","M","$","M","R","T","R","?","E","$","M","E","$","M","B",null,"E","$","R","B",null],"character_chosen":"THE_SPIRIT","items_purchased":["hexamod:SuperheatedStrike","hexamod:SoulSteal","Noxious Fumes+1","Gambling Chip","hexamod:SpectralSpark"],"campfire_rested":3,"item_purchase_floors":[4,9,26,45,48],"current_hp_per_floor":[70,70,62,62,55,54,54,54,50,50,50,38,38,35,35,19,70,70,70,58,58,42,14,14,35,35,27,17,20,44,26,28,34,85,85,85,66,69,63,63,63,73,73,66,66,61,64,67,60,59,104,64,64,95,65],"gold":142,"neow_bonus":"UPGRADE_CARD","is_daily":false,"chose_seed":false,"campfire_upgraded":6,"win_rate":0.0,"timestamp":1609681907,"path_taken":["R","M","M","?","?","E","T","R","?","R","M","E","?","E","M","BOSS","R","M","M","?","?","E","T","R","$","E","M","?","R","E","M","BOSS","R","?","M","$","M","R","T","R","?","E","$","M","E","$","M","BOSS","E","$","R","BOSS"],"items_purchased_type":["Card","Card","Card","Relic","Card"],"build_version":"2020-12-22","purchased_purges":3,"victory":true,"max_hp_per_floor":[70,70,70,70,70,70,70,70,70,70,70,70,70,70,70,70,70,70,70,70,70,70,73,73,73,73,76,79,82,82,82,82,85,85,85,85,85,88,88,88,88,98,98,98,98,98,101,104,104,104,104,104,104,104,104],"relic_stats":{"Centennial Puzzle":[36],"counters":[29,151],"Gambling Chip":[104],"StoneCalendar":[52],"PreservedInsect":100,"Juzu Bracelet":1,"obtain_stats":[{"Replay:Accelerometer":44,"Calipers":12,"downfall:HeartBlessingRed":42,"StuffTheSpire:Rhapsscallions":23,"halation:BottledLove":31,"Vajra":14,"Enchiridion":22,"Velvet Choker":34,"downfall:HeartBlessingGreen":25,"StoneCalendar":36,"PreservedInsect":47,"Juzu Bracelet":5,"hexamod:MatchstickCase":52,"StuffTheSpire:SapphireSignet":6,"Replay:Ringing Soul":27,"Centennial Puzzle":24,"downfall:HeartBlessingBlue":42,"Gambling Chip":45,"aspiration:SilentSkillbook":17,"Iron Hammer":7,"hubris:ToyBattleship":43,"hexamod:SpiritBrand":0,"StuffTheSpire:NeowsTribute":29},{"Replay:Accelerometer":23,"Calipers":7,"downfall:HeartBlessingRed":22,"StuffTheSpire:Rhapsscallions":13,"halation:BottledLove":17,"Vajra":8,"Enchiridion":12,"Velvet Choker":19,"downfall:HeartBlessingGreen":13,"StoneCalendar":19,"PreservedInsect":25,"Juzu Bracelet":3,"hexamod:MatchstickCase":28,"StuffTheSpire:SapphireSignet":4,"Replay:Ringing Soul":15,"Centennial Puzzle":13,"downfall:HeartBlessingBlue":22,"Gambling Chip":23,"aspiration:SilentSkillbook":10,"Iron Hammer":4,"hubris:ToyBattleship":22,"hexamod:SpiritBrand":0,"StuffTheSpire:NeowsTribute":16},{"Replay:Accelerometer":98,"Calipers":24,"downfall:HeartBlessingRed":92,"StuffTheSpire:Rhapsscallions":47,"halation:BottledLove":71,"Vajra":27,"Enchiridion":42,"Velvet Choker":81,"downfall:HeartBlessingGreen":47,"StoneCalendar":81,"PreservedInsect":107,"Juzu Bracelet":10,"hexamod:MatchstickCase":124,"StuffTheSpire:SapphireSignet":13,"Replay:Ringing Soul":56,"Centennial Puzzle":47,"downfall:HeartBlessingBlue":92,"Gambling Chip":98,"aspiration:SilentSkillbook":36,"Iron Hammer":13,"hubris:ToyBattleship":92,"hexamod:SpiritBrand":0,"StuffTheSpire:NeowsTribute":63}]},"card_choices":[{"not_picked":["hexamod:InspiringFlames","hexamod:ThermalTransfer"],"picked":"hexamod:Firestarter","floor":2.0},{"not_picked":["hexamod:SpectralAdrenaline","hexamod:GhostShield"],"picked":"hexamod:Incineration","floor":3.0},{"not_picked":["hexamod:RainOfEmbers","hexamod:GhostShield","hexamod:GhostOfSpirePast"],"picked":"SKIP","floor":4.0},{"not_picked":["hexamod:AdvancingGuard","hexamod:Firestarter","hexamod:SpectersWail"],"picked":"SKIP","floor":6.0},{"not_picked":["hexamod:SpectersWail","hexamod:HauntingEcho"],"picked":"hexamod:EmpoweringStance","floor":9.0},{"not_picked":["hexamod:SuperheatedStrike","hexamod:Again","hexamod:AdvancingGuard"],"picked":"SKIP","floor":11.0},{"not_picked":["hexamod:NecessarySacrifice","hexamod:GhostOfSpireFuture","hexamod:CatchUp"],"picked":"SKIP","floor":12.0},{"not_picked":["hexamod:ThermalTransfer","hexamod:RainOfEmbers"],"picked":"hexamod:FastForward","floor":14.0},{"not_picked":["hexamod:GhostLash","hexamod:ShieldOfDarkness"],"picked":"hexamod:ChargedBarrage","floor":15.0},{"not_picked":["hexamod:HauntingEcho","Caltrops","hexamod:BacktrackSmack","Dagger Throw"],"picked":"SKIP","floor":19.0},{"not_picked":["Calculated Gamble","Deflect","Sucker Punch","hexamod:SuperheatedStrike"],"picked":"SKIP","floor":20.0},{"not_picked":["Quick Slash+1","ReplayTheSpireMod:Tripwire+1","Dagger Throw","hexamod:SkipABeat"],"picked":"SKIP","floor":23.0},{"not_picked":["hexamod:TurnItUp","Slice+1","hexamod:ShieldOfDarkness"],"picked":"Leg Sweep+1","floor":26.0},{"not_picked":["Dagger Spray","Masterful Stab","hexamod:BacktrackSmack"],"picked":"hexamod:Hexaguard+1","floor":27.0},{"not_picked":["Bane+1","hubris:TrickCloak","Underhanded Strike"],"picked":"Dodge and Roll+1","floor":28.0},{"not_picked":["Bullet Time","Deflect","Accuracy+1","StuffTheSpire:Python"],"picked":"SKIP","floor":31.0},{"not_picked":["hexamod:ThermalTransfer","Finisher","StuffTheSpire:DoubleShiv","Blade Dance+1"],"picked":"SKIP","floor":32.0},{"not_picked":["Storm of Steel","hexamod:TimeOfNeed","Night Terror"],"picked":"hexamod:SearingWound","floor":33},{"not_picked":["Deflect","Sucker Punch+1","hexamod:ThermalTransfer","Replay:Poison Smokescreen"],"picked":"SKIP","floor":37},{"not_picked":["Dagger Throw+1","hexamod:Firestarter","Dagger Spray+1"],"picked":"hexamod:HeatMetal+1","floor":38},{"not_picked":["Acrobatics+1","Concentrate","hexamod:SuperheatedStrike+1","StuffTheSpire:Injection"],"picked":"SKIP","floor":39},{"not_picked":["Accuracy+1","hexamod:HauntingEcho+1","hexamod:FastForward+1","Deflect"],"picked":"SKIP","floor":44},{"not_picked":["hexamod:FastForward","Deadly Poison+1","Terror","hexamod:RecurringNightmare+1"],"picked":"SKIP","floor":46},{"not_picked":["hexamod:ShieldOfDarkness","Tactician+1","hexamod:NightmareGuise"],"picked":"hexamod:RadiantFlame+1","floor":47},{"not_picked":["Phantasmal Killer","hexamod:NightmareGuise","hexamod:SpectralAdrenaline","hexamod:SoulSteal+1"],"picked":"SKIP","floor":49},{"not_picked":["Deadly Poison+1","Replay:Poison Smokescreen","Setup+1","hexamod:Toasty"],"picked":"SKIP","floor":52}],"player_experience":840271,"relics_obtained":[{"floor":6.0,"key":"StuffTheSpire:SapphireSignet"},{"floor":7.0,"key":"Iron Hammer"},{"floor":12.0,"key":"Calipers"},{"floor":14.0,"key":"Vajra"},{"floor":22.0,"key":"Enchiridion"},{"floor":23.0,"key":"StuffTheSpire:Rhapsscallions"},{"floor":24.0,"key":"Centennial Puzzle"},{"floor":27.0,"key":"Replay:Ringing Soul"},{"floor":31.0,"key":"halation:BottledLove"},{"floor":43,"key":"hubris:ToyBattleship"},{"floor":44,"key":"Replay:Accelerometer"},{"floor":47,"key":"PreservedInsect"},{"floor":52,"key":"hexamod:MatchstickCase"}],"event_choices":[{"damage_healed":0.0,"max_hp_gain":0.0,"max_hp_loss":0.0,"gold_gain":0.0,"event_name":"betterThird:BetterScrap","player_choice":"Relic ","floor":5.0,"gold_loss":0.0,"damage_taken":7.0,"cards_obtained":["Abandon"]},{"damage_healed":0.0,"max_hp_gain":0.0,"max_hp_loss":0.0,"gold_gain":0.0,"event_name":"Addict","player_choice":"Stole Relic","floor":29.0,"gold_loss":0.0,"damage_taken":0.0,"relics_obtained":["StuffTheSpire:NeowsTribute"],"cards_obtained":["Shame"]}],"is_beta":false,"boss_relics":[{"not_picked":["Coffee Dripper","hubris:BlackHole"],"picked":"aspiration:SilentSkillbook"},{"not_picked":["Honey Jar","vexMod:MysteryBossChallenge"],"picked":"Velvet Choker"}],"items_purged_floors":[26,38,45],"is_endless":false,"potions_floor_spawned":[3,11,15,16,20,23,27,32,33,39,47,49],"ascension_level":2}}