{"host":"raaimkojny05jekw","time":1609644996,"event":{"mods":["AchievementEnabler","BaseMod","Colored Map","Colored Powertips","DeckTracker","Minty Spire (QoL Compilation)","Quick Restart","Rare Cards Sparkle","everything is the same but u backflip on backflip"],"gold_per_floor":[115,115,134,145,185,215,232,232,259,259,224,237,247,29,29,133,133,147,57,68,167,167,167,88,102,102,120,120,131,131,58,58,162,162,180,180,80,140,15,42,60,60,86,99,99,31,46,60,60,60,60,60,23,23,23],"floor_reached":54,"playtime":1939,"items_purged":["Strike_R","Strike_R","Strike_R"],"score":678,"play_id":"2456e815-864a-407a-a6a1-8d2883ab06e7","local_time":"20210103123636","is_ascension_mode":true,"campfire_choices":[{"data":"Magnetism","floor":8,"key":"SMITH"},{"data":"Whirlwind","floor":10,"key":"SMITH"},{"data":"Whirlwind","floor":15,"key":"SMITH"},{"data":"Berserk","floor":23,"key":"SMITH"},{"data":"Heavy Blade","floor":28,"key":"SMITH"},{"data":"Evolve","floor":32,"key":"SMITH"},{"floor":45,"key":"REST"},{"floor":49,"key":"RECALL"},{"data":"Dark Embrace","floor":52,"key":"SMITH"}],"circlet_count":0,"master_deck":["Defend_R","Defend_R","Defend_R","Bash","Magnetism+1","Whirlwind+1","Heavy Blade+1","Flex+1","Sword Boomerang","Whirlwind+1","Shockwave","Feel No Pain","Berserk+1","Inflame+1","True Grit","Headbutt","Power Through+1","Evolve+1","Immolate","Flame Barrier","Inflame+1","Ghostly Armor+1","Dark Embrace+1","Fire Breathing+1","Dual Wield"],"relics":["Burning Blood","Bag of Marbles","Art of War","Medical Kit","Mark of Pain","Nunchaku","Sozu","Bronze Scales"],"acts_visited":["Exordium","TheCity","TheBeyond","TheEnding"],"potions_floor_usage":[3,5,16,27,27,33,35],"damage_taken":[{"damage":0,"enemies":"2 Louse","floor":1,"turns":4},{"damage":6,"enemies":"Jaw Worm","floor":3,"turns":2},{"damage":5,"enemies":"Cultist","floor":4,"turns":4},{"damage":8,"enemies":"Large Slime","floor":5,"turns":6},{"damage":39,"enemies":"3 Sentries","floor":6,"turns":7},{"damage":8,"enemies":"Lots of Slimes","floor":7,"turns":2},{"damage":6,"enemies":"Exordium Thugs","floor":12,"turns":3},{"damage":0,"enemies":"3 Louse","floor":13,"turns":1},{"damage":49,"enemies":"The Guardian","floor":16,"turns":10},{"damage":0,"enemies":"Chosen","floor":18,"turns":4},{"damage":9,"enemies":"Shell Parasite","floor":20,"turns":3},{"damage":21,"enemies":"Snake Plant","floor":25,"turns":3},{"damage":19,"enemies":"Shelled Parasite and Fungi","floor":27,"turns":3},{"damage":9,"enemies":"3 Cultists","floor":29,"turns":3},{"damage":18,"enemies":"Automaton","floor":33,"turns":9},{"damage":0,"enemies":"3 Darklings","floor":35,"turns":1},{"damage":3,"enemies":"3 Shapes","floor":38,"turns":5},{"damage":18,"enemies":"Nemesis","floor":40,"turns":5},{"damage":4,"enemies":"Spire Growth","floor":41,"turns":4},{"damage":31,"enemies":"Jaw Worm Horde","floor":44,"turns":3},{"damage":0,"enemies":"Sphere and 2 Shapes","floor":47,"turns":2},{"damage":28,"enemies":"Transient","floor":48,"turns":5},{"damage":35,"enemies":"Time Eater","floor":50,"turns":9},{"damage":74,"enemies":"Shield and Spear","floor":54,"turns":5}],"seed_played":"7547540540159612472","potions_obtained":[{"floor":1,"key":"Fire Potion"},{"floor":4,"key":"Energy Potion"},{"floor":12,"key":"Strength Potion"},{"floor":16,"key":"LiquidBronze"},{"floor":20,"key":"EssenceOfSteel"},{"floor":25,"key":"AttackPotion"},{"floor":27,"key":"SpeedPotion"},{"floor":33,"key":"Explosive Potion"}],"is_trial":false,"path_per_floor":["M","$","M","M","M","E","M","R","T","R","?","M","M","$","R","B",null,"M","?","M","?","?","R","$","M","T","M","R","M","?","$","R","B",null,"M","?","$","M","$","E","M","?","T","M","R","$","M","M","R","B",null,"R","$","E"],"character_chosen":"IRONCLAD","items_purchased":["Medical Kit","Inflame","Evolve","Dark Embrace","Dual Wield"],"campfire_rested":1,"item_purchase_floors":[14,24,31,46,53],"current_hp_per_floor":[72,72,72,72,70,37,35,35,35,35,53,53,59,59,59,16,72,72,72,69,69,69,69,69,54,54,41,41,38,38,38,38,26,72,72,72,72,72,72,60,62,62,62,37,58,58,64,42,42,13,72,72,72,0,0],"gold":23,"neow_bonus":"RANDOM_COLORLESS_2","is_daily":false,"chose_seed":false,"campfire_upgraded":7,"win_rate":0.0,"timestamp":1609644996,"path_taken":["M","$","M","M","M","E","M","R","T","R","?","M","M","$","R","BOSS","M","?","?","?","?","R","$","?","T","M","R","M","?","$","R","BOSS","M","?","$","M","$","E","M","?","T","M","R","?","M","M","R","BOSS","R","$","E"],"items_purchased_type":["Relic","Card","Card","Card","Card"],"build_version":"2020-12-22","purchased_purges":3,"victory":false,"max_hp_per_floor":[72,72,72,72,72,72,72,72,72,72,72,72,72,72,72,72,72,72,72,72,72,72,72,72,72,72,72,72,72,72,72,72,72,72,72,72,72,72,72,72,72,72,72,72,72,72,72,72,72,72,72,72,72,72,72],"card_choices":[{"not_picked":["HandOfGreed","Secret Technique"],"picked":"Magnetism","floor":0},{"not_picked":["Evolve","Intimidate"],"picked":"Whirlwind","floor":1},{"not_picked":["Havoc","Dark Embrace"],"picked":"Heavy Blade","floor":3},{"not_picked":["Heavy Blade","Thunderclap"],"picked":"Flex","floor":4},{"not_picked":["Uppercut","Reckless Charge"],"picked":"Sword Boomerang","floor":5},{"not_picked":["Body Slam","Cleave"],"picked":"Whirlwind","floor":6},{"not_picked":["Entrench","Cleave","Sentinel"],"picked":"SKIP","floor":7},{"not_picked":["Havoc","Iron Wave"],"picked":"Shockwave","floor":12},{"not_picked":["Sentinel","Cleave"],"picked":"Feel No Pain","floor":13},{"not_picked":["Double Tap","Impervious"],"picked":"Berserk","floor":16},{"not_picked":["Cleave+1","Perfected Strike","Wild Strike"],"picked":"SKIP","floor":18},{"not_picked":["Twin Strike","Havoc","Heavy Blade"],"picked":"SKIP","floor":20},{"not_picked":["Searing Blow+1","Clothesline"],"picked":"True Grit","floor":25},{"not_picked":["Pommel Strike","Cleave"],"picked":"Headbutt","floor":27},{"not_picked":["Shrug It Off","Double Tap"],"picked":"Power Through+1","floor":29},{"not_picked":["Corruption","Brutality"],"picked":"Immolate","floor":33},{"not_picked":["Body Slam+1","Anger+1"],"picked":"Flame Barrier","floor":35},{"not_picked":["Seeing Red","Uppercut+1"],"picked":"Inflame+1","floor":38},{"not_picked":["Wild Strike","Twin Strike+1","Pommel Strike"],"picked":"SKIP","floor":40},{"not_picked":["Intimidate","Clash"],"picked":"Ghostly Armor+1","floor":41},{"not_picked":["Whirlwind","Shockwave","Thunderclap+1"],"picked":"SKIP","floor":44},{"not_picked":["Entrench","Dual Wield+1"],"picked":"Fire Breathing+1","floor":47},{"not_picked":["Dual Wield","Shockwave","Searing Blow"],"picked":"SKIP","floor":48}],"player_experience":705076,"relics_obtained":[{"floor":6,"key":"Bag of Marbles"},{"floor":9,"key":"Art of War"},{"floor":26,"key":"Nunchaku"},{"floor":40,"key":"Bronze Scales"}],"event_choices":[{"damage_healed":18,"gold_gain":0,"player_choice":"Healed","damage_taken":0,"max_hp_gain":0,"max_hp_loss":0,"event_name":"The Cleric","floor":11,"gold_loss":35},{"cards_removed":["Strike_R"],"damage_healed":0,"gold_gain":0,"player_choice":"Upgrade and Remove","damage_taken":0,"max_hp_gain":0,"max_hp_loss":0,"event_name":"Designer","floor":19,"gold_loss":90,"cards_upgraded":["Flex"]},{"damage_healed":0,"gold_gain":99,"player_choice":"Stole From Cult","damage_taken":0,"max_hp_gain":0,"max_hp_loss":0,"event_name":"Nest","floor":21,"gold_loss":0},{"cards_removed":["Strike_R"],"damage_healed":0,"gold_gain":0,"player_choice":"Offered Basic","damage_taken":0,"max_hp_gain":0,"max_hp_loss":0,"event_name":"Bonfire Elementals","floor":22,"gold_loss":0},{"damage_healed":0,"gold_gain":0,"player_choice":"Forge","damage_taken":0,"max_hp_gain":0,"max_hp_loss":0,"event_name":"Accursed Blacksmith","floor":30,"gold_loss":0,"cards_upgraded":["Inflame"]},{"damage_healed":0,"gold_gain":0,"player_choice":"Ignored","damage_taken":0,"max_hp_gain":0,"max_hp_loss":0,"event_name":"Tomb of Lord Red Mask","floor":36,"gold_loss":0},{"cards_removed":["Defend_R"],"damage_healed":0,"gold_gain":0,"player_choice":"Removed Skill","damage_taken":0,"max_hp_gain":0,"max_hp_loss":0,"event_name":"Falling","floor":42,"gold_loss":0}],"is_beta":false,"boss_relics":[{"not_picked":["Cursed Key","Fusion Hammer"],"picked":"Mark of Pain"},{"not_picked":["Empty Cage","Runic Pyramid"],"picked":"Sozu"}],"items_purged_floors":[14,37,39],"is_endless":false,"potions_floor_spawned":[1,4,12,16,20,25,27,33,38,41,44,47,48],"killed_by":"Shield and Spear","ascension_level":1}}