{"host":"n900smz9wr3yo27a","time":1609674238,"event":{"mods":["Arknights The Spire","BaseMod","CapriCore","GungeonMod","Hermit","Koishi","Lobotomy","Marisa£¨Ùöéë¡¡Øª×âÞÞ£©","Minty Spire (QoL Compilation)","Prisma Mod","Replay The Spire","StSLib","Td1madao Mod","The Animator","The Bug Knight","The Cursed","The Dragon Tamer","The Gatherer","The Hierophant","The Immortal","The Jungle","The Necromancer","The Poker Player","The Runesmith","WarShipGirlsR/??á´Ò³R mod"],"gold_per_floor":[119,119,119,131,146,146,181,181,205,240,270,270,300,316,316,417,417,432,202,202,202,230,230,230,259,304,339,339,366,115,115,115,215,215,235,10,10,38,38,38,38,65,90,121,133,170,32,55,55,83,83,83,83,10,79,105],"floor_reached":57,"playtime":2111,"items_purged":["DemoMod:Unmoved","DemoMod:TeaPot","DemoMod:FullFirepower","DemoMod:BattleInHaste"],"score":1554,"play_id":"8c660ede-e144-4019-a3ae-2eb5c98517d5","local_time":"20210103204358","daily_mods":["Draft","Heirloom","Flight","DeadlyEvents","Elite Swarm"],"is_ascension_mode":false,"campfire_choices":[{"data":"DemoMod:StickyCrossBow","floor":6,"key":"SMITH"},{"data":"DemoMod:TeaPot","floor":8,"key":"SMITH"},{"floor":12,"key":"REST"},{"data":"DemoMod:Behold!","floor":15,"key":"SMITH"},{"data":"DemoMod:HungryBullets","floor":23,"key":"SMITH"},{"data":"DemoMod:ShadowBullets","floor":24,"key":"SMITH"},{"data":"DemoMod:Behold!","floor":28,"key":"SMITH"},{"floor":32,"key":"REST"},{"data":"DemoMod:Behold!","floor":40,"key":"SMITH"},{"floor":41,"key":"RECALL"},{"data":"DemoMod:GunstockTap","floor":45,"key":"SMITH"},{"data":"DemoMod:MachoBrace","floor":49,"key":"SMITH"},{"data":"DemoMod:MachoBrace","floor":53,"key":"SMITH"}],"circlet_count":0,"master_deck":["DemoMod:ShadowBullets+1","DemoMod:MachoBrace","DemoMod:GunstockTap+1","DemoMod:MachoBrace+1","DemoMod:MachoBrace+1","DemoMod:Unmoved","DemoMod:Unity","DemoMod:StickyCrossBow+1","DemoMod:HungryBullets+1","DemoMod:Unmoved","DemoMod:TeaPot+1","DemoMod:BulletBore","DemoMod:Behold!+1","DemoMod:Behold!+1","DemoMod:Behold!+1"],"relics":["DemoMod:Dog","Replay:Towering Pillar of Hats","ReplayTheSpireMod:TigerMarble","Lantern","Blue Doll","DemoMod:Plus1Bullets","Toy Ornithopter","Black Star","DemoMod:HoleyGrail","DemoMod:AgedBell","Unceasing Top","Kunai","Bottled Flame","Replay:Baseball","Akabeko","Blood Vial","FossilizedHelix","Orichalcum","Ring of Chaos","DemoMod:ClearGuonStone","Nunchaku","Replay:Accelerometer","CeramicFish","Runesmith:AutoHammer","Vajra","MawBank","Pen Nib","Replay:Bandana","Meat on the Bone","Bronze Scales","Bottled Lightning","DemoMod:SuperHotWatch"],"acts_visited":["Exordium","TheCity","TheBeyond","TheEnding"],"potions_floor_usage":[27,56,56],"damage_taken":[{"damage":4,"enemies":"2 Louse","floor":1,"turns":3},{"damage":11,"enemies":"Jaw Worm","floor":4,"turns":2},{"damage":0,"enemies":"Cultist","floor":5,"turns":3},{"damage":6,"enemies":"3 Sentries","floor":7,"turns":5},{"damage":17,"enemies":"Lagavulin","floor":10,"turns":3},{"damage":13,"enemies":"3 Sentries","floor":11,"turns":4},{"damage":12,"enemies":"Gremlin Gang","floor":14,"turns":2},{"damage":3,"enemies":"Hexaghost","floor":16,"turns":5},{"damage":2,"enemies":"2 Thieves","floor":18,"turns":2},{"damage":11,"enemies":"Book of Stabbing","floor":22,"turns":3},{"damage":3,"enemies":"Gremlin Leader","floor":25,"turns":3},{"damage":0,"enemies":"Book of Stabbing","floor":27,"turns":2},{"damage":36,"enemies":"Slavers","floor":29,"turns":3},{"damage":0,"enemies":"Pondfish","floor":33,"turns":5},{"damage":0,"enemies":"3 Darklings","floor":35,"turns":2},{"damage":6,"enemies":"Nemesis","floor":38,"turns":3},{"damage":0,"enemies":"R_Hoarder","floor":42,"turns":4},{"damage":0,"enemies":"Reptomancer","floor":44,"turns":3},{"damage":0,"enemies":"Nemesis","floor":46,"turns":3},{"damage":0,"enemies":"3 Shapes","floor":48,"turns":1},{"damage":45,"enemies":"Donu and Deca","floor":50,"turns":6},{"damage":20,"enemies":"Shield and Spear","floor":55,"turns":3},{"damage":28,"enemies":"The Heart","floor":56,"turns":7}],"seed_played":"-1869044938426893917","potions_obtained":[{"floor":3,"key":"EssenceOfSteel"},{"floor":3,"key":"Explosive Potion"},{"floor":3,"key":"Adrenaline Potion"},{"floor":10,"key":"AttackPotion"},{"floor":27,"key":"Elixir"},{"floor":29,"key":"Energy Potion"}],"is_trial":true,"path_per_floor":["M","?","?","M","M","R","E","R","T","E","E","R","?","M","R","B",null,"M","$","?","?","E","R","R","E","T","E","R","E","$","$","R","B",null,"M","$","?","E","$","R","R","E","T","E","R","E","$","M","R","B",null,null,"R","$","E","B",null],"character_chosen":"HUNTRESS","items_purchased":["DemoMod:HoleyGrail","Orichalcum","FairyPotion","LiquidBronze"],"campfire_rested":2,"item_purchase_floors":[19,30,36,54],"current_hp_per_floor":[66,59,59,48,48,48,42,42,42,25,12,33,33,21,21,18,70,68,68,68,68,57,57,57,54,54,59,59,23,23,23,44,46,70,70,70,70,64,64,64,64,70,70,70,70,70,70,70,70,37,37,70,70,70,50,46],"gold":105,"neow_bonus":"","is_daily":false,"chose_seed":false,"campfire_upgraded":10,"win_rate":0.0,"timestamp":1609674238,"path_taken":["M","?","?","?","?","R","E","R","T","E","?","R","?","?","R","BOSS","M","$","?","?","?","R","R","E","T","E","R","E","$","$","R","BOSS","M","$","?","?","?","R","R","E","T","E","R","E","$","M","R","BOSS","R","$","E","BOSS"],"items_purchased_type":["Relic","Relic","Potion","Potion"],"build_version":"2020-12-22","purchased_purges":4,"victory":true,"max_hp_per_floor":[70,70,70,70,70,70,70,70,70,70,70,70,70,70,70,70,70,70,70,70,70,70,70,70,70,70,70,70,70,70,70,70,70,70,70,70,70,70,70,70,70,70,70,70,70,70,70,70,70,70,70,70,70,70,70,70],"card_choices":[{"not_picked":["DemoMod:PotionOfGunFriendShip","DemoMod:MachoBrace"],"picked":"DemoMod:Unmoved","floor":0},{"not_picked":["DemoMod:ConditionalReflex","DemoMod:SAA"],"picked":"DemoMod:ShadowBullets","floor":0},{"not_picked":["DemoMod:Polaris","DemoMod:ChanceBullets"],"picked":"DemoMod:MachoBrace","floor":0},{"not_picked":["DemoMod:Camera","DemoMod:JK47"],"picked":"DemoMod:GunstockTap","floor":0},{"not_picked":["DemoMod:FastSwitch","DemoMod:DirectionalPad"],"picked":"DemoMod:MachoBrace","floor":0},{"not_picked":["DemoMod:CombinedRifle","DemoMod:Polaris"],"picked":"DemoMod:BattleInHaste","floor":0},{"not_picked":["DemoMod:Purify","DemoMod:SAA"],"picked":"DemoMod:MachoBrace","floor":0},{"not_picked":["DemoMod:EasyReloadBullets","DemoMod:ZorGun"],"picked":"DemoMod:Unmoved","floor":0},{"not_picked":["DemoMod:Purify","DemoMod:GunstockTap"],"picked":"DemoMod:Unity","floor":0},{"not_picked":["DemoMod:GunShield","DemoMod:GunstockTap"],"picked":"DemoMod:BoxingGlove","floor":0},{"not_picked":["DemoMod:FastSwitch","DemoMod:JK47"],"picked":"DemoMod:StickyCrossBow","floor":0},{"not_picked":["DemoMod:FortunesFavor","DemoMod:GunstockTap"],"picked":"DemoMod:HungryBullets","floor":0},{"not_picked":["DemoMod:RadGun","DemoMod:CursedBullets"],"picked":"DemoMod:BattleInHaste","floor":0},{"not_picked":["DemoMod:AC15","DemoMod:DirectionalPad"],"picked":"DemoMod:Unmoved","floor":0},{"not_picked":["DemoMod:FastSwitch","DemoMod:ProbeStrike"],"picked":"DemoMod:TeaPot","floor":0},{"not_picked":["DemoMod:GunstockTap","DemoMod:Camera","DemoMod:Unmoved"],"picked":"SKIP","floor":1},{"not_picked":["DemoMod:RadGun","DemoMod:DoubleSwitch","DemoMod:BattleInHaste"],"picked":"SKIP","floor":4},{"not_picked":["DemoMod:Unity","DemoMod:GunstockTap","DemoMod:BattleInHaste"],"picked":"SKIP","floor":5},{"not_picked":["DemoMod:BSG","DemoMod:BalloonGun"],"picked":"DemoMod:BulletBore","floor":7},{"not_picked":["DemoMod:DarkMarker","DemoMod:FightSabre"],"picked":"DemoMod:FullFirepower","floor":10},{"not_picked":["DemoMod:BlankBullets","DemoMod:GunslingerForm"],"picked":"DemoMod:Behold!","floor":11},{"not_picked":["DemoMod:FastSwitch","DemoMod:BoxingGlove"],"picked":"DemoMod:TeaPot","floor":14},{"not_picked":["DemoMod:Unity+1","DemoMod:StickyCrossBow","DemoMod:ConditionalReflex"],"picked":"SKIP","floor":18},{"not_picked":["DemoMod:DoubleVision","DemoMod:Eureka","DemoMod:Elimentaler"],"picked":"SKIP","floor":22},{"not_picked":["DemoMod:BSG","DemoMod:SuppressiveFire","DemoMod:GunslingerForm"],"picked":"SKIP","floor":25},{"not_picked":["DemoMod:FinishedGun","DemoMod:BSG"],"picked":"DemoMod:Behold!","floor":27},{"not_picked":["DemoMod:FightSabre","DemoMod:BSG","DemoMod:Eureka"],"picked":"SKIP","floor":29},{"not_picked":["DemoMod:FastSwitch+1","DemoMod:GunstockTap","DemoMod:HuntsMan+1"],"picked":"SKIP","floor":35},{"not_picked":["DemoMod:BulletBore","DemoMod:Eureka"],"picked":"DemoMod:Behold!","floor":38},{"not_picked":["DemoMod:BSG","DemoMod:DarkMarker","DemoMod:Eureka"],"picked":"SKIP","floor":42},{"not_picked":["DemoMod:SuppressiveFire","DemoMod:Eureka","DemoMod:FightSabre"],"picked":"SKIP","floor":44},{"not_picked":["DemoMod:BlankBullets","DemoMod:Desperate","DemoMod:DarkMarker"],"picked":"SKIP","floor":46},{"not_picked":["DemoMod:DirectionalPad","DemoMod:CursedBullets","DemoMod:HardPowerCard"],"picked":"SKIP","floor":48},{"not_picked":["DemoMod:DarkMarker","DemoMod:DoubleVision","DemoMod:BSG"],"picked":"SKIP","floor":55}],"player_experience":768158,"relics_obtained":[{"floor":7,"key":"ReplayTheSpireMod:TigerMarble"},{"floor":9,"key":"Lantern"},{"floor":10,"key":"Blue Doll"},{"floor":11,"key":"DemoMod:Plus1Bullets"},{"floor":22,"key":"DemoMod:AgedBell"},{"floor":22,"key":"Unceasing Top"},{"floor":25,"key":"Kunai"},{"floor":25,"key":"Bottled Flame"},{"floor":27,"key":"Replay:Baseball"},{"floor":27,"key":"Akabeko"},{"floor":29,"key":"Blood Vial"},{"floor":29,"key":"FossilizedHelix"},{"floor":38,"key":"DemoMod:ClearGuonStone"},{"floor":38,"key":"Nunchaku"},{"floor":42,"key":"Replay:Accelerometer"},{"floor":42,"key":"CeramicFish"},{"floor":42,"key":"Runesmith:AutoHammer"},{"floor":43,"key":"Vajra"},{"floor":44,"key":"MawBank"},{"floor":44,"key":"Pen Nib"},{"floor":46,"key":"Replay:Bandana"},{"floor":46,"key":"Meat on the Bone"},{"floor":46,"key":"Bronze Scales"},{"floor":55,"key":"Bottled Lightning"},{"floor":55,"key":"DemoMod:SuperHotWatch"}],"event_choices":[{"cards_removed":["DemoMod:BoxingGlove"],"damage_healed":0,"gold_gain":0,"player_choice":"Card Removal","damage_taken":7,"max_hp_gain":0,"max_hp_loss":0,"event_name":"Golden Wing","floor":2,"gold_loss":0},{"damage_healed":0,"gold_gain":0,"player_choice":"Got Potions","damage_taken":0,"max_hp_gain":0,"max_hp_loss":0,"event_name":"Lab","floor":3,"gold_loss":0},{"damage_healed":0,"gold_gain":30,"player_choice":"Searched \u00272\u0027 times","damage_taken":0,"relics_obtained":["Toy Ornithopter"],"max_hp_gain":0,"max_hp_loss":0,"event_name":"Dead Adventurer","floor":13,"gold_loss":0},{"damage_healed":0,"gold_gain":0,"player_choice":"Ignored","damage_taken":0,"max_hp_gain":0,"max_hp_loss":0,"event_name":"Vampires","floor":20,"gold_loss":0},{"damage_healed":0,"gold_gain":0,"player_choice":"Ignored","damage_taken":0,"max_hp_gain":0,"max_hp_loss":0,"event_name":"N\u0027loth","floor":21,"gold_loss":0},{"cards_removed":["DemoMod:BattleInHaste"],"damage_healed":0,"gold_gain":0,"player_choice":"Purged","damage_taken":0,"max_hp_gain":0,"max_hp_loss":0,"event_name":"Purifier","floor":37,"gold_loss":0}],"is_beta":false,"boss_relics":[{"not_picked":["Replay:Wanted Poster","DemoMod:WaxWing"],"picked":"Black Star"},{"not_picked":["Coffee Dripper","Replay:Drink Me"],"picked":"Ring of Chaos"}],"items_purged_floors":[19,30,36,47],"is_endless":false,"potions_floor_spawned":[4,7,10,11,14,27,29,44,48],"ascension_level":0}}