{"host":"wshh0nphwn6jv7vj","time":1609659360,"event":{"mods":["BaseMod","Bestiary","Minty Spire (QoL Compilation)"],"gold_per_floor":[129,2,60,92,112,112,220,220,220,271,571,571,571,634,634,712,712,798,798,203,238,238,238],"floor_reached":22,"playtime":1301,"items_purged":["Normality","Strike_G"],"score":359,"play_id":"45a69fac-88bd-41b2-9663-f188d8e250d9","local_time":"20210103023600","is_ascension_mode":true,"campfire_choices":[{"data":"HandOfGreed","floor":6,"key":"SMITH"},{"floor":8,"key":"REST"},{"floor":13,"key":"REST"},{"floor":15,"key":"REST"}],"circlet_count":0,"master_deck":["AscendersBane","Strike_G","Strike_G","Defend_G","Defend_G","Defend_G","Defend_G","Defend_G","Survivor","Neutralize","HandOfGreed+1","Slice","Acrobatics","Tactician","Footwork","Backstab","Dash","Deadly Poison","Leg Sweep","Die Die Die","Deadly Poison","PiercingWail"],"relics":["Ring of the Snake","Blue Candle","HornCleat","Old Coin","Empty Cage","CultistMask","Lantern","Singing Bowl"],"acts_visited":["Exordium","TheCity"],"potions_floor_usage":[7,16,16],"damage_taken":[{"damage":6.0,"enemies":"Cultist","floor":1.0,"turns":4.0},{"damage":11,"enemies":"Small Slimes","floor":3,"turns":7},{"damage":0,"enemies":"Jaw Worm","floor":4,"turns":3},{"damage":6,"enemies":"Looter","floor":5,"turns":3},{"damage":23,"enemies":"3 Sentries","floor":7,"turns":10},{"damage":18,"enemies":"Gremlin Nob","floor":10,"turns":5},{"damage":26,"enemies":"Exordium Thugs","floor":14,"turns":8},{"damage":12,"enemies":"The Guardian","floor":16,"turns":10},{"damage":21,"enemies":"3 Byrds","floor":18,"turns":9},{"damage":8,"enemies":"Chosen","floor":21,"turns":8},{"damage":38,"enemies":"Centurion and Healer","floor":22,"turns":9}],"seed_played":"-3568844305421711366","potions_obtained":[{"floor":1.0,"key":"Strength Potion"},{"floor":5,"key":"SneckoOil"},{"floor":10,"key":"Poison Potion"},{"floor":18,"key":"Strength Potion"}],"is_trial":false,"path_per_floor":["M","$","M","M","M","R","E","R","T","E","T","?","R","M","R","B",null,"M","?","$","M","M"],"character_chosen":"THE_SILENT","items_purchased":["Acrobatics","Lantern","Singing Bowl","PiercingWail"],"campfire_rested":3,"item_purchase_floors":[2,20,20,20],"current_hp_per_floor":[53,53,42,42,36,36,13,32,32,14,14,14,33,7,26,14,53,32,32,32,26,0,0],"gold":238,"neow_bonus":"RANDOM_COLORLESS_2","is_daily":false,"chose_seed":false,"campfire_upgraded":1,"win_rate":0.0,"timestamp":1609659360,"path_taken":["M","$","M","M","M","R","E","R","T","E","?","?","R","?","R","BOSS","M","?","$","M","M"],"items_purchased_type":["Card","Relic","Relic","Card"],"build_version":"2020-12-22","purchased_purges":2,"victory":false,"max_hp_per_floor":[66,66,66,66,66,66,66,66,66,66,66,66,66,66,66,66,66,66,66,66,68,68,68],"card_choices":[{"not_picked":["Secret Technique","Metamorphosis"],"picked":"HandOfGreed","floor":0.0},{"not_picked":["Deflect","Sucker Punch"],"picked":"Slice","floor":1.0},{"not_picked":["Riddle With Holes","Endless Agony"],"picked":"Tactician","floor":3},{"not_picked":["Slice","Noxious Fumes"],"picked":"Footwork","floor":4},{"not_picked":["Bouncing Flask","Tactician"],"picked":"Backstab","floor":5},{"not_picked":["Calculated Gamble","Dagger Spray"],"picked":"Dash","floor":7},{"not_picked":["Sucker Punch","Acrobatics"],"picked":"Deadly Poison","floor":10},{"not_picked":["Deflect","Prepared"],"picked":"Leg Sweep","floor":14},{"not_picked":["Unload","Corpse Explosion"],"picked":"Die Die Die","floor":16},{"not_picked":["Distraction","Sucker Punch"],"picked":"Deadly Poison","floor":18},{"not_picked":["Dagger Spray","Slice+1","Doppelganger"],"picked":"Singing Bowl","floor":21}],"player_experience":1539106,"relics_obtained":[{"floor":7,"key":"Blue Candle"},{"floor":10,"key":"HornCleat"},{"floor":11,"key":"Old Coin"}],"event_choices":[{"damage_healed":0,"gold_gain":0,"player_choice":"Ignored","damage_taken":0,"max_hp_gain":0,"max_hp_loss":0,"event_name":"Shining Light","floor":12,"gold_loss":0},{"damage_healed":0,"gold_gain":0,"player_choice":"Trade","damage_taken":0,"relics_obtained":["CultistMask"],"max_hp_gain":0,"max_hp_loss":0,"event_name":"FaceTrader","floor":19,"gold_loss":0}],"is_beta":false,"boss_relics":[{"not_picked":["Ring of the Serpent","Sozu"],"picked":"Empty Cage"}],"items_purged_floors":[2,20],"is_endless":false,"potions_floor_spawned":[1,5,10,14,18],"killed_by":"Centurion and Healer","ascension_level":17}}