{"host":"dj5tg9a1cc241eiq","time":1609693026,"event":{"mods":["AchievementEnabler","BaseMod","Minty Spire (QoL Compilation)","StSLib","Uncapped"],"gold_per_floor":[111,124,124,136,151,151,151,214,214,22,72,38,88,101,101,101,101],"floor_reached":16,"playtime":742,"items_purged":[],"score":92,"play_id":"7e41745a-8814-4d06-9e39-6de84a8f703f","local_time":"20210103165706","is_ascension_mode":false,"campfire_choices":[{"floor":6,"key":"REST"},{"floor":15,"key":"REST"}],"circlet_count":0,"master_deck":["Strike_R","Strike_R","Strike_R","Strike_R","Strike_R","Defend_R","Defend_R","Defend_R","Defend_R","Bash","Flex","Sever Soul","Cleave","Combust","Spot Weakness","Armaments","Injury","Dramatic Entrance","Sword Boomerang"],"relics":["Burning Blood","Meat on the Bone","SsserpentHead","Kunai","ClockworkSouvenir","Golden Idol","Regal Pillow"],"acts_visited":["Exordium"],"potions_floor_usage":[],"damage_taken":[{"damage":2,"enemies":"Small Slimes","floor":1,"turns":4},{"damage":6,"enemies":"Cultist","floor":2,"turns":3},{"damage":5,"enemies":"2 Louse","floor":4,"turns":3},{"damage":12,"enemies":"Exordium Wildlife","floor":5,"turns":3},{"damage":15,"enemies":"Gremlin Gang","floor":8,"turns":5},{"damage":10,"enemies":"Looter","floor":14,"turns":2},{"damage":90,"enemies":"Hexaghost","floor":16,"turns":9}],"seed_played":"-5440951384712897188","potions_obtained":[{"floor":4,"key":"Block Potion"},{"floor":14,"key":"GamblersBrew"}],"is_trial":false,"path_per_floor":["M","M","?","M","M","R","?","M","T","$","?","$","T","M","R","B"],"character_chosen":"IRONCLAD","items_purchased":["ClockworkSouvenir","Armaments","Dramatic Entrance"],"campfire_rested":2,"item_purchase_floors":[10,10,12],"current_hp_per_floor":[88,88,70,71,65,88,88,79,79,79,79,79,79,75,88,0,0],"gold":101,"neow_bonus":"TEN_PERCENT_HP_BONUS","is_daily":false,"chose_seed":false,"campfire_upgraded":0,"win_rate":0.0,"timestamp":1609693026,"path_taken":["M","M","?","M","M","R","?","?","T","$","?","?","?","M","R","BOSS"],"items_purchased_type":["Relic","Card","Card"],"build_version":"2020-12-22","purchased_purges":0,"victory":false,"max_hp_per_floor":[88,88,88,88,88,88,88,88,88,88,88,88,88,88,88,88,88],"card_choices":[{"not_picked":["Heavy Blade","Fire Breathing"],"picked":"Flex","floor":1},{"not_picked":["Bloodletting","Shrug It Off"],"picked":"Sever Soul","floor":2},{"not_picked":["Fiend Fire","Twin Strike"],"picked":"Cleave","floor":4},{"not_picked":["Fire Breathing","Feel No Pain"],"picked":"Combust","floor":5},{"not_picked":["Pommel Strike","True Grit"],"picked":"Spot Weakness","floor":8},{"not_picked":["Blood for Blood","Shrug It Off"],"picked":"Sword Boomerang","floor":14}],"player_experience":3020,"relics_obtained":[{"floor":9,"key":"Kunai"},{"floor":13,"key":"Regal Pillow"}],"event_choices":[{"damage_healed":0,"gold_gain":0,"player_choice":"Success","damage_taken":18,"relics_obtained":["Meat on the Bone"],"max_hp_gain":0,"max_hp_loss":0,"event_name":"Scrap Ooze","floor":3,"gold_loss":0},{"damage_healed":0,"gold_gain":0,"player_choice":"Trade","damage_taken":0,"relics_obtained":["SsserpentHead"],"max_hp_gain":0,"max_hp_loss":0,"event_name":"FaceTrader","floor":7,"gold_loss":0},{"damage_healed":0,"gold_gain":0,"player_choice":"Take Wound","damage_taken":0,"relics_obtained":["Golden Idol"],"max_hp_gain":0,"max_hp_loss":0,"event_name":"Golden Idol","floor":11,"gold_loss":0,"cards_obtained":["Injury"]}],"is_beta":false,"boss_relics":[],"items_purged_floors":[],"is_endless":false,"potions_floor_spawned":[4,14],"killed_by":"Hexaghost","ascension_level":0}}