{"host":"l06yqrb1yohq5z72","time":1609711952,"event":{"mods":["2.2 Compatiblity","AchievementEnabler","Act Like it!","Ascension Reborn","Aspiration","BaseMod","Beaked The Cultist","Bestiary","Better Altar","Better Match","Better Note","Better Sensory Stone","Better Skull","Better Third Choice","Colored Map","Colored Powertips","Conspire","Curses Come First","Downfall","Duelist Mod","Friendly Minions","GifTheSpireLib","Halation","Highlight Path","Hubris","Infinite Spire","Jedi Mod","Jorbs\u0027s Wanderer Trilogy","Marisa????????","Minty Spire (QoL Compilation)","Practice Mode","Quick Restart","Rare Cards Sparkle","Relic Stats","Replay The Spire","Shop Mod","Spire Birthday Party","StSLib","SuperFastMode","The Construct","The Cursed","Uncapped","slay the spire mod where everything is the same but ironclad has a cowboy hat","vexMod"],"gold_per_floor":[112,132,145,145,113,113,144,144,190,203,203,203,234,244,244,340,340,355,18,18,18,18,48,48,72,143,155,171,196,196,228,228,333,333,351,363,66,81,81,81,81,93,93,104,115,115,126,126,126,138,138,138],"floor_reached":53,"playtime":2197,"items_purged":["Evolve","Spot Weakness"],"score":854,"play_id":"b158c0b6-2c03-412f-8150-495c8dcaa6c2","local_time":"20210103171232","is_ascension_mode":true,"campfire_choices":[{"data":"Sword Boomerang","floor":6,"key":"SMITH"},{"data":"True Grit","floor":8,"key":"SMITH"},{"data":"ReplayTheSpireMod:Strike From Hell","floor":11,"key":"SMITH"},{"data":"Warcry","floor":15,"key":"SMITH"},{"data":"hubris:StunningStrike","floor":24,"key":"SMITH"},{"data":"Replay:Undeath\u0027s Touch","floor":30,"key":"SMITH"},{"data":"Fiend Fire","floor":32,"key":"SMITH"},{"data":"Replay:Undeath\u0027s Touch","floor":40,"key":"SMITH"},{"floor":51,"key":"REST"}],"circlet_count":0,"master_deck":["Bash","ReplayTheSpireMod:Strike From Hell+1","Flame Barrier","Sword Boomerang+1","True Grit+1","hubris:StunningStrike+1","Replay:Undeath\u0027s Touch+1","jedi:strikingstrike","Berserk+1","Feel No Pain+1","Fiend Fire+1","jedi:collectorstrike","ReplayTheSpireMod:Strike From Hell+1","Sword Boomerang+1","Replay:Undeath\u0027s Touch+1","Replay:Undeath\u0027s Touch+1","Backflip","Replay:Bag of Tricks","Noxious Fumes","Parasite","Sword Boomerang"],"relics":["Burning Blood","Ring of Peace","Ring of Fury","Eternal Feather","Bronze Scales","Orichalcum","Pandora\u0027s Box","infinitespire:EmpoweringShard","halation:RedSoulGem","MutagenicStrength","Bottled Tornado","jedi:arcanewood","Pear","aspiration:ChemicalBlood","infinitespire:Satchel","hubris:GrandSneckoEye","Strawberry","construct:FoamFinger"],"acts_visited":["Exordium","TheCity","TheBeyond"],"potions_floor_usage":[35,50,52,52],"damage_taken":[{"damage":1,"enemies":"Jaw Worm","floor":1,"turns":3},{"damage":5,"enemies":"Small Slimes","floor":2,"turns":3},{"damage":0,"enemies":"conspire:RoseBush","floor":3,"turns":3},{"damage":16,"enemies":"Exordium Thugs","floor":5,"turns":6},{"damage":10,"enemies":"Replay:BlueRogue","floor":7,"turns":6},{"damage":0,"enemies":"conspire:2 RoseBushes","floor":10,"turns":7},{"damage":0,"enemies":"Lagavulin","floor":13,"turns":6},{"damage":0,"enemies":"Looter","floor":14,"turns":4},{"damage":42,"enemies":"The Guardian","floor":16,"turns":12},{"damage":5,"enemies":"3 Byrds","floor":18,"turns":4},{"damage":0,"enemies":"Replay:Snechameleon","floor":23,"turns":2},{"damage":0,"enemies":"Chosen","floor":27,"turns":3},{"damage":0,"enemies":"3 Cultists","floor":28,"turns":4},{"damage":12,"enemies":"Book of Stabbing","floor":29,"turns":5},{"damage":20,"enemies":"Gremlin Leader","floor":31,"turns":3},{"damage":0,"enemies":"Collector","floor":33,"turns":5},{"damage":14,"enemies":"3 Darklings","floor":35,"turns":2},{"damage":8,"enemies":"3 Shapes","floor":36,"turns":4},{"damage":0,"enemies":"3 Darklings","floor":38,"turns":2},{"damage":0,"enemies":"Writhing Mass","floor":42,"turns":4},{"damage":1,"enemies":"Jaw Worm Horde","floor":44,"turns":3},{"damage":0,"enemies":"3 Darklings","floor":45,"turns":3},{"damage":49,"enemies":"4 Shapes","floor":47,"turns":4},{"damage":68,"enemies":"Sphere and 2 Shapes","floor":50,"turns":3},{"damage":22,"enemies":"Time Eater","floor":52,"turns":5}],"seed_played":"7099511898823309051","potions_obtained":[{"floor":5,"key":"Reflective Coating"},{"floor":7,"key":"jedi:wingpotion"},{"floor":13,"key":"Swift Potion"},{"floor":16,"key":"Ancient Potion"},{"floor":23,"key":"Dexterity Potion"},{"floor":29,"key":"hexamod:EctoCoolerPotion"},{"floor":35,"key":"Cursed Concoction"},{"floor":36,"key":"BloodPotion"},{"floor":50,"key":"SteroidPotion"},{"floor":52,"key":"ElixirPotion"}],"is_trial":false,"path_per_floor":["M","M","M","?","M","R","E","R","T","M","R","?","E","M","R","B",null,"M","$","?","?","?","E","R","T","T","M","M","E","R","E","R","B",null,"M","M","$","M","$","R","?","M","T","M","M","$","M","PTL","PTL","M","R","B",null],"character_chosen":"IRONCLAD","items_purchased":["infinitespire:EmpoweringShard","Replay:Undeath\u0027s Touch","Strawberry"],"campfire_rested":1,"item_purchase_floors":[19,37,37],"current_hp_per_floor":[88,88,88,88,78,78,74,83,83,88,88,81,87,88,88,52,88,88,88,88,88,88,88,88,88,98,98,98,92,98,84,93,98,98,90,98,105,105,105,105,105,105,105,105,105,105,70,70,70,8,51,35],"gold":138,"neow_bonus":"TEN_PERCENT_HP_BONUS","is_daily":false,"chose_seed":false,"campfire_upgraded":8,"win_rate":0.0,"timestamp":1609711952,"path_taken":["M","M","M","?","M","R","E","R","T","M","R","?","E","M","R","BOSS","M","$","?","?","?","E","R","?","T","M","?","E","R","E","R","BOSS","M","M","$","M","?","R","?","M","T","?","M","$","M","PTL","PTL","M","R","BOSS"],"items_purchased_type":["Relic","Card","Relic"],"build_version":"2020-12-22","purchased_purges":2,"victory":true,"max_hp_per_floor":[88,88,88,88,88,88,88,88,88,88,88,88,88,88,88,88,88,88,88,88,88,88,88,88,88,98,98,98,98,98,98,98,98,98,98,98,105,105,105,105,105,105,105,105,105,105,105,105,105,105,105,105],"relic_stats":{"counters":[25,106],"Bronze Scales":[190],"Eternal Feather":36,"Pandora\u0027s Box":["Replay:Undeath\u0027s Touch","jedi:strikingstrike","Berserk","Feel No Pain","Evolve","Fiend Fire","jedi:collectorstrike","Spot Weakness","Evolve"],"Orichalcum":[120],"obtain_stats":[{"Pear":26,"construct:FoamFinger":43,"Eternal Feather":7,"Orichalcum":13,"Bottled Tornado":23,"Burning Blood":0,"halation:RedSoulGem":21,"Ring of Peace":4,"Bronze Scales":9,"MutagenicStrength":22,"Strawberry":37,"infinitespire:Satchel":31,"Ring of Fury":4,"Pandora\u0027s Box":17,"infinitespire:EmpoweringShard":19,"hubris:GrandSneckoEye":34,"jedi:arcanewood":25,"aspiration:ChemicalBlood":29},{"Pear":11,"construct:FoamFinger":20,"Eternal Feather":5,"Orichalcum":7,"Bottled Tornado":11,"Burning Blood":0,"halation:RedSoulGem":10,"Ring of Peace":3,"Bronze Scales":5,"MutagenicStrength":10,"Strawberry":18,"infinitespire:Satchel":15,"Ring of Fury":3,"Pandora\u0027s Box":9,"infinitespire:EmpoweringShard":10,"hubris:GrandSneckoEye":16,"jedi:arcanewood":11,"aspiration:ChemicalBlood":14},{"Pear":56,"construct:FoamFinger":88,"Eternal Feather":21,"Orichalcum":34,"Bottled Tornado":56,"Burning Blood":0,"halation:RedSoulGem":54,"Ring of Peace":9,"Bronze Scales":21,"MutagenicStrength":54,"Strawberry":82,"infinitespire:Satchel":71,"Ring of Fury":9,"Pandora\u0027s Box":50,"infinitespire:EmpoweringShard":54,"hubris:GrandSneckoEye":76,"jedi:arcanewood":56,"aspiration:ChemicalBlood":68}],"Burning Blood":88},"card_choices":[{"not_picked":["Second Wind","Combust"],"picked":"ReplayTheSpireMod:Strike From Hell","floor":1},{"not_picked":["jedi:controlledanger","Armaments"],"picked":"Flame Barrier","floor":2},{"not_picked":["Hemokinesis","Dual Wield"],"picked":"Sword Boomerang","floor":3},{"not_picked":["ReplayTheSpireMod:Strike From Hell","Havoc"],"picked":"True Grit","floor":5},{"not_picked":["Replay:Undeath\u0027s Touch","Armaments"],"picked":"hubris:StunningStrike","floor":7},{"not_picked":["Thunderclap","Clash"],"picked":"Warcry","floor":10},{"not_picked":["Power Through","Body Slam","Demonic Infusion"],"picked":"SKIP","floor":13},{"not_picked":["Sword Boomerang","Entrench","Flex"],"picked":"SKIP","floor":14},{"not_picked":["Feed","Double Tap"],"picked":"jedi:bloodyhammer","floor":16},{"not_picked":["Shrug It Off","Inflame+1","Intimidate"],"picked":"SKIP","floor":18},{"not_picked":["Pommel Strike","Cleave","Wild Strike"],"picked":"SKIP","floor":23},{"not_picked":["Pommel Strike","Cleave","Wild Strike"],"picked":"SKIP","floor":23},{"not_picked":["ReplayTheSpireMod:Muscle Training","Demonic Infusion"],"picked":"jedi:collectorstrike","floor":27},{"not_picked":["hubris:CleavingFinish+1","Perfected Strike"],"picked":"jedi:collectorstrike","floor":28},{"not_picked":["Anger","Replay:Undeath\u0027s Touch+1"],"picked":"ReplayTheSpireMod:Strike From Hell+1","floor":29},{"not_picked":["True Grit","Clothesline+1","jedi:MakeshiftSword"],"picked":"SKIP","floor":31},{"not_picked":["Barricade","Berserk"],"picked":"jedi:collectorstrike","floor":33},{"not_picked":["Replay:Undeath\u0027s Touch+1","Ghostly Armor+1"],"picked":"Sword Boomerang+1","floor":35},{"not_picked":["Cleave+1","jedi:collectorstrike"],"picked":"Replay:Undeath\u0027s Touch+1","floor":36},{"not_picked":["Twin Strike+1","ReplayTheSpireMod:Strike From Hell"],"picked":"jedi:collectorstrike","floor":38},{"not_picked":["Pommel Strike+1","Body Slam"],"picked":"Sword Boomerang","floor":42},{"not_picked":["Headbutt+1","Demon Form"],"picked":"jedi:collectorstrike","floor":44},{"not_picked":["Headbutt","Havoc+1"],"picked":"jedi:collectorstrike","floor":45},{"not_picked":["hubris:CleavingFinish+1","Iron Wave"],"picked":"jedi:collectorstrike","floor":47},{"not_picked":["ReplayTheSpireMod:LeadingStrike","jedi:collectorstrike","ReplayTheSpireMod:Limb From Limb+1"],"picked":"SKIP","floor":50}],"player_experience":465118,"relics_obtained":[{"floor":4,"key":"Ring of Peace"},{"floor":4,"key":"Ring of Fury"},{"floor":7,"key":"Eternal Feather"},{"floor":9,"key":"Bronze Scales"},{"floor":13,"key":"Orichalcum"},{"floor":23,"key":"Bottled Tornado"},{"floor":25,"key":"jedi:arcanewood"},{"floor":26,"key":"Pear"},{"floor":29,"key":"aspiration:ChemicalBlood"},{"floor":31,"key":"infinitespire:Satchel"},{"floor":43,"key":"construct:FoamFinger"}],"event_choices":[{"cards_removed":["Spreading Infection"],"damage_healed":0,"gold_gain":0,"player_choice":"Card Removal","damage_taken":7,"max_hp_gain":0,"max_hp_loss":0,"event_name":"Golden Wing","floor":12,"gold_loss":0},{"cards_removed":["Evolve"],"damage_healed":0,"gold_gain":0,"player_choice":"Give","damage_taken":0,"max_hp_gain":0,"max_hp_loss":0,"event_name":"betterNote:BetterNote","floor":20,"gold_loss":0,"cards_obtained":["TheCursedMod:Strike_TheCursed"]},{"damage_healed":0,"gold_gain":0,"player_choice":"Inject Mutagens","damage_taken":0,"relics_obtained":["MutagenicStrength"],"max_hp_gain":0,"max_hp_loss":0,"event_name":"Drug Dealer","floor":22,"gold_loss":0}],"is_beta":false,"boss_relics":[{"not_picked":["Velvet Choker","hubris:VirtuousBlindfold"],"picked":"Pandora\u0027s Box"},{"not_picked":["halation:Risk","construct:ClawGrip"],"picked":"hubris:GrandSneckoEye"}],"items_purged_floors":[19,37],"is_endless":false,"potions_floor_spawned":[5,7,13,16,23,29,31,36,38,42,47],"ascension_level":0}}