{"host":"qvl114e0jmbc6yhm","time":1609652854,"event":{"mods":["Act Like it!","BaseMod","Hermit","Highlight Path","Hubris","Jedi Mod","Marisa????????","Marked Mod","Minty Spire (QoL Compilation)","Permanent Neow","Random Character Button","Relic Sorter","Relic Stats","Replay The Spire","Shop Mod","Spicy Shops","StSLib","The Jungle","The Runesmith"],"gold_per_floor":[116,116,116,141,141,141,172,192,244,9,35,45,159,171,171,171,171],"floor_reached":16,"playtime":624,"items_purged":["Strike_B"],"score":230,"play_id":"01268338-fe23-4ff9-a170-8d27b5005895","local_time":"20210103004734","is_ascension_mode":true,"campfire_choices":[{"data":"jedi:meditation","floor":6,"key":"SMITH"},{"data":"Loop","floor":15,"key":"SMITH"}],"circlet_count":0,"master_deck":["AscendersBane","Strike_B","Strike_B","Defend_B","Defend_B","Defend_B","Defend_B","Zap","Dualcast","Sweeping Beam","jedi:meditation+1","Ball Lightning","Loop+1","Creative AI","FIFO Queue","Go for the Eyes"],"relics":["Cracked Core","hubris:Icosahedron","NeowsBlessing","Replay:Multitool","hubris:FunFungus","MealTicket","jedi:arcanewood","Matryoshka"],"acts_visited":["Exordium"],"potions_floor_usage":[16,16,16],"damage_taken":[{"damage":0,"enemies":"2 Louse","floor":1,"turns":1},{"damage":0,"enemies":"Lagavulin","floor":7,"turns":1},{"damage":0,"enemies":"Jaw Worm","floor":8,"turns":1},{"damage":25,"enemies":"3 Sentries","floor":11,"turns":6},{"damage":3,"enemies":"Small Slimes","floor":12,"turns":3},{"damage":22,"enemies":"Exordium Wildlife","floor":13,"turns":7},{"damage":4,"enemies":"3 Louse","floor":14,"turns":5},{"damage":36,"enemies":"Fading Forest","floor":16,"turns":10}],"seed_played":"3598690245647339513","potions_obtained":[{"floor":11,"key":"LiquidBronze"},{"floor":13,"key":"Weak Potion"},{"floor":14,"key":"EntropicBrew"}],"is_trial":false,"path_per_floor":["M","?","T","?","?","R","E","M","T","$","E","M","M","M","R","B"],"character_chosen":"DEFECT","items_purchased":["Creative AI"],"campfire_rested":0,"item_purchase_floors":[10],"current_hp_per_floor":[64,64,64,64,64,64,64,64,64,71,46,43,26,25,25,0,0],"gold":171,"neow_bonus":"THREE_ENEMY_KILL","is_daily":false,"chose_seed":false,"campfire_upgraded":2,"win_rate":0.0,"timestamp":1609652854,"path_taken":["M","?","?","?","?","R","E","M","T","$","E","M","?","M","R","BOSS"],"items_purchased_type":["Card"],"build_version":"2020-12-22","purchased_purges":1,"victory":false,"max_hp_per_floor":[71,71,71,71,71,71,71,71,71,71,71,71,71,71,71,71,71],"relic_stats":{"counters":[8,34],"MealTicket":7,"obtain_stats":[{"hubris:Icosahedron":2,"Matryoshka":11,"NeowsBlessing":0,"MealTicket":7,"hubris:FunFungus":4,"Replay:Multitool":3,"Cracked Core":0,"jedi:arcanewood":9},{"hubris:Icosahedron":1,"Matryoshka":4,"NeowsBlessing":0,"MealTicket":2,"hubris:FunFungus":1,"Replay:Multitool":1,"Cracked Core":0,"jedi:arcanewood":3},{"hubris:Icosahedron":1,"Matryoshka":9,"NeowsBlessing":0,"MealTicket":2,"hubris:FunFungus":1,"Replay:Multitool":1,"Cracked Core":0,"jedi:arcanewood":3}]},"card_choices":[{"not_picked":["jedi:BurstLightning","Cold Snap"],"picked":"Sweeping Beam","floor":1},{"not_picked":["jedi:BurstFrost","Hologram"],"picked":"jedi:meditation","floor":4},{"not_picked":["Sweeping Beam","Leap"],"picked":"Ball Lightning","floor":7},{"not_picked":["jedi:blockon","jedi:BurstLightning"],"picked":"Loop","floor":8},{"not_picked":["Ball Lightning","Fusion","BasicCrystalCard"],"picked":"SKIP","floor":11},{"not_picked":["Stack","Reinforced Body"],"picked":"FIFO Queue","floor":12},{"not_picked":["Beam Cell","ReplaySort"],"picked":"Go for the Eyes","floor":13},{"not_picked":["Sweeping Beam","Creative AI","Chaos"],"picked":"SKIP","floor":14}],"player_experience":2409714,"relics_obtained":[{"floor":3,"key":"Replay:Multitool"},{"floor":4,"key":"hubris:FunFungus"},{"floor":7,"key":"MealTicket"},{"floor":9,"key":"jedi:arcanewood"},{"floor":11,"key":"Matryoshka"}],"event_choices":[{"cards_removed":["Strike_B"],"damage_healed":0,"gold_gain":0,"player_choice":"Purged","damage_taken":0,"max_hp_gain":0,"max_hp_loss":0,"event_name":"Purifier","floor":5,"gold_loss":0}],"is_beta":false,"boss_relics":[],"items_purged_floors":[10],"is_endless":false,"potions_floor_spawned":[11,13,14],"killed_by":"Fading Forest","ascension_level":14}}