{"host":"g5zc4ej6zn2at89o","time":1609686192,"event":{"mods":["2.2 Compatiblity","AchievementEnabler","BaseMod","Colored Map","DeckTracker","Highlight Path","KOR Keyword Fix","Keyboard Shortcuts","Minty Spire (QoL Compilation)","Permanent Neow","Quick Restart","Say the Spire","StSLib","SuperFastMode","everything is the same but u backflip on backflip"],"gold_per_floor":[12,12,12,27,27,62,62,83,109,152,152,152,252,252,252,371,371,386,404,417,417,417,417,417,455,455,70,88,113,113,132,132,263,263,277,337,337,92,155,155,176,176,224,224,224,224],"floor_reached":45,"playtime":3820,"items_purged":["Regret","Strike_G+1"],"score":527,"play_id":"9eac8514-0f19-4ac6-9191-f2073d729897","local_time":"20210104000312","is_ascension_mode":true,"campfire_choices":[{"floor":7,"key":"REST"},{"floor":12,"key":"REST"},{"data":"Prepared","floor":15,"key":"SMITH"},{"floor":23,"key":"REST"},{"data":"Tools of the Trade","floor":30,"key":"SMITH"},{"floor":32,"key":"REST"},{"data":"After Image","floor":40,"key":"SMITH"},{"data":"Madness","floor":42,"key":"SMITH"},{"data":"Madness","floor":44,"key":"SMITH"}],"circlet_count":0,"master_deck":["Strike_G+1","Strike_G+1","Strike_G+1","Defend_G+1","Defend_G+1","Defend_G+1","Defend_G+1","Survivor","Neutralize","The Bomb","Blade Dance","Corpse Explosion","Tools of the Trade+1","PiercingWail","Prepared+1","Bullet Time","Footwork","Underhanded Strike+1","Endless Agony","Venomology","Outmaneuver+1","Backflip+1","After Image+1","Underhanded Strike+1","Madness+1","Madness+1","Calculated Gamble"],"relics":["Ring of the Snake","Golden Idol","Juzu Bracelet","Tough Bandages","Oddly Smooth Stone","Ornamental Fan","FaceOfCleric","SlaversCollar","Gremlin Horn","Omamori","FossilizedHelix","Coffee Dripper","Du-Vu Doll","Anchor","Incense Burner","Pen Nib"],"acts_visited":["Exordium","TheCity","TheBeyond"],"potions_floor_usage":[11,19,20,28,28,31,33,33,33,35,36,36,36,39,41,45],"damage_taken":[{"damage":4,"enemies":"2 Louse","floor":1,"turns":3},{"damage":14,"enemies":"Small Slimes","floor":4,"turns":4},{"damage":18,"enemies":"3 Sentries","floor":6,"turns":6},{"damage":0,"enemies":"Cultist","floor":8,"turns":3},{"damage":11,"enemies":"Lagavulin","floor":10,"turns":8},{"damage":0,"enemies":"Gremlin Gang","floor":11,"turns":1},{"damage":29,"enemies":"Slime Boss","floor":16,"turns":8},{"damage":12,"enemies":"Spheric Guardian","floor":18,"turns":5},{"damage":12,"enemies":"Shell Parasite","floor":19,"turns":7},{"damage":13,"enemies":"Snecko","floor":20,"turns":5},{"damage":9,"enemies":"Slavers","floor":25,"turns":4},{"damage":1,"enemies":"Shelled Parasite and Fungi","floor":28,"turns":5},{"damage":0,"enemies":"Centurion and Healer","floor":29,"turns":6},{"damage":0,"enemies":"Cultist and Chosen","floor":31,"turns":4},{"damage":61,"enemies":"Champ","floor":33,"turns":13},{"damage":0,"enemies":"3 Darklings","floor":35,"turns":6},{"damage":48,"enemies":"2 Orb Walkers","floor":36,"turns":5},{"damage":0,"enemies":"Mind Bloom Boss Battle","floor":39,"turns":8},{"damage":0,"enemies":"3 Shapes","floor":41,"turns":5},{"damage":0,"enemies":"Transient","floor":45,"turns":4}],"seed_played":"5035785361017374348","potions_obtained":[{"floor":4,"key":"BlessingOfTheForge"},{"floor":8,"key":"SmokeBomb"},{"floor":16,"key":"SpeedPotion"},{"floor":25,"key":"Explosive Potion"},{"floor":28,"key":"Fruit Juice"},{"floor":31,"key":"Strength Potion"},{"floor":35,"key":"EssenceOfSteel"},{"floor":36,"key":"BlessingOfTheForge"}],"is_trial":false,"path_per_floor":["M","?","?","M","?","E","R","M","T","E","M","R","?","?","R","B",null,"M","M","M","?","?","R","?","E","T","$","M","M","R","M","R","B",null,"M","?","?","$","?","R","M","R","T","R","M"],"character_chosen":"THE_SILENT","items_purchased":["FossilizedHelix","Anchor"],"campfire_rested":4,"item_purchase_floors":[27,38],"current_hp_per_floor":[66,65,65,51,38,20,39,39,39,28,28,47,47,47,47,19,66,55,44,32,32,32,52,52,44,44,44,49,50,50,51,74,14,79,80,33,23,23,24,24,25,25,25,25,25,25],"gold":224,"neow_bonus":"RANDOM_COLORLESS_2","is_daily":false,"chose_seed":false,"campfire_upgraded":5,"win_rate":0.0,"timestamp":1609686192,"path_taken":["M","?","?","M","?","E","R","M","T","E","M","R","?","?","R","BOSS","M","M","M","?","?","R","?","E","T","$","M","M","R","M","R","BOSS","M","?","?","$","?","R","M","R","T","R","M"],"items_purchased_type":["Relic","Relic"],"build_version":"2020-12-22","purchased_purges":2,"victory":false,"max_hp_per_floor":[70,65,65,65,65,65,65,65,65,65,65,65,65,65,65,66,66,67,68,69,69,69,69,69,70,70,70,76,77,77,78,78,79,79,80,81,81,81,82,82,83,83,83,83,83,83],"card_choices":[{"not_picked":["HandOfGreed","Panache"],"picked":"The Bomb","floor":0},{"not_picked":["PiercingWail","Infinite Blades"],"picked":"Blade Dance","floor":1},{"not_picked":["Slice","Underhanded Strike"],"picked":"Corpse Explosion","floor":4},{"not_picked":["Deadly Poison","Dagger Spray"],"picked":"Tools of the Trade","floor":6},{"not_picked":["Deflect","Predator"],"picked":"PiercingWail","floor":8},{"not_picked":["Backflip","Riddle With Holes"],"picked":"Prepared","floor":10},{"not_picked":["After Image","Glass Knife"],"picked":"Bullet Time","floor":16},{"not_picked":["Quick Slash","Predator"],"picked":"Footwork","floor":18},{"not_picked":["PiercingWail","Noxious Fumes","Poisoned Stab"],"picked":"SKIP","floor":19},{"not_picked":["Predator","Quick Slash+1"],"picked":"Underhanded Strike+1","floor":20},{"not_picked":["Deadly Poison+1","Quick Slash","Deflect"],"picked":"SKIP","floor":25},{"not_picked":["Prepared","Cloak And Dagger","Backflip"],"picked":"SKIP","floor":28},{"not_picked":["Acrobatics","Dagger Throw"],"picked":"Outmaneuver+1","floor":29},{"not_picked":["Endless Agony","Heel Hook"],"picked":"Backflip+1","floor":31},{"not_picked":["Doppelganger","Storm of Steel"],"picked":"After Image","floor":33},{"not_picked":["Cloak And Dagger+1","Dodge and Roll","Deadly Poison"],"picked":"SKIP","floor":35},{"not_picked":["Crippling Poison","Backflip+1"],"picked":"Underhanded Strike+1","floor":36},{"not_picked":["Finisher","Leg Sweep"],"picked":"Calculated Gamble","floor":41}],"player_experience":132230,"relics_obtained":[{"floor":6,"key":"Tough Bandages"},{"floor":9,"key":"Oddly Smooth Stone"},{"floor":10,"key":"Ornamental Fan"},{"floor":25,"key":"Gremlin Horn"},{"floor":26,"key":"Omamori"},{"floor":36,"key":"Du-Vu Doll"},{"floor":39,"key":"Incense Burner"},{"floor":43,"key":"Pen Nib"}],"event_choices":[{"damage_healed":0,"gold_gain":0,"player_choice":"Lose Max HP","damage_taken":0,"relics_obtained":["Golden Idol"],"max_hp_gain":0,"max_hp_loss":5,"event_name":"Golden Idol","floor":2,"gold_loss":0},{"damage_healed":0,"gold_gain":0,"player_choice":"Box","damage_taken":0,"relics_obtained":["Juzu Bracelet"],"max_hp_gain":0,"max_hp_loss":0,"event_name":"Big Fish","floor":3,"gold_loss":0,"cards_obtained":["Regret"]},{"damage_healed":0,"gold_gain":0,"player_choice":"Entered Light","damage_taken":13,"max_hp_gain":0,"max_hp_loss":0,"event_name":"Shining Light","floor":5,"gold_loss":0,"cards_upgraded":["Defend_G","Strike_G"]},{"damage_healed":0,"gold_gain":100,"player_choice":"Pray","damage_taken":0,"max_hp_gain":0,"max_hp_loss":0,"event_name":"Golden Shrine","floor":13,"gold_loss":0},{"damage_healed":0,"gold_gain":0,"player_choice":"Trade","damage_taken":0,"relics_obtained":["FaceOfCleric"],"max_hp_gain":0,"max_hp_loss":0,"event_name":"FaceTrader","floor":14,"gold_loss":0},{"damage_healed":0,"gold_gain":0,"cards_transformed":["Strike_G","Defend_G"],"player_choice":"Became Test Subject","damage_taken":0,"max_hp_gain":0,"max_hp_loss":0,"event_name":"Drug Dealer","floor":21,"gold_loss":0,"cards_obtained":["Endless Agony","Venomology"]},{"damage_healed":0,"gold_gain":0,"player_choice":"Simplicity","damage_taken":0,"max_hp_gain":0,"max_hp_loss":0,"event_name":"Back to Basics","floor":22,"gold_loss":0,"cards_upgraded":["Strike_G","Strike_G","Strike_G","Defend_G","Defend_G","Defend_G"]},{"damage_healed":0,"gold_gain":0,"player_choice":"Ignored","damage_taken":0,"max_hp_gain":0,"max_hp_loss":0,"event_name":"Vampires","floor":24,"gold_loss":0},{"damage_healed":0,"gold_gain":0,"player_choice":"Fight","damage_taken":0,"max_hp_gain":0,"max_hp_loss":0,"event_name":"Mysterious Sphere","floor":36,"gold_loss":0},{"damage_healed":0,"gold_gain":0,"player_choice":"Embrace Madness","damage_taken":10,"max_hp_gain":0,"max_hp_loss":0,"event_name":"Winding Halls","floor":37,"gold_loss":0,"cards_obtained":["Madness","Madness"]},{"damage_healed":0,"gold_gain":0,"player_choice":"Fight","damage_taken":0,"max_hp_gain":0,"max_hp_loss":0,"event_name":"MindBloom","floor":39,"gold_loss":0}],"is_beta":false,"boss_relics":[{"not_picked":["Ring of the Serpent","Tiny House"],"picked":"SlaversCollar"},{"not_picked":["Runic Dome","Velvet Choker"],"picked":"Coffee Dripper"}],"items_purged_floors":[27,38],"is_endless":false,"potions_floor_spawned":[4,8,11,16,25,28,31,35,36],"killed_by":"Transient","ascension_level":4}}