{"host":"2ehbln4r1tfoeq56","time":1609641324,"event":{"mods":["Aspiration","BaseMod","Better Altar","Better Match","Better Note","Better Sensory Stone","Better Skull","Better Third Choice","Friendly Minions","GifTheSpireLib","Minty Spire (QoL Compilation)","Shade Mod","StSLib","The Marked"],"gold_per_floor":[111,130,130,130,95,95,121,121,121,149,249,264,292,303,303,399,399,413,413,512,512,62,96,96,96,96,109,125,141,158,158,158,263,263,282,282,282,56,68,68,96,96,178,206,68,103,118,135,135,135],"floor_reached":51,"playtime":3647,"items_purged":["Shade:Strike_Shade"],"score":783,"play_id":"56f852a0-8b3b-466e-a5db-df30b7786a46","local_time":"20210102203524","is_ascension_mode":true,"campfire_choices":[{"data":"Shade:Brains","floor":6,"key":"SMITH"},{"data":"Shade:Putrefaction","floor":8,"key":"SMITH"},{"data":"Shade:SensePrey","floor":15,"key":"SMITH"},{"data":"Shade:Awaken","floor":24,"key":"SMITH"},{"data":"Shade:DarkOfNight","floor":32,"key":"SMITH"},{"data":"Shade:Carnophage","floor":40,"key":"SMITH"},{"data":"Shade:RitualOffering","floor":42,"key":"SMITH"},{"data":"Shade:AnimateDead","floor":49,"key":"SMITH"}],"circlet_count":0,"master_deck":["Shade:Strike_Shade","Shade:Strike_Shade+1","Shade:Strike_Shade+1","Shade:Defend_Shade","Shade:Defend_Shade","Shade:Defend_Shade","Shade:Defend_Shade","Shade:AnimateDead+1","Shade:CarefulCut","Shade:Putrefaction+1","Shade:Awaken+1","Shade:Brains+1","Shade:Asphyxiate","Shade:OpenGraves","Shade:Bonestorm","Shade:RitualOffering+1","Shade:SensePrey+1","Shade:DarkOfNight+1","Shade:AncientSpear+1","Shade:OpenGraves","Shade:Putrefaction+1","Shade:SpontaneousRitual+1","Shade:WallOfFlesh","Necronomicurse","Shade:Excise+1","Panacea","Shade:Carnophage+1","Shade:OminousRitual+1","Shade:TouchOfTheGrave+1","Shade:Brains+1"],"relics":["Shade:YorickSkull","Kunai","aspiration:SeaSaltIceCream","aspiration:Nostalgia","Ring of the Snake","Meat on the Bone","Pen Nib","Shade:Thing","aspiration:SecretTechniqueScroll","aspiration:RitualStick","aspiration:VileToxins","Medical Kit","Bottled Lightning","Bottled Tornado","Necronomicon","Velvet Choker","Anchor","Peace Pipe","Molten Egg 2","MealTicket","Lizard Tail"],"acts_visited":["Exordium","TheCity","TheBeyond"],"potions_floor_usage":[7,23,44,50],"damage_taken":[{"damage":4,"enemies":"Cultist","floor":1,"turns":5},{"damage":3,"enemies":"Jaw Worm","floor":2,"turns":4},{"damage":2,"enemies":"3 Sentries","floor":7,"turns":4},{"damage":19,"enemies":"Gremlin Nob","floor":10,"turns":4},{"damage":0,"enemies":"2 Louse","floor":12,"turns":2},{"damage":10,"enemies":"3 Sentries","floor":13,"turns":6},{"damage":6,"enemies":"Looter","floor":14,"turns":3},{"damage":9,"enemies":"Hexaghost","floor":16,"turns":7},{"damage":2,"enemies":"Shell Parasite","floor":18,"turns":4},{"damage":13,"enemies":"Book of Stabbing","floor":23,"turns":6},{"damage":1,"enemies":"Spheric Guardian","floor":27,"turns":5},{"damage":12,"enemies":"Snake Plant","floor":28,"turns":4},{"damage":2,"enemies":"3 Cultists","floor":29,"turns":4},{"damage":0,"enemies":"Snecko","floor":30,"turns":4},{"damage":16,"enemies":"Champ","floor":33,"turns":7},{"damage":0,"enemies":"3 Shapes","floor":35,"turns":3},{"damage":0,"enemies":"Orb Walker","floor":39,"turns":2},{"damage":5,"enemies":"Nemesis","floor":41,"turns":7},{"damage":55,"enemies":"Reptomancer","floor":44,"turns":4},{"damage":0,"enemies":"Nemesis","floor":46,"turns":7},{"damage":0,"enemies":"4 Shapes","floor":47,"turns":3},{"damage":0,"enemies":"3 Darklings","floor":48,"turns":4},{"damage":10,"enemies":"Donu and Deca","floor":50,"turns":6}],"seed_played":"5103274044930902145","potions_obtained":[{"floor":2,"key":"AttackPotion"},{"floor":10,"key":"Dexterity Potion"},{"floor":12,"key":"Fruit Juice"},{"floor":14,"key":"GamblersBrew"},{"floor":27,"key":"Weak Potion"},{"floor":28,"key":"LiquidBronze"},{"floor":33,"key":"EssenceOfSteel"},{"floor":46,"key":"Swift Potion"}],"is_trial":false,"path_per_floor":["M","M","?","T","?","R","E","R","T","E","?","M","E","M","R","B",null,"M","?","?","?","$","E","R","?","T","M","M","M","M","?","R","B",null,"M","?","?","$","M","R","E","R","T","E","$","E","M","M","R","B",null],"character_chosen":"SHADE","items_purchased":["aspiration:VileToxins","Medical Kit","Shade:OpenGraves","Anchor","Shade:Carnophage","Shade:OminousRitual+1"],"campfire_rested":0,"item_purchase_floors":[22,22,22,38,38,45],"current_hp_per_floor":[43,40,27,27,43,43,41,41,41,34,34,34,36,42,42,33,65,63,63,63,50,50,42,42,42,42,41,41,39,39,23,23,19,70,70,70,66,66,66,66,61,61,61,18,33,40,40,40,40,42],"gold":135,"neow_bonus":"THREE_RARE_CARDS","is_daily":false,"chose_seed":false,"campfire_upgraded":8,"win_rate":0.0,"timestamp":1609641324,"path_taken":["M","M","?","?","?","R","E","R","T","E","?","M","E","M","R","BOSS","M","?","?","?","$","E","R","?","T","M","M","?","M","?","R","BOSS","M","?","?","$","M","R","E","R","T","E","$","E","M","M","R","BOSS"],"items_purchased_type":["Relic","Relic","Card","Relic","Card","Card"],"build_version":"2020-12-22","purchased_purges":1,"victory":true,"max_hp_per_floor":[65,65,65,65,65,65,65,65,65,65,65,65,65,65,65,65,65,65,65,65,65,65,70,70,70,70,70,70,70,70,70,70,70,70,70,70,66,66,66,66,66,66,66,66,66,66,66,66,66,66],"card_choices":[{"not_picked":["Shade:GreaterAnimation","Shade:Tombstone"],"picked":"Shade:Putrefaction","floor":0},{"not_picked":["Shade:CommandSoldier","Shade:Premonition"],"picked":"Shade:Awaken","floor":1},{"not_picked":["Shade:Trample","Shade:BoneShards"],"picked":"Shade:Brains","floor":2},{"not_picked":["Shade:OfferingToTheBeyond","Shade:FingerOfDeath"],"picked":"Shade:Asphyxiate","floor":7},{"not_picked":["Shade:Brains","Shade:SanguineRitual"],"picked":"Shade:OpenGraves","floor":10},{"not_picked":["Shade:Trample","Shade:GreyBargain"],"picked":"Shade:Bonestorm","floor":12},{"not_picked":["Shade:Trample","Shade:FleshToFlesh"],"picked":"Shade:RitualOffering","floor":13},{"not_picked":["Shade:LyeBath","Shade:RitualOffering"],"picked":"Shade:SensePrey","floor":14},{"not_picked":["Shade:SelfBurial","Shade:Consume"],"picked":"Shade:DarkOfNight","floor":16},{"not_picked":["Shade:Doomsay","Shade:GraveStillness"],"picked":"Shade:AncientSpear+1","floor":18},{"not_picked":["Shade:BoneShards","Shade:FeralStrike","Shade:Frenzy"],"picked":"SKIP","floor":23},{"not_picked":["Shade:Trample","Shade:LyeBath","Shade:AncientSpear"],"picked":"SKIP","floor":27},{"not_picked":["Shade:AncientSpear","Shade:ExtraLimbs"],"picked":"Shade:SpontaneousRitual+1","floor":28},{"not_picked":["Shade:GraveStillness","Shade:ExtraLimbs+1","Shade:CloudOfShrapnel+1"],"picked":"SKIP","floor":29},{"not_picked":["Shade:TouchOfTheGrave","Shade:FreshBones"],"picked":"Shade:WallOfFlesh","floor":30},{"not_picked":["Shade:TouchOfTheGrave","Shade:FuneraryArmor"],"picked":"Shade:Excise+1","floor":35},{"not_picked":["Trip","Secret Weapon"],"picked":"Panacea","floor":36},{"not_picked":["Shade:Haruspicy","Shade:LyeBath","Shade:Frenzy+1"],"picked":"SKIP","floor":39},{"not_picked":["Shade:Bonestorm+1","Shade:SanguineRitual","Shade:PressTheAttack"],"picked":"SKIP","floor":41},{"not_picked":["Shade:ScuttlingHand+1","Shade:CommandSoldier+1","Shade:CoffinDance+1"],"picked":"SKIP","floor":44},{"not_picked":["Shade:CommandSoldier+1","Shade:AncientSpear+1"],"picked":"Shade:TouchOfTheGrave+1","floor":46},{"not_picked":["Shade:Frenzy+1","Shade:ClawBack+1","Shade:Carnophage+1"],"picked":"SKIP","floor":47},{"not_picked":["Shade:Asphyxiate+1","Shade:Coordination"],"picked":"Shade:Brains+1","floor":48}],"player_experience":98562,"relics_obtained":[{"floor":4,"key":"Kunai"},{"floor":7,"key":"aspiration:SeaSaltIceCream"},{"floor":9,"key":"Meat on the Bone"},{"floor":10,"key":"Pen Nib"},{"floor":13,"key":"Shade:Thing"},{"floor":23,"key":"Bottled Lightning"},{"floor":26,"key":"Bottled Tornado"},{"floor":31,"key":"Necronomicon"},{"floor":41,"key":"Peace Pipe"},{"floor":43,"key":"Molten Egg 2"},{"floor":44,"key":"MealTicket"},{"floor":46,"key":"Lizard Tail"}],"event_choices":[{"damage_healed":40,"gold_gain":0,"player_choice":"Upgrade","damage_taken":13,"max_hp_gain":0,"max_hp_loss":65,"event_name":"betterThird:BetterShining","floor":3,"gold_loss":0,"cards_upgraded":["Shade:Strike_Shade","Shade:Strike_Shade"]},{"damage_healed":16,"gold_gain":0,"player_choice":"Healed","damage_taken":0,"max_hp_gain":0,"max_hp_loss":0,"event_name":"The Cleric","floor":5,"gold_loss":35},{"damage_healed":0,"gold_gain":100,"player_choice":"Pray","damage_taken":0,"max_hp_gain":0,"max_hp_loss":0,"event_name":"Golden Shrine","floor":11,"gold_loss":0},{"damage_healed":0,"gold_gain":0,"player_choice":"Ignored","damage_taken":0,"max_hp_gain":0,"max_hp_loss":0,"event_name":"The Mausoleum","floor":19,"gold_loss":0},{"damage_healed":0,"gold_gain":99,"player_choice":"Steal","damage_taken":0,"max_hp_gain":0,"max_hp_loss":0,"event_name":"betterThird:BetterNest","floor":20,"gold_loss":0},{"damage_healed":0,"gold_gain":0,"player_choice":"Copied","damage_taken":0,"max_hp_gain":0,"max_hp_loss":0,"event_name":"Duplicator","floor":25,"gold_loss":0,"cards_obtained":["Shade:Putrefaction"]},{"damage_healed":0,"gold_gain":0,"player_choice":"Obtained Book","damage_taken":16,"max_hp_gain":0,"max_hp_loss":0,"event_name":"Cursed Tome","floor":31,"gold_loss":0},{"damage_healed":0,"gold_gain":3,"player_choice":"1","damage_taken":0,"max_hp_gain":0,"max_hp_loss":0,"event_name":"betterStone:BetterStone","floor":36,"gold_loss":0},{"damage_healed":0,"gold_gain":0,"player_choice":"Max HP","damage_taken":0,"max_hp_gain":0,"max_hp_loss":4,"event_name":"Winding Halls","floor":37,"gold_loss":0}],"is_beta":false,"boss_relics":[{"not_picked":["Philosopher\u0027s Stone","aspiration:RunicSpoon"],"picked":"aspiration:SecretTechniqueScroll"},{"not_picked":["aspiration:FutureDiary","Tiny House"],"picked":"Velvet Choker"}],"items_purged_floors":[22],"is_endless":false,"potions_floor_spawned":[2,10,12,14,27,28,33,35,46,48],"ascension_level":1}}