{"host":"1eo5f82aifdzd7pr","time":1609702155,"event":{"mods":["AchievementEnabler","BaseMod","Colored Map","Colored Powertips","DeckTracker","Marisa????????","Minty Spire (QoL Compilation)","StSLib","SuperFastMode"],"gold_per_floor":[10,10,30,49,49,93,111,136,161,67,67,85,85,108,108,238,238,256,8,22,36,36,36,77,77,129,145,159,177,177,192,192,320,320,338,352,0,24,47,47,81,81,81,81,81,81,81,99,99,99],"floor_reached":51,"playtime":1135,"items_purged":[],"score":828,"play_id":"362b041c-7359-467e-96a1-358b426c920d","local_time":"20210103212915","is_ascension_mode":false,"campfire_choices":[{"data":"Flash of Steel","floor":13,"key":"SMITH"},{"floor":15,"key":"REST"},{"data":"Demon Form","floor":23,"key":"SMITH"},{"floor":25,"key":"REST"},{"floor":30,"key":"REST"},{"floor":32,"key":"REST"},{"floor":40,"key":"REST"},{"data":"Offering","floor":47,"key":"SMITH"},{"data":"Shrug It Off","floor":49,"key":"SMITH"}],"circlet_count":0,"master_deck":["Strike_R+1","Strike_R","Strike_R","Strike_R","Strike_R","Defend_R","Defend_R+1","Defend_R","Defend_R","Bash","Bludgeon+1","Feed","Flash of Steel+1","Demon Form+1","Offering+1","Shrug It Off+1","Headbutt","Seeing Red+1"],"relics":["Burning Blood","Golden Idol","Eternal Feather","Art of War","SlaversCollar","White Beast Statue","Toy Ornithopter","Strawberry","Busted Crown","Red Mask","Nunchaku","Mummified Hand","Self Forming Clay"],"acts_visited":["Exordium","TheCity","TheBeyond"],"potions_floor_usage":[6,18,18,21,24,24,27,28,29,33,33,36,38,39,41,41,50,50,50],"damage_taken":[{"damage":1,"enemies":"Jaw Worm","floor":1,"turns":3},{"damage":5,"enemies":"Small Slimes","floor":3,"turns":3},{"damage":1,"enemies":"Cultist","floor":4,"turns":3},{"damage":36,"enemies":"Lagavulin","floor":6,"turns":5},{"damage":5,"enemies":"3 Louse","floor":7,"turns":4},{"damage":7,"enemies":"Blue Slaver","floor":8,"turns":3},{"damage":7,"enemies":"2 Fungi Beasts","floor":12,"turns":3},{"damage":10,"enemies":"Exordium Wildlife","floor":14,"turns":3},{"damage":52,"enemies":"The Guardian","floor":16,"turns":8},{"damage":35,"enemies":"Shell Parasite","floor":18,"turns":6},{"damage":19,"enemies":"Spheric Guardian","floor":20,"turns":4},{"damage":19,"enemies":"Centurion and Healer","floor":21,"turns":8},{"damage":43,"enemies":"Slavers","floor":24,"turns":6},{"damage":15,"enemies":"Snecko","floor":27,"turns":3},{"damage":31,"enemies":"Sentry and Sphere","floor":28,"turns":4},{"damage":20,"enemies":"Centurion and Healer","floor":29,"turns":4},{"damage":16,"enemies":"Snecko","floor":31,"turns":3},{"damage":102,"enemies":"Champ","floor":33,"turns":7},{"damage":31,"enemies":"Orb Walker","floor":35,"turns":4},{"damage":17,"enemies":"3 Shapes","floor":36,"turns":4},{"damage":38,"enemies":"3 Darklings","floor":38,"turns":6},{"damage":18,"enemies":"Jaw Worm Horde","floor":39,"turns":3},{"damage":61,"enemies":"Nemesis","floor":41,"turns":7},{"damage":23,"enemies":"Sphere and 2 Shapes","floor":48,"turns":5},{"damage":87,"enemies":"Donu and Deca","floor":50,"turns":8}],"seed_played":"4299628433809226947","potions_obtained":[{"floor":4,"key":"ColorlessPotion"},{"floor":7,"key":"Weak Potion"},{"floor":8,"key":"Dexterity Potion"},{"floor":16,"key":"SkillPotion"},{"floor":18,"key":"Fruit Juice"},{"floor":20,"key":"DistilledChaos"},{"floor":21,"key":"EssenceOfSteel"},{"floor":24,"key":"SneckoOil"},{"floor":27,"key":"DistilledChaos"},{"floor":28,"key":"ElixirPotion"},{"floor":29,"key":"DuplicationPotion"},{"floor":31,"key":"DistilledChaos"},{"floor":33,"key":"PowerPotion"},{"floor":35,"key":"ColorlessPotion"},{"floor":36,"key":"Strength Potion"},{"floor":38,"key":"Ancient Potion"},{"floor":39,"key":"SneckoOil"},{"floor":41,"key":"ColorlessPotion"},{"floor":48,"key":"Explosive Potion"}],"is_trial":false,"path_per_floor":["M","?","M","M","?","E","M","M","T","$","?","M","R","M","R","B",null,"M","$","M","M","?","R","E","R","T","M","M","M","R","M","R","B",null,"M","M","?","M","M","R","E","?","T","$","$","T","R","M","R","B",null],"character_chosen":"IRONCLAD","items_purchased":["Flash of Steel","White Beast Statue"],"campfire_rested":5,"item_purchase_floors":[10,19],"current_hp_per_floor":[80,60,61,66,50,20,24,23,23,23,23,22,28,27,58,12,86,65,65,52,39,39,45,11,49,56,52,32,26,67,60,102,16,110,85,82,82,55,48,90,45,99,99,99,99,99,99,82,91,25],"gold":99,"neow_bonus":"THREE_RARE_CARDS","is_daily":false,"chose_seed":false,"campfire_upgraded":4,"win_rate":0.0,"timestamp":1609702155,"path_taken":["M","?","M","M","?","E","M","M","T","$","?","M","R","M","R","BOSS","M","$","M","M","?","R","E","R","T","M","M","M","R","M","R","BOSS","M","?","?","M","M","R","E","?","T","?","$","?","R","?","R","BOSS"],"items_purchased_type":["Card","Relic"],"build_version":"2020-12-22","purchased_purges":0,"victory":true,"max_hp_per_floor":[80,80,80,80,80,80,83,83,83,83,83,83,83,86,86,86,86,94,94,94,94,94,94,97,97,104,104,104,107,107,110,110,110,110,110,113,113,113,113,113,113,99,99,99,99,99,99,99,99,99],"card_choices":[{"not_picked":["Immolate","Brutality"],"picked":"Bludgeon","floor":0},{"not_picked":["Sword Boomerang","Intimidate","Twin Strike"],"picked":"SKIP","floor":1},{"not_picked":["Clothesline","Havoc","Thunderclap"],"picked":"SKIP","floor":3},{"not_picked":["Anger","Heavy Blade","Sentinel"],"picked":"SKIP","floor":4},{"not_picked":["Burning Pact","Dropkick"],"picked":"Feed","floor":6},{"not_picked":["Body Slam","Sword Boomerang","Clash"],"picked":"SKIP","floor":7},{"not_picked":["Havoc","Cleave","Hemokinesis"],"picked":"SKIP","floor":8},{"not_picked":["Perfected Strike","Body Slam","Twin Strike"],"picked":"SKIP","floor":12},{"not_picked":["Fire Breathing","Armaments","Power Through"],"picked":"SKIP","floor":14},{"not_picked":["Reaper","Fiend Fire"],"picked":"Demon Form","floor":16},{"not_picked":["Flex+1","Anger+1","True Grit"],"picked":"SKIP","floor":18},{"not_picked":["Blood for Blood","Whirlwind","Sword Boomerang"],"picked":"SKIP","floor":20},{"not_picked":["Spot Weakness+1","Inflame","Intimidate"],"picked":"SKIP","floor":21},{"not_picked":["Cleave","Power Through"],"picked":"Offering","floor":24},{"not_picked":["Whirlwind","Armaments+1","Havoc"],"picked":"SKIP","floor":27},{"not_picked":["Twin Strike","Sword Boomerang"],"picked":"Shrug It Off","floor":28},{"not_picked":["Disarm+1","Dark Embrace","Havoc"],"picked":"SKIP","floor":29},{"not_picked":["Clash","Perfected Strike","Twin Strike"],"picked":"SKIP","floor":31},{"not_picked":["Burning Pact"],"picked":"SKIP","floor":35},{"not_picked":[],"picked":"Headbutt","floor":36},{"not_picked":[],"picked":"Seeing Red+1","floor":38},{"not_picked":["Intimidate"],"picked":"SKIP","floor":39},{"not_picked":["Havoc"],"picked":"SKIP","floor":41},{"not_picked":["Warcry+1"],"picked":"SKIP","floor":48}],"player_experience":768456,"relics_obtained":[{"floor":6,"key":"Eternal Feather"},{"floor":9,"key":"Art of War"},{"floor":24,"key":"Toy Ornithopter"},{"floor":26,"key":"Strawberry"},{"floor":41,"key":"Nunchaku"},{"floor":43,"key":"Mummified Hand"},{"floor":46,"key":"Self Forming Clay"}],"event_choices":[{"damage_healed":0,"gold_gain":0,"player_choice":"Take Damage","damage_taken":20,"relics_obtained":["Golden Idol"],"max_hp_gain":0,"max_hp_loss":0,"event_name":"Golden Idol","floor":2,"gold_loss":0},{"damage_healed":0,"gold_gain":0,"player_choice":"Entered Light","damage_taken":16,"max_hp_gain":0,"max_hp_loss":0,"event_name":"Shining Light","floor":5,"gold_loss":0,"cards_upgraded":["Strike_R","Defend_R"]},{"damage_healed":0,"gold_gain":0,"player_choice":"Grow","damage_taken":0,"max_hp_gain":0,"max_hp_loss":0,"event_name":"Living Wall","floor":11,"gold_loss":0,"cards_upgraded":["Bludgeon"]},{"damage_healed":0,"gold_gain":0,"player_choice":"Ignored","damage_taken":0,"max_hp_gain":0,"max_hp_loss":0,"event_name":"N\u0027loth","floor":22,"gold_loss":0},{"damage_healed":0,"gold_gain":0,"player_choice":"Paid","damage_taken":0,"relics_obtained":["Red Mask"],"max_hp_gain":0,"max_hp_loss":0,"event_name":"Tomb of Lord Red Mask","floor":37,"gold_loss":352},{"damage_healed":99,"gold_gain":0,"player_choice":"Heal","damage_taken":0,"max_hp_gain":0,"max_hp_loss":14,"event_name":"The Moai Head","floor":42,"gold_loss":0}],"is_beta":false,"boss_relics":[{"not_picked":["Coffee Dripper","Velvet Choker"],"picked":"SlaversCollar"},{"not_picked":["Cursed Key","Pandora\u0027s Box"],"picked":"Busted Crown"}],"items_purged_floors":[],"is_endless":false,"potions_floor_spawned":[4,7,8,16,18,20,21,24,27,28,29,31,33,35,36,38,39,41,48],"ascension_level":0}}