{"host":"4w8ocelhatf0iefc","time":1609692332,"event":{"mods":["AchievementEnabler","Act Like it!","Aspiration","BaseMod","Colored Map","Colored Powertips","Downfall","GifTheSpireLib","Hubris","Infinite Spire","Minty Spire (QoL Compilation)","Replay The Spire","StSLib"],"gold_per_floor":[0,10,24,24,24,9,9,41,26,40,55,84,9,20,37,37,37,37],"floor_reached":16,"playtime":715,"items_purged":[],"score":129,"play_id":"ae060d58-de3f-40fd-8c2a-d76e76f510ce","local_time":"20210104004532","is_ascension_mode":true,"campfire_choices":[{"data":"champ:Devastate","floor":1,"key":"SMITH"},{"data":"champ:IgnorePain","floor":13,"key":"SMITH"}],"circlet_count":0,"master_deck":["champ:Strike","champ:Strike","champ:Strike","champ:Strike","champ:Defend","champ:Defend","champ:Defend","champ:Defend","champ:Execute","champ:Taunt","champ:Devastate+1","champ:GutPunch","champ:RisingSlash","champ:ShieldSigil","champ:AdrenalArmor","champ:BerserkerStyle","champ:IgnorePain+1","champ:BringItOn","champ:RapidStrikes","champ:CalledShot","champ:Shatter"],"relics":["champ:ChampionCrown","Potion Belt","Blue Doll","StrikeDummy","aspiration:FrozenJewel","hexamod:BolsterEngine","downfall:HeartBlessingGreen"],"acts_visited":["Exordium"],"potions_floor_usage":[8,12,12,16,16],"damage_taken":[{"damage":7,"enemies":"2 Louse","floor":2,"turns":3},{"damage":10,"enemies":"Small Slimes","floor":3,"turns":3},{"damage":13,"enemies":"downfall:FleeingMerchant","floor":6,"turns":4},{"damage":25,"enemies":"Gremlin Nob","floor":8,"turns":4},{"damage":17,"enemies":"downfall:FleeingMerchant","floor":9,"turns":4},{"damage":0,"enemies":"Jaw Worm","floor":10,"turns":1},{"damage":5,"enemies":"Exordium Wildlife","floor":11,"turns":3},{"damage":21,"enemies":"3 Sentries","floor":12,"turns":5},{"damage":12,"enemies":"Lots of Slimes","floor":14,"turns":6},{"damage":7,"enemies":"3 Louse","floor":15,"turns":4},{"damage":47,"enemies":"downfall:Silent","floor":16,"turns":7}],"seed_played":"7092971745601263964","potions_obtained":[{"floor":3,"key":"Block Potion"},{"floor":8,"key":"SkillPotion"},{"floor":10,"key":"Explosive Potion"},{"floor":14,"key":"Fire Potion"},{"floor":15,"key":"sneckomod:MuddlingPotion"}],"is_trial":false,"path_per_floor":["R","M","M","?","?","$","T","E","$","M","M","E","R","M","M","B"],"character_chosen":"THE_CHAMP","items_purchased":[],"campfire_rested":0,"item_purchase_floors":[],"current_hp_per_floor":[90,83,73,73,73,73,73,53,50,50,50,34,34,26,26,0,0,0],"gold":37,"neow_bonus":"THREE_RARE_CARDS","is_daily":false,"chose_seed":false,"campfire_upgraded":2,"win_rate":0.0,"timestamp":1609692332,"path_taken":["R","M","M","?","?","$","T","E","?","M","M","E","R","?","M","BOSS"],"items_purchased_type":[],"build_version":"2020-12-22","purchased_purges":0,"victory":false,"max_hp_per_floor":[90,90,90,90,90,90,90,90,90,90,90,90,90,90,90,90,90,90],"card_choices":[{"not_picked":["champ:VampiricStrike","champ:IgnorePain"],"picked":"champ:Devastate","floor":0},{"not_picked":["champ:BladeFlurry","champ:FlashCut"],"picked":"champ:GutPunch","floor":2},{"not_picked":["champ:Shatter","champ:AdrenalArmor"],"picked":"champ:RisingSlash","floor":3},{"not_picked":["champ:Circumvent","champ:EndlessRage"],"picked":"champ:ShieldSigil","floor":6},{"not_picked":["champ:CrookedStrike","champ:GladiatorsShout"],"picked":"champ:AdrenalArmor","floor":8},{"not_picked":["champ:Backstep","champ:BladeFlurry"],"picked":"champ:BerserkerStyle","floor":9},{"not_picked":["champ:Encircle","champ:Circumvent"],"picked":"champ:IgnorePain","floor":10},{"not_picked":["champ:EnragedBash","champ:FaceSlap"],"picked":"champ:BringItOn","floor":11},{"not_picked":["champ:PerfectedStrike","champ:Circumvent"],"picked":"champ:RapidStrikes","floor":12},{"not_picked":["champ:CrookedStrike","champ:GladiatorStyle"],"picked":"champ:CalledShot","floor":14},{"not_picked":["champ:FocusedGladiator","champ:BringItOn"],"picked":"champ:Shatter","floor":15}],"player_experience":510454,"relics_obtained":[{"floor":5,"key":"Blue Doll"},{"floor":7,"key":"StrikeDummy"},{"floor":8,"key":"aspiration:FrozenJewel"},{"floor":12,"key":"hexamod:BolsterEngine"}],"event_choices":[],"is_beta":false,"boss_relics":[],"items_purged_floors":[],"is_endless":false,"potions_floor_spawned":[3,8,10,14,15],"killed_by":"downfall:Silent","ascension_level":3}}