{"host":"56ghxnzsglgdq727","time":1609649016,"event":{"mods":["AchievementEnabler","BaseMod","Downfall","Minty Spire (QoL Compilation)","StSLib"],"gold_per_floor":[99,114,24,35,49,49,49,49,49,60,60,85,99,130,145,145,145],"floor_reached":16,"playtime":1010,"items_purged":["sneckomod:Strike"],"score":144,"play_id":"da6319bc-1d7a-4317-9cfc-d2e6e5bd4e83","local_time":"20210102234336","is_ascension_mode":true,"campfire_choices":[{"data":"sneckomod:Unknown","floor":1.0,"key":"SMITH"},{"data":"sneckomod:SoulExchange","floor":9.0,"key":"SMITH"}],"circlet_count":0,"master_deck":["sneckomod:Strike","sneckomod:Strike","sneckomod:Defend","sneckomod:Defend","sneckomod:Defend","sneckomod:TailWhip","sneckomod:SnekBite","sneckomod:Unknown+1","sneckomod:Unknown","sneckomod:Unknown1Cost","sneckomod:SoulExchange+1","sneckomod:UnknownClassBLUE","sneckomod:Unknown0Cost","sneckomod:UnknownX","sneckomod:MorePower"],"relics":["sneckomod:SneckoSoul","FossilizedHelix","downfall:BrokenWingStatue","InkBottle","The Courier","Smiling Mask","PreservedInsect"],"acts_visited":["Exordium"],"potions_floor_usage":[16],"damage_taken":[{"damage":0.0,"enemies":"Cultist","floor":2.0,"turns":4.0},{"damage":4.0,"enemies":"downfall:FleeingMerchant","floor":3.0,"turns":4.0},{"damage":27.0,"enemies":"2 Louse","floor":4.0,"turns":3.0},{"damage":0.0,"enemies":"Jaw Worm","floor":5.0,"turns":4.0},{"damage":9.0,"enemies":"3 Louse","floor":10.0,"turns":2.0},{"damage":0.0,"enemies":"Gremlin Nob","floor":12.0,"turns":4.0},{"damage":0.0,"enemies":"2 Fungi Beasts","floor":13.0,"turns":3.0},{"damage":29.0,"enemies":"Lagavulin","floor":14.0,"turns":5.0},{"damage":5.0,"enemies":"Lots of Slimes","floor":15.0,"turns":3.0},{"damage":26,"enemies":"downfall:Defect","floor":16,"turns":8}],"seed_played":"-1937428767934239687","potions_obtained":[{"floor":2.0,"key":"PowerPotion"},{"floor":10.0,"key":"Dexterity Potion"},{"floor":12.0,"key":"Block Potion"}],"is_trial":false,"path_per_floor":["R","M","$","M","M","?","T","T","R","M","?","E","M","E","M","B"],"character_chosen":"THE_SNECKO","items_purchased":[],"campfire_rested":0,"item_purchase_floors":[],"current_hp_per_floor":[81,82,78,60,61,61,61,61,61,62,62,62,63,34,29,3,3],"gold":145,"neow_bonus":"ONE_RARE_RELIC","is_daily":false,"chose_seed":false,"campfire_upgraded":2,"win_rate":0.0,"timestamp":1609649016,"path_taken":["R","M","?","?","M","?","T","?","R","M","?","E","M","E","M","BOSS"],"items_purchased_type":[],"build_version":"2020-12-22","purchased_purges":1,"victory":false,"max_hp_per_floor":[81,82,82,83,84,84,84,84,84,84,84,84,85,85,85,85,85],"card_choices":[{"not_picked":["sneckomod:SoulRoll","sneckomod:UnknownCommonSkill"],"picked":"sneckomod:Unknown1Cost","floor":2.0},{"not_picked":["sneckomod:DiceBlock","sneckomod:UnknownUncommonSkill"],"picked":"sneckomod:SoulExchange","floor":3.0},{"not_picked":["sneckomod:UnknownStrike","sneckomod:UnknownBlock"],"picked":"sneckomod:UnknownClassBLUE","floor":4.0},{"not_picked":["sneckomod:UnknownClassTHE_CHAMP_GRAY","sneckomod:UnknownClassPURPLE"],"picked":"sneckomod:Unknown0Cost","floor":5.0},{"not_picked":["sneckomod:IronFang","sneckomod:RainOfDice","sneckomod:ImprovisedAttack"],"picked":"SKIP","floor":10.0},{"not_picked":["sneckomod:SlitherStrike","sneckomod:UnknownEthereal","sneckomod:UnknownUncommonAttack"],"picked":"SKIP","floor":12.0},{"not_picked":["sneckomod:SoulDraw","sneckomod:UnknownBlock"],"picked":"sneckomod:UnknownX","floor":13.0},{"not_picked":["sneckomod:IronFang","sneckomod:SlitherStrike","sneckomod:UnknownClassPURPLE"],"picked":"SKIP","floor":14.0},{"not_picked":["sneckomod:DiceBlock","sneckomod:UnknownCommonSkill"],"picked":"sneckomod:MorePower","floor":15.0}],"player_experience":93645,"relics_obtained":[{"floor":8.0,"key":"InkBottle"},{"floor":12.0,"key":"Smiling Mask"},{"floor":14.0,"key":"PreservedInsect"}],"event_choices":[],"is_beta":false,"boss_relics":[],"items_purged_floors":[3],"is_endless":false,"potions_floor_spawned":[2,10,12],"killed_by":"downfall:Defect","ascension_level":1}}