{"host":"TheHustler","time":1609673883,"event":{"mods":["BaseMod","Block Reminder","Colored Map","Colored Powertips","Minty Spire (QoL Compilation)","Quick Restart","StSLib","SuperFastMode","Unceasing Turn Reminder"],"gold_per_floor":[118,118,142,92,115,146,146,182,182,226,74,74,49,70,70,194,194,208,224,224,247,147,72,115,115,115,115,128,128,253,273,273,404,404,420,443,443,461,482,526,526,557,557,572,15,15,34,34,34,34],"floor_reached":51,"playtime":1496,"items_purged":["Defend_B","Strike_B","Defend_B"],"score":820,"play_id":"fc409d5e-be0b-448b-afc2-325f7728d913","local_time":"20210103123803","is_ascension_mode":false,"campfire_choices":[{"data":"Zap","floor":7,"key":"SMITH"},{"data":"Lockon","floor":12,"key":"SMITH"},{"data":"Hologram","floor":15,"key":"SMITH"},{"data":"Chill","floor":25,"key":"SMITH"},{"data":"Turbo","floor":27,"key":"SMITH"},{"data":"Sweeping Beam","floor":29,"key":"SMITH"},{"floor":32,"key":"REST"},{"floor":41,"key":"REST"},{"floor":46,"key":"REST"},{"floor":49,"key":"RECALL"}],"circlet_count":0,"master_deck":["Defend_B+1","Defend_B+1","Zap+1","Dualcast","Sweeping Beam+1","Turbo+1","Core Surge","Lockon+1","Undo","Hologram+1","FTL+1","Beam Cell+1","Sweeping Beam+1","Electrodynamics","Chill+1","Ball Lightning+1","Recycle+1","Thunder Strike+1","Defragment","Static Discharge","Core Surge+1","Skim","Cold Snap+1","Compile Driver+1","Gash+1","Capacitor+1"],"relics":["Cracked Core","NeowsBlessing","Golden Idol","Oddly Smooth Stone","Molten Egg 2","MealTicket","War Paint","SlaversCollar","Strawberry","Pen Nib","Turnip","InkBottle","Philosopher\u0027s Stone","Prayer Wheel","Potion Belt","Ice Cream","Happy Flower","Mango"],"acts_visited":["Exordium","TheCity","TheBeyond"],"potions_floor_usage":[8,8,10,30,38,42,50,50,50],"damage_taken":[{"damage":0,"enemies":"2 Louse","floor":1,"turns":1},{"damage":0,"enemies":"Small Slimes","floor":3,"turns":1},{"damage":0,"enemies":"Jaw Worm","floor":5,"turns":1},{"damage":34,"enemies":"3 Sentries","floor":6,"turns":9},{"damage":14,"enemies":"Gremlin Nob","floor":8,"turns":3},{"damage":18,"enemies":"3 Sentries","floor":10,"turns":9},{"damage":3,"enemies":"Large Slime","floor":14,"turns":3},{"damage":0,"enemies":"Slime Boss","floor":16,"turns":6},{"damage":11,"enemies":"2 Thieves","floor":18,"turns":3},{"damage":10,"enemies":"Shell Parasite","floor":19,"turns":3},{"damage":12,"enemies":"Shelled Parasite and Fungi","floor":21,"turns":4},{"damage":4,"enemies":"Book of Stabbing","floor":24,"turns":4},{"damage":7,"enemies":"Centurion and Healer","floor":28,"turns":4},{"damage":25,"enemies":"Colosseum Slavers","floor":30,"turns":4},{"damage":3,"enemies":"Colosseum Nobs","floor":30,"turns":3},{"damage":0,"enemies":"Snecko","floor":31,"turns":3},{"damage":8,"enemies":"Collector","floor":33,"turns":6},{"damage":23,"enemies":"3 Darklings","floor":35,"turns":3},{"damage":12,"enemies":"3 Shapes","floor":36,"turns":4},{"damage":4,"enemies":"Maw","floor":38,"turns":5},{"damage":5,"enemies":"Sphere and 2 Shapes","floor":39,"turns":3},{"damage":24,"enemies":"Giant Head","floor":40,"turns":6},{"damage":10,"enemies":"Nemesis","floor":42,"turns":3},{"damage":6,"enemies":"Jaw Worm Horde","floor":44,"turns":3},{"damage":7,"enemies":"4 Shapes","floor":47,"turns":2},{"damage":41,"enemies":"Awakened One","floor":50,"turns":8}],"seed_played":"2689572380899667387","potions_obtained":[{"floor":3,"key":"DistilledChaos"},{"floor":6,"key":"Swift Potion"},{"floor":8,"key":"PowerPotion"},{"floor":10,"key":"BlessingOfTheForge"},{"floor":18,"key":"Explosive Potion"},{"floor":19,"key":"SpeedPotion"},{"floor":24,"key":"SpeedPotion"},{"floor":30,"key":"AttackPotion"},{"floor":33,"key":"AttackPotion"},{"floor":38,"key":"Fruit Juice"},{"floor":39,"key":"PotionOfCapacity"},{"floor":44,"key":"SneckoOil"},{"floor":47,"key":"FairyPotion"}],"is_trial":false,"path_per_floor":["M","?","M","?","M","E","R","E","T","E","$","R","$","M","R","B",null,"M","M","?","M","$","?","E","R","T","R","M","R","?","M","R","B",null,"M","M","?","M","M","E","R","E","T","M","$","R","M","$","R","B",null],"character_chosen":"DEFECT","items_purchased":["FTL+1","Beam Cell+1","Happy Flower","Mango"],"campfire_rested":3,"item_purchase_floors":[11,13,45,45],"current_hp_per_floor":[75,69,69,69,69,35,35,21,21,3,18,18,33,30,30,30,69,58,48,48,36,51,51,54,54,54,54,47,47,19,19,41,33,76,53,41,41,42,37,13,37,27,27,21,50,78,71,86,86,45],"gold":34,"neow_bonus":"THREE_ENEMY_KILL","is_daily":false,"chose_seed":false,"campfire_upgraded":6,"win_rate":0.0,"timestamp":1609673883,"path_taken":["M","?","M","?","M","E","R","E","T","E","$","R","$","M","R","BOSS","M","M","?","M","$","?","E","R","T","R","M","R","?","?","R","BOSS","M","M","?","M","M","E","R","E","T","M","$","R","M","?","R","BOSS"],"items_purchased_type":["Card","Card","Relic","Relic"],"build_version":"2020-12-18","purchased_purges":3,"victory":true,"max_hp_per_floor":[75,69,69,69,69,69,69,69,69,69,69,69,69,69,69,69,69,69,69,69,69,69,69,76,76,76,76,76,76,76,76,76,76,76,76,76,76,81,81,81,81,81,81,81,95,95,95,95,95,95],"card_choices":[{"not_picked":["Steam","Turbo"],"picked":"Sweeping Beam","floor":1},{"not_picked":["Compile Driver","Double Energy"],"picked":"Turbo","floor":3},{"not_picked":["Go for the Eyes","Leap"],"picked":"Core Surge","floor":5},{"not_picked":["Rip and Tear","Go for the Eyes"],"picked":"Lockon","floor":6},{"not_picked":["Streamline+1","Leap"],"picked":"Undo","floor":8},{"not_picked":["Echo Form","Redo"],"picked":"Hologram","floor":10},{"not_picked":["Chill","BootSequence"],"picked":"Sweeping Beam+1","floor":14},{"not_picked":["Meteor Strike+1","Rainbow"],"picked":"Electrodynamics","floor":16},{"not_picked":["Streamline+1","Storm","Self Repair"],"picked":"SKIP","floor":18},{"not_picked":["Go for the Eyes+1","Streamline+1"],"picked":"Chill","floor":19},{"not_picked":["Ball Lightning+1","BootSequence+1","Turbo"],"picked":"SKIP","floor":21},{"not_picked":["Barrage+1","Streamline+1","Stack"],"picked":"SKIP","floor":24},{"not_picked":["Static Discharge","Self Repair"],"picked":"Recycle+1","floor":28},{"not_picked":["Go for the Eyes+1","Conserve Battery","Steam+1"],"picked":"SKIP","floor":31},{"not_picked":["Machine Learning","All For One+1"],"picked":"Thunder Strike+1","floor":33},{"not_picked":["FTL+1","Gash+1"],"picked":"Defragment","floor":35},{"not_picked":["Stack","Aggregate","Conserve Battery"],"picked":"SKIP","floor":36},{"not_picked":["Self Repair+1","Compile Driver+1"],"picked":"Core Surge+1","floor":38},{"not_picked":["Self Repair+1","Storm"],"picked":"Skim","floor":39},{"not_picked":["Chill+1","Aggregate"],"picked":"Cold Snap+1","floor":40},{"not_picked":["Ball Lightning+1","Storm+1"],"picked":"Compile Driver+1","floor":42},{"not_picked":["Sweeping Beam+1","Aggregate+1"],"picked":"Gash+1","floor":44},{"not_picked":["Chill+1","Hologram","Static Discharge"],"picked":"SKIP","floor":44},{"not_picked":["Turbo","Stack"],"picked":"Capacitor+1","floor":47},{"not_picked":["Sunder+1","Beam Cell+1","Conserve Battery"],"picked":"SKIP","floor":47}],"player_experience":617470,"relics_obtained":[{"floor":6,"key":"Oddly Smooth Stone"},{"floor":8,"key":"Molten Egg 2"},{"floor":9,"key":"MealTicket"},{"floor":10,"key":"War Paint"},{"floor":24,"key":"Strawberry"},{"floor":26,"key":"Pen Nib"},{"floor":30,"key":"Turnip"},{"floor":30,"key":"InkBottle"},{"floor":40,"key":"Prayer Wheel"},{"floor":42,"key":"Potion Belt"},{"floor":43,"key":"Ice Cream"}],"event_choices":[{"damage_healed":0,"gold_gain":0,"player_choice":"Lose Max HP","damage_taken":0,"relics_obtained":["Golden Idol"],"max_hp_gain":0,"max_hp_loss":6,"event_name":"Golden Idol","floor":2,"gold_loss":0},{"cards_removed":["Strike_B"],"damage_healed":0,"gold_gain":0,"player_choice":"Card Removal","damage_taken":0,"max_hp_gain":0,"max_hp_loss":0,"event_name":"The Cleric","floor":4,"gold_loss":50},{"damage_healed":0,"gold_gain":0,"player_choice":"Read","damage_taken":0,"max_hp_gain":0,"max_hp_loss":0,"event_name":"The Library","floor":20,"gold_loss":0,"cards_obtained":["Ball Lightning"]},{"cards_removed":["Strike_B"],"damage_healed":0,"gold_gain":0,"player_choice":"Gave Gold","damage_taken":0,"max_hp_gain":0,"max_hp_loss":0,"event_name":"Beggar","floor":23,"gold_loss":75},{"damage_healed":0,"gold_gain":0,"player_choice":"Fight","damage_taken":0,"max_hp_gain":0,"max_hp_loss":0,"event_name":"Colosseum","floor":30,"gold_loss":0},{"damage_healed":0,"gold_gain":0,"player_choice":"Fought Nobs","damage_taken":0,"max_hp_gain":0,"max_hp_loss":0,"event_name":"Colosseum","floor":30,"gold_loss":0},{"damage_healed":0,"gold_gain":0,"cards_transformed":["Strike_B"],"player_choice":"Transformed","damage_taken":0,"max_hp_gain":0,"max_hp_loss":0,"event_name":"Transmorgrifier","floor":37,"gold_loss":0,"cards_obtained":["Static Discharge"]}],"is_beta":true,"boss_relics":[{"not_picked":["FrozenCore","Nuclear Battery"],"picked":"SlaversCollar"},{"not_picked":["Calling Bell","Snecko Eye"],"picked":"Philosopher\u0027s Stone"}],"items_purged_floors":[11,22,45],"is_endless":false,"potions_floor_spawned":[3,6,8,10,18,19,24,30,33,38,39,44,47],"ascension_level":0}}