{"host":"bfxt97i6dl81mvg3","time":1609651899,"event":{"mods":["BaseMod","Colored Map","Minty Spire (QoL Compilation)","Relic Stats","Slay the Relics Exporter","StSLib","everything is the same but u backflip on backflip"],"gold_per_floor":[368,383,394,394,121,153,153,103,103,3,18,18,18,31,31,129,129,149,168,168,14,24,24,42,142,142,169,169,204,221,44,44,141,141,159,169,186,36,54,54,54,54,54,54,109,459,492,505,505,505],"floor_reached":51,"playtime":735,"items_purged":["Injury","Defend_R","Defend_R","Defend_R"],"score":815,"play_id":"8ed7e88d-57dc-4146-8554-b3b8abe9c4a6","local_time":"20210102233139","is_ascension_mode":false,"campfire_choices":[{"data":"Flex","floor":7,"key":"SMITH"},{"data":"1","floor":13,"key":"LIFT"},{"data":"2","floor":15,"key":"LIFT"},{"data":"3","floor":23,"key":"LIFT"},{"data":"Whirlwind","floor":28,"key":"SMITH"},{"data":"Limit Break","floor":32,"key":"SMITH"},{"data":"Limit Break","floor":41,"key":"SMITH"},{"data":"Bash","floor":44,"key":"SMITH"},{"data":"Cleave","floor":49,"key":"SMITH"}],"circlet_count":0,"master_deck":["Strike_R","Strike_R","Strike_R","Strike_R","Strike_R","Bash+1","Cleave+1","Flex+1","Limit Break+1","Whirlwind+1","Limit Break+1","Sword Boomerang+1"],"relics":["Burning Blood","Thread and Needle","Omamori","Dream Catcher","Girya","Singing Bowl","Velvet Choker","Brimstone","Du-Vu Doll","Mummified Hand","Pen Nib","Busted Crown","Gremlin Horn","Turnip","Old Coin","Nunchaku"],"acts_visited":["Exordium","TheCity","TheBeyond"],"potions_floor_usage":[6,16,24,39],"damage_taken":[{"damage":9,"enemies":"2 Louse","floor":1,"turns":3},{"damage":18,"enemies":"Jaw Worm","floor":2,"turns":3},{"damage":10,"enemies":"Small Slimes","floor":3,"turns":2},{"damage":5,"enemies":"3 Sentries","floor":6,"turns":4},{"damage":0,"enemies":"Gremlin Gang","floor":11,"turns":2},{"damage":12,"enemies":"Blue Slaver","floor":14,"turns":3},{"damage":26,"enemies":"Hexaghost","floor":16,"turns":7},{"damage":19,"enemies":"2 Thieves","floor":18,"turns":3},{"damage":5,"enemies":"3 Byrds","floor":19,"turns":3},{"damage":0,"enemies":"Snake Plant","floor":22,"turns":2},{"damage":2,"enemies":"Sentry and Sphere","floor":24,"turns":3},{"damage":29,"enemies":"Gremlin Leader","floor":27,"turns":3},{"damage":32,"enemies":"Book of Stabbing","floor":29,"turns":3},{"damage":0,"enemies":"3 Cultists","floor":30,"turns":1},{"damage":14,"enemies":"Automaton","floor":33,"turns":4},{"damage":7,"enemies":"3 Shapes","floor":35,"turns":3},{"damage":0,"enemies":"Orb Walker","floor":36,"turns":1},{"damage":8,"enemies":"3 Darklings","floor":37,"turns":2},{"damage":29,"enemies":"Writhing Mass","floor":39,"turns":3},{"damage":0,"enemies":"2 Orb Walkers","floor":45,"turns":1},{"damage":0,"enemies":"Mind Bloom Boss Battle","floor":46,"turns":2},{"damage":0,"enemies":"Reptomancer","floor":47,"turns":2},{"damage":0,"enemies":"Spire Growth","floor":48,"turns":2},{"damage":46,"enemies":"Awakened One","floor":50,"turns":4}],"seed_played":"-6131357726585190056","potions_obtained":[{"floor":1,"key":"BlessingOfTheForge"},{"floor":14,"key":"Weak Potion"},{"floor":16,"key":"BloodPotion"},{"floor":18,"key":"CultistPotion"},{"floor":22,"key":"Energy Potion"},{"floor":33,"key":"DuplicationPotion"},{"floor":39,"key":"GamblersBrew"}],"is_trial":false,"path_per_floor":["M","M","M","?","$","E","R","?","T","$","M","T","R","M","R","B",null,"M","M","?","$","M","R","M","?","T","E","R","E","M","$","R","B",null,"M","M","M","$","M","?","R","?","T","R","?","?","E","M","R","B",null],"character_chosen":"IRONCLAD","items_purchased":["Flex","Omamori","Brimstone","AttackPotion"],"campfire_rested":0,"item_purchase_floors":[5,5,21,31],"current_hp_per_floor":[77,65,61,49,49,50,50,50,50,50,56,56,56,52,52,32,82,71,74,57,57,65,65,71,71,71,48,48,24,32,32,32,24,99,98,101,101,101,101,101,101,100,100,100,102,104,106,108,108,68],"gold":505,"neow_bonus":"TWO_FIFTY_GOLD","is_daily":false,"chose_seed":false,"campfire_upgraded":6,"win_rate":0.0,"timestamp":1609651899,"path_taken":["M","M","M","?","$","E","R","?","T","?","M","?","R","M","R","BOSS","M","M","?","$","M","R","M","?","T","E","R","E","M","$","R","BOSS","M","M","?","$","M","?","R","?","T","R","?","?","E","M","R","BOSS"],"items_purchased_type":["Card","Relic","Relic","Potion"],"build_version":"2020-12-22","purchased_purges":4,"victory":true,"max_hp_per_floor":[80,80,80,80,80,80,80,80,80,80,80,80,80,82,82,82,82,84,86,91,91,93,93,95,95,95,95,95,97,99,99,99,99,99,99,101,103,103,105,105,105,100,100,100,102,104,106,108,108,108],"relic_stats":{"Dream Catcher":0,"Nunchaku":[1],"Busted Crown":16,"Singing Bowl":28,"Gremlin Horn":[5,5],"counters":[24,66],"Mummified Hand":[6],"Pen Nib":[5],"Turnip":[0],"obtain_stats":[{"Girya":9,"Singing Bowl":12,"Gremlin Horn":43,"Velvet Choker":17,"Thread and Needle":4,"Pen Nib":29,"Omamori":5,"Burning Blood":0,"Old Coin":46,"Du-Vu Doll":26,"Dream Catcher":6,"Nunchaku":47,"Busted Crown":34,"Brimstone":21,"Mummified Hand":27,"Turnip":45},{"Girya":4,"Singing Bowl":5,"Gremlin Horn":19,"Velvet Choker":7,"Thread and Needle":3,"Pen Nib":13,"Omamori":3,"Burning Blood":0,"Old Coin":21,"Du-Vu Doll":11,"Dream Catcher":4,"Nunchaku":22,"Busted Crown":15,"Brimstone":9,"Mummified Hand":12,"Turnip":20},{"Girya":12,"Singing Bowl":14,"Gremlin Horn":55,"Velvet Choker":24,"Thread and Needle":8,"Pen Nib":41,"Omamori":8,"Burning Blood":0,"Old Coin":58,"Du-Vu Doll":35,"Dream Catcher":12,"Nunchaku":60,"Busted Crown":46,"Brimstone":30,"Mummified Hand":38,"Turnip":56}],"Burning Blood":115},"card_choices":[{"not_picked":["Havoc","Perfected Strike"],"picked":"Cleave","floor":1},{"not_picked":["Clothesline","Headbutt"],"picked":"Inflame","floor":2},{"not_picked":["Shockwave","Feed","Cleave"],"picked":"SKIP","floor":3},{"not_picked":["Thunderclap","Feel No Pain","Headbutt"],"picked":"SKIP","floor":6},{"not_picked":["Headbutt","Havoc","Clothesline"],"picked":"SKIP","floor":11},{"not_picked":["Sever Soul","True Grit","Headbutt"],"picked":"Singing Bowl","floor":14},{"not_picked":["Reaper","Juggernaut"],"picked":"Limit Break","floor":16},{"not_picked":["Iron Wave+1","Twin Strike","Armaments+1"],"picked":"Singing Bowl","floor":18},{"not_picked":["Body Slam","Second Wind","Inflame"],"picked":"Singing Bowl","floor":19},{"not_picked":["Sword Boomerang+1","Clothesline","Clash"],"picked":"Singing Bowl","floor":22},{"not_picked":["Spot Weakness","Body Slam+1","Wild Strike"],"picked":"Singing Bowl","floor":24},{"not_picked":["Barricade","Inflame+1"],"picked":"Whirlwind","floor":27},{"not_picked":["Burning Pact+1","Rage","Pommel Strike"],"picked":"Singing Bowl","floor":29},{"not_picked":["Shrug It Off+1","Dark Embrace","Pommel Strike"],"picked":"Singing Bowl","floor":30},{"not_picked":["Immolate","Fiend Fire"],"picked":"Limit Break","floor":33},{"not_picked":[],"picked":"Sword Boomerang+1","floor":35},{"not_picked":["Iron Wave"],"picked":"Singing Bowl","floor":36},{"not_picked":["Armaments+1"],"picked":"Singing Bowl","floor":37},{"not_picked":["Cleave"],"picked":"Singing Bowl","floor":39},{"not_picked":["Barricade"],"picked":"Singing Bowl","floor":45},{"not_picked":["Uppercut+1"],"picked":"Singing Bowl","floor":46},{"not_picked":["Anger+1"],"picked":"Singing Bowl","floor":47},{"not_picked":["Thunderclap+1"],"picked":"Singing Bowl","floor":48}],"player_experience":292580,"relics_obtained":[{"floor":6,"key":"Dream Catcher"},{"floor":9,"key":"Girya"},{"floor":12,"key":"Singing Bowl"},{"floor":26,"key":"Du-Vu Doll"},{"floor":27,"key":"Mummified Hand"},{"floor":29,"key":"Pen Nib"},{"floor":43,"key":"Gremlin Horn"},{"floor":45,"key":"Turnip"},{"floor":46,"key":"Old Coin"},{"floor":47,"key":"Nunchaku"}],"event_choices":[{"damage_healed":0,"gold_gain":0,"player_choice":"Success","damage_taken":12,"relics_obtained":["Thread and Needle"],"max_hp_gain":0,"max_hp_loss":0,"event_name":"Scrap Ooze","floor":4,"gold_loss":0},{"cards_removed":["Defend_R"],"damage_healed":0,"gold_gain":0,"player_choice":"Card Removal","damage_taken":0,"max_hp_gain":0,"max_hp_loss":0,"event_name":"The Cleric","floor":8,"gold_loss":50},{"damage_healed":0,"gold_gain":0,"player_choice":"Shed Blood","damage_taken":22,"max_hp_gain":5,"max_hp_loss":0,"event_name":"Forgotten Altar","floor":20,"gold_loss":0},{"damage_healed":0,"gold_gain":100,"player_choice":"Pray","damage_taken":0,"max_hp_gain":0,"max_hp_loss":0,"event_name":"Golden Shrine","floor":25,"gold_loss":0},{"cards_removed":["Inflame"],"damage_healed":0,"gold_gain":0,"player_choice":"Removed Power","damage_taken":0,"max_hp_gain":0,"max_hp_loss":0,"event_name":"Falling","floor":40,"gold_loss":0},{"damage_healed":0,"gold_gain":0,"player_choice":"Max HP","damage_taken":0,"max_hp_gain":0,"max_hp_loss":5,"event_name":"Winding Halls","floor":42,"gold_loss":0},{"damage_healed":0,"gold_gain":0,"player_choice":"Fight","damage_taken":0,"max_hp_gain":0,"max_hp_loss":0,"event_name":"Mysterious Sphere","floor":45,"gold_loss":0},{"damage_healed":0,"gold_gain":0,"player_choice":"Fight","damage_taken":0,"max_hp_gain":0,"max_hp_loss":0,"event_name":"MindBloom","floor":46,"gold_loss":0}],"is_beta":false,"boss_relics":[{"not_picked":["Ectoplasm","Calling Bell"],"picked":"Velvet Choker"},{"not_picked":["Tiny House","Coffee Dripper"],"picked":"Busted Crown"}],"items_purged_floors":[5,10,31,38],"is_endless":false,"potions_floor_spawned":[1,14,16,18,22,33,36,37,39,46,47],"ascension_level":0}}