{"host":"kh6fvhxn285ncg0o","time":1609662881,"event":{"mods":["Act Like it!","BaseMod","Colored Map","Friendly Minions","Keyboard Shortcuts","Minty Spire (QoL Compilation)","Quick Restart","Relic Stats","StSLib","SuperFastMode"],"gold_per_floor":[116,116,391,163,178,178,211,211,238,253,270,280,280,280,280,352,352,364,378,293,313,363,363,398,418,418,418,93,125,225,237,237,314,314,327,198,198,209,223,258,258,292,292,317,317,254,285,301,301,301,301,301,301,27,60,60],"floor_reached":57,"playtime":1682,"items_purged":["Regret","Anger+1","Blood for Blood+1"],"score":3416,"play_id":"ff7c06ad-aef7-4495-9635-8f248fb3d4e4","local_time":"20210103173441","is_ascension_mode":true,"campfire_choices":[{"data":"Bash","floor":6.0,"key":"SMITH"},{"data":"Dropkick","floor":8.0,"key":"SMITH"},{"data":"Body Slam","floor":13.0,"key":"SMITH"},{"data":"Evolve","floor":15.0,"key":"SMITH"},{"data":"Corruption","floor":23.0,"key":"SMITH"},{"floor":27.0,"key":"REST"},{"data":"Dark Embrace","floor":32.0,"key":"SMITH"},{"data":"Barricade","floor":41.0,"key":"SMITH"},{"floor":49.0,"key":"RECALL"},{"data":"Impervious","floor":53.0,"key":"SMITH"}],"circlet_count":0,"master_deck":["AscendersBane","Bash+1","Shockwave","Battle Trance","Evolve+1","Dropkick+1","Berserk","Body Slam+1","Barricade+1","Spot Weakness","Pommel Strike+1","Corruption+1","Exhume","Berserk","Shrug It Off","Shrug It Off","Shrug It Off","Dark Embrace+1","Impervious+1","Juggernaut+1","Impervious","Shrug It Off","Shrug It Off"],"relics":["Burning Blood","NeowsBlessing","Mummified Hand","Pandora\u0027s Box","Pocketwatch","Akabeko","Girya","Membership Card","Bottled Tornado","MealTicket","Torii","InkBottle","Mercury Hourglass","Astrolabe","DollysMirror","Happy Flower","Lantern","Frozen Egg 2","Darkstone Periapt","Omamori","Turnip","Centennial Puzzle","Bronze Scales"],"acts_visited":["Exordium","TheCity","TheBeyond","TheEnding"],"potions_floor_usage":[56,56],"damage_taken":[{"damage":0.0,"enemies":"Small Slimes","floor":1.0,"turns":1.0},{"damage":0.0,"enemies":"2 Louse","floor":5.0,"turns":1.0},{"damage":0.0,"enemies":"Lagavulin","floor":7.0,"turns":1.0},{"damage":0.0,"enemies":"Cultist","floor":10.0,"turns":3.0},{"damage":26.0,"enemies":"Large Slime","floor":11.0,"turns":6.0},{"damage":19.0,"enemies":"Red Slaver","floor":12.0,"turns":5.0},{"damage":0.0,"enemies":"Slime Boss","floor":16.0,"turns":6.0},{"damage":0.0,"enemies":"Chosen","floor":18.0,"turns":3.0},{"damage":12.0,"enemies":"Spheric Guardian","floor":19.0,"turns":3.0},{"damage":0.0,"enemies":"3 Cultists","floor":21.0,"turns":3.0},{"damage":49.0,"enemies":"Book of Stabbing","floor":24.0,"turns":4.0},{"damage":9.0,"enemies":"Snake Plant","floor":25.0,"turns":3.0},{"damage":5.0,"enemies":"Gremlin Leader","floor":29.0,"turns":3.0},{"damage":0.0,"enemies":"Colosseum Slavers","floor":30.0,"turns":1.0},{"damage":0.0,"enemies":"Colosseum Nobs","floor":30.0,"turns":2.0},{"damage":1.0,"enemies":"Cultist and Chosen","floor":31.0,"turns":3.0},{"damage":0.0,"enemies":"Automaton","floor":33.0,"turns":3.0},{"damage":0.0,"enemies":"Orb Walker","floor":35.0,"turns":2.0},{"damage":1.0,"enemies":"3 Shapes","floor":38.0,"turns":2.0},{"damage":10.0,"enemies":"3 Darklings","floor":39.0,"turns":2.0},{"damage":0.0,"enemies":"Giant Head","floor":40.0,"turns":3.0},{"damage":0.0,"enemies":"Reptomancer","floor":42.0,"turns":4.0},{"damage":0.0,"enemies":"Nemesis","floor":44.0,"turns":3.0},{"damage":0.0,"enemies":"Giant Head","floor":47.0,"turns":2.0},{"damage":0.0,"enemies":"Maw","floor":48.0,"turns":2.0},{"damage":22.0,"enemies":"Donu and Deca","floor":50.0,"turns":4.0},{"damage":14.0,"enemies":"Awakened One","floor":51.0,"turns":7.0},{"damage":0.0,"enemies":"Shield and Spear","floor":55.0,"turns":2.0},{"damage":6,"enemies":"The Heart","floor":56,"turns":5}],"seed_played":"1998986171257897202","potions_obtained":[{"floor":5.0,"key":"SteroidPotion"},{"floor":12.0,"key":"EntropicBrew"},{"floor":19.0,"key":"LiquidBronze"},{"floor":24.0,"key":"ElixirPotion"},{"floor":29.0,"key":"AttackPotion"},{"floor":33.0,"key":"CultistPotion"},{"floor":35.0,"key":"Explosive Potion"},{"floor":44.0,"key":"Weak Potion"}],"is_trial":false,"path_per_floor":["M","?","?","$","M","R","E","R","T","M","M","M","R","?","R","B",null,"M","M","?","M","?","R","E","M","T","R","$","E","?","M","R","B",null,"M","$","?","M","M","E","R","E","T","E","?","$","E","M","R","B","B",null,"R","$","E","B",null],"character_chosen":"IRONCLAD","items_purchased":["Battle Trance","Evolve","Membership Card","Dark Embrace","Bottled Tornado","DollysMirror","Turnip","Centennial Puzzle","Swift Potion"],"campfire_rested":1,"item_purchase_floors":[4,4,28,28,28,36,54,54,54],"current_hp_per_floor":[74,74,74,74,75,75,75,75,75,75,55,42,42,42,42,48,68,74,68,68,74,74,74,31,28,28,50,50,51,63,68,68,74,75,75,75,75,75,71,75,75,75,75,75,75,75,75,75,75,59,51,69,69,75,75,75],"gold":60,"neow_bonus":"THREE_ENEMY_KILL","is_daily":false,"chose_seed":false,"campfire_upgraded":8,"win_rate":0.0,"timestamp":1609662881,"path_taken":["M","?","?","$","?","R","E","R","T","M","M","M","R","?","R","BOSS","M","M","?","M","?","R","E","M","T","R","?","E","?","?","R","BOSS","M","$","?","M","?","E","R","E","T","E","?","$","E","M","R","BOSS","BOSS","R","$","E","BOSS"],"items_purchased_type":["Card","Card","Relic","Card","Relic","Relic","Relic","Relic","Potion"],"build_version":"2020-12-22","purchased_purges":3,"victory":true,"max_hp_per_floor":[75,75,75,75,75,75,75,75,75,75,75,75,75,75,75,75,75,75,75,75,75,75,75,75,75,75,75,75,75,75,75,75,75,75,75,75,75,75,75,75,75,75,75,75,75,75,75,75,75,75,75,75,75,75,75,75],"relic_stats":{"Darkstone Periapt":0,"Torii":4,"Happy Flower":[9],"counters":[29,89],"Astrolabe":["Juggernaut","Blood for Blood","Anger"],"Burning Blood":114,"Mercury Hourglass":[214],"Centennial Puzzle":[3],"Mummified Hand":[181],"Bronze Scales":[48],"Pandora\u0027s Box":["Spot Weakness","Pommel Strike","Whirlwind","Flex","Corruption","Exhume","Heavy Blade","Berserk"],"MealTicket":6,"Turnip":[2],"obtain_stats":[{"Darkstone Periapt":44,"Girya":26,"Lantern":42,"NeowsBlessing":0,"Torii":30,"Happy Flower":40,"Astrolabe":34,"Omamori":47,"Bottled Tornado":28,"Frozen Egg 2":43,"Burning Blood":0,"Akabeko":24,"Mercury Hourglass":30,"Centennial Puzzle":54,"Mummified Hand":7,"DollysMirror":36,"Bronze Scales":55,"Pandora\u0027s Box":17,"MealTicket":29,"Turnip":54,"Membership Card":28,"InkBottle":30,"Pocketwatch":20},{"Darkstone Periapt":23,"Girya":12,"Lantern":22,"NeowsBlessing":0,"Torii":15,"Happy Flower":21,"Astrolabe":17,"Omamori":24,"Bottled Tornado":12,"Frozen Egg 2":22,"Burning Blood":0,"Akabeko":11,"Mercury Hourglass":15,"Centennial Puzzle":27,"Mummified Hand":3,"DollysMirror":18,"Bronze Scales":28,"Pandora\u0027s Box":7,"MealTicket":13,"Turnip":27,"Membership Card":12,"InkBottle":15,"Pocketwatch":9},{"Darkstone Periapt":67,"Girya":39,"Lantern":64,"NeowsBlessing":0,"Torii":45,"Happy Flower":60,"Astrolabe":51,"Omamori":69,"Bottled Tornado":39,"Frozen Egg 2":64,"Burning Blood":0,"Akabeko":36,"Mercury Hourglass":45,"Centennial Puzzle":82,"Mummified Hand":3,"DollysMirror":53,"Bronze Scales":84,"Pandora\u0027s Box":23,"MealTicket":42,"Turnip":82,"Membership Card":39,"InkBottle":45,"Pocketwatch":29}],"InkBottle":[27],"Pocketwatch":[51]},"card_choices":[{"not_picked":["Anger","Sword Boomerang"],"picked":"Shockwave","floor":1.0},{"not_picked":["Cleave","Pommel Strike"],"picked":"Dropkick","floor":5.0},{"not_picked":["Pommel Strike","True Grit","Clash"],"picked":"SKIP","floor":7.0},{"not_picked":["Body Slam","Perfected Strike"],"picked":"Berserk","floor":10.0},{"not_picked":["Flex","True Grit","Entrench"],"picked":"SKIP","floor":11.0},{"not_picked":["True Grit","Flex"],"picked":"Body Slam","floor":12.0},{"not_picked":["Exhume","Impervious"],"picked":"Barricade","floor":16.0},{"not_picked":["Headbutt","Wild Strike"],"picked":"Shrug It Off","floor":18.0},{"not_picked":["Heavy Blade","Clothesline","Perfected Strike"],"picked":"SKIP","floor":19.0},{"not_picked":["Armaments","Cleave","Headbutt"],"picked":"SKIP","floor":21.0},{"not_picked":["Metallicize","Wild Strike+1"],"picked":"Shrug It Off","floor":24.0},{"not_picked":["Flame Barrier","Flex"],"picked":"Shrug It Off","floor":25.0},{"not_picked":["Sword Boomerang","Warcry","Clothesline"],"picked":"SKIP","floor":29.0},{"not_picked":["Pommel Strike","Cleave","Sword Boomerang"],"picked":"SKIP","floor":31.0},{"not_picked":["Brutality","Demon Form"],"picked":"Impervious","floor":33.0},{"not_picked":["Flex","Armaments","Clash"],"picked":"SKIP","floor":35.0},{"not_picked":["Wild Strike","Perfected Strike"],"picked":"Shrug It Off","floor":38.0},{"not_picked":["Clash","Twin Strike","Infernal Blade+1"],"picked":"SKIP","floor":39.0},{"not_picked":["Headbutt","Armaments+1"],"picked":"Shrug It Off","floor":40.0},{"not_picked":["Pommel Strike","Dark Embrace","Flex"],"picked":"SKIP","floor":42.0},{"not_picked":["Bludgeon","Flex","Whirlwind+1"],"picked":"SKIP","floor":44.0},{"not_picked":["Anger","Juggernaut+1","Rupture+1"],"picked":"SKIP","floor":47.0},{"not_picked":["Pommel Strike","Havoc","Combust+1"],"picked":"SKIP","floor":48.0},{"not_picked":["Pummel+1","Clothesline","Corruption+1"],"picked":"SKIP","floor":55.0}],"player_experience":3352642,"relics_obtained":[{"floor":7.0,"key":"Mummified Hand"},{"floor":24.0,"key":"Akabeko"},{"floor":26.0,"key":"Girya"},{"floor":29.0,"key":"MealTicket"},{"floor":30.0,"key":"Torii"},{"floor":30.0,"key":"InkBottle"},{"floor":30.0,"key":"Mercury Hourglass"},{"floor":40.0,"key":"Happy Flower"},{"floor":42.0,"key":"Lantern"},{"floor":43.0,"key":"Frozen Egg 2"},{"floor":44.0,"key":"Darkstone Periapt"},{"floor":47.0,"key":"Omamori"},{"floor":55.0,"key":"Bronze Scales"}],"event_choices":[{"cards_removed":["Strike_R"],"damage_healed":0.0,"max_hp_gain":0.0,"max_hp_loss":0.0,"gold_gain":0.0,"event_name":"Living Wall","player_choice":"Forget","floor":2.0,"gold_loss":0.0,"damage_taken":0.0},{"damage_healed":0.0,"max_hp_gain":0.0,"max_hp_loss":0.0,"gold_gain":275.0,"event_name":"Golden Shrine","player_choice":"Desecrate","floor":3.0,"gold_loss":0.0,"damage_taken":0.0,"cards_obtained":["Regret"]},{"damage_healed":0.0,"max_hp_gain":0.0,"max_hp_loss":0.0,"gold_gain":0.0,"event_name":"Lab","player_choice":"Got Potions","floor":14.0,"gold_loss":0.0,"damage_taken":0.0},{"damage_healed":0.0,"max_hp_gain":0.0,"max_hp_loss":0.0,"gold_gain":0.0,"event_name":"Addict","player_choice":"Obtained Relic","floor":20.0,"gold_loss":85.0,"damage_taken":0.0,"relics_obtained":["Pocketwatch"]},{"damage_healed":0.0,"max_hp_gain":0.0,"max_hp_loss":0.0,"gold_gain":50.0,"event_name":"Nest","player_choice":"Stole From Cult","floor":22.0,"gold_loss":0.0,"damage_taken":0.0},{"damage_healed":0.0,"max_hp_gain":0.0,"max_hp_loss":0.0,"gold_gain":0.0,"event_name":"Colosseum","player_choice":"Fight","floor":30.0,"gold_loss":0.0,"damage_taken":0.0},{"damage_healed":0.0,"max_hp_gain":0.0,"max_hp_loss":0.0,"gold_gain":0.0,"event_name":"Colosseum","player_choice":"Fought Nobs","floor":30.0,"gold_loss":0.0,"damage_taken":0.0},{"damage_healed":0.0,"max_hp_gain":0.0,"max_hp_loss":0.0,"gold_gain":0.0,"event_name":"Upgrade Shrine","player_choice":"Upgraded","floor":37.0,"gold_loss":0.0,"damage_taken":0.0,"cards_upgraded":["Pommel Strike"]},{"damage_healed":0.0,"max_hp_gain":0.0,"max_hp_loss":0.0,"gold_gain":0.0,"event_name":"Tomb of Lord Red Mask","player_choice":"Ignored","floor":45.0,"gold_loss":0.0,"damage_taken":0.0}],"is_beta":false,"boss_relics":[{"not_picked":["Coffee Dripper","Calling Bell"],"picked":"Pandora\u0027s Box"},{"not_picked":["Black Star","Velvet Choker"],"picked":"Astrolabe"}],"items_purged_floors":[4,36,46],"is_endless":false,"potions_floor_spawned":[5,12,19,24,29,30,33,35,44,55],"ascension_level":20}}