{"host":"97k5lqmr6aaz1p9r","time":1609706291,"event":{"mods":["BaseMod","Colored Map","Downfall","Jorbs\u0027s Wanderer Trilogy","Minty Spire (QoL Compilation)","StSLib"],"gold_per_floor":[99,119,137,157,257,257,257,257],"floor_reached":6,"playtime":544,"items_purged":[],"score":38,"play_id":"f77b87a1-592b-4a66-9da7-50b083c93ab7","local_time":"20210103203811","is_ascension_mode":true,"campfire_choices":[{"data":"Slimebound:Split","floor":1,"key":"SMITH"}],"circlet_count":0,"master_deck":["Slimebound:Strike_Slimebound","Slimebound:Strike_Slimebound","Slimebound:Strike_Slimebound","Slimebound:Defend_Slimebound","Slimebound:Defend_Slimebound","Slimebound:Defend_Slimebound","Slimebound:Split+1","Slimebound:CorrosiveSpit","Slimebound:LeechEnergy","Slimebound:SplitLeeching","Slimebound:LeechingTouch+1","Slimebound:ComboTackle","Slimebound:GrowthPunch"],"relics":["Philosopher\u0027s Stone"],"acts_visited":["Exordium"],"potions_floor_usage":[],"damage_taken":[{"damage":10,"enemies":"Small Slimes","floor":2,"turns":3},{"damage":0,"enemies":"2 Louse","floor":3,"turns":2},{"damage":4,"enemies":"Cultist","floor":4,"turns":3},{"damage":51,"enemies":"downfall:Heads","floor":5,"turns":5},{"damage":24,"enemies":"Gremlin Nob","floor":6,"turns":2}],"seed_played":"-1818648229997845147","potions_obtained":[],"is_trial":false,"path_per_floor":["R","M","M","M","?","E"],"character_chosen":"SLIMEBOUND","items_purchased":[],"campfire_rested":0,"item_purchase_floors":[],"current_hp_per_floor":[60,58,58,58,23,0,0,0],"gold":257,"neow_bonus":"BOSS_RELIC","is_daily":false,"chose_seed":false,"campfire_upgraded":1,"win_rate":0.0,"timestamp":1609706291,"path_taken":["R","M","M","M","?","E"],"items_purchased_type":[],"build_version":"2020-12-22","purchased_purges":0,"victory":false,"max_hp_per_floor":[60,60,60,60,60,60,60,60],"card_choices":[{"not_picked":["Slimebound:SplitBruiser","Slimebound:FinishingTackle"],"picked":"Slimebound:LeechEnergy","floor":2},{"not_picked":["Slimebound:Schlurp","Slimebound:ComboTackle"],"picked":"Slimebound:SplitLeeching","floor":3},{"not_picked":["Slimebound:DivideAndConquer","Slimebound:SlimeBrawl"],"picked":"Slimebound:LeechingTouch","floor":4},{"not_picked":["Slimebound:LeechEnergy","Slimebound:ItLooksTasty"],"picked":"Slimebound:GrowthPunch","floor":5}],"player_experience":596641,"relics_obtained":[],"event_choices":[],"is_beta":false,"boss_relics":[],"items_purged_floors":[],"is_endless":false,"potions_floor_spawned":[],"killed_by":"Gremlin Nob","ascension_level":1}}