{"host":"qvl114e0jmbc6yhm","time":1609654132,"event":{"mods":["Act Like it!","BaseMod","Hermit","Highlight Path","Hubris","Jedi Mod","Marisa????????","Marked Mod","Minty Spire (QoL Compilation)","Permanent Neow","Random Character Button","Relic Sorter","Relic Stats","Replay The Spire","Shop Mod","Spicy Shops","StSLib","The Jungle","The Runesmith"],"gold_per_floor":[112,124,124,135,135,165,165,175,175,189,37,37,67,86,86,159,159,171,189,189,199,289,321,321,321,321],"floor_reached":25,"playtime":1194,"items_purged":["Turbo"],"score":481,"play_id":"8f84fa7c-a61f-4888-aca2-6b123a2cfb94","local_time":"20210103010852","is_ascension_mode":true,"campfire_choices":[{"floor":7,"key":"REST"},{"floor":12,"key":"REST"},{"floor":15,"key":"REST"},{"floor":24,"key":"REST"}],"circlet_count":0,"master_deck":["AscendersBane","Strike_B","Strike_B","Strike_B","Defend_B","Defend_B+1","Defend_B+1","Defend_B","Zap","Dualcast","CurseOfTheBell","Turbo","Conserve Battery","Ball Lightning","Compile Driver","Tempest","Echo Form","Go for the Eyes","hubris:Ukulele","Echo Form","Double Energy","Creative AI","Sweeping Beam"],"relics":["Calling Bell","hubris:Stopwatch","PreservedInsect","InkBottle","Dead Branch","Sundial","War Paint","Dream Catcher","hubris:CrystalStatue","Blue Doll"],"acts_visited":["Exordium","TheCity"],"potions_floor_usage":[10,13,23],"damage_taken":[{"damage":1,"enemies":"Small Slimes","floor":1,"turns":4},{"damage":1,"enemies":"Cultist","floor":2,"turns":4},{"damage":17,"enemies":"Jaw Worm","floor":4,"turns":7},{"damage":33,"enemies":"Lagavulin","floor":6,"turns":9},{"damage":1,"enemies":"Looter","floor":8,"turns":3},{"damage":10,"enemies":"Gremlin Gang","floor":10,"turns":5},{"damage":16,"enemies":"Gremlin Nob","floor":13,"turns":3},{"damage":10,"enemies":"Lots of Slimes","floor":14,"turns":3},{"damage":5,"enemies":"Fading Forest","floor":16,"turns":11},{"damage":1,"enemies":"Spheric Guardian","floor":18,"turns":5},{"damage":0,"enemies":"Chosen","floor":19,"turns":3},{"damage":4,"enemies":"Shelled Parasite and Fungi","floor":21,"turns":6},{"damage":51,"enemies":"Gremlin Leader","floor":23,"turns":6},{"damage":24,"enemies":"Sentry and Sphere","floor":25,"turns":4}],"seed_played":"-5045092897165094436","potions_obtained":[{"floor":4,"key":"Energy Potion"},{"floor":6,"key":"FearPotion"},{"floor":10,"key":"Fire Potion"},{"floor":13,"key":"Regen Potion"}],"is_trial":false,"path_per_floor":["M","M","?","M","?","E","R","M","T","M","$","R","E","M","R","B",null,"M","M","?","M","?","E","R","M"],"character_chosen":"DEFECT","items_purchased":["Dream Catcher"],"campfire_rested":4,"item_purchase_floors":[11],"current_hp_per_floor":[63,62,62,45,45,12,33,32,32,22,22,43,27,17,38,51,66,65,65,65,61,49,3,24,0,0],"gold":321,"neow_bonus":"BOSS_RELIC","is_daily":false,"chose_seed":false,"campfire_upgraded":0,"win_rate":0.0,"timestamp":1609654132,"path_taken":["M","M","?","?","?","E","R","M","T","M","$","R","E","M","R","BOSS","M","M","?","M","?","E","R","?"],"items_purchased_type":["Relic"],"build_version":"2020-12-22","purchased_purges":1,"victory":false,"max_hp_per_floor":[71,71,71,71,71,71,71,71,71,71,71,71,71,71,71,71,71,71,71,71,71,71,71,71,71,71],"relic_stats":{"Dream Catcher":3,"counters":[14,73],"Sundial":[6],"Dead Branch":[40],"PreservedInsect":100,"War Paint":["Defend_B","Defend_B"],"obtain_stats":[{"Calling Bell":0,"Dream Catcher":11,"hubris:CrystalStatue":13,"Sundial":6,"Dead Branch":0,"hubris:Stopwatch":17,"Blue Doll":23,"PreservedInsect":0,"War Paint":9,"Cracked Core":0,"InkBottle":0},{"Calling Bell":0,"Dream Catcher":6,"hubris:CrystalStatue":7,"Sundial":4,"Dead Branch":0,"hubris:Stopwatch":9,"Blue Doll":13,"PreservedInsect":0,"War Paint":5,"Cracked Core":0,"InkBottle":0},{"Calling Bell":0,"Dream Catcher":32,"hubris:CrystalStatue":35,"Sundial":24,"Dead Branch":0,"hubris:Stopwatch":49,"Blue Doll":69,"PreservedInsect":0,"War Paint":27,"Cracked Core":0,"InkBottle":0}],"InkBottle":[27]},"card_choices":[{"not_picked":["Redo","jedi:BurstFrost"],"picked":"Turbo","floor":1},{"not_picked":["Static Discharge","jedi:blockon"],"picked":"Conserve Battery","floor":2},{"not_picked":["Leap","Stack","BasicCrystalCard"],"picked":"SKIP","floor":4},{"not_picked":["Redo","Streamline"],"picked":"Ball Lightning","floor":6},{"not_picked":["Gash","Rebound"],"picked":"Compile Driver","floor":8},{"not_picked":["Leap","jedi:BurstFrost","Heatsinks"],"picked":"SKIP","floor":10},{"not_picked":["ReplayTheSpireMod:System Scan","Gash"],"picked":"Tempest","floor":12},{"not_picked":["Beam Cell","Fusion"],"picked":"Echo Form","floor":13},{"not_picked":["Conserve Battery","Beam Cell"],"picked":"Go for the Eyes","floor":14},{"not_picked":["Rip and Tear","Aggregate"],"picked":"hubris:Ukulele","floor":15},{"not_picked":["Seek","Rainbow"],"picked":"Echo Form","floor":16},{"not_picked":["Tempest+1","jedi:BurstFrost","ReplayTheSpireMod:Repulse"],"picked":"SKIP","floor":18},{"not_picked":["jedi:blockon","ReplayTheSpireMod:Repulse"],"picked":"Double Energy","floor":19},{"not_picked":["Redo","Sunder","jedi:BurstFrost"],"picked":"SKIP","floor":21},{"not_picked":["BasicCrystalCard","Gash+1"],"picked":"Creative AI","floor":23},{"not_picked":["Ball Lightning","jedi:blockon"],"picked":"Sweeping Beam","floor":24}],"player_experience":2410349,"relics_obtained":[{"floor":0,"key":"PreservedInsect"},{"floor":0,"key":"InkBottle"},{"floor":0,"key":"Dead Branch"},{"floor":6,"key":"Sundial"},{"floor":9,"key":"War Paint"},{"floor":13,"key":"hubris:CrystalStatue"},{"floor":23,"key":"Blue Doll"}],"event_choices":[{"damage_healed":0,"gold_gain":0,"cards_transformed":["Strike_B"],"player_choice":"Transformed","damage_taken":0,"max_hp_gain":0,"max_hp_loss":0,"event_name":"Transmorgrifier","floor":3,"gold_loss":0,"cards_obtained":["Turbo"]},{"damage_healed":0,"gold_gain":0,"player_choice":"Ignored","damage_taken":0,"max_hp_gain":0,"max_hp_loss":0,"event_name":"Liars Game","floor":5,"gold_loss":0},{"damage_healed":0,"gold_gain":90,"player_choice":"GOLD ","damage_taken":12,"max_hp_gain":0,"max_hp_loss":0,"event_name":"Knowing Skull","floor":22,"potions_obtained":[],"gold_loss":0,"cards_obtained":[]}],"is_beta":false,"boss_relics":[{"not_picked":["jedi:battlestandard","Coffee Dripper"],"picked":"hubris:Stopwatch"}],"items_purged_floors":[11],"is_endless":false,"potions_floor_spawned":[4,6,10,13,18,19],"killed_by":"Sentry and Sphere","ascension_level":14}}