{"host":"dj5tg9a1cc241eiq","time":1609692261,"event":{"mods":["AchievementEnabler","BaseMod","Minty Spire (QoL Compilation)","StSLib","Uncapped"],"gold_per_floor":[115,133,133,133,146,146,174,186,198,244,266,453,476,502,514,627,639,663,29,29,29,42,42,68,80,107,107,119,119,134,134,134,230,230,249,35,86,99,115,115,115],"floor_reached":40,"playtime":2996,"items_purged":["Regret"],"score":418,"play_id":"59103a94-c5d9-4f00-8273-d6446306ca87","local_time":"20210103164421","is_ascension_mode":false,"campfire_choices":[{"data":"Flame Barrier","floor":6,"key":"SMITH"},{"floor":8,"key":"REST"},{"floor":15,"key":"REST"},{"floor":23,"key":"REST"},{"floor":27,"key":"REST"},{"floor":32,"key":"REST"}],"circlet_count":0,"master_deck":["Strike_R+1","Strike_R+1","Strike_R+1","Strike_R+1","Strike_R+1","Defend_R+1","Defend_R+1","Defend_R+1","Defend_R+1","Bash","Flame Barrier+1","Flex","Juggernaut","Sword Boomerang","Anger","True Grit","Doubt","Armaments","Double Tap","Feed","Power Through+1","Finesse+1","RitualDagger","Sword Boomerang+1","Clash","Pummel+1","Twin Strike","Metallicize+1","Double Tap+1","Armaments+1","Flex+1","Combust+1","Anger+1","Twin Strike"],"relics":["Burning Blood","Pen Nib","MawBank","Gremlin Horn","Letter Opener","Mark of Pain","Toxic Egg 2","Bag of Preparation","ClockworkSouvenir","Darkstone Periapt","Lantern","MutagenicStrength","Runic Pyramid","Membership Card","Incense Burner"],"acts_visited":["Exordium","TheCity","TheBeyond"],"potions_floor_usage":[16,16,33,33,33,33,33,33],"damage_taken":[{"damage":6,"enemies":"Jaw Worm","floor":1,"turns":5},{"damage":0,"enemies":"2 Louse","floor":2,"turns":3},{"damage":12,"enemies":"Small Slimes","floor":5,"turns":3},{"damage":31,"enemies":"Lagavulin","floor":7,"turns":7},{"damage":21,"enemies":"Gremlin Nob","floor":10,"turns":5},{"damage":11,"enemies":"3 Louse","floor":11,"turns":4},{"damage":0,"enemies":"2 Fungi Beasts","floor":13,"turns":2},{"damage":6,"enemies":"Lots of Slimes","floor":14,"turns":3},{"damage":50,"enemies":"The Guardian","floor":16,"turns":13},{"damage":18,"enemies":"Shell Parasite","floor":18,"turns":8},{"damage":35,"enemies":"3 Byrds","floor":22,"turns":5},{"damage":49,"enemies":"Book of Stabbing","floor":24,"turns":6},{"damage":3,"enemies":"Snecko","floor":25,"turns":4},{"damage":30,"enemies":"Chosen and Byrds","floor":28,"turns":5},{"damage":11,"enemies":"Shelled Parasite and Fungi","floor":30,"turns":6},{"damage":57,"enemies":"Champ","floor":33,"turns":9},{"damage":3,"enemies":"3 Shapes","floor":35,"turns":3},{"damage":19,"enemies":"2 Orb Walkers","floor":37,"turns":4},{"damage":0,"enemies":"Orb Walker","floor":38,"turns":3},{"damage":40,"enemies":"Maw","floor":39,"turns":6},{"damage":58,"enemies":"Reptomancer","floor":40,"turns":2}],"seed_played":"-1870342827562733295","potions_obtained":[{"floor":1,"key":"Block Potion"},{"floor":7,"key":"BloodPotion"},{"floor":13,"key":"EssenceOfSteel"},{"floor":16,"key":"SteroidPotion"},{"floor":24,"key":"EntropicBrew"},{"floor":25,"key":"LiquidBronze"},{"floor":37,"key":"Swift Potion"},{"floor":39,"key":"Fire Potion"}],"is_trial":false,"path_per_floor":["M","M","?","?","M","R","E","R","T","E","M","?","M","M","R","B",null,"M","$","?","?","M","R","E","M","T","R","M","?","M","?","R","B",null,"M","$","?","M","M","E"],"character_chosen":"IRONCLAD","items_purchased":["Toxic Egg 2","Bag of Preparation","ClockworkSouvenir","Finesse+1","Membership Card","Flex+1"],"campfire_rested":5,"item_purchase_floors":[19,19,19,19,36,36],"current_hp_per_floor":[88,88,88,88,82,82,57,83,83,68,63,63,69,69,88,44,88,76,76,76,70,41,67,24,27,27,53,29,26,21,21,47,13,88,88,88,78,84,50,0,0],"gold":115,"neow_bonus":"TEN_PERCENT_HP_BONUS","is_daily":false,"chose_seed":false,"campfire_upgraded":1,"win_rate":0.0,"timestamp":1609692261,"path_taken":["M","M","?","?","M","R","E","R","T","E","M","?","M","M","R","BOSS","M","$","?","?","M","R","E","M","T","R","M","?","?","?","R","BOSS","M","$","?","M","M","E"],"items_purchased_type":["Relic","Relic","Relic","Card","Relic","Card"],"build_version":"2020-12-22","purchased_purges":1,"victory":false,"max_hp_per_floor":[88,88,88,88,88,88,88,88,88,88,88,88,88,88,88,88,88,88,88,88,88,88,88,88,88,88,88,88,88,88,88,88,88,88,88,88,91,91,91,91,91],"card_choices":[{"not_picked":["Thunderclap","Anger"],"picked":"Flame Barrier","floor":1},{"not_picked":["Armaments","Pommel Strike"],"picked":"Flex","floor":2},{"not_picked":["Clothesline","Cleave"],"picked":"Juggernaut","floor":5},{"not_picked":["Second Wind","Cleave"],"picked":"Sword Boomerang","floor":7},{"not_picked":["Sever Soul","Pommel Strike"],"picked":"Anger","floor":10},{"not_picked":["Clothesline","Blood for Blood"],"picked":"True Grit","floor":11},{"not_picked":["Bloodletting","Shrug It Off"],"picked":"Armaments","floor":13},{"not_picked":["Headbutt","Anger"],"picked":"Double Tap","floor":14},{"not_picked":["Berserk","Double Tap"],"picked":"Feed","floor":16},{"not_picked":["Armaments","Flame Barrier"],"picked":"Power Through+1","floor":18},{"not_picked":["Thunderclap","Pommel Strike+1"],"picked":"Sword Boomerang+1","floor":22},{"not_picked":["Second Wind+1","Dark Embrace"],"picked":"Clash","floor":24},{"not_picked":["Hemokinesis","Warcry+1"],"picked":"Pummel+1","floor":25},{"not_picked":["Anger","Impervious+1"],"picked":"Twin Strike","floor":28},{"not_picked":["Body Slam+1","Perfected Strike"],"picked":"Metallicize+1","floor":30},{"not_picked":["Berserk","Brutality"],"picked":"Double Tap+1","floor":33},{"not_picked":["Perfected Strike+1","Uppercut+1"],"picked":"Armaments+1","floor":35},{"not_picked":["Thunderclap","Clothesline+1"],"picked":"Combust+1","floor":37},{"not_picked":["Armaments+1","Twin Strike"],"picked":"Anger+1","floor":38},{"not_picked":["Hemokinesis","Armaments+1"],"picked":"Twin Strike","floor":39}],"player_experience":24,"relics_obtained":[{"floor":7,"key":"MawBank"},{"floor":9,"key":"Gremlin Horn"},{"floor":10,"key":"Letter Opener"},{"floor":24,"key":"Darkstone Periapt"},{"floor":26,"key":"Lantern"},{"floor":37,"key":"Incense Burner"}],"event_choices":[{"damage_healed":0,"gold_gain":0,"player_choice":"Ignored","damage_taken":0,"max_hp_gain":0,"max_hp_loss":0,"event_name":"Golden Wing","floor":3,"gold_loss":0},{"damage_healed":0,"gold_gain":0,"player_choice":"Box","damage_taken":0,"relics_obtained":["Pen Nib"],"max_hp_gain":0,"max_hp_loss":0,"event_name":"Big Fish","floor":4,"gold_loss":0,"cards_obtained":["Regret"]},{"damage_healed":0,"gold_gain":175,"player_choice":"AGREE","damage_taken":0,"max_hp_gain":0,"max_hp_loss":0,"event_name":"Liars Game","floor":12,"gold_loss":0,"cards_obtained":["Doubt"]},{"damage_healed":0,"gold_gain":0,"player_choice":"Simplicity","damage_taken":0,"max_hp_gain":0,"max_hp_loss":0,"event_name":"Back to Basics","floor":20,"gold_loss":0,"cards_upgraded":["Strike_R","Strike_R","Strike_R","Strike_R","Strike_R","Defend_R","Defend_R","Defend_R","Defend_R"]},{"damage_healed":0,"gold_gain":0,"player_choice":"Joined the Cult","damage_taken":6,"max_hp_gain":0,"max_hp_loss":0,"event_name":"Nest","floor":21,"gold_loss":0,"cards_obtained":["RitualDagger"]},{"damage_healed":0,"gold_gain":0,"player_choice":"Punched","damage_taken":3,"max_hp_gain":0,"max_hp_loss":0,"event_name":"Designer","floor":29,"gold_loss":0},{"damage_healed":0,"gold_gain":0,"player_choice":"Inject Mutagens","damage_taken":0,"relics_obtained":["MutagenicStrength"],"max_hp_gain":0,"max_hp_loss":0,"event_name":"Drug Dealer","floor":31,"gold_loss":0},{"damage_healed":0,"gold_gain":0,"player_choice":"Fight","damage_taken":0,"max_hp_gain":0,"max_hp_loss":0,"event_name":"Mysterious Sphere","floor":37,"gold_loss":0}],"is_beta":false,"boss_relics":[{"not_picked":["Philosopher\u0027s Stone","Snecko Eye"],"picked":"Mark of Pain"},{"not_picked":["Runic Dome","Sozu"],"picked":"Runic Pyramid"}],"items_purged_floors":[36],"is_endless":false,"potions_floor_spawned":[1,7,13,14,16,24,25,37,39],"killed_by":"Reptomancer","ascension_level":0}}