{"host":"yfdtuf6ojcxn06xg","time":1609645729,"event":{"mods":["2.2 Compatiblity","AchievementEnabler","BaseMod","Colored Map","Colored Powertips","Downfall","Hermit","JesterMod","Jorbs\u0027s Wanderer Trilogy","Minty Spire (QoL Compilation)","Quick Restart","Rare Cards Sparkle","Relic Stats","Replay The Spire","StSLib","The Cursed","The Disciple","The Hierophant","The Jungle","The Necromancer","The Servant 0.9.4"],"gold_per_floor":[111,111,36,36,63,63,104,142,167,167,182,6,71,108,108,104,104],"floor_reached":16,"playtime":701,"items_purged":["hierophant:Strike_Hierophant","hierophant:Strike_Hierophant"],"score":131,"play_id":"58c834f8-21cd-468d-b0b9-c266a8823cbb","local_time":"20210102224849","is_ascension_mode":false,"campfire_choices":[{"data":"hierophant:Endure","floor":6,"key":"SMITH"},{"data":"hierophant:DivineIntervention","floor":15,"key":"SMITH"}],"circlet_count":0,"master_deck":["hierophant:Strike_Hierophant","hierophant:Strike_Hierophant","hierophant:Punish","hierophant:Defend_Hierophant+1","hierophant:Defend_Hierophant","hierophant:Defend_Hierophant","hierophant:Defend_Hierophant","hierophant:ChurchCoffers+1","hierophant:Endure+1","hierophant:MorningPrayer","hierophant:RustyCrate","hierophant:Doubloon","hierophant:Doubloon","hierophant:DivineIntervention+1","hierophant:Community"],"relics":["hierophant:PropheticMaskRelic","NeowsBlessing","Golden Idol","War Paint","ReplayFunnel","Centennial Puzzle","Odd Mushroom","Dream Catcher","Torii"],"acts_visited":["Exordium"],"potions_floor_usage":[13,13],"damage_taken":[{"damage":0,"enemies":"Jaw Worm","floor":1,"turns":1},{"damage":0,"enemies":"Gremlin Nob","floor":7,"turns":1},{"damage":0,"enemies":"The Mushroom Lair","floor":8,"turns":2},{"damage":0,"enemies":"2 Louse","floor":11,"turns":2},{"damage":36,"enemies":"Lagavulin","floor":13,"turns":9},{"damage":0,"enemies":"Small Slimes","floor":14,"turns":3},{"damage":40,"enemies":"Hexaghost","floor":16,"turns":14}],"seed_played":"523720985887443573","potions_obtained":[{"floor":1,"key":"Fire Potion"},{"floor":8,"key":"ColorlessPotion"}],"is_trial":false,"path_per_floor":["M","?","$","?","T","R","E","?","T","?","M","$","E","M","R","B"],"character_chosen":"HIEROPHANT","items_purchased":["hierophant:DivineIntervention"],"campfire_rested":0,"item_purchase_floors":[12],"current_hp_per_floor":[75,69,69,66,66,66,66,66,66,69,69,69,33,33,33,0,0],"gold":104,"neow_bonus":"THREE_ENEMY_KILL","is_daily":false,"chose_seed":false,"campfire_upgraded":2,"win_rate":0.0,"timestamp":1609645729,"path_taken":["M","?","$","?","?","R","E","?","T","?","?","$","E","M","R","BOSS"],"items_purchased_type":["Card"],"build_version":"2020-12-22","purchased_purges":2,"victory":false,"max_hp_per_floor":[75,69,69,69,69,69,69,69,69,69,69,69,69,69,69,69,69],"relic_stats":{"Centennial Puzzle":[6],"Dream Catcher":0,"Torii":14,"counters":[7,32],"Golden Idol":30,"War Paint":["hierophant:ChurchCoffers","hierophant:Defend_Hierophant"],"obtain_stats":[{"ReplayFunnel":5,"Centennial Puzzle":7,"Dream Catcher":9,"NeowsBlessing":0,"Torii":13,"Golden Idol":2,"hierophant:PropheticMaskRelic":0,"War Paint":4,"Odd Mushroom":8},{"ReplayFunnel":1,"Centennial Puzzle":2,"Dream Catcher":3,"NeowsBlessing":0,"Torii":5,"Golden Idol":1,"hierophant:PropheticMaskRelic":0,"War Paint":1,"Odd Mushroom":3},{"ReplayFunnel":1,"Centennial Puzzle":2,"Dream Catcher":4,"NeowsBlessing":0,"Torii":15,"Golden Idol":1,"hierophant:PropheticMaskRelic":0,"War Paint":1,"Odd Mushroom":4}]},"card_choices":[{"not_picked":["hierophant:EyeForCoin","hierophant:AuricShield"],"picked":"hierophant:Endure","floor":1},{"not_picked":["hierophant:AuricForm","hierophant:Endure"],"picked":"hierophant:MorningPrayer","floor":7},{"not_picked":["hierophant:Refuge","hierophant:RepressedViolence"],"picked":"hierophant:FieryStrike","floor":8},{"not_picked":["hierophant:RepressedViolence","hierophant:Refuge"],"picked":"hierophant:RustyCrate","floor":11},{"not_picked":["hierophant:AuricBeam","hierophant:Patience"],"picked":"hierophant:Community","floor":13},{"not_picked":["hierophant:Community","hierophant:SealAway","hierophant:Bribe"],"picked":"SKIP","floor":14}],"player_experience":186426,"relics_obtained":[{"floor":5,"key":"ReplayFunnel"},{"floor":7,"key":"Centennial Puzzle"},{"floor":8,"key":"Odd Mushroom"},{"floor":9,"key":"Dream Catcher"},{"floor":13,"key":"Torii"}],"event_choices":[{"damage_healed":0,"gold_gain":0,"player_choice":"Lose Max HP","damage_taken":0,"relics_obtained":["Golden Idol"],"max_hp_gain":0,"max_hp_loss":6,"event_name":"Golden Idol","floor":2,"gold_loss":0},{"damage_healed":0,"gold_gain":0,"player_choice":"Success","damage_taken":3,"relics_obtained":["War Paint"],"max_hp_gain":0,"max_hp_loss":0,"event_name":"Scrap Ooze","floor":4,"gold_loss":0},{"damage_healed":0,"gold_gain":0,"player_choice":"Fought Mushrooms","damage_taken":0,"max_hp_gain":0,"max_hp_loss":0,"event_name":"Mushrooms","floor":8,"gold_loss":0},{"cards_removed":["hierophant:FieryStrike"],"damage_healed":5,"gold_gain":0,"player_choice":"Offered Common","damage_taken":0,"max_hp_gain":0,"max_hp_loss":0,"event_name":"Bonfire Elementals","floor":10,"gold_loss":0},{"cards_removed":["hierophant:FieryStrike"],"damage_healed":5,"gold_gain":0,"player_choice":"Offered Special","damage_taken":0,"max_hp_gain":0,"max_hp_loss":0,"event_name":"Bonfire Elementals","floor":10,"gold_loss":0}],"is_beta":false,"boss_relics":[],"items_purged_floors":[3,12],"is_endless":false,"potions_floor_spawned":[1,8],"killed_by":"Hexaghost","ascension_level":0}}