{"host":"126yiuos2nq86se7","time":1609646684,"event":{"mods":["AchievementEnabler","Act Like it!","BaseMod","Colored Map","Colored Powertips","Downfall","Friendly Minions","Halation","Highlight Path","Minty Spire (QoL Compilation)","StSLib","SuperFastMode","The Animator"],"gold_per_floor":[119,119,134,134,151,151,181,200,227,227,241,241,23,23,23,121,121,121],"floor_reached":17,"playtime":633,"items_purged":["Strike_B"],"score":163,"play_id":"7ad667a1-9cf7-42d0-bf2a-2957793806f1","local_time":"20210103150444","is_ascension_mode":true,"campfire_choices":[{"floor":6,"key":"REST"},{"data":"halation:MainDeck","floor":10,"key":"SMITH"},{"floor":15,"key":"REST"}],"circlet_count":0,"master_deck":["Strike_B","Strike_B","Defend_B","Defend_B","Defend_B","Defend_B","Zap+1","Dualcast","Compile Driver","Hello World","Reinforced Body+1","Compile Driver","Go for the Eyes","Compile Driver","Reboot"],"relics":["halation:SimulatedSpire","Nunchaku","Ancient Tea Set","War Paint","halation:PinkSoulGem","TheAbacus","Cursed Key"],"acts_visited":["Exordium","TheCity"],"potions_floor_usage":[7,7,16],"damage_taken":[{"damage":0,"enemies":"Small Slimes","floor":1,"turns":3},{"damage":0,"enemies":"2 Louse","floor":3,"turns":2},{"damage":8,"enemies":"Jaw Worm","floor":5,"turns":4},{"damage":24,"enemies":"Lagavulin","floor":7,"turns":5},{"damage":3,"enemies":"Looter","floor":8,"turns":5},{"damage":9,"enemies":"Red Slaver","floor":11,"turns":4},{"damage":1,"enemies":"Hexaghost","floor":16,"turns":13}],"seed_played":"4766705397528340029","potions_obtained":[{"floor":3,"key":"Guardian:BlockOnCardUsePotion"},{"floor":5,"key":"champ:CounterPotion"},{"floor":11,"key":"SkillPotion"}],"is_trial":false,"path_per_floor":["M","?","M","?","M","R","E","M","T","R","M","?","$","?","R","B",null],"character_chosen":"DEFECT","items_purchased":["TheAbacus"],"campfire_rested":2,"item_purchase_floors":[13],"current_hp_per_floor":[75,50,50,55,47,71,47,44,44,44,35,35,35,35,59,58,80,80],"gold":121,"neow_bonus":"SIMULATED_SPIRE","is_daily":false,"chose_seed":false,"campfire_upgraded":1,"win_rate":0.0,"timestamp":1609646684,"path_taken":["M","?","M","?","M","R","E","M","T","R","M","?","$","?","R","BOSS"],"items_purchased_type":["Relic"],"build_version":"2020-12-22","purchased_purges":1,"victory":false,"max_hp_per_floor":[75,75,75,80,80,80,80,80,80,80,80,80,80,80,80,80,80,80],"card_choices":[{"not_picked":["Streamline","Ball Lightning"],"picked":"Compile Driver","floor":1},{"not_picked":["Storm","Tempest"],"picked":"Hello World","floor":3},{"not_picked":["Melter","Rebound"],"picked":"Reinforced Body","floor":5},{"not_picked":["Gash","Rebound","Steam Power"],"picked":"SKIP","floor":5},{"not_picked":["Hologram","Turbo"],"picked":"Compile Driver","floor":7},{"not_picked":["Genetic Algorithm","Ball Lightning"],"picked":"Go for the Eyes","floor":8},{"not_picked":["Steam","Sweeping Beam","Stack"],"picked":"SKIP","floor":8},{"not_picked":["Chaos","Cold Snap"],"picked":"Compile Driver","floor":11},{"not_picked":["Amplify","Buffer"],"picked":"Reboot","floor":16}],"player_experience":1593871,"relics_obtained":[{"floor":7,"key":"Ancient Tea Set"},{"floor":9,"key":"War Paint"}],"event_choices":[{"damage_healed":0,"gold_gain":0,"player_choice":"Success","damage_taken":25,"relics_obtained":["Nunchaku"],"max_hp_gain":0,"max_hp_loss":0,"event_name":"Scrap Ooze","floor":2,"gold_loss":0},{"damage_healed":0,"gold_gain":0,"player_choice":"Donut","damage_taken":0,"max_hp_gain":5,"max_hp_loss":0,"event_name":"Big Fish","floor":4,"gold_loss":0},{"cards_removed":["Strike_B"],"damage_healed":0,"gold_gain":0,"player_choice":"Forget","damage_taken":0,"max_hp_gain":0,"max_hp_loss":0,"event_name":"Living Wall","floor":14,"gold_loss":0}],"is_beta":false,"boss_relics":[{"not_picked":["halation:HeavySnake","halation:SmartPhone"],"picked":"Cursed Key"}],"items_purged_floors":[13],"is_endless":false,"potions_floor_spawned":[3,5,11],"ascension_level":1}}