{"host":"r53pw7z744tg3fxg","time":1609708509,"event":{"mods":["AchievementEnabler","BaseMod","Colored Map","Colored Powertips","Highlight Path","Minty Spire (QoL Compilation)","Quick Restart","Transform Curses"],"gold_per_floor":[113,31,41,56,73,98,98,128,176,176,176],"floor_reached":10,"playtime":268,"items_purged":[],"score":121,"play_id":"ed9adf36-50f0-47ea-bde0-8e7ea444570d","local_time":"20210103141509","is_ascension_mode":true,"campfire_choices":[{"floor":7,"key":"REST"}],"circlet_count":0,"master_deck":["AscendersBane","Strike_P","Strike_P","Strike_P","Strike_P","Defend_P","Defend_P","Defend_P","Defend_P","Eruption+1","Vigilance","EmptyBody","WheelKick","Halt","BowlingBash","PathToVictory","DeceiveReality"],"relics":["PureWater","Pen Nib","Gremlin Horn","Dream Catcher"],"acts_visited":["Exordium"],"potions_floor_usage":[5,6],"damage_taken":[{"damage":0,"enemies":"Cultist","floor":1,"turns":2},{"damage":0,"enemies":"Small Slimes","floor":3,"turns":2},{"damage":4,"enemies":"2 Louse","floor":4,"turns":2},{"damage":7,"enemies":"Gremlin Gang","floor":5,"turns":3},{"damage":21,"enemies":"Gremlin Nob","floor":6,"turns":4},{"damage":20,"enemies":"Lagavulin","floor":8,"turns":6},{"damage":37,"enemies":"Gremlin Nob","floor":10,"turns":3}],"seed_played":"-1670247754134289478","potions_obtained":[{"floor":3,"key":"SteroidPotion"},{"floor":5,"key":"DuplicationPotion"}],"is_trial":false,"path_per_floor":["M","$","M","M","M","E","R","E","T","E"],"character_chosen":"WATCHER","items_purchased":["WheelKick"],"campfire_rested":1,"item_purchase_floors":[2],"current_hp_per_floor":[65,65,65,61,54,33,54,34,34,0,0],"gold":176,"neow_bonus":"UPGRADE_CARD","is_daily":false,"chose_seed":false,"campfire_upgraded":0,"win_rate":0.0,"timestamp":1609708509,"path_taken":["M","$","M","M","M","E","R","E","T","E"],"items_purchased_type":["Card"],"build_version":"2020-12-22","purchased_purges":0,"victory":false,"max_hp_per_floor":[72,72,72,72,72,72,72,72,72,72,72],"card_choices":[{"not_picked":["Sanctity","TalkToTheHand"],"picked":"EmptyBody","floor":1},{"not_picked":["Adaptation","Indignation"],"picked":"Halt","floor":3},{"not_picked":["Prostrate","CutThroughFate"],"picked":"BowlingBash","floor":4},{"not_picked":["FlyingSleeves","WindmillStrike"],"picked":"PathToVictory","floor":5},{"not_picked":["Pray","MentalFortress","Fasting2"],"picked":"SKIP","floor":6},{"not_picked":["Meditate","Collect"],"picked":"DeceiveReality","floor":8}],"player_experience":1185366,"relics_obtained":[{"floor":6,"key":"Pen Nib"},{"floor":8,"key":"Gremlin Horn"},{"floor":9,"key":"Dream Catcher"}],"event_choices":[],"is_beta":false,"boss_relics":[],"items_purged_floors":[],"is_endless":false,"potions_floor_spawned":[3,5],"killed_by":"Gremlin Nob","ascension_level":11}}