{"host":"56ghxnzsglgdq727","time":1609650994,"event":{"mods":["AchievementEnabler","BaseMod","Downfall","Minty Spire (QoL Compilation)","StSLib"],"gold_per_floor":[99,111,111,122,122,47,47,80,94,544,469,496,496,175,190,290,290,290,309,326,326,346,346,371,383,383,383],"floor_reached":26,"playtime":1018,"items_purged":["Slimebound:Icky"],"score":241,"play_id":"84c4d6fa-1bcf-4522-b7c4-771c6ec32f53","local_time":"20210103001634","is_ascension_mode":false,"campfire_choices":[{"floor":1,"key":"RECALL"},{"data":"sneckomod:Unknown","floor":6,"key":"SMITH"},{"data":"sneckomod:UnknownColorless","floor":11,"key":"SMITH"},{"floor":13,"key":"REST"},{"data":"sneckomod:MorePower","floor":18,"key":"SMITH"},{"floor":23,"key":"REST"}],"circlet_count":0,"master_deck":["sneckomod:Strike","sneckomod:Strike","sneckomod:Strike","sneckomod:Defend","sneckomod:Defend","sneckomod:Defend","sneckomod:TailWhip","sneckomod:SnekBite","sneckomod:Unknown+1","sneckomod:Unknown+1","sneckomod:UnknownWeak","sneckomod:UnknownCommonAttack","sneckomod:UnknownClassPURPLE","sneckomod:UnknownColorless+1","Slimebound:Icky","Slimebound:Icky","sneckomod:MorePower+1","sneckomod:UnknownVulnerable+1","sneckomod:Nope","sneckomod:UnknownClassGUARDIAN","sneckomod:Unknown2Cost+1","sneckomod:UnknownRareAttack","sneckomod:UnknownRarePower+1","sneckomod:UnknownColorless+1","sneckomod:Rotation","sneckomod:UnknownStrength+1","sneckomod:Unknown0Cost+1","sneckomod:UnknownRareAttack+1","sneckomod:UnknownEthereal+1"],"relics":["sneckomod:SneckoSoul","downfall:HeartBlessingRed","The Courier","Bottled Flame","downfall:HeartBlessingGreen","Bottled Lightning","Incense Burner","Black Star","Nilry\u0027s Codex"],"acts_visited":["Exordium","TheCity"],"potions_floor_usage":[8,8,14,22,22,25,25,25],"damage_taken":[{"damage":0,"enemies":"Cultist","floor":2,"turns":3},{"damage":0,"enemies":"Small Slimes","floor":4,"turns":3},{"damage":20,"enemies":"Lagavulin","floor":8,"turns":4},{"damage":8,"enemies":"Jaw Worm","floor":9,"turns":3},{"damage":28,"enemies":"Gremlin Nob","floor":12,"turns":4},{"damage":18,"enemies":"downfall:FleeingMerchant","floor":14,"turns":4},{"damage":6,"enemies":"Red Slaver","floor":15,"turns":3},{"damage":24,"enemies":"downfall:Watcher","floor":16,"turns":6},{"damage":11,"enemies":"Chosen","floor":19,"turns":6},{"damage":41,"enemies":"3 Byrds","floor":20,"turns":6},{"damage":38,"enemies":"Snake Plant","floor":22,"turns":6},{"damage":15,"enemies":"Snecko","floor":25,"turns":4},{"damage":35,"enemies":"Slavers","floor":26,"turns":3}],"seed_played":"8787386700219167285","potions_obtained":[{"floor":3,"key":"hexamod:EctoCoolerPotion"},{"floor":3,"key":"LiquidMemories"},{"floor":3,"key":"Energy Potion"},{"floor":9,"key":"Regen Potion"},{"floor":15,"key":"sneckomod:MuddlingPotion"},{"floor":16,"key":"champ:CounterPotion"},{"floor":22,"key":"Regen Potion"}],"is_trial":false,"path_per_floor":["R","M","?","M","?","R","T","E","M","?","R","E","R","$","M","B",null,"R","M","M","?","M","R","T","M","E"],"character_chosen":"THE_SNECKO","items_purchased":["Incense Burner"],"campfire_rested":2,"item_purchase_floors":[14],"current_hp_per_floor":[99,100,100,101,101,101,101,82,75,75,75,47,77,82,77,55,107,107,101,61,45,17,50,50,49,14,14],"gold":383,"neow_bonus":"TEN_PERCENT_HP_BONUS","is_daily":false,"chose_seed":false,"campfire_upgraded":3,"win_rate":0.0,"timestamp":1609650994,"path_taken":["R","?","?","?","?","R","T","E","?","?","R","E","R","$","M","BOSS","R","M","M","?","M","R","T","M","E"],"items_purchased_type":["Relic"],"build_version":"2020-12-22","purchased_purges":1,"victory":false,"max_hp_per_floor":[99,100,100,101,101,101,101,102,103,103,103,103,103,104,105,107,107,107,108,109,109,111,111,111,113,113,113],"card_choices":[{"not_picked":["sneckomod:MasterEye","sneckomod:WideSting"],"picked":"sneckomod:UnknownWeak","floor":2},{"not_picked":["sneckomod:WideSting","sneckomod:SoulRoll"],"picked":"sneckomod:UnknownCommonAttack","floor":4},{"not_picked":["sneckomod:DiceBlock","sneckomod:IronFang"],"picked":"sneckomod:UnknownClassPURPLE","floor":8},{"not_picked":["sneckomod:UnknownExhaust","sneckomod:UnknownClassGUARDIAN"],"picked":"sneckomod:UnknownColorless","floor":9},{"not_picked":["sneckomod:SoulCleanse","sneckomod:Nope"],"picked":"sneckomod:MorePower","floor":12},{"not_picked":["sneckomod:UnknownClassRED+1","sneckomod:UnknownClassHEXA_GHOST_PURPLE+1"],"picked":"sneckomod:UnknownVulnerable+1","floor":14},{"not_picked":["sneckomod:RainOfDice","sneckomod:TrashToTreasure"],"picked":"sneckomod:Nope","floor":14},{"not_picked":["sneckomod:DiceCrush","sneckomod:UnknownCommonAttack"],"picked":"sneckomod:UnknownClassGUARDIAN","floor":15},{"not_picked":["sneckomod:UnknownClassHEXA_GHOST_PURPLE+1","sneckomod:UnknownUncommonSkill+1"],"picked":"sneckomod:Unknown2Cost+1","floor":16},{"not_picked":["sneckomod:SerpentMind","sneckomod:Restock"],"picked":"sneckomod:UnknownRareAttack","floor":16},{"not_picked":["sneckomod:UnknownClassGUARDIAN+1","sneckomod:UnknownCommonAttack+1"],"picked":"sneckomod:UnknownRarePower+1","floor":19},{"not_picked":["sneckomod:QuickMove","sneckomod:TrashToTreasure","sneckomod:DefensiveFlair"],"picked":"SKIP","floor":19},{"not_picked":["sneckomod:UnknownStrike+1","sneckomod:Unknown+1"],"picked":"sneckomod:UnknownColorless+1","floor":20},{"not_picked":["sneckomod:SoulCleanse","sneckomod:DiceBlock"],"picked":"sneckomod:Rotation","floor":20},{"not_picked":["sneckomod:UnknownClassSLIMEBOUND+1","sneckomod:UnknownUncommonAttack+1"],"picked":"sneckomod:UnknownStrength+1","floor":22},{"not_picked":["sneckomod:UnknownStrength","sneckomod:DefensiveFlair"],"picked":"sneckomod:Unknown0Cost+1","floor":22},{"not_picked":["sneckomod:UnknownClassTHE_CHAMP_GRAY+1","sneckomod:UnknownEthereal+1"],"picked":"sneckomod:UnknownRareAttack+1","floor":25},{"not_picked":["sneckomod:UnknownClassRED+1","sneckomod:UnknownCommonAttack+1"],"picked":"sneckomod:UnknownEthereal+1","floor":25},{"not_picked":["sneckomod:MasterEye","sneckomod:UnknownClassRED","sneckomod:UnknownWeak"],"picked":"SKIP","floor":25}],"player_experience":95561,"relics_obtained":[{"floor":7,"key":"The Courier"},{"floor":8,"key":"Bottled Flame"},{"floor":12,"key":"Bottled Lightning"},{"floor":21,"key":"Nilry\u0027s Codex"}],"event_choices":[{"damage_healed":0,"gold_gain":0,"player_choice":"Got Potions","damage_taken":0,"max_hp_gain":0,"max_hp_loss":0,"event_name":"Lab","floor":3,"gold_loss":0},{"damage_healed":0,"gold_gain":0,"player_choice":"Upgraded","damage_taken":0,"max_hp_gain":0,"max_hp_loss":0,"event_name":"Upgrade Shrine","floor":5,"gold_loss":0,"cards_upgraded":["sneckomod:Unknown"]}],"is_beta":false,"boss_relics":[{"not_picked":["Coffee Dripper","Velvet Choker"],"picked":"Black Star"}],"items_purged_floors":[14],"is_endless":false,"potions_floor_spawned":[9,15,16,20,22],"killed_by":"Slavers","ascension_level":0}}