{"host":"a0d98l75j0h1o085","time":1609632495,"event":{"mods":["AlwaysNeverKeys","BaseMod","Downfall","Highlight Path","Minty Spire (QoL Compilation)","StSLib"],"gold_per_floor":[112,112,112,287,212,212,243,243,267,598,621,640,640,684,684,814,814,833,833,612,612,633,633,664,338,364,364,489,489,527,542,542,661,661,682,682,705,728,728,728,748,548,548,573,573,573,25,25,25],"floor_reached":48,"playtime":4219,"items_purged":["Doubt","Strike_R","Strike_R","Strike_R"],"score":803,"play_id":"369046e6-29a2-458e-8ff9-805bed18e07d","local_time":"20210103000815","is_ascension_mode":true,"campfire_choices":[{"data":"Ghostly Armor","floor":6.0,"key":"SMITH"},{"data":"Limit Break","floor":15.0,"key":"SMITH"},{"floor":23.0,"key":"REST"},{"data":"Barricade","floor":27.0,"key":"SMITH"},{"data":"Inflame","floor":32.0,"key":"SMITH"},{"data":"Armaments","floor":40.0,"key":"SMITH"},{"data":"Entrench","floor":45.0,"key":"SMITH"}],"circlet_count":0,"master_deck":["Defend_R+1","Defend_R","Bash","Ghostly Armor+1","Barricade+1","Inflame+1","Limit Break+1","Impervious","Whirlwind","Evolve","Shrug It Off","Armaments+1","Warcry+1","Power Through","Sword Boomerang+1","Demon Form","Seeing Red+1","Spot Weakness+1","Metallicize+1","Entrench+1","Reaper","Disarm+1","Limit Break+1","Wild Strike"],"relics":["Black Blood","NeowsBlessing","Art of War","Regal Pillow","Golden Idol","Bag of Marbles","Old Coin","Gremlin Horn","SlaversCollar","Smiling Mask","Mummified Hand","Dream Catcher","Prayer Wheel","Singing Bowl","FaceOfCleric","Bag of Preparation","White Beast Statue","DollysMirror","Anchor","Toy Ornithopter"],"acts_visited":["Exordium","TheCity","TheBeyond"],"potions_floor_usage":[48,48],"damage_taken":[{"damage":0.0,"enemies":"2 Louse","floor":1.0,"turns":1.0},{"damage":0.0,"enemies":"Gremlin Nob","floor":7.0,"turns":1.0},{"damage":0.0,"enemies":"Lagavulin","floor":10.0,"turns":1.0},{"damage":0.0,"enemies":"Small Slimes","floor":11.0,"turns":3.0},{"damage":4.0,"enemies":"Jaw Worm","floor":12.0,"turns":4.0},{"damage":28.0,"enemies":"Gremlin Nob","floor":14.0,"turns":4.0},{"damage":28.0,"enemies":"The Guardian","floor":16.0,"turns":9.0},{"damage":19.0,"enemies":"Spheric Guardian","floor":18.0,"turns":8.0},{"damage":28.0,"enemies":"Chosen","floor":22.0,"turns":9.0},{"damage":52.0,"enemies":"Book of Stabbing","floor":24.0,"turns":8.0},{"damage":11.0,"enemies":"Colosseum Slavers","floor":28.0,"turns":4.0},{"damage":20.0,"enemies":"Colosseum Nobs","floor":28.0,"turns":6.0},{"damage":35.0,"enemies":"Slavers","floor":30.0,"turns":10.0},{"damage":0.0,"enemies":"Sentry and Sphere","floor":31.0,"turns":8.0},{"damage":0.0,"enemies":"Collector","floor":33.0,"turns":6.0},{"damage":0.0,"enemies":"Orb Walker","floor":35.0,"turns":5.0},{"damage":15.0,"enemies":"3 Darklings","floor":37.0,"turns":5.0},{"damage":68.0,"enemies":"Transient","floor":38.0,"turns":5.0},{"damage":0.0,"enemies":"Maw","floor":41.0,"turns":5.0},{"damage":18.0,"enemies":"Spire Growth","floor":44.0,"turns":8.0},{"damage":80,"enemies":"Transient","floor":48,"turns":5}],"seed_played":"6196328974234573849","potions_obtained":[{"floor":1.0,"key":"Slimebound:ThreeZeroPotion"},{"floor":10.0,"key":"Weak Potion"},{"floor":12.0,"key":"FairyPotion"},{"floor":16.0,"key":"LiquidMemories"},{"floor":28.0,"key":"SneckoOil"},{"floor":31.0,"key":"Guardian:BlockOnCardUsePotion"},{"floor":33.0,"key":"SkillPotion"},{"floor":35.0,"key":"Block Potion"},{"floor":44.0,"key":"AttackPotion"}],"is_trial":false,"path_per_floor":["M","?","?","?","$","R","E","?","T","E","M","M","?","E","R","B",null,"M","?","$","?","M","R","E","$","T","R","?","?","E","M","R","B",null,"M","?","M","M","?","R","M","$","T","M","R","?","$","M"],"character_chosen":"IRONCLAD","items_purchased":["Evolve","Shrug It Off","Mummified Hand","Power Through","Entrench","LiquidMemories","DollysMirror","Wild Strike","Anchor","Toy Ornithopter","AttackPotion"],"campfire_rested":1,"item_purchase_floors":[20,20,25,25,42,42,47,47,47,47,47],"current_hp_per_floor":[80,64,61,61,61,61,67,47,47,53,59,61,66,44,44,22,69,56,56,56,56,34,74,28,28,28,28,9,9,16,27,27,34,79,94,94,94,43,43,43,58,58,58,53,53,53,53,0,0],"gold":25,"neow_bonus":"THREE_ENEMY_KILL","is_daily":false,"chose_seed":false,"campfire_upgraded":6,"win_rate":0.0,"timestamp":1609632495,"path_taken":["M","?","?","?","$","R","E","?","T","E","?","M","?","E","R","BOSS","M","?","$","?","?","R","E","$","T","R","?","?","E","?","R","BOSS","M","?","?","M","?","R","?","?","T","M","R","?","$","M"],"items_purchased_type":["Card","Card","Relic","Card","Card","Potion","Relic","Card","Relic","Relic","Potion"],"build_version":"2020-12-22","purchased_purges":4,"victory":false,"max_hp_per_floor":[80,80,80,80,80,80,80,80,80,80,80,80,85,85,85,85,85,85,85,85,85,85,85,85,85,85,85,85,85,88,93,93,94,94,97,97,100,105,105,105,108,108,108,109,109,109,109,109,109],"card_choices":[{"not_picked":["Infernal Blade","Seeing Red"],"picked":"Ghostly Armor","floor":1.0},{"not_picked":["Iron Wave","Rage"],"picked":"Barricade","floor":7.0},{"not_picked":["Brutality","Flame Barrier","Carnage"],"picked":"SKIP","floor":10.0},{"not_picked":["Twin Strike","Warcry"],"picked":"Inflame","floor":11.0},{"not_picked":["Power Through","Cleave","Perfected Strike"],"picked":"SKIP","floor":12.0},{"not_picked":["Havoc","Wild Strike"],"picked":"Limit Break","floor":14.0},{"not_picked":["Juggernaut","Offering"],"picked":"Impervious","floor":16.0},{"not_picked":["Clash","Carnage","Twin Strike"],"picked":"SKIP","floor":18.0},{"not_picked":["Twin Strike","Perfected Strike+1","Warcry"],"picked":"SKIP","floor":22.0},{"not_picked":["Rupture","Armaments"],"picked":"Warcry+1","floor":24.0},{"not_picked":["Flex","Havoc"],"picked":"Sword Boomerang+1","floor":28.0},{"not_picked":["Cleave","Havoc+1","Anger"],"picked":"Singing Bowl","floor":30.0},{"not_picked":["Rage","True Grit","Combust+1"],"picked":"Singing Bowl","floor":31.0},{"not_picked":["Carnage","Anger","Second Wind"],"picked":"Singing Bowl","floor":31.0},{"not_picked":["Berserk","Immolate"],"picked":"Demon Form","floor":33.0},{"not_picked":["Pommel Strike+1","True Grit","Flex+1"],"picked":"Singing Bowl","floor":35.0},{"not_picked":["Body Slam","Headbutt"],"picked":"Seeing Red+1","floor":35.0},{"not_picked":["Flex","Shrug It Off"],"picked":"Spot Weakness+1","floor":37.0},{"not_picked":["Pommel Strike+1","Armaments","True Grit"],"picked":"Singing Bowl","floor":37.0},{"not_picked":["Sword Boomerang+1","Rampage","Twin Strike"],"picked":"Singing Bowl","floor":38.0},{"not_picked":["Perfected Strike+1","Heavy Blade","Clash+1"],"picked":"Singing Bowl","floor":38.0},{"not_picked":["Sever Soul","Uppercut+1"],"picked":"Metallicize+1","floor":41.0},{"not_picked":["Spot Weakness","Rage","Heavy Blade+1"],"picked":"Singing Bowl","floor":41.0},{"not_picked":["Sword Boomerang","True Grit"],"picked":"Reaper","floor":44.0},{"not_picked":["Twin Strike","Blood for Blood+1"],"picked":"Disarm+1","floor":44.0}],"player_experience":846389,"relics_obtained":[{"floor":7.0,"key":"Regal Pillow"},{"floor":9.0,"key":"Bag of Marbles"},{"floor":10.0,"key":"Old Coin"},{"floor":14.0,"key":"Gremlin Horn"},{"floor":24.0,"key":"Smiling Mask"},{"floor":26.0,"key":"Dream Catcher"},{"floor":28.0,"key":"Prayer Wheel"},{"floor":28.0,"key":"Singing Bowl"},{"floor":30.0,"key":"Bag of Preparation"},{"floor":43.0,"key":"White Beast Statue"}],"event_choices":[{"damage_healed":0.0,"max_hp_gain":0.0,"max_hp_loss":0.0,"gold_gain":0.0,"event_name":"Shining Light","player_choice":"Entered Light","floor":2.0,"gold_loss":0.0,"damage_taken":16.0,"cards_upgraded":["Defend_R","Strike_R"]},{"damage_healed":0.0,"max_hp_gain":0.0,"max_hp_loss":0.0,"gold_gain":0.0,"event_name":"Scrap Ooze","player_choice":"Success","floor":3.0,"gold_loss":0.0,"damage_taken":3.0,"relics_obtained":["Art of War"]},{"damage_healed":0.0,"max_hp_gain":0.0,"max_hp_loss":0.0,"gold_gain":175.0,"event_name":"Liars Game","player_choice":"AGREE","floor":4.0,"gold_loss":0.0,"damage_taken":0.0,"cards_obtained":["Doubt"]},{"damage_healed":0.0,"max_hp_gain":0.0,"max_hp_loss":0.0,"gold_gain":0.0,"event_name":"Golden Idol","player_choice":"Take Damage","floor":8.0,"gold_loss":0.0,"damage_taken":20.0,"relics_obtained":["Golden Idol"]},{"damage_healed":0.0,"max_hp_gain":5.0,"max_hp_loss":0.0,"gold_gain":0.0,"event_name":"Big Fish","player_choice":"Donut","floor":13.0,"gold_loss":0.0,"damage_taken":0.0},{"damage_healed":0.0,"max_hp_gain":0.0,"max_hp_loss":0.0,"gold_gain":0.0,"event_name":"The Library","player_choice":"Read","floor":19.0,"gold_loss":0.0,"damage_taken":0.0,"cards_obtained":["Whirlwind"]},{"damage_healed":0.0,"max_hp_gain":0.0,"max_hp_loss":0.0,"gold_gain":0.0,"cards_transformed":["Defend_R"],"event_name":"Transmorgrifier","player_choice":"Transformed","floor":21.0,"gold_loss":0.0,"damage_taken":0.0,"cards_obtained":["Armaments"]},{"damage_healed":0.0,"max_hp_gain":0.0,"max_hp_loss":0.0,"gold_gain":0.0,"event_name":"Colosseum","player_choice":"Fight","floor":28.0,"gold_loss":0.0,"damage_taken":0.0},{"damage_healed":0.0,"max_hp_gain":0.0,"max_hp_loss":0.0,"gold_gain":0.0,"event_name":"Colosseum","player_choice":"Fought Nobs","floor":28.0,"gold_loss":0.0,"damage_taken":0.0},{"damage_healed":0.0,"max_hp_gain":0.0,"max_hp_loss":0.0,"gold_gain":0.0,"event_name":"FaceTrader","player_choice":"Trade","floor":29.0,"gold_loss":0.0,"damage_taken":0.0,"relics_obtained":["FaceOfCleric"]},{"cards_removed":["Strike_R"],"damage_healed":0.0,"max_hp_gain":0.0,"max_hp_loss":0.0,"gold_gain":0.0,"event_name":"Purifier","player_choice":"Purged","floor":36.0,"gold_loss":0.0,"damage_taken":0.0},{"cards_removed":["Defend_R"],"damage_healed":0.0,"max_hp_gain":0.0,"max_hp_loss":0.0,"gold_gain":0.0,"event_name":"Bonfire Elementals","player_choice":"Offered Basic","floor":39.0,"gold_loss":0.0,"damage_taken":0.0},{"cards_removed":["Strike_R"],"damage_healed":0.0,"max_hp_gain":0.0,"max_hp_loss":0.0,"gold_gain":0.0,"event_name":"Falling","player_choice":"Removed Attack","floor":46.0,"gold_loss":0.0,"damage_taken":0.0}],"is_beta":false,"boss_relics":[{"not_picked":["Sozu","Mark of Pain"],"picked":"SlaversCollar"},{"not_picked":["Coffee Dripper","Velvet Choker"],"picked":"Black Blood"}],"items_purged_floors":[5,20,25,42],"is_endless":false,"potions_floor_spawned":[1,10,12,16,28,31,33,35,44],"killed_by":"Transient","ascension_level":5}}