{"host":"a4s27ghlnr83kbqz","time":1609645950,"event":{"mods":["AchievementEnabler","BaseMod","Colored Map","Minty Spire (QoL Compilation)","Permanent Neow","SuperFastMode"],"gold_per_floor":[110,110,126,174,184,184,184,184,208,208,233,253,10,29,29,123,123,97,97,97,97],"floor_reached":20,"playtime":354,"items_purged":["Strike_R"],"score":324,"play_id":"682be5b1-ef59-4e86-8e3b-9f459b822536","local_time":"20210103115230","is_ascension_mode":true,"campfire_choices":[{"floor":6,"key":"REST"},{"data":"Pommel Strike","floor":8,"key":"SMITH"},{"floor":10,"key":"REST"},{"data":"Fire Breathing","floor":15,"key":"SMITH"}],"circlet_count":0,"master_deck":["AscendersBane","Strike_R","Strike_R+1","Defend_R","Defend_R","Defend_R","Defend_R","Bash+1","Regret","Pommel Strike+1","Dark Embrace","Anger","Reckless Charge","Warcry","Fire Breathing+1","Disarm","Immolate","Infernal Blade","Barricade"],"relics":["Burning Blood","Dead Branch","Ancient Tea Set","Golden Idol","Dream Catcher","Odd Mushroom","Black Star"],"acts_visited":["Exordium","TheCity"],"potions_floor_usage":[],"damage_taken":[{"damage":23,"enemies":"Cultist","floor":1,"turns":6},{"damage":6,"enemies":"Jaw Worm","floor":3,"turns":4},{"damage":13,"enemies":"Small Slimes","floor":5,"turns":4},{"damage":25,"enemies":"The Mushroom Lair","floor":11,"turns":4},{"damage":14,"enemies":"Exordium Wildlife","floor":12,"turns":3},{"damage":9,"enemies":"Large Slime","floor":14,"turns":6},{"damage":28,"enemies":"Hexaghost","floor":16,"turns":9},{"damage":32,"enemies":"2 Thieves","floor":18,"turns":4},{"damage":31,"enemies":"Shell Parasite","floor":20,"turns":2}],"seed_played":"-4320448062673044870","potions_obtained":[{"floor":1,"key":"SpeedPotion"},{"floor":3,"key":"GamblersBrew"},{"floor":18,"key":"AttackPotion"}],"is_trial":false,"path_per_floor":["M","?","M","T","M","R","?","R","T","R","?","M","$","M","R","B",null,"M","?","M"],"character_chosen":"IRONCLAD","items_purchased":["Fire Breathing","Disarm"],"campfire_rested":2,"item_purchase_floors":[13,13],"current_hp_per_floor":[51,28,28,28,21,43,43,43,43,63,44,36,36,33,33,11,54,28,28,0,0],"gold":97,"neow_bonus":"ONE_RARE_RELIC","is_daily":false,"chose_seed":false,"campfire_upgraded":2,"win_rate":0.0,"timestamp":1609645950,"path_taken":["M","?","M","?","M","R","?","R","T","R","?","M","$","M","R","BOSS","M","?","M"],"items_purchased_type":["Card","Card"],"build_version":"2020-12-22","purchased_purges":1,"victory":false,"max_hp_per_floor":[75,75,75,75,75,75,68,68,68,68,68,68,68,68,68,68,68,68,68,68,68],"card_choices":[{"not_picked":["Dropkick","Rupture"],"picked":"Pommel Strike","floor":1},{"not_picked":["Blood for Blood","Body Slam"],"picked":"Dark Embrace","floor":3},{"not_picked":["Body Slam","Headbutt","Heavy Blade"],"picked":"SKIP","floor":5},{"not_picked":["Twin Strike","Dual Wield"],"picked":"Anger","floor":10},{"not_picked":["Barricade","Perfected Strike"],"picked":"Reckless Charge","floor":11},{"not_picked":["Body Slam","Iron Wave"],"picked":"Warcry","floor":12},{"not_picked":["Twin Strike","Anger","Whirlwind"],"picked":"SKIP","floor":14},{"not_picked":["Barricade","Bludgeon"],"picked":"Immolate","floor":16},{"not_picked":["Armaments+1","Sword Boomerang","Perfected Strike"],"picked":"SKIP","floor":18}],"player_experience":1082014,"relics_obtained":[{"floor":4,"key":"Ancient Tea Set"},{"floor":9,"key":"Dream Catcher"},{"floor":11,"key":"Odd Mushroom"}],"event_choices":[{"damage_healed":0,"gold_gain":0,"player_choice":"Entered Light","damage_taken":23,"max_hp_gain":0,"max_hp_loss":0,"event_name":"Shining Light","floor":2,"gold_loss":0,"cards_upgraded":["Strike_R","Bash"]},{"damage_healed":0,"gold_gain":0,"player_choice":"Lose Max HP","damage_taken":0,"relics_obtained":["Golden Idol"],"max_hp_gain":0,"max_hp_loss":7,"event_name":"Golden Idol","floor":7,"gold_loss":0},{"damage_healed":0,"gold_gain":0,"player_choice":"Fought Mushrooms","damage_taken":0,"max_hp_gain":0,"max_hp_loss":0,"event_name":"Mushrooms","floor":11,"gold_loss":0},{"damage_healed":0,"gold_gain":0,"cards_transformed":["Strike_R","Strike_R"],"player_choice":"Became Test Subject","damage_taken":0,"max_hp_gain":0,"max_hp_loss":0,"event_name":"Drug Dealer","floor":19,"gold_loss":0,"cards_obtained":["Infernal Blade","Barricade"]}],"is_beta":false,"boss_relics":[{"not_picked":["Calling Bell","Coffee Dripper"],"picked":"Black Star"}],"items_purged_floors":[13],"is_endless":false,"potions_floor_spawned":[1,3,5,18],"killed_by":"Shell Parasite","ascension_level":20}}