{"host":"nsxzlb359hv0da5z","time":1609652838,"event":{"mods":["BaseMod","Bestiary","Colored Map","Minty Spire (QoL Compilation)","Permanent Neow","Relic Stats","Slay the Relics Exporter","ojb\u0027s Info Mod"],"gold_per_floor":[118,193,193,206,206,206,11,43,43,43,77,77,97,130,130,201,201,221,221,46,66,66,66,94,94,119,147,9,9,22,41,41,115,115,125,75,90,107,117,117,133,133,156,173,173,193,220,2,2,2,2,2,2,2,32,32,32],"floor_reached":56,"playtime":11209,"items_purged":[],"score":2216,"play_id":"88d82bbd-49c9-4f7f-bb10-c133edd2f92a","local_time":"20210102214718","is_ascension_mode":true,"campfire_choices":[{"data":"Lockon","floor":6,"key":"SMITH"},{"data":"Sunder","floor":10,"key":"SMITH"},{"data":"Coolheaded","floor":12,"key":"SMITH"},{"data":"Static Discharge","floor":15,"key":"SMITH"},{"data":"Buffer","floor":23,"key":"SMITH"},{"data":"Defragment","floor":25,"key":"SMITH"},{"data":"Rainbow","floor":29,"key":"SMITH"},{"data":"Defragment","floor":32,"key":"SMITH"},{"data":"Coolheaded","floor":40,"key":"SMITH"},{"data":"Hologram","floor":42,"key":"SMITH"},{"floor":49,"key":"RECALL"},{"data":"Go for the Eyes","floor":53,"key":"SMITH"}],"circlet_count":0,"master_deck":["AscendersBane","Strike_B","Strike_B","Strike_B","Strike_B","Defend_B","Defend_B","Defend_B","Defend_B","Zap","Dualcast","Coolheaded+1","Lockon+1","Ball Lightning","Sunder+1","Static Discharge+1","Echo Form+1","Compile Driver","Auto Shields","Buffer+1","Go for the Eyes+1","Defragment+1","Doom and Gloom+1","Ball Lightning","Conserve Battery","Rainbow+1","Defragment+1","Coolheaded+1","Hologram+1","Rainbow","Glacier","Skim","Electrodynamics","Meteor Strike"],"relics":["Coffee Dripper","HornCleat","Ornamental Fan","Ginger","Omamori","Calling Bell","Smiling Mask","Mercury Hourglass","TungstenRod","Nloth\u0027s Gift","Shuriken","Boot","Centennial Puzzle","Orichalcum","Snecko Eye","Cables","Lantern","Akabeko"],"acts_visited":["Exordium","TheCity","TheBeyond","TheEnding"],"potions_floor_usage":[14,18,27,41,47,47,50,51,56],"damage_taken":[{"damage":5,"enemies":"Small Slimes","floor":1,"turns":3},{"damage":2,"enemies":"Jaw Worm","floor":4,"turns":4},{"damage":0,"enemies":"Gremlin Nob","floor":8,"turns":3},{"damage":3,"enemies":"3 Sentries","floor":11,"turns":5},{"damage":0,"enemies":"2 Louse","floor":13,"turns":2},{"damage":0,"enemies":"Gremlin Nob","floor":14,"turns":3},{"damage":6,"enemies":"Hexaghost","floor":16,"turns":6},{"damage":0,"enemies":"Spheric Guardian","floor":18,"turns":5},{"damage":0,"enemies":"Chosen","floor":21,"turns":5},{"damage":0,"enemies":"Gremlin Leader","floor":24,"turns":6},{"damage":12,"enemies":"Slavers","floor":27,"turns":5},{"damage":0,"enemies":"Centurion and Healer","floor":30,"turns":6},{"damage":0,"enemies":"Snake Plant","floor":31,"turns":4},{"damage":0,"enemies":"Collector","floor":33,"turns":8},{"damage":19,"enemies":"Orb Walker","floor":35,"turns":5},{"damage":14,"enemies":"3 Darklings","floor":37,"turns":4},{"damage":6,"enemies":"Jaw Worm Horde","floor":38,"turns":4},{"damage":7,"enemies":"Transient","floor":39,"turns":6},{"damage":12,"enemies":"3 Darklings","floor":41,"turns":4},{"damage":4,"enemies":"Writhing Mass","floor":44,"turns":5},{"damage":0,"enemies":"Spire Growth","floor":46,"turns":4},{"damage":0,"enemies":"Nemesis","floor":47,"turns":5},{"damage":0,"enemies":"Donu and Deca","floor":50,"turns":7},{"damage":3,"enemies":"Awakened One","floor":51,"turns":12},{"damage":6,"enemies":"Shield and Spear","floor":55,"turns":4},{"damage":52,"enemies":"The Heart","floor":56,"turns":8}],"seed_played":"5116659573931069048","potions_obtained":[{"floor":11,"key":"SkillPotion"},{"floor":13,"key":"Fire Potion"},{"floor":14,"key":"Fire Potion"},{"floor":27,"key":"Dexterity Potion"},{"floor":37,"key":"PotionOfCapacity"},{"floor":41,"key":"Block Potion"},{"floor":47,"key":"ColorlessPotion"},{"floor":55,"key":"Weak Potion"}],"is_trial":false,"path_per_floor":["M","?","T","M","?","R","$","E","T","R","E","R","M","E","R","B",null,"M","?","$","M","?","R","E","R","T","E","$","R","M","M","R","B",null,"M","?","M","M","M","R","M","R","T","M","?","M","E","$","R","B","B",null,"R","$","E","B"],"character_chosen":"DEFECT","items_purchased":["Ball Lightning","Sunder","Block Potion","Defragment","Doom and Gloom","Block Potion","Defragment","Coolheaded","Lantern","Swift Potion"],"campfire_rested":0,"item_purchase_floors":[7,7,7,20,20,20,28,28,48,48],"current_hp_per_floor":[59,48,48,46,41,41,41,41,41,41,38,38,38,38,38,32,61,61,61,61,61,61,61,61,61,61,49,49,49,49,49,49,49,66,47,47,33,27,20,20,8,8,8,4,4,4,4,4,4,4,1,54,54,54,48,0,0],"gold":32,"neow_bonus":"BOSS_RELIC","is_daily":false,"chose_seed":false,"campfire_upgraded":11,"win_rate":0.0,"timestamp":1609652838,"path_taken":["M","?","?","M","?","R","$","E","T","R","E","R","M","E","R","BOSS","M","?","$","?","?","R","E","R","T","E","$","R","M","M","R","BOSS","M","?","M","M","?","R","M","R","T","M","?","M","E","$","R","BOSS","BOSS","R","$","E","BOSS"],"items_purchased_type":["Card","Card","Potion","Card","Card","Potion","Card","Card","Relic","Potion"],"build_version":"2020-12-22","purchased_purges":0,"victory":false,"max_hp_per_floor":[71,71,71,71,71,71,71,71,71,71,71,71,71,71,71,71,71,71,71,71,71,71,71,71,71,71,71,71,71,71,71,71,71,71,71,71,71,71,71,71,71,71,71,71,71,71,71,71,71,71,71,71,71,71,71,71,71],"relic_stats":{"counters":[26,133],"Ginger":[19],"Orichalcum":[48],"Smiling Mask":0,"Boot":[29],"Mercury Hourglass":[398],"Cables":[31,4,16,5,6],"Centennial Puzzle":[30],"Ornamental Fan":[156],"Shuriken":[33],"Snecko Eye":[151,130,134,136],"Nloth\u0027s Gift":2,"obtain_stats":[{"Lantern":48,"Omamori":14,"Ginger":9,"Orichalcum":27,"Smiling Mask":17,"Boot":24,"Akabeko":55,"Mercury Hourglass":17,"Cables":47,"Calling Bell":17,"Lizard Tail":11,"Centennial Puzzle":26,"HornCleat":3,"Ornamental Fan":8,"Shuriken":22,"Snecko Eye":34,"Coffee Dripper":0,"Nloth\u0027s Gift":19,"Cracked Core":0,"TungstenRod":17},{"Lantern":22,"Omamori":6,"Ginger":3,"Orichalcum":11,"Smiling Mask":7,"Boot":10,"Akabeko":25,"Mercury Hourglass":7,"Cables":22,"Calling Bell":7,"Lizard Tail":4,"Centennial Puzzle":10,"HornCleat":1,"Ornamental Fan":3,"Shuriken":9,"Snecko Eye":14,"Coffee Dripper":0,"Nloth\u0027s Gift":8,"Cracked Core":0,"TungstenRod":7},{"Lantern":102,"Omamori":20,"Ginger":10,"Orichalcum":47,"Smiling Mask":26,"Boot":42,"Akabeko":125,"Mercury Hourglass":26,"Cables":102,"Calling Bell":26,"Lizard Tail":15,"Centennial Puzzle":42,"HornCleat":3,"Ornamental Fan":10,"Shuriken":36,"Snecko Eye":65,"Coffee Dripper":0,"Nloth\u0027s Gift":31,"Cracked Core":0,"TungstenRod":26}],"TungstenRod":23},"card_choices":[{"not_picked":["Stack","Fusion"],"picked":"Coolheaded","floor":1},{"not_picked":["Streamline","Reinforced Body"],"picked":"Lockon","floor":4},{"not_picked":["Coolheaded","Loop"],"picked":"Static Discharge","floor":8},{"not_picked":["Seek","Stack"],"picked":"Echo Form","floor":11},{"not_picked":["Beam Cell","Stack"],"picked":"Compile Driver","floor":13},{"not_picked":["Blizzard","Hologram"],"picked":"Auto Shields","floor":14},{"not_picked":["Core Surge","Amplify"],"picked":"Buffer","floor":16},{"not_picked":["Steam Power","Gash"],"picked":"Go for the Eyes","floor":18},{"not_picked":["Steam","Rebound"],"picked":"Ball Lightning","floor":21},{"not_picked":["Reboot","Leap"],"picked":"Conserve Battery","floor":24},{"not_picked":["Capacitor","Redo"],"picked":"Rainbow","floor":27},{"not_picked":["Gash","Auto Shields"],"picked":"Hologram","floor":30},{"not_picked":["Stack","Go for the Eyes","Amplify"],"picked":"SKIP","floor":31},{"not_picked":["Hyperbeam","Fission"],"picked":"Rainbow","floor":33},{"not_picked":["Steam Power","Rip and Tear+1","Compile Driver+1"],"picked":"SKIP","floor":35},{"not_picked":["Coolheaded","Barrage","Beam Cell+1"],"picked":"SKIP","floor":37},{"not_picked":["Beam Cell","Streamline+1","Stack+1"],"picked":"SKIP","floor":38},{"not_picked":["Ball Lightning","Beam Cell"],"picked":"Glacier","floor":39},{"not_picked":["Gash","Steam","Go for the Eyes"],"picked":"SKIP","floor":41},{"not_picked":["Stack","Streamline"],"picked":"Skim","floor":44},{"not_picked":["Rip and Tear","Hologram"],"picked":"Electrodynamics","floor":46},{"not_picked":["Hello World","Core Surge"],"picked":"Meteor Strike","floor":47},{"not_picked":["Ball Lightning","Sweeping Beam","Go for the Eyes"],"picked":"SKIP","floor":55}],"player_experience":1904061,"relics_obtained":[{"floor":3,"key":"HornCleat"},{"floor":8,"key":"Ornamental Fan"},{"floor":9,"key":"Ginger"},{"floor":11,"key":"Lizard Tail"},{"floor":14,"key":"Omamori"},{"floor":17,"key":"Smiling Mask"},{"floor":17,"key":"Mercury Hourglass"},{"floor":17,"key":"TungstenRod"},{"floor":24,"key":"Boot"},{"floor":26,"key":"Centennial Puzzle"},{"floor":27,"key":"Orichalcum"},{"floor":47,"key":"Cables"},{"floor":55,"key":"Akabeko"}],"event_choices":[{"damage_healed":0,"gold_gain":75,"player_choice":"Gather Gold","damage_taken":11,"max_hp_gain":0,"max_hp_loss":0,"event_name":"World of Goop","floor":2,"gold_loss":0},{"damage_healed":0,"gold_gain":0,"player_choice":"Fled","damage_taken":5,"max_hp_gain":0,"max_hp_loss":0,"event_name":"Scrap Ooze","floor":5,"gold_loss":0},{"damage_healed":0,"gold_gain":0,"player_choice":"Traded Relic","damage_taken":0,"relics_obtained":["Nloth\u0027s Gift"],"max_hp_gain":0,"max_hp_loss":0,"event_name":"N\u0027loth","floor":19,"relics_lost":["Lizard Tail"],"gold_loss":0},{"damage_healed":0,"gold_gain":0,"player_choice":"Opened","damage_taken":0,"relics_obtained":["Shuriken"],"max_hp_gain":0,"max_hp_loss":0,"event_name":"The Mausoleum","floor":22,"gold_loss":0,"cards_obtained":["Writhe"]},{"damage_healed":0,"gold_gain":0,"player_choice":"Upgraded Two","damage_taken":0,"max_hp_gain":0,"max_hp_loss":0,"event_name":"Designer","floor":36,"gold_loss":50,"cards_upgraded":["Doom and Gloom","Echo Form"]},{"damage_healed":0,"gold_gain":0,"player_choice":"Ignored","damage_taken":0,"max_hp_gain":0,"max_hp_loss":0,"event_name":"SecretPortal","floor":45,"gold_loss":0}],"is_beta":false,"boss_relics":[{"not_picked":["Tiny House","Sozu"],"picked":"Calling Bell"},{"not_picked":["Velvet Choker","Cursed Key"],"picked":"Snecko Eye"}],"items_purged_floors":[],"is_endless":false,"potions_floor_spawned":[11,13,14,27,30,33,35,37,39,41,47,55],"killed_by":"The Heart","ascension_level":20}}