{"host":"dlskvfecb6rtl9z1","time":1609704967,"event":{"mods":["2.2 Compatiblity","AchievementEnabler","Aspiration","BaseMod","Better Third Choice","Colored Map","Colored Powertips","Downfall","Duelist Mod","Hermit","Hubris","Infinite Spire","KinomotoSakuraMod(????)","Koishi","Marisa????????","Minty Spire (QoL Compilation)","Remilia??????","Replay The Spire","Shop Mod","StSLib","Td1madao Mod","The Administrix","The Bug Knight","The Construct","The Cursed","The Disciple","The Hierophant","The Jungle","The Mystic","The Necromancer","The Runesmith","The Senshi","The Servant 0.9.4"],"gold_per_floor":[117,117,135,60,75,101,101,128,128,128,145,163,222,172,172,172,172],"floor_reached":16,"playtime":852,"items_purged":["Defend_G"],"score":121,"play_id":"2fae42bb-b6e5-42d7-9618-6c4901fd0da2","local_time":"20210103221607","is_ascension_mode":true,"campfire_choices":[{"floor":7,"key":"REST"},{"floor":10,"key":"REST"},{"floor":15,"key":"REST"}],"circlet_count":0,"master_deck":["Strike_G","Strike_G","Strike_G","Strike_G","Strike_G","Defend_G","Defend_G","Defend_G","Survivor","Neutralize","Finisher+1","All Out Attack","Hidden Blade","Escape Plan","Dagger Spray","ReplayTheSpireMod:Shiv Toss"],"relics":["Fusion Hammer","Matryoshka","Replay:Wax Seal","Ancient Tea Set","The Specimen","theSenshi:FeatherClipsRelic"],"acts_visited":["Exordium"],"potions_floor_usage":[6],"damage_taken":[{"damage":2,"enemies":"Small Slimes","floor":1,"turns":4},{"damage":4,"enemies":"infinitespire:Voidling","floor":3,"turns":3},{"damage":0,"enemies":"2 Louse","floor":5,"turns":2},{"damage":23,"enemies":"Gremlin Nob","floor":6,"turns":5},{"damage":9,"enemies":"3 Sentries","floor":8,"turns":4},{"damage":0,"enemies":"2 Fungi Beasts","floor":11,"turns":2},{"damage":20,"enemies":"Exordium Thugs","floor":12,"turns":3},{"damage":18,"enemies":"Gremlin Nob","floor":13,"turns":4},{"damage":2,"enemies":"Fading Forest","floor":16,"turns":3}],"seed_played":"-3510007035415262551","potions_obtained":[{"floor":1,"key":"SteroidPotion"},{"floor":11,"key":"BlessingOfTheForge"},{"floor":13,"key":"Guardian:BlockOnCardUsePotion"}],"is_trial":false,"path_per_floor":["M","?","M","$","M","E","R","E","T","R","M","M","?","?","R","B"],"character_chosen":"THE_SILENT","items_purchased":[],"campfire_rested":3,"item_purchase_floors":[],"current_hp_per_floor":[68,68,68,68,68,45,66,57,57,70,70,50,38,38,59,57,57],"gold":172,"neow_bonus":"BOSS_RELIC","is_daily":false,"chose_seed":false,"campfire_upgraded":0,"win_rate":0.0,"timestamp":1609704967,"path_taken":["M","?","?","$","M","E","R","E","T","R","M","M","?","?","R","BOSS"],"items_purchased_type":[],"build_version":"2020-12-22","purchased_purges":1,"victory":false,"max_hp_per_floor":[70,70,70,70,70,70,70,70,70,70,70,70,70,70,70,70,70],"card_choices":[{"not_picked":["Deadly Poison","Tactician"],"picked":"Finisher","floor":1},{"not_picked":["hubris:SlightOfHand","Bane"],"picked":"All Out Attack","floor":3},{"not_picked":["Flying Knee","Sucker Punch","hubris:Sniper"],"picked":"SKIP","floor":5},{"not_picked":["Outmaneuver","Poisoned Stab"],"picked":"Hidden Blade","floor":6},{"not_picked":["Dagger Throw","infinitespire:Neurotoxin"],"picked":"Escape Plan","floor":8},{"not_picked":["Sneak Up","PiercingWail"],"picked":"Dagger Spray","floor":11},{"not_picked":["Backflip","Dagger Throw","Underhanded Strike"],"picked":"SKIP","floor":12},{"not_picked":["Hidden Blade","Dagger Spray"],"picked":"ReplayTheSpireMod:Shiv Toss","floor":13}],"player_experience":124715,"relics_obtained":[{"floor":6,"key":"Matryoshka"},{"floor":8,"key":"Replay:Wax Seal"},{"floor":9,"key":"Ancient Tea Set"},{"floor":9,"key":"The Specimen"}],"event_choices":[{"damage_healed":0,"gold_gain":0,"player_choice":"Forge","damage_taken":0,"max_hp_gain":0,"max_hp_loss":0,"event_name":"Accursed Blacksmith","floor":2,"gold_loss":0,"cards_upgraded":["Finisher"]},{"damage_healed":0,"gold_gain":0,"player_choice":"Searched \u00272\u0027 times","damage_taken":0,"relics_obtained":["theSenshi:FeatherClipsRelic"],"max_hp_gain":0,"max_hp_loss":0,"event_name":"Dead Adventurer","floor":13,"gold_loss":0},{"cards_removed":["Defend_G"],"damage_healed":0,"gold_gain":0,"player_choice":"Card Removal","damage_taken":0,"max_hp_gain":0,"max_hp_loss":0,"event_name":"The Cleric","floor":14,"gold_loss":50}],"is_beta":false,"boss_relics":[],"items_purged_floors":[4],"is_endless":false,"potions_floor_spawned":[1,11,13],"killed_by":"Fading Forest","ascension_level":2}}