{"host":"armnliea5o2aqs4b","time":1609671017,"event":{"mods":["BaseMod","Hubris","Infinite Spire","Minty Spire (QoL Compilation)","Quick Restart","StSLib"],"gold_per_floor":[113,113,113,124,124,124,159,159,214,240,252,252,252,270,270,370,370,387,387,387,411,441,453,465,465],"floor_reached":24,"playtime":501,"items_purged":[],"score":261,"play_id":"f14d3ae3-2242-46f1-8c9a-ce1dfe923d2a","local_time":"20210103215017","is_ascension_mode":true,"campfire_choices":[{"data":"Spot Weakness","floor":6,"key":"SMITH"},{"data":"Bloodletting","floor":8,"key":"SMITH"},{"data":"Demon Form","floor":13,"key":"SMITH"},{"data":"Whirlwind","floor":15,"key":"SMITH"},{"data":"Spot Weakness","floor":23,"key":"SMITH"}],"circlet_count":0,"master_deck":["Strike_R+1","Defend_R+1","Defend_R+1","Defend_R+1","Defend_R+1","Bash","Spot Weakness+1","Reckless Charge","Cleave","Bloodletting+1","Demon Form+1","Seeing Red","Spot Weakness+1","Whirlwind+1","Immolate","Flex+1","Armaments+1","Sword Boomerang+1","Heavy Blade"],"relics":["Burning Blood","NeowsBlessing","hubris:Towel","Smiling Mask","Boot","Tiny Chest","Astrolabe","hubris:BottledHeart","MawBank"],"acts_visited":["Exordium","TheCity"],"potions_floor_usage":[16,16,17,18],"damage_taken":[{"damage":0,"enemies":"Cultist","floor":1,"turns":1},{"damage":0,"enemies":"Small Slimes","floor":4,"turns":2},{"damage":0,"enemies":"3 Sentries","floor":7,"turns":1},{"damage":25,"enemies":"Gremlin Nob","floor":10,"turns":4},{"damage":0,"enemies":"2 Louse","floor":11,"turns":1},{"damage":30,"enemies":"2 Fungi Beasts","floor":14,"turns":5},{"damage":41,"enemies":"Hexaghost","floor":16,"turns":7},{"damage":14,"enemies":"3 Byrds","floor":18,"turns":3},{"damage":0,"enemies":"Shell Parasite","floor":22,"turns":2},{"damage":8,"enemies":"Nightmare","floor":24,"turns":7}],"seed_played":"-3080452607269968774","potions_obtained":[{"floor":7,"key":"Energy Potion"},{"floor":10,"key":"ElixirPotion"},{"floor":16,"key":"EntropicBrew"},{"floor":18,"key":"BloodPotion"}],"is_trial":false,"path_per_floor":["M","?","?","M","?","R","E","R","T","E","M","?","R","M","R","B",null,"M","?","?","T","M","R","NM"],"character_chosen":"IRONCLAD","items_purchased":[],"campfire_rested":0,"item_purchase_floors":[],"current_hp_per_floor":[80,85,85,85,85,85,85,85,85,66,72,72,72,48,48,13,85,77,1,1,1,1,1,0,0],"gold":465,"neow_bonus":"THREE_ENEMY_KILL","is_daily":false,"chose_seed":false,"campfire_upgraded":5,"win_rate":0.0,"timestamp":1609671017,"path_taken":["M","?","?","M","?","R","E","R","T","E","M","?","R","M","R","BOSS","M","?","?","?","M","R","NM"],"items_purchased_type":[],"build_version":"2020-12-22","purchased_purges":0,"victory":false,"max_hp_per_floor":[80,85,85,85,85,85,85,85,85,85,85,85,85,85,85,85,85,85,1,1,1,1,1,1,1],"card_choices":[{"not_picked":["Body Slam","Havoc"],"picked":"Spot Weakness","floor":1},{"not_picked":["Pommel Strike","Ghostly Armor"],"picked":"Cleave","floor":4},{"not_picked":["Cleave","Evolve"],"picked":"Bloodletting","floor":7},{"not_picked":["hubris:ReadiedAction","Body Slam"],"picked":"Demon Form","floor":10},{"not_picked":["Power Through","Anger"],"picked":"Seeing Red","floor":11},{"not_picked":["Body Slam","Armaments"],"picked":"Whirlwind","floor":14},{"not_picked":["Bludgeon","Exhume"],"picked":"Immolate","floor":16},{"not_picked":["Intimidate","Second Wind","Perfected Strike"],"picked":"SKIP","floor":18},{"not_picked":["Shrug It Off","Entrench+1"],"picked":"Heavy Blade","floor":22}],"player_experience":148246,"relics_obtained":[{"floor":7,"key":"Smiling Mask"},{"floor":9,"key":"Boot"},{"floor":10,"key":"Tiny Chest"},{"floor":21,"key":"MawBank"}],"event_choices":[{"damage_healed":0,"gold_gain":0,"player_choice":"Donut","damage_taken":0,"max_hp_gain":5,"max_hp_loss":0,"event_name":"Big Fish","floor":2,"gold_loss":0},{"damage_healed":0,"gold_gain":0,"cards_transformed":["Strike_R"],"player_choice":"Change","damage_taken":0,"max_hp_gain":0,"max_hp_loss":0,"event_name":"Living Wall","floor":3,"gold_loss":0,"cards_obtained":["Reckless Charge"]},{"damage_healed":0,"gold_gain":0,"player_choice":"Simplicity","damage_taken":0,"max_hp_gain":0,"max_hp_loss":0,"event_name":"Back to Basics","floor":20,"gold_loss":0,"cards_upgraded":["Strike_R","Defend_R","Defend_R","Defend_R","Defend_R"]}],"is_beta":false,"boss_relics":[{"not_picked":["Calling Bell","hubris:Stopwatch"],"picked":"Astrolabe"}],"items_purged_floors":[],"is_endless":false,"potions_floor_spawned":[7,10,16,18,22],"killed_by":"Nightmare","ascension_level":3}}