{"host":"981nlwu0905dw1bz","time":1609702122,"event":{"mods":["BaseMod","DeckTracker","Minty Spire (QoL Compilation)","Rare Cards Sparkle","SuperFastMode"],"gold_per_floor":[219,31,69,133,169,169,169,213,239,318,344,363,363,36,36,162,162,204,254,254,293,354,354,412,426,426,443,443,287,287,44,44,147,147,184,406,406,481,498,555,16,62,89,107,107,31,31,48,48,73,73],"floor_reached":50,"playtime":1917,"items_purged":[],"score":538,"play_id":"cad51293-55e8-4bdf-905a-28e7e5ea5da8","local_time":"20210104042842","is_ascension_mode":false,"campfire_choices":[{"data":"HandOfGreed","floor":6.0,"key":"SMITH"},{"data":"Dagger Spray","floor":13.0,"key":"SMITH"},{"data":"Survivor","floor":15.0,"key":"SMITH"},{"floor":23.0,"key":"RECALL"},{"data":"Tools of the Trade","floor":28.0,"key":"SMITH"},{"floor":30.0,"key":"REST"},{"data":"Blade Dance","floor":32.0,"key":"SMITH"},{"data":"Accuracy","floor":45,"key":"SMITH"},{"floor":49,"key":"REST"}],"circlet_count":0,"master_deck":["Strike_G+1","Strike_G+1","Strike_G+1","Defend_G+1","Defend_G+1","Defend_G+1","Defend_G+1","Defend_G+1","Survivor+1","Neutralize","Quick Slash","HandOfGreed+1","Backstab","Deflect","Cloak And Dagger","Dagger Spray+1","Dodge and Roll","Tools of the Trade+1","Terror+1","Blade Dance+1","Blade Dance+1","After Image","Dodge and Roll+1","Panacea","Trip","Bandage Up","Accuracy+1","Phantasmal Killer","Dramatic Entrance","Accuracy"],"relics":["Ring of the Snake","Akabeko","Odd Mushroom","Bronze Scales","Regal Pillow","Blood Vial","Sozu","Red Mask","Boot","Singing Bowl","Anchor","Bottled Lightning","Black Star","Du-Vu Doll","Bottled Flame","Art of War","Lee\u0027s Waffle","Juzu Bracelet","Smiling Mask","Centennial Puzzle"],"acts_visited":["Exordium","TheCity","TheBeyond"],"potions_floor_usage":[],"damage_taken":[{"damage":2.0,"enemies":"Small Slimes","floor":1.0,"turns":5.0},{"damage":0.0,"enemies":"Cultist","floor":3.0,"turns":3.0},{"damage":0.0,"enemies":"Jaw Worm","floor":5.0,"turns":5.0},{"damage":0.0,"enemies":"2 Fungi Beasts","floor":8.0,"turns":2.0},{"damage":5.0,"enemies":"The Mushroom Lair","floor":10.0,"turns":5.0},{"damage":10.0,"enemies":"Gremlin Nob","floor":11.0,"turns":3.0},{"damage":0.0,"enemies":"Large Slime","floor":12.0,"turns":3.0},{"damage":45.0,"enemies":"The Guardian","floor":16.0,"turns":10.0},{"damage":0.0,"enemies":"Spheric Guardian","floor":18.0,"turns":3.0},{"damage":11.0,"enemies":"Masked Bandits","floor":19.0,"turns":4.0},{"damage":0.0,"enemies":"Chosen","floor":21.0,"turns":3.0},{"damage":0.0,"enemies":"Sentry and Sphere","floor":22.0,"turns":4.0},{"damage":14.0,"enemies":"Slavers","floor":24.0,"turns":4.0},{"damage":0.0,"enemies":"Snake Plant","floor":25.0,"turns":3.0},{"damage":2.0,"enemies":"Centurion and Healer","floor":27.0,"turns":5.0},{"damage":73.0,"enemies":"Champ","floor":33.0,"turns":11.0},{"damage":0,"enemies":"3 Darklings","floor":35,"turns":6},{"damage":0,"enemies":"Mind Bloom Boss Battle","floor":38,"turns":7},{"damage":0,"enemies":"3 Shapes","floor":39,"turns":4},{"damage":55,"enemies":"Reptomancer","floor":40,"turns":8},{"damage":14,"enemies":"Transient","floor":44,"turns":5},{"damage":22,"enemies":"Maw","floor":48,"turns":6},{"damage":99,"enemies":"Awakened One","floor":50,"turns":11}],"seed_played":"4435246075693414946","potions_obtained":[{"floor":3.0,"key":"FairyPotion"},{"floor":8.0,"key":"DuplicationPotion"},{"floor":16.0,"key":"Swift Potion"}],"is_trial":false,"path_per_floor":["M","$","M","?","M","R","?","M","T","?","E","M","R","$","R","B",null,"M","?","?","M","M","R","E","M","T","M","R","$","R","$","R","B",null,"M","?","?","?","M","E","$","T","T","M","R","$","?","M","R","B"],"character_chosen":"THE_SILENT","items_purchased":["HandOfGreed","Regal Pillow","Blood Vial","Dodge and Roll","Anchor","Bottled Lightning","Lee\u0027s Waffle","Accuracy","Phantasmal Killer","Juzu Bracelet","Dramatic Entrance","Accuracy"],"campfire_rested":2,"item_purchase_floors":[2,14,14,14,29,31,41,41,41,41,41,46],"current_hp_per_floor":[68,68,68,68,68,68,68,68,68,63,53,53,53,53,53,10,70,70,59,59,61,63,63,51,53,53,55,55,55,72,72,72,21,72,72,72,62,70,76,27,85,85,85,77,77,77,77,63,89,0,0],"gold":73,"neow_bonus":"HUNDRED_GOLD","is_daily":false,"chose_seed":false,"campfire_upgraded":6,"win_rate":0.0,"timestamp":1609702122,"path_taken":["M","$","M","?","M","R","?","?","T","?","E","M","R","$","R","BOSS","M","?","?","M","M","R","E","M","T","M","R","$","R","$","R","BOSS","M","?","?","?","M","E","$","?","T","M","R","$","?","M","R","BOSS"],"items_purchased_type":["Card","Relic","Relic","Card","Relic","Relic","Relic","Card","Card","Relic","Card","Card"],"build_version":"2020-12-22","purchased_purges":0,"victory":false,"max_hp_per_floor":[70,70,70,70,70,70,70,70,70,70,70,70,70,70,70,70,70,70,70,70,70,70,70,70,70,70,72,72,72,72,72,72,72,72,72,72,72,74,76,78,85,85,85,87,87,87,87,89,89,89,89],"card_choices":[{"not_picked":["Underhanded Strike","Prepared"],"picked":"Quick Slash","floor":1.0},{"not_picked":["Masterful Stab","Infinite Blades"],"picked":"Backstab","floor":3.0},{"not_picked":["Underhanded Strike","Acrobatics"],"picked":"Deflect","floor":5.0},{"not_picked":["Finisher","Wraith Form v2","Outmaneuver"],"picked":"SKIP","floor":8.0},{"not_picked":["Blade Dance","Eviscerate"],"picked":"Cloak And Dagger","floor":10.0},{"not_picked":["Skewer","Riddle With Holes","Eviscerate"],"picked":"SKIP","floor":11.0},{"not_picked":["Outmaneuver","Dagger Throw"],"picked":"Dagger Spray","floor":12.0},{"not_picked":["Burst","Malaise"],"picked":"Tools of the Trade","floor":16.0},{"not_picked":["Deadly Poison+1","Prepared"],"picked":"Terror+1","floor":18.0},{"not_picked":["Prepared","Predator"],"picked":"Blade Dance","floor":19.0},{"not_picked":["Bouncing Flask","Cloak And Dagger","Sucker Punch"],"picked":"SKIP","floor":21.0},{"not_picked":["Skewer","Escape Plan+1","Leg Sweep"],"picked":"SKIP","floor":22.0},{"not_picked":["Deadly Poison","Underhanded Strike+1","Choke+1"],"picked":"SKIP","floor":24.0},{"not_picked":["Dagger Throw+1","Acrobatics+1"],"picked":"Blade Dance+1","floor":25.0},{"not_picked":["Terror","Bane+1","Slice"],"picked":"Singing Bowl","floor":27.0},{"not_picked":["Storm of Steel","Corpse Explosion"],"picked":"After Image","floor":33.0},{"not_picked":["Cloak And Dagger","Poisoned Stab"],"picked":"Dodge and Roll+1","floor":35},{"not_picked":["Jack Of All Trades","Madness"],"picked":"Panacea","floor":37},{"not_picked":["Mind Blast","Panacea"],"picked":"Trip","floor":37},{"not_picked":["Deep Breath","Impatience"],"picked":"Bandage Up","floor":37},{"not_picked":["Flying Knee","Setup+1","All Out Attack"],"picked":"Singing Bowl","floor":38},{"not_picked":["Poisoned Stab+1","Setup","Backflip"],"picked":"Singing Bowl","floor":39},{"not_picked":["Prepared+1","Cloak And Dagger","Poisoned Stab+1"],"picked":"Singing Bowl","floor":40},{"not_picked":["Slice","Poisoned Stab","Dagger Spray+1"],"picked":"Singing Bowl","floor":44},{"not_picked":["Skewer+1","Doppelganger","Bane"],"picked":"Singing Bowl","floor":48}],"player_experience":527984,"relics_obtained":[{"floor":9.0,"key":"Akabeko"},{"floor":10.0,"key":"Odd Mushroom"},{"floor":11.0,"key":"Bronze Scales"},{"floor":19.0,"key":"Red Mask"},{"floor":24.0,"key":"Boot"},{"floor":26.0,"key":"Singing Bowl"},{"floor":38,"key":"Du-Vu Doll"},{"floor":40,"key":"Bottled Flame"},{"floor":40,"key":"Art of War"},{"floor":42,"key":"Smiling Mask"},{"floor":43,"key":"Centennial Puzzle"}],"event_choices":[{"damage_healed":0.0,"max_hp_gain":0.0,"max_hp_loss":0.0,"gold_gain":64.0,"event_name":"Golden Wing","player_choice":"Gained Gold","floor":4.0,"gold_loss":0.0,"damage_taken":0.0},{"cards_removed":["Strike_G"],"damage_healed":0.0,"max_hp_gain":0.0,"max_hp_loss":0.0,"gold_gain":0.0,"event_name":"Bonfire Elementals","player_choice":"Offered Basic","floor":7.0,"gold_loss":0.0,"damage_taken":0.0},{"damage_healed":0.0,"max_hp_gain":0.0,"max_hp_loss":0.0,"gold_gain":0.0,"event_name":"Mushrooms","player_choice":"Fought Mushrooms","floor":10.0,"gold_loss":0.0,"damage_taken":0.0},{"damage_healed":0.0,"max_hp_gain":0.0,"max_hp_loss":0.0,"gold_gain":0.0,"event_name":"Masked Bandits","player_choice":"Fought Bandits","floor":19.0,"gold_loss":0.0,"damage_taken":0.0},{"damage_healed":0.0,"max_hp_gain":0.0,"max_hp_loss":0.0,"gold_gain":0.0,"event_name":"Back to Basics","player_choice":"Simplicity","floor":20.0,"gold_loss":0.0,"damage_taken":0.0,"cards_upgraded":["Strike_G","Strike_G","Strike_G","Strike_G","Defend_G","Defend_G","Defend_G","Defend_G","Defend_G"]},{"damage_healed":0,"gold_gain":222,"player_choice":"Wore Mask","damage_taken":0,"max_hp_gain":0,"max_hp_loss":0,"event_name":"Tomb of Lord Red Mask","floor":36,"gold_loss":0},{"damage_healed":0,"gold_gain":0,"player_choice":"Memory 3","damage_taken":10,"max_hp_gain":0,"max_hp_loss":0,"event_name":"SensoryStone","floor":37,"gold_loss":0},{"damage_healed":0,"gold_gain":0,"player_choice":"Fight","damage_taken":0,"max_hp_gain":0,"max_hp_loss":0,"event_name":"MindBloom","floor":38,"gold_loss":0},{"cards_removed":["Strike_G"],"damage_healed":0,"gold_gain":0,"player_choice":"Removed Attack","damage_taken":0,"max_hp_gain":0,"max_hp_loss":0,"event_name":"Falling","floor":47,"gold_loss":0}],"is_beta":false,"boss_relics":[{"not_picked":["Snecko Eye","Tiny House"],"picked":"Sozu"},{"not_picked":["Pandora\u0027s Box","Ring of the Serpent"],"picked":"Black Star"}],"items_purged_floors":[],"is_endless":false,"potions_floor_spawned":[3,8,16,19,22,24,33,38,44],"killed_by":"Awakened One","ascension_level":0}}