{"host":"xu0zbcebhy6w9mdv","time":1609705034,"event":{"mods":["AchievementEnabler","Act Like it!","Aspiration","BaseMod","Better Match","Better Third Choice","BetterRewards","Colored Powertips","Downfall","Duelist Mod","Friendly Minions","Gensokyo","Hallownest","Hubris","Infinite Spire","Marisa????????","Minty Spire (QoL Compilation)","Potionbrewer","Quick Restart","READ ME - Guardian Mod","READ ME - Snecko Mod","Rare Cards Sparkle","Replay The Spire","Shop Mod","StSLib","The Animator","The Blackbeard","The Bug Knight","The Cursed","The Hierophant","The Necromancer","The Runesmith","The Servant 0.9.4"],"gold_per_floor":[191,208,208,274,290,320,320,320,320,320,156,156,168,168,168,240,240,253,271,106,118,118,118,130,130,130,130,130,130,141,158,158,235,285,295,595,605,619,631,631,631,631,704,774,799,297,323,65,65,65],"floor_reached":51,"playtime":2546,"items_purged":["theDuelist:CastleWalls"],"score":1919,"play_id":"0dd272e6-f1fe-446a-8d3a-771bb136ac33","local_time":"20210103151714","is_ascension_mode":true,"campfire_choices":[{"data":"theDuelist:Nameless:War:AssaultArmor","floor":8,"key":"SMITH"},{"data":"theDuelist:BookSecret","floor":10,"key":"SMITH"},{"data":"theDuelist:KamionTimelord","floor":15,"key":"SMITH"},{"floor":23,"key":"REST"},{"data":"infinitespire:Gouge","floor":25,"key":"SMITH"},{"data":"theDuelist:Polymerization","floor":27,"key":"SMITH"},{"data":"theDuelist:DunamesDarkWitch","floor":29,"key":"SMITH"},{"floor":32,"key":"DIG"},{"data":"theDuelist:OrbMetronome","floor":40,"key":"SMITH"},{"data":"theDuelist:Gozuki","floor":42,"key":"SMITH"},{"data":"Apotheosis","floor":49,"key":"SMITH"}],"circlet_count":0,"master_deck":["theDuelist:RainbowKuribohBasic","theDuelist:RainbowNeos","theDuelist:DunamesDarkWitch+1","theDuelist:CastleWalls","AscendersBane","theDuelist:BookSecret+1","theDuelist:RainbowFlower","theDuelist:Hayate","theDuelist:Sparks+1","theDuelist:GoldenSparks","theDuelist:Eva","theDuelist:KamionTimelord+1","theDuelist:CatShark","theDuelist:RainbowKuriboh","theDuelist:Nameless:War:AssaultArmor+1","theDuelist:Nameless:Power:AllyJustice","theDuelist:Polymerization+1","infinitespire:Gouge+1","theDuelist:Gozuki+1","theDuelist:OrbMetronome+1","theDuelist:SuperSolarNutrient","Apotheosis+1"],"relics":["theDuelist:MillenniumPuzzle","theDuelist:CardPoolRelic","theDuelist:CardPoolBasicRelic","theDuelist:BoosterPackPoolRelic","theDuelist:CardPoolAddRelic","theDuelist:CardPoolMinusRelic","theDuelist:CardPoolSaveRelic","theDuelist:CardPoolOptionsRelic","Incense Burner","Omamori","theDuelist:CardRewardRelicF","King of Hearts","theDuelist:ResummonBranch","theDuelist:MillenniumRing","theDuelist:NamelessPowerRelicB","infinitespire:Golems Mask","Oddly Smooth Stone","Quantum Egg","aspiration:SecretTechniqueScroll","aspiration:Nostalgia","m_ScarletBlood","potionbrewer:BottledElixir","theDuelist:MillenniumPrayerbook","Anchor","Tiny House","hubris:Icosahedron","White Beast Statue","Red Skull","Boot","Blood Vial","Brimstone","theDuelist:DuelistOrichalcum"],"acts_visited":["Exordium","TheCity","TheBeyond"],"potions_floor_usage":[6,33,33,44,50,50],"damage_taken":[{"damage":0,"enemies":"Small Slimes","floor":1,"turns":2},{"damage":0,"enemies":"Jaw Worm","floor":2,"turns":3},{"damage":0,"enemies":"2 Louse","floor":4,"turns":2},{"damage":0,"enemies":"2 Fungi Beasts","floor":5,"turns":3},{"damage":0,"enemies":"3 Sentries","floor":6,"turns":3},{"damage":0,"enemies":"Exordium Thugs","floor":13,"turns":2},{"damage":1,"enemies":"Hexaghost","floor":16,"turns":6},{"damage":5,"enemies":"Shell Parasite","floor":18,"turns":6},{"damage":0,"enemies":"Spheric Guardian","floor":19,"turns":3},{"damage":0,"enemies":"Shelled Parasite and Fungi","floor":21,"turns":2},{"damage":6,"enemies":"Snake Plant","floor":24,"turns":3},{"damage":0,"enemies":"Sentry and Sphere","floor":30,"turns":3},{"damage":0,"enemies":"Cultist and Chosen","floor":31,"turns":3},{"damage":0,"enemies":"Collector","floor":33,"turns":5},{"damage":0,"enemies":"Orb Walker","floor":35,"turns":2},{"damage":0,"enemies":"3 Darklings","floor":37,"turns":3},{"damage":0,"enemies":"Spire Growth","floor":38,"turns":3},{"damage":1,"enemies":"4 Shapes","floor":39,"turns":4},{"damage":0,"enemies":"Sphere and 2 Shapes","floor":44,"turns":4},{"damage":0,"enemies":"Mind Bloom Boss Battle","floor":45,"turns":4},{"damage":0,"enemies":"Reptomancer","floor":47,"turns":3},{"damage":2,"enemies":"Donu and Deca","floor":50,"turns":5}],"seed_played":"-1023481253979723601","potions_obtained":[{"floor":2,"key":"theDuelist:TokenPotionB"},{"floor":6,"key":"sneckomod:MuddlingPotion"},{"floor":18,"key":"theDuelist:BigTributeBottle"},{"floor":34,"key":"CultistPotion"},{"floor":39,"key":"theDuelist:WaterBottle"},{"floor":44,"key":"Strength Potion"}],"is_trial":false,"path_per_floor":["M","M","?","M","M","E","?","R","T","R","$","?","M","T","R","B",null,"M","M","$","M","?","R","M","R","T","R","?","R","M","M","R","B",null,"M","?","M","M","M","R","?","R","T","M","?","$","E","$","R","B",null],"character_chosen":"THE_DUELIST","items_purchased":["Incense Burner","Omamori","theDuelist:CardRewardRelicF","Oddly Smooth Stone","aspiration:Nostalgia","Boot","Blood Vial","Brimstone","Apotheosis"],"campfire_rested":1,"item_purchase_floors":[0,0,0,11,20,46,46,46,48],"current_hp_per_floor":[56,56,56,56,56,56,70,70,70,70,70,70,70,70,70,69,77,72,72,72,72,53,77,71,71,71,71,71,71,71,71,71,71,83,83,83,83,83,82,82,82,82,82,82,82,82,84,84,84,83],"gold":65,"neow_bonus":"","is_daily":false,"chose_seed":false,"campfire_upgraded":9,"win_rate":0.0,"timestamp":1609705034,"path_taken":["M","M","?","M","M","E","?","R","T","R","?","?","?","?","R","BOSS","M","M","$","M","?","R","M","R","T","R","?","R","?","?","R","BOSS","M","?","?","M","M","R","?","R","T","M","?","?","E","$","R","BOSS"],"items_purchased_type":["Relic","Relic","Relic","Relic","Relic","Relic","Relic","Relic","Card"],"build_version":"2020-12-22","purchased_purges":1,"victory":true,"max_hp_per_floor":[70,70,70,70,70,70,80,80,80,80,80,80,80,80,80,80,80,80,80,80,80,80,80,80,80,80,80,80,80,80,80,80,80,85,85,85,85,85,85,85,85,85,85,85,85,85,85,85,85,85],"card_choices":[{"not_picked":["theDuelist:BlasterDragonInfernos","theDuelist:VampireGrace","theDuelist:DarkMasterZorc","theDuelist:RainbowMagician"],"picked":"theDuelist:KamionTimelord","floor":1},{"not_picked":["theDuelist:BlizzardWarrior","theDuelist:DarkMagician","theDuelist:TwinHeadedFire","theDuelist:RedGadget"],"picked":"theDuelist:CatShark","floor":2},{"not_picked":["theDuelist:KamionTimelord","theDuelist:HorusServant","theDuelist:MaleficRainbowDragon","theDuelist:BookSecret","theDuelist:OrbMetronome"],"picked":"SKIP","floor":4},{"not_picked":["theDuelist:ClearKuriboh","theDuelist:GateGuardian","theDuelist:SangaWater"],"picked":"SKIP","floor":5},{"not_picked":["theDuelist:SevenColoredFish","theDuelist:GreenGadget","theDuelist:RevivalJam","theDuelist:AlphaMagnet"],"picked":"theDuelist:RainbowKuriboh","floor":6},{"not_picked":["theDuelist:WhiteHowling","theDuelist:TyrantWing","theDuelist:RainbowGravity","theDuelist:StatueAnguishPattern","theDuelist:RainbowJar"],"picked":"SKIP","floor":13},{"not_picked":["theDuelist:RainbowFlower+1","theDuelist:RainbowNeos","theDuelist:DunamesDarkWitch","theDuelist:HappyLover","theDuelist:RainbowDragon"],"picked":"SKIP","floor":18},{"not_picked":["theDuelist:MudGolem","theDuelist:PurplePainOni","theDuelist:WingedKuribohLv9","theDuelist:GiantTrapHole"],"picked":"theDuelist:Polymerization","floor":19},{"not_picked":["theDuelist:SpiralSpearStrike","theDuelist:DarkEnergy","theDuelist:CallMummy","theDuelist:BookSecret","theDuelist:PotDuality"],"picked":"SKIP","floor":21},{"not_picked":["infinitespire:UltimateForm","ReplayTheSpireMod:Book of Names"],"picked":"infinitespire:Gouge","floor":22},{"not_picked":["theDuelist:TwinHeadedFire","theDuelist:GreenGadget","theDuelist:SevenColoredFish","theDuelist:DragonPiper","theDuelist:FabledAshenveil"],"picked":"SKIP","floor":24},{"not_picked":["theDuelist:AlphaMagnet","theDuelist:GraydleSlimeJr","theDuelist:Biofalcon+1","theDuelist:BeastTalwar"],"picked":"theDuelist:Gozuki","floor":30},{"not_picked":["theDuelist:RainbowFlower","theDuelist:Illusionist","theDuelist:DunamesDarkWitch","theDuelist:FlyingSaucer","theDuelist:RainbowRuins"],"picked":"SKIP","floor":31},{"not_picked":["theDuelist:GoldenBlastJuggler+1","theDuelist:MonsterReborn","theDuelist:DarkMasterZorc","theDuelist:StardustDragon"],"picked":"theDuelist:OrbMetronome","floor":33},{"not_picked":["theDuelist:BattleOx+1","theDuelist:ReinforcementsArmy","theDuelist:CastleDarkIllusions","theDuelist:StrayLambs","theDuelist:RadiantMirrorForce"],"picked":"SKIP","floor":35},{"not_picked":["theDuelist:Yami+1","theDuelist:Nameless:War:AssaultArmor","theDuelist:FluteSummoning+1","theDuelist:Polymerization","theDuelist:WhiteHowling"],"picked":"SKIP","floor":37},{"not_picked":["theDuelist:Yami","theDuelist:Nameless:War:AssaultArmor","theDuelist:FluteSummoning","theDuelist:Polymerization","theDuelist:WhiteHowling"],"picked":"SKIP","floor":38},{"not_picked":["theDuelist:GreenGraveOni","theDuelist:Lajinn","theDuelist:WhiteMagicalHat","theDuelist:BigEye","theDuelist:ArchfiendSoldier"],"picked":"SKIP","floor":39},{"not_picked":["theDuelist:KingYami+1","theDuelist:NeoMagic","theDuelist:FiendMegacyber","theDuelist:GoblinKing+1"],"picked":"theDuelist:SuperSolarNutrient","floor":44},{"not_picked":["theDuelist:Yami+1","theDuelist:Polymerization","theDuelist:WhiteHowling+1","theDuelist:SuperSolarNutrient","theDuelist:RainbowGravity"],"picked":"SKIP","floor":47}],"player_experience":541343,"relics_obtained":[{"floor":6,"key":"theDuelist:MillenniumRing"},{"floor":9,"key":"infinitespire:Golems Mask"},{"floor":14,"key":"Quantum Egg"},{"floor":26,"key":"potionbrewer:BottledElixir"},{"floor":32,"key":"Anchor"},{"floor":43,"key":"White Beast Statue"},{"floor":45,"key":"Red Skull"},{"floor":47,"key":"theDuelist:DuelistOrichalcum"}],"event_choices":[{"damage_healed":0,"gold_gain":0,"player_choice":"Took item - Received: Millennium Branch","duelist":true,"damage_taken":0,"max_hp_gain":0,"max_hp_loss":0,"event_name":"Millennium Items","floor":3,"gold_loss":0},{"power_reward":3,"total_magic_score":89,"gold_gain":0,"duelist":true,"damage_taken":0,"relics_obtained":["theDuelist:NamelessPowerRelicB"],"points":16,"war_reward":4,"max_hp_gain":14,"max_hp_loss":4,"spent_points":{"magic":2,"greed":3,"war":4,"power":3,"hunger":4},"event_name":"Nameless Tomb","hunger_reward":4,"floor":7,"gold_loss":0,"cards_obtained":["theDuelist:Nameless:War:AssaultArmor"]},{"power_reward":4,"total_magic_score":96,"gold_gain":0,"duelist":true,"damage_taken":0,"relics_obtained":[],"points":11,"max_hp_gain":0,"max_hp_loss":0,"spent_points":{"magic":3,"greed":0,"war":4,"power":4,"hunger":0},"event_name":"Nameless Tomb","floor":12,"gold_loss":0,"cards_obtained":["theDuelist:Nameless:Power:AllyJustice"]},{"damage_healed":0,"gold_gain":0,"player_choice":"Took item - Received: Millennium Prayerbook","duelist":true,"damage_taken":0,"max_hp_gain":0,"max_hp_loss":0,"event_name":"Millennium Items","floor":28,"gold_loss":0},{"damage_healed":0,"gold_gain":300,"player_choice":"Gold","damage_taken":0,"max_hp_gain":0,"max_hp_loss":0,"event_name":"Wheel of Change","floor":36,"gold_loss":0},{"damage_healed":0,"gold_gain":0,"player_choice":"Fight","damage_taken":0,"max_hp_gain":0,"max_hp_loss":0,"event_name":"MindBloom","floor":45,"gold_loss":0}],"is_beta":false,"boss_relics":[{"not_picked":["ChewingGum","Cursed Key"],"picked":"aspiration:SecretTechniqueScroll"},{"not_picked":["Snecko Scales","theDuelist:ElectricKey"],"picked":"Tiny House"}],"items_purged_floors":[48],"is_endless":false,"potions_floor_spawned":[2,4,6,18,21,30,31,39,44,45,47],"ascension_level":16}}