{"host":"rguvlafm46vqn9ib","time":1609677279,"event":{"mods":["2.2 Compatiblity","AchievementEnabler","Act Like it!","Aspiration","BaseMod","Beaked The Cultist","Better Match","Better Note","Better Third Choice","BetterRewards","Colored Map","Downfall","Elementarium","GifTheSpireLib","Hermit","Highlight Path","Hubris","JesterMod","Mad Scientist","Minty Spire (QoL Compilation)","RRrroohrrRGHHhhh!!","Reorder Act Four","Replay The Spire","Retaliation","SCP261 Mod","Small Relic Pack","Spikes Relics","StSLib","Stuff the Spire","The Blackbeard","The Bug Knight","The Construct","The Death Knight","The Disciple","The Forsaken","The Judge","The Marked","The Mystic","The Necromancer","The Problem Sleuth","The Runesmith","TheSwordswoman"],"gold_per_floor":[116,69,1,17,17,17,51,51,78,78,2,15,15,15,15,110,110,125,5,21,21,40,40,51,70,70,70,87,101,101,120,120,219,219,237,8,58,74,6,6,56,69,69,82,82,132,258,308,308,308,308],"floor_reached":50,"playtime":3822,"items_purged":[],"score":845,"play_id":"a418040e-08e3-418e-9916-ced7f4e1fecc","local_time":"20210103123439","is_ascension_mode":false,"campfire_choices":[{"data":"theMarked:SoldierOfQuellstein","floor":6,"key":"SMITH"},{"floor":8,"key":"REST"},{"data":"theMarked:Static","floor":13,"key":"SMITH"},{"floor":15,"key":"REST"},{"floor":23,"key":"REST"},{"floor":27,"key":"REST"},{"floor":30,"key":"REST"},{"floor":32,"key":"REST"},{"floor":40,"key":"REST"},{"floor":45,"key":"REST"},{"floor":49,"key":"REST"}],"circlet_count":0,"master_deck":["theMarked:Strike","theMarked:Strike","theMarked:Strike","theMarked:Strike+1","theMarked:Defend","theMarked:Defend","theMarked:Defend+1","theMarked:SoldierOfQuellstein+1","expansioncontent:DefensiveStance+1","theMarked:LightningStrikesTwice","theMarked:HeritageOfTheMarked","theMarked:SwordAndMagic+1","Die Die Die","Terror","Reflex","theMarked:Static+1","theMarked:BanishingStrike","theMarked:TurnInvisible","theMarked:SuspiciousRaven+1","theMarked:AttractMetal+1","theMarked:StartUp","expansioncontent:Chronoboost","theMarked:Generate","theMarked:SoldierForm","theMarked:SwordAndMagic+1","theMarked:SwordAndMagic+1","theMarked:BanishingStrike+1","theMarked:SelfDefenseTraining","theMarked:EternalStudent","theMarked:BanishingWave+1","theMarked:WardOff+1","theMarked:Improvise","theMarked:MaelstromOfLightning","theMarked:Parry+1","theMarked:TakeCover+1","theMarked:CreepingChasm+1","theMarked:ElementalBlade+1","Finesse","theMarked:Seal+1"],"relics":["theMarked:ArtifactOfAir","betterThird:SlimedRelic","relicPack:OneForAll","White Beast Statue","ReplayTheSpireMod:TigerMarble","rorgmod:Ceramic Fish","Mummified Hand","SsserpentHead","Gremlin Food","PreservedInsect","Mirror","Regal Pillow"],"acts_visited":["Exordium","TheCity","TheBeyond"],"potions_floor_usage":[7,18,22,28,28,29,31,33,33,35,38,42,44,47,50,50],"damage_taken":[{"damage":0,"enemies":"2 Louse","floor":1,"turns":3},{"damage":0,"enemies":"Small Slimes","floor":4,"turns":2},{"damage":18,"enemies":"3 Sentries","floor":7,"turns":9},{"damage":11,"enemies":"Jaw Worm","floor":12,"turns":2},{"damage":34,"enemies":"Fading Forest","floor":16,"turns":11},{"damage":3,"enemies":"Shell Parasite","floor":18,"turns":6},{"damage":23,"enemies":"2 Thieves","floor":20,"turns":3},{"damage":8,"enemies":"Chosen and Byrds","floor":22,"turns":5},{"damage":5,"enemies":"Snecko","floor":24,"turns":5},{"damage":9,"enemies":"3 Cultists","floor":25,"turns":6},{"damage":7,"enemies":"Shelled Parasite and Fungi","floor":28,"turns":4},{"damage":20,"enemies":"Cultist and Chosen","floor":29,"turns":5},{"damage":12,"enemies":"Centurion and Healer","floor":31,"turns":5},{"damage":52,"enemies":"Pondfish","floor":33,"turns":13},{"damage":17,"enemies":"3 Shapes","floor":35,"turns":5},{"damage":30,"enemies":"3 Darklings","floor":38,"turns":7},{"damage":17,"enemies":"Writhing Mass","floor":42,"turns":6},{"damage":35,"enemies":"Transient","floor":44,"turns":5},{"damage":21,"enemies":"HollowMod:StalkingDevout","floor":47,"turns":10},{"damage":61,"enemies":"Awakened One","floor":50,"turns":9}],"seed_played":"3526169442973342813","potions_obtained":[{"floor":1,"key":"SCP261:DietGhostPotion"},{"floor":12,"key":"Languid Potion"},{"floor":16,"key":"LifebloodPotion"},{"floor":18,"key":"theMarked:ChargePotion"},{"floor":20,"key":"SCP261:BlastolaColaPotion"},{"floor":22,"key":"LiquidMemories"},{"floor":25,"key":"SCP261:PenguinPunchPotion"},{"floor":28,"key":"LiquidMemories"},{"floor":29,"key":"SkillPotion"},{"floor":31,"key":"Explosive Potion"},{"floor":33,"key":"Adrenaline Potion"},{"floor":35,"key":"theMarked:ChargePotion"},{"floor":38,"key":"SpeedPotion"},{"floor":42,"key":"Regen Potion"},{"floor":44,"key":"Swift Potion"},{"floor":47,"key":"FearPotion"},{"floor":48,"key":"Guardian:BlockOnCardUsePotion"},{"floor":48,"key":"GamblersBrew"}],"is_trial":false,"path_per_floor":["M","?","$","M","?","R","E","R","T","?","$","M","R","?","R","B",null,"M","$","M","?","M","R","M","M","T","R","M","M","R","M","R","B",null,"M","$","?","M","$","R","?","M","T","M","R","?","E","?","R","B"],"character_chosen":"THE_DEFAULT","items_purchased":["expansioncontent:DefensiveStance","theMarked:HeritageOfTheMarked","theMarked:Static","theMarked:BanishingStrike","theMarked:StartUp","expansioncontent:Chronoboost","theMarked:WardOff+1","PreservedInsect","theMarked:Improvise","theMarked:TakeCover"],"campfire_rested":9,"item_purchase_floors":[0,3,11,11,19,19,36,36,36,39],"current_hp_per_floor":[70,59,59,59,59,59,41,62,62,62,62,51,51,29,50,26,70,67,67,44,44,36,57,52,43,43,64,57,37,58,46,67,15,70,53,53,53,23,23,44,65,48,48,28,47,47,26,26,60,0,0],"gold":308,"neow_bonus":"","is_daily":false,"chose_seed":false,"campfire_upgraded":2,"win_rate":0.0,"timestamp":1609677279,"path_taken":["M","?","$","M","?","R","E","R","T","?","?","M","R","?","R","BOSS","M","$","M","?","M","R","M","M","T","R","M","M","R","M","R","BOSS","M","$","?","M","$","R","?","M","T","M","R","?","E","?","R","BOSS"],"items_purchased_type":["Card","Card","Card","Card","Card","Card","Card","Relic","Card","Card"],"build_version":"2020-12-22","purchased_purges":0,"victory":false,"max_hp_per_floor":[70,70,70,70,70,70,70,70,70,70,70,70,70,70,70,70,70,70,70,70,70,70,70,70,70,70,70,70,70,70,70,70,70,70,70,70,70,70,70,70,65,65,65,65,65,65,65,65,65,65,65],"card_choices":[{"not_picked":["theMarked:HeightenedSenses","theMarked:ParalyzingBlade"],"picked":"theMarked:LightningStrikesTwice","floor":1},{"not_picked":["theMarked:RepellingDischarge","theMarked:ChainLightning"],"picked":"theMarked:EmpowerWeapon","floor":4},{"not_picked":["theMarked:ElectricStrings","theMarked:Parkour"],"picked":"theMarked:SwordAndMagic","floor":7},{"not_picked":["theMarked:ChainLightning","theMarked:ReduceFriction"],"picked":"theMarked:TurnInvisible","floor":12},{"not_picked":["theMarked:Levitate","theMarked:ChannelForce"],"picked":"theMarked:SuspiciousRaven","floor":16},{"not_picked":["theMarked:ResourceFulStrike+1","theMarked:RepellingDischarge"],"picked":"theMarked:AttractMetal+1","floor":18},{"not_picked":["theMarked:BanishingStrike","theMarked:TunnelVision"],"picked":"theMarked:Generate","floor":20},{"not_picked":["theMarked:TwofoldDefense","theMarked:WastefulDefense"],"picked":"theMarked:SoldierForm","floor":22},{"not_picked":["theMarked:ChainLightning+1","theMarked:ResourceFulStrike"],"picked":"theMarked:SwordAndMagic+1","floor":24},{"not_picked":["theMarked:EmpowerWeapon","theMarked:Generate+1"],"picked":"theMarked:SwordAndMagic+1","floor":25},{"not_picked":["theMarked:HeightenedSenses+1","theMarked:Panic+1"],"picked":"theMarked:BanishingStrike+1","floor":28},{"not_picked":["theMarked:ParalyzingBlade+1","theMarked:EmpowerWeapon"],"picked":"theMarked:SelfDefenseTraining","floor":29},{"not_picked":["theMarked:AttractMetal","theMarked:Parry","theMarked:Overcharge"],"picked":"SKIP","floor":31},{"not_picked":["theMarked:DispelDoubt","theMarked:Vacuum"],"picked":"theMarked:EternalStudent","floor":33},{"not_picked":["theMarked:ChainLightning","theMarked:TwofoldDefense"],"picked":"theMarked:BanishingWave+1","floor":35},{"not_picked":["theMarked:ResourceFulStrike","theMarked:DeterminationOfTheMarked+1"],"picked":"theMarked:Parry+1","floor":38},{"not_picked":["theMarked:WastefulAttack","theMarked:RepellingDischarge+1"],"picked":"theMarked:CreepingChasm+1","floor":42},{"not_picked":["theMarked:Parkour+1","theMarked:Seal"],"picked":"theMarked:ElementalBlade+1","floor":44},{"not_picked":["Mayhem","expansioncontent:Corrupt"],"picked":"Finesse","floor":46},{"not_picked":["theMarked:MysticalArsenal","theMarked:LightningStrikesTwice+1"],"picked":"theMarked:Seal+1","floor":47}],"player_experience":979770,"relics_obtained":[{"floor":7,"key":"White Beast Statue"},{"floor":9,"key":"ReplayTheSpireMod:TigerMarble"},{"floor":26,"key":"Gremlin Food"},{"floor":43,"key":"Mirror"},{"floor":47,"key":"Regal Pillow"}],"event_choices":[{"damage_healed":0,"gold_gain":0,"player_choice":"Slimed","damage_taken":11,"max_hp_gain":0,"max_hp_loss":0,"event_name":"betterThird:BetterGoop","floor":2,"gold_loss":47},{"damage_healed":0,"gold_gain":1,"player_choice":"Relic Relic ","damage_taken":22,"max_hp_gain":0,"max_hp_loss":0,"event_name":"betterThird:BetterScrap","floor":14,"gold_loss":0,"cards_obtained":["Absolvement"]},{"damage_healed":0,"gold_gain":0,"player_choice":"Trade","damage_taken":0,"relics_obtained":["SsserpentHead"],"max_hp_gain":0,"max_hp_loss":0,"event_name":"FaceTrader","floor":21,"gold_loss":0},{"damage_healed":0,"gold_gain":0,"player_choice":"Memory 1","damage_taken":0,"max_hp_gain":0,"max_hp_loss":0,"event_name":"SensoryStone","floor":46,"gold_loss":0},{"damage_healed":0,"gold_gain":0,"player_choice":"Got Potions","damage_taken":0,"max_hp_gain":0,"max_hp_loss":0,"event_name":"Lab","floor":48,"gold_loss":0}],"is_beta":false,"boss_relics":[{"not_picked":["CosmicIsotope","hubris:TerracottaHorce","aspiration:PoetsPen_weak"]},{"not_picked":["Snecko Eye","Runic Pyramid","Replay:Drink Me"]}],"items_purged_floors":[],"is_endless":false,"potions_floor_spawned":[1,12,16,18,20,22,24,25,28,29,31,33,35,38,42,44,47],"killed_by":"Awakened One","ascension_level":0}}