{"host":"l2dnabsh5e0fsksb","time":1609678417,"event":{"mods":["2.2 Compatiblity","BaseMod","Downfall","Minty Spire (QoL Compilation)","Quick Restart","StSLib"],"gold_per_floor":[199,214,231,243,343,343,343,354,354,354,354],"floor_reached":9,"playtime":454,"items_purged":[],"score":53,"play_id":"bb145e0a-8504-4629-b866-1d7320ddec68","local_time":"20210103232337","is_ascension_mode":false,"campfire_choices":[{"floor":1.0,"key":"RECALL"}],"circlet_count":0,"master_deck":["champ:Strike","champ:Strike","champ:Strike","champ:Strike","champ:Defend","champ:Defend","champ:Defend","champ:Defend","champ:Execute","champ:Taunt","champ:EndlessRage","champ:CrookedStrike","champ:AdrenalArmor","champ:Riposte","champ:EnGarde"],"relics":["champ:ChampionCrown","WristBlade","downfall:BrokenWingStatue","Du-Vu Doll"],"acts_visited":["Exordium"],"potions_floor_usage":[9],"damage_taken":[{"damage":11.0,"enemies":"Cultist","floor":2.0,"turns":3.0},{"damage":8.0,"enemies":"Small Slimes","floor":3.0,"turns":3.0},{"damage":15,"enemies":"Jaw Worm","floor":4,"turns":5},{"damage":67,"enemies":"Jaw Worm","floor":5,"turns":11},{"damage":26,"enemies":"Red Slaver","floor":8,"turns":8},{"damage":24,"enemies":"Gremlin Nob","floor":9,"turns":3}],"seed_played":"9070195323711533348","potions_obtained":[{"floor":4,"key":"GamblersBrew"},{"floor":5,"key":"ColorlessPotion"}],"is_trial":false,"path_per_floor":["R","M","M","M","?","?","T","M","E"],"character_chosen":"THE_CHAMP","items_purchased":[],"campfire_rested":0,"item_purchase_floors":[],"current_hp_per_floor":[90,89,86,76,28,28,28,13,0,0,0],"gold":354,"neow_bonus":"HUNDRED_GOLD","is_daily":false,"chose_seed":false,"campfire_upgraded":0,"win_rate":0.0,"timestamp":1609678417,"path_taken":["R","M","?","M","?","?","T","M","E"],"items_purchased_type":[],"build_version":"2020-12-22","purchased_purges":0,"victory":false,"max_hp_per_floor":[90,90,90,90,90,90,90,90,90,90,90],"card_choices":[{"not_picked":["champ:Haymaker","champ:BerserkersShout"],"picked":"champ:EndlessRage","floor":2.0},{"not_picked":["champ:EndlessRage","champ:CalledShot"],"picked":"champ:CrookedStrike","floor":3.0},{"not_picked":["champ:Duel","champ:EndlessRage"],"picked":"champ:AdrenalArmor","floor":4},{"not_picked":["champ:GladiatorsShout","champ:TornadoPunch"],"picked":"champ:Riposte","floor":5},{"not_picked":["champ:AdrenalArmor","champ:SkillfulDodge"],"picked":"champ:EnGarde","floor":8}],"player_experience":1723721,"relics_obtained":[{"floor":5,"key":"WristBlade"},{"floor":7,"key":"Du-Vu Doll"}],"event_choices":[],"is_beta":false,"boss_relics":[],"items_purged_floors":[],"is_endless":false,"potions_floor_spawned":[4,5],"killed_by":"Gremlin Nob","ascension_level":0}}