{"host":"bf9sa99gaumonoeu","time":1609683518,"event":{"mods":["AchievementEnabler","Act Like it!","BaseMod","Better Sensory Stone","Colored Map","Colored Powertips","Downfall","Duelist Mod","Friendly Minions","Gensokyo","GifTheSpireLib","Hallownest","Hermit","Hubris","Jorbs\u0027s Wanderer Trilogy","KinomotoSakuraMod(????)","Koishi","Lobotomy","Marisa????????","Minty Spire (QoL Compilation)","Reimu??????","Remilia??????","Replay The Spire","Shop Mod","StSLib","The Administrix","The Animator","The Blue Laboratory","The Bug Knight","The Construct","The Cursed","The Disciple","The Hierophant","The Mystic","The Necromancer","The Poker Player","The Runesmith","The Senshi","The Servant 0.9.4","Waifu the Spire"],"gold_per_floor":[119,133,145,157,8,8,21,21,21,37,370,370,330,330,330,458,458,479,479,503,517,535,535,560,578,578,602,620,620,633,669,669,799,799,814,814,606,622,622,622,638,638,638,663,699,715,715,740,740,740,740],"floor_reached":50,"playtime":6932,"items_purged":["PokerPlayerMod:Configure"],"score":552,"play_id":"3a9e102e-5c58-4d3d-ade9-da8118b49ca1","local_time":"20210103121838","is_ascension_mode":false,"metric_token":2578,"campfire_choices":[{"data":"PokerPlayerMod:Extraction","floor":6,"key":"SMITH"},{"data":"PokerPlayerMod:CardBurn","floor":8,"key":"SMITH"},{"data":"PokerPlayerMod:SecretDealer","floor":12,"key":"SMITH"},{"data":"PokerPlayerMod:Mulligan","floor":15,"key":"SMITH"},{"data":"PokerPlayerMod:TrumpStrike","floor":23,"key":"SMITH"},{"floor":29,"key":"REST"},{"floor":32,"key":"REST"},{"data":"PokerPlayerMod:Club6","floor":40,"key":"SMITH"},{"floor":42,"key":"REST"},{"data":"PokerPlayerMod:HiddenCard","floor":47,"key":"SMITH"},{"floor":49,"key":"REST"}],"circlet_count":0,"master_deck":["PokerPlayerMod:Diamond1","PokerPlayerMod:Diamond2","PokerPlayerMod:Diamond3","PokerPlayerMod:Diamond4","PokerPlayerMod:Diamond5","PokerPlayerMod:Spade1","PokerPlayerMod:Spade2","PokerPlayerMod:Spade3","PokerPlayerMod:Spade4","PokerPlayerMod:Club1","PokerPlayerMod:Club2","PokerPlayerMod:Heart2","PokerPlayerMod:TrumpStrike+1","PokerPlayerMod:BadJoker","PokerPlayerMod:Mulligan+1","PokerPlayerMod:Extraction+1","PokerPlayerMod:Trickery","PokerPlayerMod:SecretDealer+1","PokerPlayerMod:CardBurn+1","PokerPlayerMod:FakeSymbols+1","PokerPlayerMod:Fold","PokerPlayerMod:Spade5","PokerPlayerMod:Diamond4","PokerPlayerMod:Spade8","PokerPlayerMod:Diamond10+","PokerPlayerMod:Raise","PokerPlayerMod:Mulligan+1","PokerPlayerMod:Club7","PokerPlayerMod:Manipulation+1","PokerPlayerMod:ChangeRules","PokerPlayerMod:FlyingCard+1","PokerPlayerMod:MagicTrick+1","PokerPlayerMod:DartThrow+1","PokerPlayerMod:Heart4","PokerPlayerMod:Diamond10+","PokerPlayerMod:HiddenCard+1","Wraith","PokerPlayerMod:Sharpen+1","PokerPlayerMod:Overdeal","PokerPlayerMod:RiskyBet","PokerPlayerMod:Raise+1","PokerPlayerMod:WildCard","PokerPlayerMod:Heart9"],"relics":["PokerPlayerMod:DeckCase","hubris:SphereOfDissonance","Old Coin","PaintedHorse:ReiMu","Golden Idol","Painkiller Herb","Mummified Hand","Bag of Marbles","Runesmith:UraniumAnvil","Smiling Mask"],"acts_visited":["Exordium","TheCity","TheBeyond"],"potions_floor_usage":[18,27,30,33,33,33,41,45,50,50,50,50,50,50],"damage_taken":[{"damage":0,"enemies":"Small Slimes","floor":1,"turns":4},{"damage":0,"enemies":"2 Louse","floor":2,"turns":3},{"damage":0,"enemies":"Jaw Worm","floor":3,"turns":2},{"damage":1,"enemies":"2 Fungi Beasts","floor":4,"turns":3},{"damage":3,"enemies":"Exordium Thugs","floor":7,"turns":3},{"damage":3,"enemies":"Exordium Wildlife","floor":10,"turns":2},{"damage":3,"enemies":"HollowMod:MossKnight","floor":11,"turns":8},{"damage":19,"enemies":"The Guardian","floor":16,"turns":10},{"damage":10,"enemies":"3 Byrds","floor":18,"turns":3},{"damage":7,"enemies":"2 Thieves","floor":20,"turns":3},{"damage":8,"enemies":"Snake Plant","floor":21,"turns":3},{"damage":3,"enemies":"Shelled Parasite and Fungi","floor":22,"turns":6},{"damage":1,"enemies":"3 Cultists","floor":24,"turns":4},{"damage":7,"enemies":"Snecko","floor":25,"turns":3},{"damage":12,"enemies":"Snake Plant","floor":27,"turns":4},{"damage":3,"enemies":"Chosen and Byrds","floor":28,"turns":3},{"damage":16,"enemies":"3 Cultists","floor":30,"turns":4},{"damage":5,"enemies":"Book of Stabbing","floor":31,"turns":3},{"damage":9,"enemies":"Collector","floor":33,"turns":8},{"damage":5,"enemies":"3 Shapes","floor":35,"turns":4},{"damage":2,"enemies":"Orb Walker","floor":38,"turns":3},{"damage":21,"enemies":"Writhing Mass","floor":41,"turns":3},{"damage":4,"enemies":"4 Shapes","floor":44,"turns":3},{"damage":26,"enemies":"Reptomancer","floor":45,"turns":5},{"damage":12,"enemies":"Maw","floor":46,"turns":7},{"damage":24,"enemies":"Jaw Worm Horde","floor":48,"turns":2},{"damage":80,"enemies":"Time Eater","floor":50,"turns":9}],"seed_played":"-5037982230565256029","potions_obtained":[{"floor":0,"key":"LiquidMemories"},{"floor":0,"key":"EntropicBrew"},{"floor":0,"key":"blueLaboratory:AbyssPotion"},{"floor":3,"key":"LiquidBronze"},{"floor":22,"key":"Reflective Coating"},{"floor":24,"key":"blueLaboratory:LouseDecoction"},{"floor":27,"key":"FearPotion"},{"floor":33,"key":"blueLaboratory:HorrorPotion"},{"floor":45,"key":"blueLaboratory:EnragingPotion"},{"floor":48,"key":"blueLaboratory:BubblePotion"}],"is_trial":false,"path_per_floor":["M","M","M","M","$","R","M","R","T","M","E","R","?","?","R","B",null,"?","?","?","?","?","T","?","?","T","?","?","T","?","E","T","B",null,"?","?","T","?","?","T","?","T","T","?","E","?","T","?","T","B"],"character_chosen":"THE_POKER_PLAYER","items_purchased":["PokerPlayerMod:FakeSymbols+1","PokerPlayerMod:Fold","PokerPlayerMod:Sharpen+1","PokerPlayerMod:Overdeal"],"campfire_rested":4,"item_purchase_floors":[5,5,37,37],"current_hp_per_floor":[52,52,52,52,52,52,49,49,49,48,47,47,47,34,34,17,52,42,42,41,37,34,34,33,28,28,20,22,37,23,18,33,39,52,52,52,52,50,50,50,29,44,44,48,31,40,40,16,31,0,0],"gold":740,"neow_bonus":"THREE_SMALL_POTIONS","is_daily":false,"chose_seed":false,"campfire_upgraded":7,"win_rate":0.0,"timestamp":1609683518,"path_taken":["M","M","M","M","$","R","M","R","T","M","E","R","?","?","R","BOSS","?","?","?","?","?","T","?","?","T","?","?","T","?","E","T","BOSS","?","?","T","?","?","T","?","T","T","?","E","?","T","?","T","BOSS"],"items_purchased_type":["Card","Card","Card","Card"],"build_version":"2020-12-22","purchased_purges":1,"victory":false,"max_hp_per_floor":[52,52,52,52,52,52,52,52,52,52,52,52,52,52,52,52,52,52,52,52,52,52,52,52,52,52,52,52,52,52,52,52,52,52,52,52,52,52,52,52,52,52,52,52,52,52,52,52,52,42,42],"card_choices":[{"not_picked":["PokerPlayerMod:Spade4","PokerPlayerMod:Trickery"],"picked":"PokerPlayerMod:Extraction","floor":1},{"not_picked":["PokerPlayerMod:Spade3","PokerPlayerMod:Club2"],"picked":"PokerPlayerMod:Trickery","floor":2},{"not_picked":["PokerPlayerMod:Diamond2","PokerPlayerMod:Diamond1"],"picked":"PokerPlayerMod:SecretDealer","floor":3},{"not_picked":["PokerPlayerMod:Configure","PokerPlayerMod:Spade1"],"picked":"PokerPlayerMod:CardBurn","floor":4},{"not_picked":["PokerPlayerMod:Extraction","PokerPlayerMod:Spade1"],"picked":"PokerPlayerMod:Spade5","floor":7},{"not_picked":["PokerPlayerMod:Spade1","PokerPlayerMod:CardBurn"],"picked":"PokerPlayerMod:Diamond4","floor":10},{"not_picked":["PokerPlayerMod:Spade1","PokerPlayerMod:ItsShowtime"],"picked":"PokerPlayerMod:Spade8","floor":11},{"not_picked":["PokerPlayerMod:Diamond7","PokerPlayerMod:Spade10+"],"picked":"PokerPlayerMod:Diamond10+","floor":16},{"not_picked":["PokerPlayerMod:Diamond3","PokerPlayerMod:Club1"],"picked":"PokerPlayerMod:Raise","floor":18},{"not_picked":["PokerPlayerMod:FillThePot","PokerPlayerMod:Configure+1"],"picked":"PokerPlayerMod:Club6","floor":20},{"not_picked":["PokerPlayerMod:CloakAndDiamond+1","PokerPlayerMod:Spade1"],"picked":"PokerPlayerMod:Manipulation+1","floor":21},{"not_picked":["PokerPlayerMod:Diamond3","PokerPlayerMod:SpadeStrike"],"picked":"PokerPlayerMod:Configure","floor":22},{"not_picked":["PokerPlayerMod:HotShotCut","PokerPlayerMod:Club2"],"picked":"PokerPlayerMod:ChangeRules","floor":24},{"not_picked":["PokerPlayerMod:Trickery","PokerPlayerMod:CardBurn"],"picked":"PokerPlayerMod:FlyingCard+1","floor":25},{"not_picked":["PokerPlayerMod:Spade4","PokerPlayerMod:DamnStraight"],"picked":"PokerPlayerMod:MagicTrick+1","floor":27},{"not_picked":["PokerPlayerMod:Spade5","PokerPlayerMod:Fold","PokerPlayerMod:Diamond3"],"picked":"SKIP","floor":28},{"not_picked":["PokerPlayerMod:ClubDance","PokerPlayerMod:CardBurn"],"picked":"PokerPlayerMod:DartThrow+1","floor":30},{"not_picked":["PokerPlayerMod:Diamond7","PokerPlayerMod:Heart2"],"picked":"PokerPlayerMod:Heart4","floor":31},{"not_picked":["PokerPlayerMod:Spade9","PokerPlayerMod:Spade7"],"picked":"PokerPlayerMod:Diamond10+","floor":33},{"not_picked":["PokerPlayerMod:Club2","PokerPlayerMod:HotShotCut+1"],"picked":"PokerPlayerMod:HiddenCard","floor":35},{"not_picked":["PokerPlayerMod:MagicTrick","PokerPlayerMod:Club1","PokerPlayerMod:Spade3"],"picked":"SKIP","floor":38},{"not_picked":["PokerPlayerMod:HotShotCut+1","PokerPlayerMod:Diamond2"],"picked":"PokerPlayerMod:RiskyBet","floor":41},{"not_picked":["PokerPlayerMod:Duplicate","PokerPlayerMod:Diamond3"],"picked":"PokerPlayerMod:Raise+1","floor":44},{"not_picked":["PokerPlayerMod:Spade7","PokerPlayerMod:CardBurn"],"picked":"PokerPlayerMod:WildCard","floor":45},{"not_picked":["PokerPlayerMod:MagicTrick","PokerPlayerMod:ClubsClub","PokerPlayerMod:SpadeStrike"],"picked":"SKIP","floor":46},{"not_picked":["PokerPlayerMod:ClubsClub","PokerPlayerMod:Club1"],"picked":"PokerPlayerMod:Heart9","floor":48}],"player_experience":706573,"relics_obtained":[{"floor":9,"key":"hubris:SphereOfDissonance"},{"floor":11,"key":"Old Coin"},{"floor":26,"key":"Mummified Hand"},{"floor":31,"key":"Bag of Marbles"},{"floor":45,"key":"Smiling Mask"}],"event_choices":[{"damage_healed":0,"gold_gain":0,"player_choice":"Donate","damage_taken":0,"relics_obtained":["PaintedHorse:ReiMu"],"max_hp_gain":0,"max_hp_loss":0,"event_name":"yidonshenshe","floor":13,"gold_loss":40},{"damage_healed":0,"gold_gain":0,"player_choice":"Take Damage","damage_taken":13,"relics_obtained":["Golden Idol"],"max_hp_gain":0,"max_hp_loss":0,"event_name":"Golden Idol","floor":14,"gold_loss":0},{"damage_healed":0,"gold_gain":0,"player_choice":"Copied","damage_taken":0,"max_hp_gain":0,"max_hp_loss":0,"event_name":"PokerPlayerMod:BackToBasicsPoker","floor":19,"gold_loss":0,"cards_obtained":["PokerPlayerMod:Mulligan"]},{"damage_healed":0,"gold_gain":0,"player_choice":"Ignored","damage_taken":0,"max_hp_gain":0,"max_hp_loss":0,"event_name":"OrinTheCat","floor":36,"gold_loss":0},{"damage_healed":0,"gold_gain":0,"player_choice":"Ignored","damage_taken":0,"max_hp_gain":0,"max_hp_loss":0,"event_name":"Mysterious Sphere","floor":39,"gold_loss":0}],"is_beta":false,"boss_relics":[{"not_picked":["hubris:RunicObelisk","Runic Dome"],"picked":"Painkiller Herb"},{"not_picked":["Replay:Drink Me","Empty Cage"],"picked":"Runesmith:UraniumAnvil"}],"items_purged_floors":[37],"is_endless":false,"potions_floor_spawned":[3,4,10,22,24,27,28,33,35,45,48],"killed_by":"Time Eater","ascension_level":0}}