{"host":"Jonboy","time":1609678587,"event":{"mods":["AchievementEnabler","BaseMod","Block Reminder","Colored Powertips","Minty Spire (QoL Compilation)","Relic Stats"],"gold_per_floor":[119,138,138,11,27,27,62,62,115,115,165,165,165,195,195,272,272,283,298,24,24,24,24,43,43,67,100,100,127,138,156,156,229,229,242,293,305,305,129,157,172,172,196,196,211,211,242,254,254,254],"floor_reached":51,"playtime":3275,"items_purged":["Fasting2"],"score":1539,"play_id":"656a90e2-2922-46f1-97b3-e33c5f9dc833","local_time":"20210103125627","is_ascension_mode":true,"campfire_choices":[{"data":"WheelKick","floor":6.0,"key":"SMITH"},{"floor":8.0,"key":"REST"},{"data":"TalkToTheHand","floor":10.0,"key":"SMITH"},{"data":"WindmillStrike","floor":12.0,"key":"SMITH"},{"data":"WaveOfTheHand","floor":15.0,"key":"SMITH"},{"data":"Blasphemy","floor":23.0,"key":"SMITH"},{"floor":25.0,"key":"REST"},{"data":"Omniscience","floor":28.0,"key":"SMITH"},{"data":"EmptyMind","floor":32.0,"key":"SMITH"},{"data":"TalkToTheHand","floor":42.0,"key":"SMITH"},{"data":"MentalFortress","floor":44.0,"key":"SMITH"},{"floor":46.0,"key":"REST"},{"data":"Prostrate","floor":49,"key":"SMITH"}],"circlet_count":0,"master_deck":["AscendersBane","Eruption","Vigilance","EmptyBody","Prostrate+1","WaveOfTheHand+1","PathToVictory","EmptyMind+1","Omniscience+1","EmptyFist","WindmillStrike+1","FlyingSleeves","FlurryOfBlows","WheelKick+1","TalkToTheHand+1","FollowUp","Blasphemy+1","FlurryOfBlows","Consecrate","Necronomicurse","FearNoEvil","FlurryOfBlows","DeceiveReality","CutThroughFate","Brilliance","FlurryOfBlows+1","Protect","Tantrum","Dark Shackles","Swift Strike","TalkToTheHand+1","MentalFortress+1","Conclude","MentalFortress+1","EmptyMind+1","Crescendo+1"],"relics":["Pandora\u0027s Box","Bag of Marbles","Akabeko","Smiling Mask","Pear","SacredBark","White Beast Statue","Necronomicon","Damaru","Meat on the Bone","Art of War","Philosopher\u0027s Stone","CloakClasp","Toxic Egg 2","Nunchaku","InkBottle"],"acts_visited":["Exordium","TheCity","TheBeyond"],"potions_floor_usage":[50,50],"damage_taken":[{"damage":0.0,"enemies":"Jaw Worm","floor":1.0,"turns":4.0},{"damage":4.0,"enemies":"2 Louse","floor":2.0,"turns":3.0},{"damage":0.0,"enemies":"Small Slimes","floor":5.0,"turns":4.0},{"damage":14.0,"enemies":"3 Sentries","floor":7.0,"turns":6.0},{"damage":8.0,"enemies":"Lagavulin","floor":14.0,"turns":4.0},{"damage":16.0,"enemies":"Hexaghost","floor":16.0,"turns":9.0},{"damage":2.0,"enemies":"Chosen","floor":18.0,"turns":4.0},{"damage":17.0,"enemies":"Spheric Guardian","floor":19.0,"turns":5.0},{"damage":0.0,"enemies":"Snake Plant","floor":24.0,"turns":1.0},{"damage":10.0,"enemies":"Slavers","floor":27.0,"turns":3.0},{"damage":0.0,"enemies":"Gremlin Leader","floor":29.0,"turns":1.0},{"damage":0.0,"enemies":"Cultist and Chosen","floor":30.0,"turns":3.0},{"damage":0.0,"enemies":"Centurion and Healer","floor":31.0,"turns":3.0},{"damage":8.0,"enemies":"Automaton","floor":33.0,"turns":6.0},{"damage":0.0,"enemies":"3 Shapes","floor":35.0,"turns":3.0},{"damage":1.0,"enemies":"2 Orb Walkers","floor":36.0,"turns":2.0},{"damage":2.0,"enemies":"3 Darklings","floor":37.0,"turns":3.0},{"damage":7.0,"enemies":"Reptomancer","floor":40.0,"turns":3.0},{"damage":5.0,"enemies":"4 Shapes","floor":41.0,"turns":9.0},{"damage":6.0,"enemies":"Writhing Mass","floor":45.0,"turns":2.0},{"damage":4.0,"enemies":"Nemesis","floor":47.0,"turns":5.0},{"damage":0,"enemies":"Maw","floor":48,"turns":7},{"damage":31,"enemies":"Donu and Deca","floor":50,"turns":7}],"seed_played":"-3486660469119189200","potions_obtained":[{"floor":14.0,"key":"PowerPotion"},{"floor":24.0,"key":"Strength Potion"},{"floor":27.0,"key":"ColorlessPotion"},{"floor":29.0,"key":"CultistPotion"},{"floor":30.0,"key":"Block Potion"},{"floor":31.0,"key":"StancePotion"},{"floor":33.0,"key":"BottledMiracle"},{"floor":35.0,"key":"Swift Potion"},{"floor":36.0,"key":"Ancient Potion"},{"floor":37.0,"key":"DistilledChaos"},{"floor":40.0,"key":"EssenceOfSteel"},{"floor":41.0,"key":"FearPotion"},{"floor":45.0,"key":"Regen Potion"},{"floor":47.0,"key":"DistilledChaos"}],"is_trial":false,"path_per_floor":["M","M","?","$","M","R","E","R","T","R","T","R","?","E","R","B",null,"M","M","$","?","?","R","M","R","T","E","R","E","M","M","R","B",null,"M","?","M","?","$","E","M","R","T","R","M","R","E","M","R","B",null],"character_chosen":"WATCHER","items_purchased":["FlurryOfBlows","White Beast Statue","TalkToTheHand","MentalFortress","PowerPotion"],"campfire_rested":3,"item_purchase_floors":[4,20,39,39,39],"current_hp_per_floor":[61,57,39,39,39,39,25,45,45,45,45,45,50,52,52,36,71,69,52,52,52,31,31,31,55,55,45,45,45,45,45,45,49,75,75,74,72,62,62,55,50,50,50,50,44,68,64,64,64,78],"gold":254,"neow_bonus":"BOSS_RELIC","is_daily":false,"chose_seed":false,"campfire_upgraded":10,"win_rate":0.0,"timestamp":1609678587,"path_taken":["M","M","?","$","M","R","E","R","T","R","?","R","?","E","R","BOSS","M","M","$","?","?","R","M","R","T","E","R","E","M","M","R","BOSS","M","?","M","?","$","E","M","R","T","R","?","R","E","M","R","BOSS"],"items_purchased_type":["Card","Relic","Card","Card","Potion"],"build_version":"2020-12-18","purchased_purges":1,"victory":true,"max_hp_per_floor":[68,68,68,68,68,68,68,68,68,68,68,68,73,83,83,83,83,83,83,83,83,83,83,83,83,83,83,83,83,83,83,83,83,83,83,83,83,83,83,83,83,83,83,83,83,83,83,83,83,83],"relic_stats":{"Nunchaku":[9],"counters":[23,97],"Pandora\u0027s Box":["Fasting2","EmptyBody","Prostrate","WaveOfTheHand","PathToVictory","EmptyMind","Omniscience","EmptyFist"],"Necronomicon":[30],"Art of War":[4],"CloakClasp":[106],"Smiling Mask":0,"obtain_stats":[{"Pear":14,"SacredBark":17,"Damaru":26,"CloakClasp":36,"Smiling Mask":11,"Akabeko":9,"White Beast Statue":20,"Nunchaku":43,"Pandora\u0027s Box":0,"Philosopher\u0027s Stone":34,"Bag of Marbles":7,"Necronomicon":22,"Art of War":29,"PureWater":0,"Toxic Egg 2":40,"InkBottle":47,"Meat on the Bone":27},{"Pear":5,"SacredBark":6,"Damaru":9,"CloakClasp":16,"Smiling Mask":4,"Akabeko":4,"White Beast Statue":8,"Nunchaku":19,"Pandora\u0027s Box":0,"Philosopher\u0027s Stone":14,"Bag of Marbles":4,"Necronomicon":8,"Art of War":11,"PureWater":0,"Toxic Egg 2":18,"InkBottle":21,"Meat on the Bone":10},{"Pear":21,"SacredBark":30,"Damaru":40,"CloakClasp":61,"Smiling Mask":17,"Akabeko":17,"White Beast Statue":39,"Nunchaku":76,"Pandora\u0027s Box":0,"Philosopher\u0027s Stone":56,"Bag of Marbles":17,"Necronomicon":39,"Art of War":44,"PureWater":0,"Toxic Egg 2":67,"InkBottle":83,"Meat on the Bone":43}],"InkBottle":[9],"Meat on the Bone":12},"card_choices":[{"not_picked":["Evaluate","ThirdEye"],"picked":"WindmillStrike","floor":1.0},{"not_picked":["Halt","Worship"],"picked":"FlyingSleeves","floor":2.0},{"not_picked":["FlyingSleeves","DeusExMachina"],"picked":"WheelKick","floor":5.0},{"not_picked":["Adaptation","Swivel"],"picked":"TalkToTheHand","floor":7.0},{"not_picked":["WreathOfFlame","BowlingBash"],"picked":"FollowUp","floor":14.0},{"not_picked":["ConjureBlade","DeusExMachina"],"picked":"Blasphemy","floor":16.0},{"not_picked":["Pray","ClearTheMind+1"],"picked":"FlurryOfBlows","floor":18.0},{"not_picked":["ThirdEye","Vengeance"],"picked":"Consecrate","floor":19.0},{"not_picked":["Prostrate+1","FollowUp"],"picked":"FearNoEvil","floor":24.0},{"not_picked":["SashWhip","FollowUp"],"picked":"FlurryOfBlows","floor":27.0},{"not_picked":["FlurryOfBlows","ConjureBlade"],"picked":"DeceiveReality","floor":29.0},{"not_picked":["Consecrate","FlyingSleeves"],"picked":"CutThroughFate","floor":30.0},{"not_picked":["FollowUp","SashWhip","Crescendo"],"picked":"SKIP","floor":31.0},{"not_picked":["ConjureBlade","MasterReality"],"picked":"Brilliance","floor":33.0},{"not_picked":["BowlingBash+1","WindmillStrike"],"picked":"FlurryOfBlows+1","floor":35.0},{"not_picked":["JustLucky","FollowUp"],"picked":"Protect","floor":36.0},{"not_picked":["LikeWater","Protect"],"picked":"Tantrum","floor":37.0},{"not_picked":["Trip","Deep Breath"],"picked":"Dark Shackles","floor":38.0},{"not_picked":["Good Instincts","Jack Of All Trades"],"picked":"Swift Strike","floor":38.0},{"not_picked":["SandsOfTime","JustLucky"],"picked":"Conclude","floor":40.0},{"not_picked":["Perseverance+1","BowlingBash","Nirvana"],"picked":"SKIP","floor":41.0},{"not_picked":["Evaluate+1","Nirvana"],"picked":"MentalFortress+1","floor":45.0},{"not_picked":["Halt+1","WaveOfTheHand+1"],"picked":"EmptyMind+1","floor":47.0},{"not_picked":["Collect+1","Perseverance+1"],"picked":"Crescendo+1","floor":48}],"player_experience":431992,"relics_obtained":[{"floor":7.0,"key":"Bag of Marbles"},{"floor":9.0,"key":"Akabeko"},{"floor":11.0,"key":"Smiling Mask"},{"floor":14.0,"key":"Pear"},{"floor":22.0,"key":"Necronomicon"},{"floor":26.0,"key":"Damaru"},{"floor":27.0,"key":"Meat on the Bone"},{"floor":29.0,"key":"Art of War"},{"floor":36.0,"key":"CloakClasp"},{"floor":40.0,"key":"Toxic Egg 2"},{"floor":43.0,"key":"Nunchaku"},{"floor":47.0,"key":"InkBottle"}],"event_choices":[{"damage_healed":0.0,"max_hp_gain":0.0,"max_hp_loss":0.0,"gold_gain":0.0,"event_name":"Scrap Ooze","player_choice":"Fled","floor":3.0,"gold_loss":0.0,"damage_taken":18.0},{"damage_healed":0.0,"max_hp_gain":5.0,"max_hp_loss":0.0,"gold_gain":0.0,"event_name":"Big Fish","player_choice":"Donut","floor":13.0,"gold_loss":0.0,"damage_taken":0.0},{"damage_healed":0.0,"max_hp_gain":0.0,"max_hp_loss":0.0,"gold_gain":0.0,"event_name":"Vampires","player_choice":"Ignored","floor":21.0,"gold_loss":0.0,"damage_taken":0.0},{"damage_healed":0.0,"max_hp_gain":0.0,"max_hp_loss":0.0,"gold_gain":0.0,"event_name":"Cursed Tome","player_choice":"Obtained Book","floor":22.0,"gold_loss":0.0,"damage_taken":21.0},{"damage_healed":0.0,"max_hp_gain":0.0,"max_hp_loss":0.0,"gold_gain":0.0,"event_name":"Mysterious Sphere","player_choice":"Fight","floor":36.0,"gold_loss":0.0,"damage_taken":0.0},{"damage_healed":0.0,"max_hp_gain":0.0,"max_hp_loss":0.0,"gold_gain":0.0,"event_name":"SensoryStone","player_choice":"Memory 3","floor":38.0,"gold_loss":0.0,"damage_taken":10.0}],"is_beta":true,"boss_relics":[{"not_picked":["Tiny House","Calling Bell"],"picked":"SacredBark"},{"not_picked":["Snecko Eye","Black Star"],"picked":"Philosopher\u0027s Stone"}],"items_purged_floors":[4],"is_endless":false,"potions_floor_spawned":[14,24,27,29,30,31,33,35,36,37,40,41,45,47,48],"ascension_level":19}}