{"host":"0cnf9zf1gia27zti","time":1609637454,"event":{"mods":["BaseMod","Better Third Choice","BetterRewards","Card Forge","ChefMod","Colored Map","Colored Powertips","Conspire","Downfall","Googly Eyes","Infinite Spire","Minty Spire (QoL Compilation)","Practice Mode","Quick Restart","Replay The Spire","Shade Mod","Spicy Shops","StSLib","The Marked"],"gold_per_floor":[156,261,101,161,3,78,78,165,165,270,222,279,192,270,270,507,507,555,555,615,132,168,168,261,309,309,399,349,448,547,604,604,835,835,895,895,973,1027,491,596,596,327,327,372,414,501,134,224,224,245,245],"floor_reached":52,"playtime":19170,"items_purged":[],"score":3073,"play_id":"4a4877ce-84b6-4fa9-87d1-042ecedd2285","local_time":"20210103013054","daily_mods":["SealedDeck","Heirloom","downfall:Lament","DeadlyEvents","Elite Swarm","Midas"],"is_ascension_mode":true,"campfire_choices":[{"floor":7,"key":"REST"},{"floor":15,"key":"REST"},{"floor":23,"key":"REST"},{"floor":32,"key":"REST"},{"floor":41,"key":"REST"},{"floor":49,"key":"REST"}],"circlet_count":0,"master_deck":["AscendersBane","Barrage+1","Capacitor+1","Cold Snap+1","Lockon+1","Ball Lightning+1","ReplayTheSpireMod:Calculation Training+1","Steam+1","Steam+1","Conserve Battery+1","Conserve Battery+1","Heatsinks+1","ReplayTheSpireMod:Calculation Training+1","Thunder Strike+1","BasicCrystalCard+1","Lockon+1","Pot Of Greed+1","Pot Of Greed+1","Electrodynamics+1","Echo Form+1","ReplayRNGCard+1","Reinforced Body+1","Fission+1","Echo Form+1","ReplayTheSpireMod:Dual Polarity+1","Pot Of Greed+1","infinitespire:UltimateForm+1","Consume+1","Reinforced Body+1","Mirror Shield+1","Loop+1","Tempest+1","Tempest+1","Fission+1","Fission+1","Defragment+1","Chill+1","Pot Of Greed+1","conspire:SpireCoStock+1","Core Surge+1","Fission+1","Reboot+1","Panic Button+1","Electrodynamics+1","Rainbow+1","Rainbow+1","Amplify+1","Master of Strategy+1","Pot Of Greed+1","ReplayRNGCard+1","Echo Form+1","ReplayTheSpireMod:Calculation Training+1","Thunder Strike+1","Defragment+1","Reboot+1","Reinforced Body+1","Master of Strategy+1","Machine Learning+1","Chill+1","Echo Form+1","Pot Of Greed"],"relics":["Cracked Core","Hammer of Thor","Seething Fire","Anvil of the Gods","NeowsBlessing","Ring of Chaos","Replay:Arrowhead","Meat on the Bone","Prayer Wheel","Grinning Jar","Strawberry","infinitespire:Freezer","Replay:Ringing Soul","Prayer Wheel","Counterbalance","betterThird:SlimedRelic","Replay:Wax Seal","infinitespire:Joker Card","DataDisk","ReplayTheSpireMod:TigerMarble","Quantum Egg","Turnip","conspire:GlowingRock","Divine Protection","Prayer Wheel","Prayer Wheel","sneckomod:SneckoTalon","Replay:WaspNest","Garlic","sneckomod:BlankCard","Prayer Wheel","Unceasing Top","White Beast Statue","Golden Egg","Dream Catcher","Replay:Baseball","Prayer Wheel"],"acts_visited":["Exordium","TheCity","TheBeyond"],"potions_floor_usage":[6,8,16,24,27,40,50,50],"damage_taken":[{"damage":0,"enemies":"Small Slimes","floor":1,"turns":1},{"damage":0,"enemies":"conspire:MimicChest","floor":2,"turns":1},{"damage":0,"enemies":"Jaw Worm","floor":4,"turns":1},{"damage":20,"enemies":"Lagavulin","floor":6,"turns":4},{"damage":19,"enemies":"Gremlin Nob","floor":8,"turns":4},{"damage":21,"enemies":"Lagavulin","floor":10,"turns":4},{"damage":0,"enemies":"Cultist","floor":12,"turns":4},{"damage":0,"enemies":"3 Sentries","floor":14,"turns":3},{"damage":0,"enemies":"Hexaghost","floor":16,"turns":9},{"damage":0,"enemies":"Shell Parasite","floor":18,"turns":6},{"damage":0,"enemies":"2 Thieves","floor":20,"turns":3},{"damage":0,"enemies":"Snake Plant","floor":22,"turns":3},{"damage":13,"enemies":"Gremlin Leader","floor":24,"turns":5},{"damage":0,"enemies":"Centurion and Healer","floor":25,"turns":3},{"damage":0,"enemies":"Book of Stabbing","floor":27,"turns":4},{"damage":0,"enemies":"Slavers","floor":29,"turns":3},{"damage":0,"enemies":"Book of Stabbing","floor":30,"turns":4},{"damage":4,"enemies":"Cultist and Chosen","floor":31,"turns":5},{"damage":0,"enemies":"Champ","floor":33,"turns":5},{"damage":0,"enemies":"3 Shapes","floor":35,"turns":2},{"damage":0,"enemies":"Giant Head","floor":37,"turns":3},{"damage":0,"enemies":"Orb Walker","floor":38,"turns":3},{"damage":0,"enemies":"R_Hoarder","floor":40,"turns":4},{"damage":0,"enemies":"Maw","floor":44,"turns":4},{"damage":0,"enemies":"Writhing Mass","floor":45,"turns":3},{"damage":0,"enemies":"Reptomancer","floor":46,"turns":4},{"damage":3,"enemies":"R_Hoarder","floor":48,"turns":5},{"damage":0,"enemies":"Awakened One","floor":50,"turns":7},{"damage":14,"enemies":"Donu and Deca","floor":51,"turns":5}],"seed_played":"-3253805036449205281","potions_obtained":[{"floor":2,"key":"Fire Potion"},{"floor":6,"key":"Regen Potion"},{"floor":8,"key":"Adrenaline Potion"},{"floor":20,"key":"LiquidMemories"},{"floor":24,"key":"FocusPotion"},{"floor":27,"key":"Reflective Coating"},{"floor":29,"key":"Reflective Coating"},{"floor":38,"key":"ColorlessPotion"},{"floor":44,"key":"BlessingOfTheForge"},{"floor":48,"key":"FocusPotion"}],"is_trial":true,"path_per_floor":["M","?","$","M","$","E","R","E","T","E","?","M","$","E","R","B",null,"M","?","M","$","M","R","E","M","T","E","?","E","E","M","R","B",null,"M","?","E","M","$","E","R","$","T","M","M","E","$","E","R","B","B",null],"character_chosen":"DEFECT","items_purchased":["ReplayTheSpireMod:Fabricate Wheel","Grinning Jar","Replay:Wax Seal","DataDisk","Mirror Shield","Loop","Tempest","Amplify","sneckomod:BlankCard","Master of Strategy","ReplayTheSpireMod:Calculation Training","Thunder Strike","Master of Strategy","Dream Catcher"],"campfire_rested":6,"item_purchase_floors":[3,5,13,21,21,21,21,39,39,39,42,42,47,47],"current_hp_per_floor":[64,64,64,64,64,51,74,61,61,43,32,47,47,50,76,79,87,90,71,74,77,80,105,95,98,98,101,104,107,110,109,126,129,129,132,132,135,135,138,141,141,144,144,147,150,153,156,156,162,165,151],"gold":245,"neow_bonus":"","is_daily":false,"chose_seed":false,"campfire_upgraded":0,"win_rate":0.0,"timestamp":1609637454,"path_taken":["M","?","$","M","$","E","R","E","T","E","?","M","$","E","R","BOSS","M","?","M","$","M","R","E","M","T","E","?","E","?","M","R","BOSS","M","?","?","?","$","E","R","$","T","M","M","E","?","E","R","BOSS","BOSS"],"items_purchased_type":["Card","Relic","Relic","Relic","Card","Card","Card","Card","Relic","Card","Card","Card","Card","Relic"],"build_version":"2020-12-22","purchased_purges":0,"victory":true,"max_hp_per_floor":[71,71,71,71,71,78,78,78,78,81,81,84,84,87,87,90,90,93,96,99,102,105,105,108,111,111,114,117,120,123,126,126,129,129,132,132,135,135,138,141,141,144,144,147,150,153,156,159,162,165,165],"card_choices":[{"not_picked":["Sweeping Beam","Streamline"],"picked":"Heatsinks","floor":1},{"not_picked":["Stack","Streamline"],"picked":"ReplayTheSpireMod:Calculation Training","floor":2},{"not_picked":["Hologram","Beam Cell"],"picked":"BasicCrystalCard","floor":4},{"not_picked":["Go for the Eyes","Capacitor"],"picked":"Lockon","floor":4},{"not_picked":["Multi-Cast","Echo Form"],"picked":"Electrodynamics","floor":6},{"not_picked":["Amplify","Echo Form"],"picked":"ReplayTheSpireMod:Fabricate Wheel","floor":8},{"not_picked":["Core Surge","Creative AI"],"picked":"ReplayRNGCard","floor":10},{"not_picked":["Reprogram","White Noise"],"picked":"Reinforced Body","floor":12},{"not_picked":["BasicCrystalCard","ReplayGash","Cold Snap"],"picked":"SKIP","floor":12},{"not_picked":["Barrage","Coolheaded","Compile Driver"],"picked":"SKIP","floor":12},{"not_picked":["Mirror Shield","Seek"],"picked":"Fission","floor":14},{"not_picked":["Machine Learning","Hyperbeam"],"picked":"Echo Form","floor":16},{"not_picked":["Hologram","Barrage"],"picked":"ReplayTheSpireMod:Dual Polarity+1","floor":18},{"not_picked":["ReplaySort","Compile Driver","Rebound"],"picked":"SKIP","floor":18},{"not_picked":["Ball Lightning","Leap","Compile Driver"],"picked":"SKIP","floor":18},{"not_picked":["ReplayTheSpireMod:Book of Names","Replay:Fractal Strike"],"picked":"infinitespire:UltimateForm","floor":19},{"not_picked":["BootSequence","Coolheaded+1"],"picked":"Consume","floor":20},{"not_picked":["Conserve Battery","Sweeping Beam"],"picked":"Reinforced Body","floor":20},{"not_picked":["Undo","Stack","Turbo"],"picked":"SKIP","floor":20},{"not_picked":["Turbo+1","Fusion"],"picked":"Tempest","floor":22},{"not_picked":["Leap","Hologram"],"picked":"Fission","floor":22},{"not_picked":["Go for the Eyes","Darkness","Doom and Gloom"],"picked":"SKIP","floor":22},{"not_picked":["Mirror Shield","Hyperbeam"],"picked":"Fission","floor":24},{"not_picked":["Go for the Eyes","White Noise"],"picked":"Defragment","floor":25},{"not_picked":["Beam Cell","Compile Driver"],"picked":"Chill+1","floor":25},{"not_picked":["ReplayTheSpireMod:System Scan","Compile Driver","Hello World"],"picked":"SKIP","floor":25},{"not_picked":["Amplify","Seek"],"picked":"ReplayTheSpireMod:Fabricate Wheel","floor":27},{"not_picked":["All For One","ReplayTheSpireMod:Omega Cannon"],"picked":"Core Surge","floor":29},{"not_picked":["Electrodynamics","Seek"],"picked":"ReplayTheSpireMod:Fabricate Wheel","floor":30},{"not_picked":["Recycle","Barrage"],"picked":"Panic Button","floor":31},{"not_picked":["Time Bomb","Aggregate","Genetic Algorithm"],"picked":"SKIP","floor":31},{"not_picked":["Skim","Ball Lightning","Go for the Eyes"],"picked":"SKIP","floor":31},{"not_picked":["Redo","Blizzard","BootSequence"],"picked":"SKIP","floor":31},{"not_picked":["Heatsinks","conspire:Rain","Redo"],"picked":"SKIP","floor":31},{"not_picked":["Amplify","Buffer"],"picked":"Rainbow","floor":33},{"not_picked":["Turbo+1","Compile Driver"],"picked":"Rainbow","floor":35},{"not_picked":["Coolheaded","Barrage","BasicCrystalCard"],"picked":"SKIP","floor":35},{"not_picked":["BasicCrystalCard","Streamline","Stack"],"picked":"SKIP","floor":35},{"not_picked":["Stack","Steam","Redo+1"],"picked":"SKIP","floor":35},{"not_picked":["Gash","Barrage","Consume+1"],"picked":"SKIP","floor":35},{"not_picked":["Fission","Reboot"],"picked":"ReplayTheSpireMod:Fabricate Wheel","floor":37},{"not_picked":["Conserve Battery+1","Ball Lightning","Stack"],"picked":"SKIP","floor":38},{"not_picked":["Stack","BasicCrystalCard","FIFO Queue+1"],"picked":"SKIP","floor":38},{"not_picked":["Go for the Eyes+1","Stack","Conserve Battery"],"picked":"SKIP","floor":38},{"not_picked":["Conserve Battery","Sweeping Beam","Hello World"],"picked":"SKIP","floor":38},{"not_picked":["Cold Snap","Reprogram+1","Leap+1"],"picked":"SKIP","floor":38},{"not_picked":["Fission","Electrodynamics"],"picked":"Echo Form","floor":40},{"not_picked":["Conserve Battery","Streamline"],"picked":"Defragment+1","floor":44},{"not_picked":["Turbo+1","Compile Driver"],"picked":"Reboot","floor":44},{"not_picked":["Consume","Turbo","Aggregate"],"picked":"SKIP","floor":44},{"not_picked":["Barrage","Gash","Ball Lightning"],"picked":"SKIP","floor":44},{"not_picked":["Streamline+1","ReplayTheSpireMod:Repulse","Turbo+1"],"picked":"SKIP","floor":44},{"not_picked":["Beam Cell","Leap+1","Go for the Eyes+1"],"picked":"SKIP","floor":44},{"not_picked":["Barrage","Gash"],"picked":"Reinforced Body+1","floor":45},{"not_picked":["ReplayTheSpireMod:Reroute Power+1","Doom and Gloom","Coolheaded"],"picked":"SKIP","floor":45},{"not_picked":["Streamline","Hologram","FTL"],"picked":"SKIP","floor":45},{"not_picked":["Panic Button","Rip and Tear+1","Turbo"],"picked":"SKIP","floor":45},{"not_picked":["Panic Button","Melter+1","Redo"],"picked":"SKIP","floor":45},{"not_picked":["Lockon+1","BasicCrystalCard","Glacier"],"picked":"SKIP","floor":45},{"not_picked":["Machine Learning","Biased Cognition"],"picked":"ReplayTheSpireMod:Fabricate Wheel","floor":46},{"not_picked":["Buffer","Seek"],"picked":"Machine Learning","floor":48},{"not_picked":["Panic Button+1","Undo"],"picked":"Chill+1","floor":49}],"player_experience":2908774,"relics_obtained":[{"floor":2,"key":"Meat on the Bone"},{"floor":6,"key":"Strawberry"},{"floor":8,"key":"infinitespire:Freezer"},{"floor":9,"key":"Replay:Ringing Soul"},{"floor":10,"key":"Counterbalance"},{"floor":14,"key":"infinitespire:Joker Card"},{"floor":24,"key":"ReplayTheSpireMod:TigerMarble"},{"floor":26,"key":"Quantum Egg"},{"floor":27,"key":"Turnip"},{"floor":29,"key":"conspire:GlowingRock"},{"floor":30,"key":"Divine Protection"},{"floor":37,"key":"Garlic"},{"floor":40,"key":"Unceasing Top"},{"floor":43,"key":"White Beast Statue"},{"floor":46,"key":"Golden Egg"},{"floor":48,"key":"Replay:Baseball"}],"event_choices":[{"damage_healed":0,"gold_gain":0,"player_choice":"Slimed","damage_taken":11,"max_hp_gain":0,"max_hp_loss":0,"event_name":"betterThird:BetterGoop","floor":11,"gold_loss":48},{"damage_healed":0,"gold_gain":0,"player_choice":"Invest 1","damage_taken":0,"max_hp_gain":0,"max_hp_loss":0,"event_name":"conspire:Investor","floor":28,"gold_loss":0},{"damage_healed":0,"gold_gain":0,"player_choice":"Gave Potion","damage_taken":0,"relics_obtained":["Replay:WaspNest"],"max_hp_gain":0,"max_hp_loss":0,"event_name":"WeMeetAgain","floor":36,"gold_loss":0}],"is_beta":false,"boss_relics":[{"not_picked":["Replay:Bronze Core","Snecko Eye","Velvet Choker"]},{"not_picked":["Inserter","ReplayTheSpireMod:SealedPack"],"picked":"sneckomod:SneckoTalon"}],"items_purged_floors":[],"is_endless":false,"potions_floor_spawned":[2,6,8,20,24,27,29,30,31,38,44,45,46,48],"ascension_level":20}}