{"host":"rygf0m8z92bga31f","time":1609701782,"event":{"mods":["BaseMod","Bestiary","Colored Powertips","Filter the Spire","Minty Spire (QoL Compilation)","Rare Cards Sparkle","Relic Stats","StSLib","Waifu the Spire"],"gold_per_floor":[116,64,64,84,84,84,128,128,179,194,194,217,248,272,272,392,392,406,419,433,433,142,186,186,224,224,263,178,221,221,53,53,183,183,203,223,286,310,643,668,668,694,720,720,279,293,325,378,378,378,378,378,18,44,44],"floor_reached":56,"playtime":3775,"items_purged":["Aggregate","Zap"],"score":1526,"play_id":"db2e03d8-f344-41d1-bea2-b5fb377a82fe","local_time":"20210103212302","is_ascension_mode":true,"campfire_choices":[{"data":"Fission","floor":6,"key":"SMITH"},{"data":"Loop","floor":8,"key":"SMITH"},{"data":"Coolheaded","floor":15,"key":"SMITH"},{"data":"Loop","floor":32,"key":"SMITH"},{"data":"Recycle","floor":41,"key":"SMITH"},{"floor":44,"key":"RECALL"},{"data":"Amplify","floor":49,"key":"SMITH"},{"data":"Master of Strategy","floor":52,"key":"SMITH"}],"circlet_count":0,"master_deck":["Dualcast","Reboot","Core Surge","Loop+1","Reboot","Fission+1","Undo","Rainbow","Glacier","Barrage","Compile Driver","Gash","Sweeping Beam","Echo Form","Coolheaded+1","Amplify+1","Recycle+1","Go for the Eyes+1","Ghostly","Ghostly","Ghostly","Ghostly","Ghostly","Loop+1","Master of Strategy+1","Genetic Algorithm","Doom and Gloom","Creative AI","Undo","Machine Learning","Hologram","Reinforced Body","Self Repair+1","Force Field+1","Stack+1"],"relics":["Pandora\u0027s Box","Gremlin Horn","Centennial Puzzle","Toy Ornithopter","Potion Belt","Busted Crown","The Courier","Juzu Bracelet","Mummified Hand","MealTicket","Ginger","White Beast Statue","Symbiotic Virus","Runic Pyramid","Mango","Prayer Wheel","Bag of Preparation","Lee\u0027s Waffle","Turnip","Bottled Lightning","Gambling Chip","Lizard Tail","Cauldron","Letter Opener"],"acts_visited":["Exordium","TheCity","TheBeyond","TheEnding"],"potions_floor_usage":[16,25,27,27,33,38,40,42,46,55,55,55,55,55],"damage_taken":[{"damage":5,"enemies":"Small Slimes","floor":1,"turns":3},{"damage":0,"enemies":"2 Louse","floor":4,"turns":3},{"damage":2,"enemies":"Gremlin Nob","floor":7,"turns":4},{"damage":0,"enemies":"Jaw Worm","floor":10,"turns":3},{"damage":7,"enemies":"Exordium Thugs","floor":12,"turns":3},{"damage":9,"enemies":"3 Sentries","floor":13,"turns":6},{"damage":10,"enemies":"Looter","floor":14,"turns":3},{"damage":8,"enemies":"Hexaghost","floor":16,"turns":9},{"damage":11,"enemies":"3 Byrds","floor":18,"turns":5},{"damage":0,"enemies":"Spheric Guardian","floor":19,"turns":4},{"damage":0,"enemies":"Chosen and Byrds","floor":20,"turns":6},{"damage":3,"enemies":"Slavers","floor":23,"turns":7},{"damage":13,"enemies":"Book of Stabbing","floor":25,"turns":6},{"damage":23,"enemies":"Slavers","floor":27,"turns":5},{"damage":3,"enemies":"Gremlin Leader","floor":29,"turns":7},{"damage":0,"enemies":"Collector","floor":33,"turns":8},{"damage":0,"enemies":"3 Shapes","floor":35,"turns":4},{"damage":1,"enemies":"3 Darklings","floor":36,"turns":5},{"damage":0,"enemies":"Mind Bloom Boss Battle","floor":37,"turns":9},{"damage":0,"enemies":"Maw","floor":38,"turns":8},{"damage":3,"enemies":"Giant Head","floor":40,"turns":10},{"damage":4,"enemies":"Reptomancer","floor":42,"turns":6},{"damage":7,"enemies":"Jaw Worm Horde","floor":46,"turns":7},{"damage":0,"enemies":"Nemesis","floor":47,"turns":7},{"damage":3,"enemies":"2 Orb Walkers","floor":48,"turns":5},{"damage":0,"enemies":"Donu and Deca","floor":50,"turns":10},{"damage":1,"enemies":"Shield and Spear","floor":54,"turns":8},{"damage":17,"enemies":"The Heart","floor":55,"turns":11}],"seed_played":"9172911197369240397","potions_obtained":[{"floor":1,"key":"SmokeBomb"},{"floor":7,"key":"Regen Potion"},{"floor":12,"key":"BlessingOfTheForge"},{"floor":14,"key":"LiquidMemories"},{"floor":18,"key":"EssenceOfDarkness"},{"floor":23,"key":"Ancient Potion"},{"floor":29,"key":"DuplicationPotion"},{"floor":33,"key":"FocusPotion"},{"floor":35,"key":"Dexterity Potion"},{"floor":36,"key":"SkillPotion"},{"floor":37,"key":"Fruit Juice"},{"floor":38,"key":"Energy Potion"},{"floor":40,"key":"BlessingOfTheForge"},{"floor":42,"key":"SteroidPotion"},{"floor":46,"key":"SpeedPotion"},{"floor":47,"key":"Swift Potion"},{"floor":53,"key":"LiquidMemories"}],"is_trial":false,"path_per_floor":["M","$","?","M","?","R","E","R","T","M","?","M","E","M","R","B",null,"M","M","M","?","$","E","?","E","T","E","?","E","T","$","R","B",null,"M","M","?","M","?","E","R","E","T","R","$","M","E","?","R","B",null,"R","$","E","B",null],"character_chosen":"DEFECT","items_purchased":["Barrage","Loop","Master of Strategy","Genetic Algorithm","Creative AI","Undo","Lee\u0027s Waffle","Turnip","Lizard Tail","Cauldron"],"campfire_rested":0,"item_purchase_floors":[2,22,22,22,31,31,45,45,53,53],"current_hp_per_floor":[70,70,70,70,69,69,67,67,67,67,64,57,48,38,38,35,69,58,58,58,34,34,31,31,34,34,11,11,8,8,23,23,28,34,34,33,47,53,53,53,53,53,53,53,60,58,60,57,57,60,60,60,60,60,58],"gold":44,"neow_bonus":"BOSS_RELIC","is_daily":false,"chose_seed":false,"campfire_upgraded":7,"win_rate":0.0,"timestamp":1609701782,"path_taken":["M","$","?","M","?","R","E","R","T","M","?","?","E","M","R","BOSS","M","M","M","?","$","E","?","E","T","E","?","E","?","$","R","BOSS","M","M","?","M","?","E","R","E","T","R","$","M","E","?","R","BOSS","R","$","E","BOSS"],"items_purchased_type":["Card","Card","Card","Card","Card","Card","Relic","Relic","Relic","Relic"],"build_version":"2020-12-22","purchased_purges":2,"victory":true,"max_hp_per_floor":[75,75,75,75,69,69,69,69,69,69,69,69,69,69,69,69,69,69,69,69,34,34,34,34,34,34,34,34,34,34,34,34,34,34,34,34,48,53,53,53,53,53,53,53,60,60,60,60,60,60,60,60,60,60,60],"relic_stats":{"Lee\u0027s Waffle":7,"Gremlin Horn":[31,32],"counters":[28,171],"Juzu Bracelet":1,"Bag of Preparation":[12],"Ginger":[13],"Letter Opener":[40],"Centennial Puzzle":[48],"Lizard Tail":0,"Busted Crown":40,"Mummified Hand":[213],"Gambling Chip":[12],"Pandora\u0027s Box":["Reboot","Aggregate","Core Surge","Loop","Reboot","Fission","Undo","Rainbow"],"MealTicket":15,"Prayer Wheel":1,"Turnip":[2],"obtain_stats":[{"Gremlin Horn":7,"Mango":37,"Juzu Bracelet":25,"Bag of Preparation":42,"Ginger":28,"Centennial Puzzle":9,"Lizard Tail":53,"Mummified Hand":26,"Gambling Chip":48,"MealTicket":27,"Prayer Wheel":40,"Cracked Core":0,"Runic Pyramid":34,"Potion Belt":13,"Lee\u0027s Waffle":45,"Golden Idol":5,"The Courier":23,"Letter Opener":54,"White Beast Statue":29,"Cauldron":53,"Busted Crown":17,"Pandora\u0027s Box":0,"Turnip":45,"Bottled Lightning":47,"Symbiotic Virus":30,"Toy Ornithopter":11},{"Gremlin Horn":3,"Mango":19,"Juzu Bracelet":13,"Bag of Preparation":22,"Ginger":14,"Centennial Puzzle":3,"Lizard Tail":26,"Mummified Hand":13,"Gambling Chip":25,"MealTicket":14,"Prayer Wheel":21,"Cracked Core":0,"Runic Pyramid":16,"Potion Belt":6,"Lee\u0027s Waffle":22,"Golden Idol":2,"The Courier":12,"Letter Opener":27,"White Beast Statue":15,"Cauldron":26,"Busted Crown":8,"Pandora\u0027s Box":0,"Turnip":22,"Bottled Lightning":24,"Symbiotic Virus":15,"Toy Ornithopter":4},{"Gremlin Horn":10,"Mango":99,"Juzu Bracelet":62,"Bag of Preparation":123,"Ginger":67,"Centennial Puzzle":10,"Lizard Tail":152,"Mummified Hand":62,"Gambling Chip":142,"MealTicket":67,"Prayer Wheel":117,"Cracked Core":0,"Runic Pyramid":82,"Potion Belt":22,"Lee\u0027s Waffle":123,"Golden Idol":6,"The Courier":56,"Letter Opener":160,"White Beast Statue":74,"Cauldron":152,"Busted Crown":34,"Pandora\u0027s Box":0,"Turnip":123,"Bottled Lightning":137,"Symbiotic Virus":74,"Toy Ornithopter":13}],"Toy Ornithopter":33},"card_choices":[{"not_picked":["Leap","Steam Power"],"picked":"Glacier","floor":1},{"not_picked":["Loop","Leap"],"picked":"Compile Driver","floor":4},{"not_picked":["Streamline","Tempest"],"picked":"Gash","floor":7},{"not_picked":["Chaos","Loop"],"picked":"Sweeping Beam","floor":10},{"not_picked":["Barrage","Beam Cell"],"picked":"Echo Form","floor":12},{"not_picked":["Steam","Compile Driver","Turbo"],"picked":"SKIP","floor":13},{"not_picked":["Force Field","Reprogram"],"picked":"Coolheaded","floor":14},{"not_picked":["Buffer","All For One"],"picked":"Amplify","floor":16},{"not_picked":["Turbo+1"],"picked":"SKIP","floor":18},{"not_picked":[],"picked":"Recycle","floor":19},{"not_picked":[],"picked":"Go for the Eyes+1","floor":20},{"not_picked":["BootSequence"],"picked":"SKIP","floor":23},{"not_picked":["Ball Lightning"],"picked":"SKIP","floor":25},{"not_picked":["Sweeping Beam+1"],"picked":"SKIP","floor":27},{"not_picked":["Beam Cell"],"picked":"SKIP","floor":29},{"not_picked":[],"picked":"Machine Learning","floor":33},{"not_picked":["Steam"],"picked":"SKIP","floor":35},{"not_picked":[],"picked":"Hologram","floor":36},{"not_picked":["Compile Driver+1"],"picked":"SKIP","floor":38},{"not_picked":["Scrape"],"picked":"SKIP","floor":40},{"not_picked":[],"picked":"Reinforced Body","floor":42},{"not_picked":[],"picked":"Self Repair+1","floor":46},{"not_picked":["Static Discharge"],"picked":"SKIP","floor":46},{"not_picked":["Hologram"],"picked":"SKIP","floor":47},{"not_picked":[],"picked":"Force Field+1","floor":48},{"not_picked":["Stack+1"],"picked":"SKIP","floor":54},{"not_picked":[],"picked":"Stack+1","floor":54}],"player_experience":1844856,"relics_obtained":[{"floor":7,"key":"Gremlin Horn"},{"floor":9,"key":"Centennial Puzzle"},{"floor":13,"key":"Potion Belt"},{"floor":23,"key":"The Courier"},{"floor":25,"key":"Juzu Bracelet"},{"floor":26,"key":"Mummified Hand"},{"floor":27,"key":"MealTicket"},{"floor":29,"key":"White Beast Statue"},{"floor":30,"key":"Symbiotic Virus"},{"floor":37,"key":"Mango"},{"floor":40,"key":"Prayer Wheel"},{"floor":42,"key":"Bag of Preparation"},{"floor":47,"key":"Bottled Lightning"},{"floor":48,"key":"Gambling Chip"},{"floor":54,"key":"Letter Opener"}],"event_choices":[{"damage_healed":0,"gold_gain":0,"player_choice":"Leave","damage_taken":0,"max_hp_gain":0,"max_hp_loss":0,"event_name":"The Cleric","floor":3,"gold_loss":0},{"damage_healed":0,"gold_gain":0,"player_choice":"Lose Max HP","damage_taken":0,"relics_obtained":["Golden Idol"],"max_hp_gain":0,"max_hp_loss":6,"event_name":"Golden Idol","floor":5,"gold_loss":0},{"damage_healed":0,"gold_gain":0,"player_choice":"Success","damage_taken":3,"relics_obtained":["Toy Ornithopter"],"max_hp_gain":0,"max_hp_loss":0,"event_name":"Scrap Ooze","floor":11,"gold_loss":0},{"damage_healed":0,"gold_gain":0,"player_choice":"Became a Ghost","damage_taken":0,"max_hp_gain":0,"max_hp_loss":35,"event_name":"Ghosts","floor":21,"gold_loss":0,"cards_obtained":["Ghostly","Ghostly","Ghostly","Ghostly","Ghostly"]},{"damage_healed":0,"gold_gain":0,"player_choice":"Read","damage_taken":0,"max_hp_gain":0,"max_hp_loss":0,"event_name":"The Library","floor":24,"gold_loss":0,"cards_obtained":["Doom and Gloom"]},{"damage_healed":0,"gold_gain":0,"player_choice":"Obtained Relic","damage_taken":0,"relics_obtained":["Ginger"],"max_hp_gain":0,"max_hp_loss":0,"event_name":"Addict","floor":28,"gold_loss":85},{"damage_healed":0,"gold_gain":0,"player_choice":"Fight","damage_taken":0,"max_hp_gain":0,"max_hp_loss":0,"event_name":"MindBloom","floor":37,"gold_loss":0},{"damage_healed":0,"gold_gain":333,"player_choice":"Gave Idol","damage_taken":0,"max_hp_gain":0,"max_hp_loss":0,"event_name":"The Moai Head","floor":39,"relics_lost":["Golden Idol"],"gold_loss":0},{"damage_healed":0,"gold_gain":0,"player_choice":"Fight","damage_taken":0,"max_hp_gain":0,"max_hp_loss":0,"event_name":"Mysterious Sphere","floor":48,"gold_loss":0}],"is_beta":false,"boss_relics":[{"not_picked":["Velvet Choker","Sozu"],"picked":"Busted Crown"},{"not_picked":["Tiny House","Inserter"],"picked":"Runic Pyramid"}],"items_purged_floors":[31,45],"is_endless":false,"potions_floor_spawned":[1,7,12,14,18,23,29,33,35,36,37,38,40,42,46,47,48,54],"ascension_level":1}}