{"host":"qwttrqaysb380yri","time":1609700504,"event":{"mods":["BaseMod","Custom Start","Minty Spire (QoL Compilation)","Permanent Neow","Puzzle Mod","Relic Stats","StSLib","The Hierophant"],"gold_per_floor":[112,51,63,94,121,162,174,202,237,69,79,90,125,139,139,212,212,228,118,137,153,153,153],"floor_reached":22,"playtime":747,"items_purged":["Strike_R"],"score":375,"play_id":"7ca3e8a4-c09f-452e-962f-aef9b90954d4","local_time":"20210103200144","is_ascension_mode":true,"campfire_choices":[{"data":"Feed","floor":7.0,"key":"SMITH"},{"floor":15,"key":"REST"}],"circlet_count":0,"master_deck":["AscendersBane","Strike_R","Strike_R","Strike_R","Defend_R","Defend_R","Defend_R","Defend_R","Bash+1","Exhume","Anger","Feed+1","Wild Strike","Sever Soul","Flex","Headbutt","Clothesline","True Grit","Immolate","Shrug It Off","Reaper"],"relics":["Burning Blood","MawBank","Boot","Regal Pillow","Blue Candle","Velvet Choker"],"acts_visited":["Exordium","TheCity"],"potions_floor_usage":[11,13,18],"damage_taken":[{"damage":11.0,"enemies":"Cultist","floor":1.0,"turns":4.0},{"damage":8.0,"enemies":"Jaw Worm","floor":4.0,"turns":4.0},{"damage":9.0,"enemies":"2 Louse","floor":5.0,"turns":4.0},{"damage":40.0,"enemies":"Lagavulin","floor":6.0,"turns":7.0},{"damage":33.0,"enemies":"Gremlin Gang","floor":8.0,"turns":5.0},{"damage":7,"enemies":"Looter","floor":11,"turns":4},{"damage":32,"enemies":"Red Slaver","floor":12,"turns":5},{"damage":8,"enemies":"Gremlin Nob","floor":13,"turns":3},{"damage":12,"enemies":"2 Fungi Beasts","floor":14,"turns":3},{"damage":57,"enemies":"Slime Boss","floor":16,"turns":14},{"damage":22,"enemies":"Chosen","floor":18,"turns":5},{"damage":20,"enemies":"2 Thieves","floor":20,"turns":3},{"damage":33,"enemies":"3 Cultists","floor":21,"turns":5},{"damage":22,"enemies":"Snake Plant","floor":22,"turns":4}],"seed_played":"3591813157172093507","potions_obtained":[{"floor":6.0,"key":"SpeedPotion"},{"floor":8.0,"key":"Swift Potion"},{"floor":12,"key":"DistilledChaos"},{"floor":16,"key":"Swift Potion"}],"is_trial":false,"path_per_floor":["M","?","$","M","M","E","R","M","T","$","M","M","E","M","R","B",null,"M","?","M","M","M"],"character_chosen":"IRONCLAD","items_purchased":["FairyPotion"],"campfire_rested":1,"item_purchase_floors":[10],"current_hp_per_floor":[63,63,63,61,64,30,30,11,11,11,10,27,25,23,67,16,77,65,65,55,28,6,6],"gold":153,"neow_bonus":"ONE_RANDOM_RARE_CARD","is_daily":false,"chose_seed":false,"campfire_upgraded":1,"win_rate":0.0,"timestamp":1609700504,"path_taken":["M","?","$","M","M","E","R","M","T","?","M","M","E","?","R","BOSS","M","?","M","M","?"],"items_purchased_type":["Potion"],"build_version":"2020-12-22","purchased_purges":1,"victory":false,"max_hp_per_floor":[75,75,75,75,81,81,81,89,89,89,89,93,93,97,97,97,97,101,101,105,105,105,105],"relic_stats":{"Regal Pillow":15,"counters":[14,70],"Blue Candle":[0],"MawBank":96,"Boot":[12],"obtain_stats":[{"Regal Pillow":9,"Blue Candle":13,"Velvet Choker":17,"MawBank":2,"Boot":6,"Burning Blood":0},{"Regal Pillow":5,"Blue Candle":8,"Velvet Choker":10,"MawBank":1,"Boot":4,"Burning Blood":0},{"Regal Pillow":24,"Blue Candle":36,"Velvet Choker":53,"MawBank":4,"Boot":19,"Burning Blood":0}],"Burning Blood":78},"card_choices":[{"not_picked":["True Grit","Twin Strike"],"picked":"Anger","floor":1.0},{"not_picked":["Clothesline","Cleave"],"picked":"Feed","floor":4.0},{"not_picked":["Rupture","Flex"],"picked":"Wild Strike","floor":5.0},{"not_picked":["Disarm","Armaments"],"picked":"Sever Soul","floor":6.0},{"not_picked":["Iron Wave","Shrug It Off"],"picked":"Flex","floor":8.0},{"not_picked":["Sword Boomerang","Heavy Blade"],"picked":"Headbutt","floor":11},{"not_picked":["Perfected Strike","Heavy Blade"],"picked":"Clothesline","floor":12},{"not_picked":["Iron Wave","Carnage"],"picked":"True Grit","floor":13},{"not_picked":["Pommel Strike","Wild Strike","Perfected Strike"],"picked":"SKIP","floor":14},{"not_picked":["Demon Form","Reaper"],"picked":"Immolate","floor":16},{"not_picked":["Warcry","Anger","Iron Wave"],"picked":"SKIP","floor":18},{"not_picked":["Clothesline","Perfected Strike"],"picked":"Shrug It Off","floor":20},{"not_picked":["Clash","Warcry"],"picked":"Reaper","floor":21}],"player_experience":2001924,"relics_obtained":[{"floor":6.0,"key":"Boot"},{"floor":9.0,"key":"Regal Pillow"},{"floor":13,"key":"Blue Candle"}],"event_choices":[{"damage_healed":0.0,"max_hp_gain":0.0,"max_hp_loss":0.0,"gold_gain":0.0,"event_name":"WeMeetAgain","player_choice":"Paid Gold","floor":2.0,"gold_loss":61.0,"damage_taken":0.0,"relics_obtained":["MawBank"]},{"cards_removed":["Strike_R"],"damage_healed":0,"gold_gain":0,"player_choice":"Upgrade and Remove","damage_taken":0,"max_hp_gain":0,"max_hp_loss":0,"event_name":"Designer","floor":19,"gold_loss":110,"cards_upgraded":["Bash"]}],"is_beta":false,"boss_relics":[{"not_picked":["Black Blood","Astrolabe"],"picked":"Velvet Choker"}],"items_purged_floors":[10],"is_endless":false,"potions_floor_spawned":[6,8,12,16],"killed_by":"Snake Plant","ascension_level":15}}