{"host":"Ian","time":1609673366,"event":{"mods":["BaseMod","Bestiary","Block Reminder","Colored Map","Highlight Path","Key Reminder","Minty Spire (QoL Compilation)","Relic Stats"],"gold_per_floor":[111,161,173,26,45,45,56,56,56],"floor_reached":8,"playtime":306,"items_purged":[],"score":96,"play_id":"0e057ca7-3fa0-4769-a6eb-3fecd4d68984","local_time":"20210103112926","is_ascension_mode":true,"campfire_choices":[{"data":"Bash","floor":6,"key":"SMITH"}],"circlet_count":0,"master_deck":["AscendersBane","Strike_R","Strike_R","Strike_R","Strike_R","Strike_R","Defend_R","Defend_R","Defend_R","Defend_R","Bash+1","Perfected Strike","Anger","Evolve","Armaments","Thunderclap"],"relics":["Black Star"],"acts_visited":["Exordium"],"potions_floor_usage":[7],"damage_taken":[{"damage":6,"enemies":"Cultist","floor":1,"turns":4},{"damage":10,"enemies":"Small Slimes","floor":3,"turns":4},{"damage":7,"enemies":"Jaw Worm","floor":5,"turns":3},{"damage":13,"enemies":"Exordium Thugs","floor":7,"turns":5},{"damage":35,"enemies":"Lagavulin","floor":8,"turns":3}],"seed_played":"4414231708240728072","potions_obtained":[],"is_trial":false,"path_per_floor":["M","?","M","$","M","R","M","E"],"character_chosen":"IRONCLAD","items_purchased":["Evolve","Armaments","SteroidPotion"],"campfire_rested":0,"item_purchase_floors":[4,4,4],"current_hp_per_floor":[62,62,52,52,45,45,32,0,0],"gold":56,"neow_bonus":"BOSS_RELIC","is_daily":false,"chose_seed":false,"campfire_upgraded":1,"win_rate":0.0,"timestamp":1609673366,"path_taken":["M","?","M","$","M","R","M","E"],"items_purchased_type":["Card","Card","Potion"],"build_version":"2020-12-18","purchased_purges":0,"victory":false,"max_hp_per_floor":[75,75,75,75,75,75,75,75,75],"relic_stats":{"counters":[5,19],"Black Star":0,"obtain_stats":[{"Black Star":0,"Burning Blood":0},{"Black Star":0,"Burning Blood":0},{"Black Star":0,"Burning Blood":0}]},"card_choices":[{"not_picked":["Shockwave","Dark Embrace"],"picked":"Perfected Strike","floor":1},{"not_picked":["Rage","Heavy Blade"],"picked":"Anger","floor":3},{"not_picked":["Armaments","Shockwave","True Grit"],"picked":"SKIP","floor":5},{"not_picked":["Sever Soul","Warcry"],"picked":"Thunderclap","floor":7}],"player_experience":2621009,"relics_obtained":[],"event_choices":[{"damage_healed":0,"gold_gain":50,"player_choice":"Pray","damage_taken":0,"max_hp_gain":0,"max_hp_loss":0,"event_name":"Golden Shrine","floor":2,"gold_loss":0}],"is_beta":true,"boss_relics":[],"items_purged_floors":[],"is_endless":false,"potions_floor_spawned":[],"killed_by":"Lagavulin","ascension_level":20}}