{"host":"f7rb14kzcw8hx1r1","time":1609689105,"event":{"mods":["BaseMod","Better Note","Better Third Choice","Colored Map","Highlight Path","Hubris","Minty Spire (QoL Compilation)","Replay The Spire","StSLib","The Forsaken"],"gold_per_floor":[367,384,398,70,84,84,111,111,111,61,61,93,112,122,122,226,226,243,263,274,285,64,64,14,14,14,32,32,66,83,83,83,180,180,195,250,266,89,102,102,112,112,112,112,112,112,128,160,160,180,180,180],"floor_reached":53,"playtime":2103,"items_purged":["Strike_B","Turbo"],"score":796,"play_id":"50cfe940-8ea3-44a4-abab-27380e6cabf0","local_time":"20210103165145","is_ascension_mode":false,"campfire_choices":[{"data":"Zap","floor":6.0,"key":"SMITH"},{"data":"Dualcast","floor":8.0,"key":"SMITH"},{"data":"Barrage","floor":11.0,"key":"SMITH"},{"data":"Sweeping Beam","floor":15.0,"key":"SMITH"},{"data":"ReplayTheSpireMod:Calculation Training","floor":23.0,"key":"SMITH"},{"data":"BasicCrystalCard","floor":25.0,"key":"SMITH"},{"data":"Coolheaded","floor":28.0,"key":"SMITH"},{"data":"Hologram","floor":32,"key":"SMITH"},{"data":"Mirror Shield","floor":40,"key":"SMITH"},{"data":"Defragment","floor":42,"key":"SMITH"},{"data":"Coolheaded","floor":44,"key":"SMITH"},{"data":"Echo Form","floor":49,"key":"SMITH"},{"data":"Electrodynamics","floor":51,"key":"SMITH"}],"circlet_count":0,"master_deck":["Zap+1","Dualcast+1","Coolheaded+1","Coolheaded+1","Sweeping Beam+1","Barrage+1","Genetic Algorithm","Conserve Battery","Melter","Compile Driver","Reinforced Body","Echo Form+1","Compile Driver+1","hubris:Ukulele+1","Cold Snap","ReplayTheSpireMod:Calculation Training+1","BasicCrystalCard+1","Ball Lightning","Reinforced Body+1","Hologram+1","Electrodynamics+1","Seek+1","Barrage+1","Chill+1","Defragment+1","Mirror Shield+1"],"relics":["Cracked Core","Runic Capacitor","Replay:PocketPolymizer","Bronze Scales","Omamori","hubris:ScarierMask","Sling","Replay:WaspNest","Prayer Wheel","Du-Vu Doll","Coffee Dripper","hubris:GlazedTorus","Mercury Hourglass","Toy Ornithopter"],"acts_visited":["Exordium","TheCity","TheBeyond"],"potions_floor_usage":[33,52,52],"damage_taken":[{"damage":10.0,"enemies":"Jaw Worm","floor":1.0,"turns":4.0},{"damage":3.0,"enemies":"2 Louse","floor":2.0,"turns":3.0},{"damage":0.0,"enemies":"Cultist","floor":3.0,"turns":5.0},{"damage":5.0,"enemies":"Looter","floor":5.0,"turns":4.0},{"damage":4.0,"enemies":"Replay:BlueRogue","floor":7.0,"turns":6.0},{"damage":10.0,"enemies":"3 Sentries","floor":12.0,"turns":5.0},{"damage":0.0,"enemies":"Large Slime","floor":13.0,"turns":4.0},{"damage":4.0,"enemies":"Exordium Thugs","floor":14.0,"turns":3.0},{"damage":14.0,"enemies":"Hexaghost","floor":16.0,"turns":7.0},{"damage":0.0,"enemies":"Chosen","floor":18.0,"turns":5.0},{"damage":4.0,"enemies":"Shell Parasite","floor":19.0,"turns":4.0},{"damage":8.0,"enemies":"Snake Plant","floor":20.0,"turns":4.0},{"damage":0.0,"enemies":"Cultist and Chosen","floor":21.0,"turns":4.0},{"damage":1.0,"enemies":"Snecko","floor":27.0,"turns":5.0},{"damage":15.0,"enemies":"Slavers","floor":29.0,"turns":5.0},{"damage":0,"enemies":"Centurion and Healer","floor":30,"turns":3},{"damage":0,"enemies":"Collector","floor":33,"turns":5},{"damage":0,"enemies":"3 Darklings","floor":35,"turns":3},{"damage":0,"enemies":"2 Orb Walkers","floor":36,"turns":3},{"damage":0,"enemies":"Orb Walker","floor":37,"turns":3},{"damage":0,"enemies":"Sphere and 2 Shapes","floor":39,"turns":3},{"damage":0,"enemies":"Spire Growth","floor":41,"turns":3},{"damage":0,"enemies":"Jaw Worm Horde","floor":47,"turns":3},{"damage":0,"enemies":"R_Hoarder","floor":48,"turns":6},{"damage":0,"enemies":"Writhing Mass","floor":50,"turns":5},{"damage":20,"enemies":"Time Eater","floor":52,"turns":10}],"seed_played":"5230082193220083381","potions_obtained":[{"floor":2.0,"key":"SmokeBomb"},{"floor":12.0,"key":"EssenceOfSteel"},{"floor":14.0,"key":"Adrenaline Potion"},{"floor":16.0,"key":"Weak Potion"},{"floor":19.0,"key":"CultistPotion"},{"floor":21.0,"key":"SkillPotion"},{"floor":29,"key":"SpeedPotion"},{"floor":30,"key":"Elixir"},{"floor":35,"key":"Elixir"},{"floor":39,"key":"ColorlessPotion"}],"is_trial":false,"path_per_floor":["M","M","M","$","M","R","E","R","T","?","R","E","M","M","R","B",null,"M","M","M","M","$","R","?","R","T","M","R","E","M","?","R","B",null,"M","?","M","$","M","R","M","R","T","R","PTL","PTL","M","E","R","M","R","B",null],"character_chosen":"DEFECT","items_purchased":["Runic Capacitor","Fruit Juice","ReplayTheSpireMod:Calculation Training","Sling","Defragment"],"campfire_rested":0,"item_purchase_floors":[4,4,22,22,38],"current_hp_per_floor":[58,55,55,60,55,55,51,51,51,51,51,41,41,37,37,23,73,73,69,61,61,61,61,61,61,61,60,60,45,45,45,45,45,73,73,73,73,73,73,73,73,73,73,73,73,73,73,73,73,73,73,58],"gold":180,"neow_bonus":"TWO_FIFTY_GOLD","is_daily":false,"chose_seed":false,"campfire_upgraded":13,"win_rate":0.0,"timestamp":1609689105,"path_taken":["M","M","M","$","M","R","E","R","T","?","R","E","M","M","R","BOSS","M","M","M","M","$","R","?","R","T","M","R","E","?","?","R","BOSS","M","?","M","$","M","R","M","R","T","R","PTL","PTL","M","E","R","M","R","BOSS"],"items_purchased_type":["Relic","Potion","Card","Relic","Card"],"build_version":"2020-12-22","purchased_purges":2,"victory":true,"max_hp_per_floor":[68,68,68,73,73,73,73,73,73,73,73,73,73,73,73,73,73,73,73,73,73,73,73,73,73,73,73,73,73,73,73,73,73,73,73,73,73,73,73,73,73,73,73,73,73,73,73,73,73,73,73,73],"card_choices":[{"not_picked":["Hologram","Rebound"],"picked":"Coolheaded","floor":1.0},{"not_picked":["ReplayTheSpireMod:Repulse","Go for the Eyes"],"picked":"Coolheaded","floor":2.0},{"not_picked":["Crystallizer","Streamline","Beam Cell"],"picked":"SKIP","floor":3.0},{"not_picked":["Double Energy","Rebound"],"picked":"Sweeping Beam","floor":5.0},{"not_picked":["Sweeping Beam","Fission","Genetic Algorithm"],"picked":"SKIP","floor":7.0},{"not_picked":["Go for the Eyes","Crystallizer"],"picked":"Conserve Battery","floor":12.0},{"not_picked":["Chill","Loop"],"picked":"Melter","floor":13.0},{"not_picked":["ReplaySort","Streamline"],"picked":"Compile Driver","floor":14.0},{"not_picked":["Multi-Cast","Rainbow"],"picked":"Echo Form","floor":16.0},{"not_picked":["Steam","Sweeping Beam"],"picked":"Compile Driver+1","floor":18.0},{"not_picked":["Genetic Algorithm","Turbo"],"picked":"hubris:Ukulele+1","floor":19.0},{"not_picked":["Recycle","Turbo"],"picked":"Cold Snap","floor":20.0},{"not_picked":["Hologram","Cold Snap","Crystallizer"],"picked":"SKIP","floor":21.0},{"not_picked":["hubris:Ukulele+1","Turbo+1"],"picked":"Ball Lightning","floor":27.0},{"not_picked":["ReplayTheSpireMod:System Scan","Double Energy"],"picked":"Reinforced Body+1","floor":29},{"not_picked":["Panic Button","Sweeping Beam"],"picked":"Hologram","floor":30},{"not_picked":["Hologram","Turbo"],"picked":"Electrodynamics","floor":30},{"not_picked":["hubris:Ukulele","Streamline+1"],"picked":"Barrage+1","floor":35},{"not_picked":["Fusion","Force Field+1"],"picked":"Chill+1","floor":35},{"not_picked":["BootSequence","hubris:Ukulele+1","Turbo+1"],"picked":"SKIP","floor":37},{"not_picked":["Barrage+1","Stack","ReplayTheSpireMod:Repulse+1"],"picked":"SKIP","floor":37},{"not_picked":["Self Repair","Crystallizer","Streamline+1"],"picked":"SKIP","floor":39},{"not_picked":["Chaos+1","Coolheaded","Redo"],"picked":"SKIP","floor":39},{"not_picked":["Aggregate+1","Heatsinks","Steam+1"],"picked":"SKIP","floor":41},{"not_picked":["Sunder+1","Force Field+1","ReplayGash"],"picked":"SKIP","floor":41},{"not_picked":["Hologram+1","ReplayGash","hubris:PowerSurge"],"picked":"SKIP","floor":47},{"not_picked":["Rebound+1","Consume+1","Streamline+1"],"picked":"SKIP","floor":47},{"not_picked":["Hello World+1","Turbo","Sweeping Beam"],"picked":"SKIP","floor":48},{"not_picked":["Ball Lightning","Reinforced Body","Beam Cell"],"picked":"SKIP","floor":50},{"not_picked":["Barrage","Stack","Steam"],"picked":"SKIP","floor":50}],"player_experience":893198,"relics_obtained":[{"floor":7.0,"key":"Replay:PocketPolymizer"},{"floor":9.0,"key":"Bronze Scales"},{"floor":12.0,"key":"Omamori"},{"floor":26.0,"key":"Replay:WaspNest"},{"floor":29,"key":"Du-Vu Doll"},{"floor":36,"key":"hubris:GlazedTorus"},{"floor":43,"key":"Mercury Hourglass"},{"floor":48,"key":"Toy Ornithopter"}],"event_choices":[{"cards_removed":["Strike_B"],"damage_healed":0.0,"max_hp_gain":0.0,"max_hp_loss":0.0,"gold_gain":0.0,"event_name":"The Cleric","player_choice":"Card Removal","floor":10.0,"gold_loss":50.0,"damage_taken":0.0},{"damage_healed":0.0,"max_hp_gain":0.0,"max_hp_loss":0.0,"gold_gain":0.0,"event_name":"The Joust","player_choice":"Bet on Owner","floor":24.0,"gold_loss":50.0,"damage_taken":0.0},{"cards_removed":["Melter"],"damage_healed":0,"gold_gain":0,"player_choice":"Take \u0026 Give","damage_taken":0,"max_hp_gain":0,"max_hp_loss":0,"event_name":"betterNote:BetterNote","floor":31,"gold_loss":0,"cards_obtained":["Seek"]},{"damage_healed":0,"gold_gain":0,"player_choice":"Fight","damage_taken":0,"max_hp_gain":0,"max_hp_loss":0,"event_name":"Mysterious Sphere","floor":36,"gold_loss":0}],"is_beta":false,"boss_relics":[{"not_picked":["hubris:BlackHole","Pandora\u0027s Box"],"picked":"hubris:ScarierMask"},{"not_picked":["Replay:Drink Me","Empty Cage"],"picked":"Coffee Dripper"}],"items_purged_floors":[4,38],"is_endless":false,"potions_floor_spawned":[2,12,14,16,19,21,29,30,35,37,39,47],"ascension_level":0}}