{"host":"rolltorest","time":1609705411,"event":{"mods":["BaseMod","Minty Spire (QoL Compilation)","Relic Stats","Robot Space Explorer","Slay the Relics Exporter","StSLib"],"gold_per_floor":[114,114,128,141,71,100,112,112,112,126,51,86,86,112,112,217,217,232,35,35,35,35,35,68,100,100,100,112,135,35,47,47,146,146,158,158,170,170,184,212,227,254,254,254,254,254],"floor_reached":45,"playtime":1653,"items_purged":["RobotSpaceExplorer:Strike","Writhe"],"score":931,"play_id":"a9d0a6a1-ee47-4907-bb51-120bf966bdcf","local_time":"20210103122331","is_ascension_mode":true,"campfire_choices":[{"floor":8,"key":"RECALL"},{"floor":13,"key":"REST"},{"floor":15,"key":"REST"},{"floor":23,"key":"REST"},{"floor":27,"key":"REST"},{"floor":32,"key":"REST"},{"floor":44,"key":"REST"}],"circlet_count":0,"master_deck":["AscendersBane","RobotSpaceExplorer:Strike+1","RobotSpaceExplorer:Strike","RobotSpaceExplorer:Defend","RobotSpaceExplorer:Defend","RobotSpaceExplorer:Defend","RobotSpaceExplorer:Defend","RobotSpaceExplorer:Scan","RobotSpaceExplorer:MiniLasers+1","RobotSpaceExplorer:MetalStrike","RobotSpaceExplorer:SurgingStrike","RobotSpaceExplorer:GearShield","RobotSpaceExplorer:Asteroid","RobotSpaceExplorer:PlasmaMissile","RobotSpaceExplorer:TrailblazerForm","RobotSpaceExplorer:ScrapMissile+1","RobotSpaceExplorer:FranticSearch","RobotSpaceExplorer:StarLightning+1","RobotSpaceExplorer:FrostMissile+1","RobotSpaceExplorer:SurgingShield+1","RobotSpaceExplorer:Multitool","RobotSpaceExplorer:Counterblock+1","RobotSpaceExplorer:DoubleBlock+1","RobotSpaceExplorer:Autoloader","RobotSpaceExplorer:Jetpack+1","Normality"],"relics":["Fusion Hammer","StoneCalendar","Incense Burner","WingedGreaves","Boot","Cursed Key","Bag of Marbles","Enchiridion","MutagenicStrength","Pantograph","MealTicket","Toxic Egg 2","Whetstone","Runic Pyramid","Pear","RobotSpaceExplorer:ClockworkSextant"],"acts_visited":["Exordium","TheCity","TheBeyond"],"potions_floor_usage":[33,42,45],"damage_taken":[{"damage":1,"enemies":"Cultist","floor":1,"turns":4},{"damage":4,"enemies":"Small Slimes","floor":3,"turns":4},{"damage":1,"enemies":"2 Louse","floor":4,"turns":3},{"damage":4,"enemies":"Gremlin Nob","floor":6,"turns":4},{"damage":1,"enemies":"2 Fungi Beasts","floor":7,"turns":3},{"damage":0,"enemies":"Looter","floor":10,"turns":2},{"damage":9,"enemies":"3 Sentries","floor":12,"turns":7},{"damage":10,"enemies":"Lagavulin","floor":14,"turns":6},{"damage":0,"enemies":"Slime Boss","floor":16,"turns":7},{"damage":8,"enemies":"3 Byrds","floor":18,"turns":7},{"damage":0,"enemies":"Slavers","floor":24,"turns":6},{"damage":30,"enemies":"Gremlin Leader","floor":25,"turns":6},{"damage":0,"enemies":"Spheric Guardian","floor":28,"turns":3},{"damage":5,"enemies":"Cultist and Chosen","floor":31,"turns":3},{"damage":32,"enemies":"Automaton","floor":33,"turns":8},{"damage":10,"enemies":"3 Darklings","floor":35,"turns":6},{"damage":2,"enemies":"Orb Walker","floor":37,"turns":3},{"damage":9,"enemies":"4 Shapes","floor":39,"turns":3},{"damage":11,"enemies":"Nemesis","floor":40,"turns":7},{"damage":10,"enemies":"Sphere and 2 Shapes","floor":41,"turns":4},{"damage":31,"enemies":"Reptomancer","floor":42,"turns":6},{"damage":38,"enemies":"3 Darklings","floor":45,"turns":2}],"seed_played":"-4103962643242687301","potions_obtained":[{"floor":4,"key":"SteroidPotion"},{"floor":6,"key":"FearPotion"},{"floor":14,"key":"Ancient Potion"},{"floor":16,"key":"RobotSpaceExplorer:PlasmaFlask"},{"floor":39,"key":"SteroidPotion"}],"is_trial":false,"path_per_floor":["M","?","M","M","$","E","M","R","T","M","$","E","R","E","R","B",null,"M","$","?","?","?","R","E","E","T","R","M","T","$","M","R","B",null,"M","?","M","?","M","E","M","E","T","R","M"],"character_chosen":"RobotSpaceExplorer","items_purchased":["RobotSpaceExplorer:Asteroid","Bag of Marbles","RobotSpaceExplorer:FranticSearch"],"campfire_rested":6,"item_purchase_floors":[5,19,19],"current_hp_per_floor":[67,67,63,62,62,58,57,57,57,57,57,48,70,60,75,75,75,67,67,51,37,37,61,61,31,31,55,55,55,70,65,80,48,72,62,62,60,60,51,50,40,9,9,36,0,0],"gold":254,"neow_bonus":"BOSS_RELIC","is_daily":false,"chose_seed":false,"campfire_upgraded":0,"win_rate":0.0,"timestamp":1609705411,"path_taken":["M","?","?","M","$","E","M","R","T","M","$","E","R","E","R","BOSS","M","$","?","?","?","R","E","E","T","R","M","?","$","M","R","BOSS","M","?","M","?","M","E","M","E","T","R","?"],"items_purchased_type":["Card","Relic","Card"],"build_version":"2020-12-18","purchased_purges":2,"victory":false,"max_hp_per_floor":[75,75,75,75,75,75,75,75,75,75,75,75,75,75,75,75,75,75,75,75,80,80,80,80,80,80,80,80,80,80,80,80,80,80,80,80,80,80,80,90,90,90,90,90,90,90],"relic_stats":{"counters":[22,104],"Pantograph":0,"StoneCalendar":[142],"MealTicket":15,"Whetstone":["RobotSpaceExplorer:Strike","RobotSpaceExplorer:MiniLasers"],"Boot":[142],"Cursed Key":3,"obtain_stats":[{"RobotSpaceExplorer:ClockworkSextant":42,"Pear":40,"Enchiridion":20,"RobotSpaceExplorer:RoboCore":0,"StoneCalendar":6,"Incense Burner":9,"Whetstone":29,"Boot":14,"Cursed Key":17,"MutagenicStrength":22,"Pantograph":24,"MealTicket":25,"Fusion Hammer":0,"WingedGreaves":12,"Bag of Marbles":19,"Toxic Egg 2":26,"Runic Pyramid":34},{"RobotSpaceExplorer:ClockworkSextant":21,"Pear":19,"Enchiridion":10,"RobotSpaceExplorer:RoboCore":0,"StoneCalendar":4,"Incense Burner":5,"Whetstone":13,"Boot":8,"Cursed Key":9,"MutagenicStrength":10,"Pantograph":11,"MealTicket":12,"Fusion Hammer":0,"WingedGreaves":7,"Bag of Marbles":10,"Toxic Egg 2":12,"Runic Pyramid":15},{"RobotSpaceExplorer:ClockworkSextant":102,"Pear":92,"Enchiridion":47,"RobotSpaceExplorer:RoboCore":0,"StoneCalendar":15,"Incense Burner":18,"Whetstone":62,"Boot":33,"Cursed Key":40,"MutagenicStrength":47,"Pantograph":53,"MealTicket":59,"Fusion Hammer":0,"WingedGreaves":27,"Bag of Marbles":47,"Toxic Egg 2":59,"Runic Pyramid":73}]},"card_choices":[{"not_picked":["RobotSpaceExplorer:FranticSearch","RobotSpaceExplorer:IronShell"],"picked":"RobotSpaceExplorer:MetalStrike","floor":1},{"not_picked":["RobotSpaceExplorer:Ammunition","RobotSpaceExplorer:ShockKick"],"picked":"RobotSpaceExplorer:SurgingStrike","floor":3},{"not_picked":["RobotSpaceExplorer:Counterblock","RobotSpaceExplorer:Pulsar"],"picked":"RobotSpaceExplorer:GearShield","floor":4},{"not_picked":["RobotSpaceExplorer:DoubleFind","RobotSpaceExplorer:ShockKick"],"picked":"RobotSpaceExplorer:PlasmaMissile","floor":6},{"not_picked":["RobotSpaceExplorer:ScrapMissile","RobotSpaceExplorer:ShockKick","RobotSpaceExplorer:GlueShot"],"picked":"SKIP","floor":7},{"not_picked":["RobotSpaceExplorer:ShovelStrike","RobotSpaceExplorer:RigExplosive"],"picked":"RobotSpaceExplorer:TurboDodge","floor":10},{"not_picked":["RobotSpaceExplorer:SwiftStep","RobotSpaceExplorer:SlimeMissile","RobotSpaceExplorer:MiniDrones"],"picked":"SKIP","floor":12},{"not_picked":["RobotSpaceExplorer:ScrapMissile","RobotSpaceExplorer:JunkDive","RobotSpaceExplorer:SwiftStep"],"picked":"SKIP","floor":14},{"not_picked":["RobotSpaceExplorer:Asteroid","RobotSpaceExplorer:Arsenal"],"picked":"RobotSpaceExplorer:TrailblazerForm","floor":16},{"not_picked":["RobotSpaceExplorer:FrostMissile","RobotSpaceExplorer:Probe"],"picked":"RobotSpaceExplorer:ScrapMissile+1","floor":18},{"not_picked":["RobotSpaceExplorer:SwiftStep+1","RobotSpaceExplorer:GlueShot"],"picked":"RobotSpaceExplorer:StarLightning+1","floor":24},{"not_picked":["RobotSpaceExplorer:FreezingShield","RobotSpaceExplorer:ShockKick","RobotSpaceExplorer:ImprovisedAttack"],"picked":"SKIP","floor":25},{"not_picked":["RobotSpaceExplorer:GlueSpray+1","RobotSpaceExplorer:SurgingShield+1"],"picked":"RobotSpaceExplorer:FrostMissile+1","floor":28},{"not_picked":["RobotSpaceExplorer:ImprovisedAttack","RobotSpaceExplorer:FrostMissile"],"picked":"RobotSpaceExplorer:SurgingShield+1","floor":31},{"not_picked":["RobotSpaceExplorer:Blaster","RobotSpaceExplorer:HighVoltage"],"picked":"RobotSpaceExplorer:Multitool","floor":33},{"not_picked":["RobotSpaceExplorer:Ammunition+1","RobotSpaceExplorer:DualCore"],"picked":"RobotSpaceExplorer:Counterblock+1","floor":35},{"not_picked":["RobotSpaceExplorer:MetalStrike+1","RobotSpaceExplorer:Counterblock+1","RobotSpaceExplorer:GlueSpray+1"],"picked":"SKIP","floor":37},{"not_picked":["RobotSpaceExplorer:Counterblock+1","RobotSpaceExplorer:FreezingShield+1"],"picked":"RobotSpaceExplorer:DoubleBlock+1","floor":39},{"not_picked":["RobotSpaceExplorer:GlueSpray+1","RobotSpaceExplorer:MetalStrike+1"],"picked":"RobotSpaceExplorer:Autoloader","floor":40},{"not_picked":["RobotSpaceExplorer:ShockKick+1","RobotSpaceExplorer:ImprovisedAttack"],"picked":"RobotSpaceExplorer:Jetpack+1","floor":41},{"not_picked":["RobotSpaceExplorer:SurgingShield+1","RobotSpaceExplorer:MetalStrike","RobotSpaceExplorer:MiniBoosters"],"picked":"SKIP","floor":42}],"player_experience":1750720,"relics_obtained":[{"floor":6,"key":"StoneCalendar"},{"floor":9,"key":"Incense Burner"},{"floor":12,"key":"WingedGreaves"},{"floor":14,"key":"Boot"},{"floor":20,"key":"Enchiridion"},{"floor":24,"key":"Pantograph"},{"floor":25,"key":"MealTicket"},{"floor":26,"key":"Toxic Egg 2"},{"floor":29,"key":"Whetstone"},{"floor":40,"key":"Pear"},{"floor":42,"key":"RobotSpaceExplorer:ClockworkSextant"}],"event_choices":[{"cards_removed":["RobotSpaceExplorer:Strike"],"damage_healed":0,"gold_gain":0,"player_choice":"Offered Basic","damage_taken":0,"max_hp_gain":0,"max_hp_loss":0,"event_name":"Bonfire Elementals","floor":2,"gold_loss":0},{"damage_healed":0,"gold_gain":0,"player_choice":"Obtained Book","damage_taken":16,"max_hp_gain":0,"max_hp_loss":0,"event_name":"Cursed Tome","floor":20,"gold_loss":0},{"damage_healed":0,"gold_gain":0,"player_choice":"Shed Blood","damage_taken":19,"max_hp_gain":5,"max_hp_loss":0,"event_name":"Forgotten Altar","floor":21,"gold_loss":0},{"damage_healed":0,"gold_gain":0,"player_choice":"Inject Mutagens","damage_taken":0,"relics_obtained":["MutagenicStrength"],"max_hp_gain":0,"max_hp_loss":0,"event_name":"Drug Dealer","floor":22,"gold_loss":0},{"cards_removed":["RobotSpaceExplorer:TurboDodge"],"damage_healed":0,"gold_gain":0,"player_choice":"Removed Skill","damage_taken":0,"max_hp_gain":0,"max_hp_loss":0,"event_name":"Falling","floor":36,"gold_loss":0},{"cards_removed":["Clumsy"],"damage_healed":0,"gold_gain":0,"player_choice":"Removed Curses","damage_taken":0,"max_hp_gain":0,"max_hp_loss":0,"event_name":"Fountain of Cleansing","floor":38,"gold_loss":0}],"is_beta":true,"boss_relics":[{"not_picked":["Busted Crown","Tiny House"],"picked":"Cursed Key"},{"not_picked":["Black Star","Pandora\u0027s Box"],"picked":"Runic Pyramid"}],"items_purged_floors":[11,30],"is_endless":false,"potions_floor_spawned":[4,6,14,16,24,28,31,39,40,41],"killed_by":"3 Darklings","ascension_level":10}}