{"host":"6ld56ls1xbe0aj21","time":1609668973,"event":{"mods":["AchievementEnabler","BaseMod","Colored Powertips","Minty Spire (QoL Compilation)","Quick Restart","Rare Cards Sparkle","StSLib","SuperFastMode","everything is the same but u backflip on backflip","slay the spire mod where everything is the same but ironclad has a cowboy hat"],"gold_per_floor":[118,118,393,413,64,94,94,105,156,189,207,207,207,221,221,326,326,337,337,353,353,4,4,4],"floor_reached":23,"playtime":579,"items_purged":["Regret","Burning Pact"],"score":349,"play_id":"9a36d34f-f2b4-4ef9-82cc-d65c45ad5ecc","local_time":"20210103211613","is_ascension_mode":true,"campfire_choices":[{"data":"Combust","floor":7.0,"key":"SMITH"},{"data":"Offering","floor":13.0,"key":"SMITH"},{"data":"Bash","floor":15.0,"key":"SMITH"}],"circlet_count":0,"master_deck":["Bash+1","Sword Boomerang","Thunderclap","Combust+1","Offering+1","Iron Wave","Flame Barrier"],"relics":["Burning Blood","NeowsBlessing","Omamori","Singing Bowl","StrikeDummy","Bronze Scales","Smiling Mask","Pandora\u0027s Box","TungstenRod"],"acts_visited":["Exordium","TheCity"],"potions_floor_usage":[20],"damage_taken":[{"damage":0.0,"enemies":"2 Louse","floor":1.0,"turns":1.0},{"damage":0.0,"enemies":"Cultist","floor":4.0,"turns":1.0},{"damage":0.0,"enemies":"Gremlin Nob","floor":6.0,"turns":1.0},{"damage":9.0,"enemies":"Small Slimes","floor":8.0,"turns":3.0},{"damage":7.0,"enemies":"Lagavulin","floor":10.0,"turns":3.0},{"damage":13.0,"enemies":"Gremlin Gang","floor":11.0,"turns":3.0},{"damage":8.0,"enemies":"Red Slaver","floor":14.0,"turns":3.0},{"damage":55.0,"enemies":"Hexaghost","floor":16.0,"turns":7.0},{"damage":56.0,"enemies":"Shell Parasite","floor":18.0,"turns":4.0},{"damage":12,"enemies":"Spheric Guardian","floor":20,"turns":3},{"damage":17,"enemies":"Snake Plant","floor":23,"turns":2}],"seed_played":"4342353593907042554","potions_obtained":[{"floor":1.0,"key":"AttackPotion"},{"floor":6.0,"key":"HeartOfIron"},{"floor":11.0,"key":"CultistPotion"},{"floor":16.0,"key":"Weak Potion"},{"floor":18.0,"key":"PowerPotion"}],"is_trial":false,"path_per_floor":["M","?","?","M","$","E","R","M","T","E","M","?","R","M","R","B",null,"M","?","M","?","$","M"],"character_chosen":"IRONCLAD","items_purchased":["Combust","Singing Bowl","TungstenRod"],"campfire_rested":0,"item_purchase_floors":[5,5,22],"current_hp_per_floor":[78,78,78,80,80,82,82,79,79,80,73,73,73,73,73,24,71,21,21,17,17,17,0,0],"gold":4,"neow_bonus":"THREE_ENEMY_KILL","is_daily":false,"chose_seed":false,"campfire_upgraded":3,"win_rate":0.0,"timestamp":1609668973,"path_taken":["M","?","?","?","$","E","R","M","T","E","M","?","R","?","R","BOSS","M","?","M","?","$","M"],"items_purchased_type":["Card","Relic","Relic"],"build_version":"2020-12-22","purchased_purges":2,"victory":false,"max_hp_per_floor":[80,80,80,80,80,82,82,82,82,84,84,84,84,86,86,86,86,86,86,88,88,88,88,88],"card_choices":[{"not_picked":["Flex","Dark Embrace"],"picked":"Sword Boomerang","floor":1.0},{"not_picked":["Twin Strike","Body Slam"],"picked":"Thunderclap","floor":4.0},{"not_picked":["True Grit","Heavy Blade","Battle Trance"],"picked":"Singing Bowl","floor":6.0},{"not_picked":["Dual Wield","Second Wind"],"picked":"Offering","floor":8.0},{"not_picked":["Twin Strike","Sever Soul","Burning Pact"],"picked":"Singing Bowl","floor":10.0},{"not_picked":["Heavy Blade","Clash"],"picked":"Burning Pact","floor":11.0},{"not_picked":["Sword Boomerang","Shrug It Off","Seeing Red"],"picked":"Singing Bowl","floor":14.0},{"not_picked":["Offering","Double Tap"],"picked":"Corruption","floor":16.0},{"not_picked":["Shockwave","Feel No Pain"],"picked":"Iron Wave","floor":18.0},{"not_picked":["Warcry+1","Flex+1","Clothesline"],"picked":"Singing Bowl","floor":20}],"player_experience":268411,"relics_obtained":[{"floor":6.0,"key":"StrikeDummy"},{"floor":9.0,"key":"Bronze Scales"},{"floor":10.0,"key":"Smiling Mask"}],"event_choices":[{"damage_healed":0.0,"max_hp_gain":0.0,"max_hp_loss":0.0,"gold_gain":0.0,"event_name":"Big Fish","player_choice":"Box","floor":2.0,"gold_loss":0.0,"damage_taken":0.0,"relics_obtained":["Omamori"],"cards_obtained":["Regret"]},{"damage_healed":0.0,"max_hp_gain":0.0,"max_hp_loss":0.0,"gold_gain":275.0,"event_name":"Golden Shrine","player_choice":"Desecrate","floor":3.0,"gold_loss":0.0,"damage_taken":0.0,"cards_obtained":["Regret"]},{"cards_removed":["Strike_R"],"damage_healed":0.0,"max_hp_gain":0.0,"max_hp_loss":0.0,"gold_gain":0.0,"event_name":"Bonfire Elementals","player_choice":"Offered Basic","floor":12.0,"gold_loss":0.0,"damage_taken":0.0},{"cards_removed":["Corruption"],"damage_healed":0.0,"max_hp_gain":0.0,"max_hp_loss":0.0,"gold_gain":0.0,"event_name":"Back to Basics","player_choice":"Elegance","floor":19.0,"gold_loss":0.0,"damage_taken":0.0},{"damage_healed":0,"gold_gain":0,"player_choice":"Read","damage_taken":0,"max_hp_gain":0,"max_hp_loss":0,"event_name":"The Library","floor":21,"gold_loss":0,"cards_obtained":["Flame Barrier"]}],"is_beta":false,"boss_relics":[{"not_picked":["Velvet Choker","Cursed Key"],"picked":"Pandora\u0027s Box"}],"items_purged_floors":[5,22],"is_endless":false,"potions_floor_spawned":[1,6,11,16,18],"killed_by":"Snake Plant","ascension_level":8}}