{"host":"x3lqeik2a5qeoft8","time":1609697997,"event":{"mods":["AchievementEnabler","BaseMod","Minty Spire (QoL Compilation)","SuperFastMode"],"gold_per_floor":[114,114,214,229,244,274,289,364,364,364,379,129,159,174,174,274,274,289,289,304,319,334,364,364,364,389,404,154,169,184,199,199,299,299,314,314,329,344,359,359,59,59,59,89,89,89,104,119,119,119],"floor_reached":51,"playtime":3127,"items_purged":[],"score":865,"play_id":"fb6fabd3-250f-484e-b847-7f85cce552b5","local_time":"20210103191957","daily_mods":["Allstar","Hoarder","Terminal"],"is_ascension_mode":false,"campfire_choices":[{"data":"The Bomb","floor":10,"key":"SMITH"},{"data":"Perfected Strike","floor":15,"key":"SMITH"},{"floor":25,"key":"REST"},{"floor":32,"key":"REST"},{"floor":40,"key":"REST"},{"floor":42,"key":"REST"},{"data":"The Bomb+1","floor":49,"key":"PURGE"}],"circlet_count":0,"master_deck":["Strike_R+1","Strike_R+1","Strike_R+1","Strike_R+1","Strike_R+1","Defend_R+1","Defend_R+1","Defend_R+1","Defend_R+1","Bash+1","Thinking Ahead+1","Thinking Ahead+1","Thinking Ahead+1","The Bomb+1","PanicButton+1","PanicButton+1","PanicButton+1","Secret Weapon+1","Secret Weapon+1","Secret Weapon+1","Good Instincts+1","Good Instincts+1","Good Instincts+1","Twin Strike+1","Twin Strike+1","Twin Strike+1","Perfected Strike+1","Perfected Strike+1","Perfected Strike+1","Flex+1","Flex+1","Flex+1","Infernal Blade+1","Infernal Blade+1","Infernal Blade+1","Juggernaut+1","Juggernaut+1","Juggernaut+1","True Grit+1","True Grit+1","True Grit+1","Rage+1","Rage+1","Rage+1","Body Slam+1","Body Slam+1","Body Slam+1","Inflame+1","Inflame+1","Inflame+1","Corruption+1","Corruption+1","Thinking Ahead+1","Thinking Ahead+1","Thinking Ahead+1","Shrug It Off+1","Shrug It Off+1","Shrug It Off+1","Heavy Blade+1","Heavy Blade+1","Heavy Blade+1","Shrug It Off+1","Shrug It Off+1","Shrug It Off+1","Barricade+1","Barricade+1","Barricade+1","Second Wind+1","Second Wind+1","Second Wind+1","Master of Strategy+1","Master of Strategy+1","Master of Strategy+1","Transmutation+1","Transmutation+1","Transmutation+1","Panache+1","Panache+1","Panache+1","Perfected Strike+1","Perfected Strike+1","Perfected Strike+1","Armaments+1","Armaments+1","Armaments+1","Burning Pact+1","Burning Pact+1","Burning Pact+1","Burning Pact+1","Burning Pact+1","Burning Pact+1","Seeing Red","Seeing Red","Seeing Red"],"relics":["Burning Blood","Thread and Needle","Anchor","Eternal Feather","Kunai","Fusion Hammer","Omamori","Strawberry","Pear","Black Star","Centennial Puzzle","Red Skull","Peace Pipe","Mercury Hourglass","Dead Branch","Mark of the Bloom"],"acts_visited":["Exordium","TheCity","TheBeyond"],"potions_floor_usage":[16,23,33,33,33,50],"damage_taken":[{"damage":0,"enemies":"Small Slimes","floor":1,"turns":3},{"damage":0,"enemies":"2 Louse","floor":4,"turns":3},{"damage":1,"enemies":"Cultist","floor":5,"turns":3},{"damage":4,"enemies":"3 Sentries","floor":6,"turns":3},{"damage":3,"enemies":"Gremlin Gang","floor":7,"turns":3},{"damage":0,"enemies":"2 Fungi Beasts","floor":11,"turns":2},{"damage":0,"enemies":"Gremlin Nob","floor":13,"turns":3},{"damage":0,"enemies":"Exordium Wildlife","floor":14,"turns":2},{"damage":27,"enemies":"Hexaghost","floor":16,"turns":9},{"damage":0,"enemies":"3 Byrds","floor":18,"turns":4},{"damage":0,"enemies":"Spheric Guardian","floor":20,"turns":1},{"damage":0,"enemies":"Shelled Parasite and Fungi","floor":21,"turns":4},{"damage":3,"enemies":"3 Cultists","floor":22,"turns":4},{"damage":20,"enemies":"Slavers","floor":23,"turns":4},{"damage":0,"enemies":"Snecko","floor":27,"turns":4},{"damage":0,"enemies":"Chosen and Byrds","floor":29,"turns":4},{"damage":3,"enemies":"Snake Plant","floor":30,"turns":4},{"damage":0,"enemies":"Sentry and Sphere","floor":31,"turns":3},{"damage":60,"enemies":"Collector","floor":33,"turns":9},{"damage":0,"enemies":"3 Shapes","floor":35,"turns":3},{"damage":0,"enemies":"Orb Walker","floor":37,"turns":4},{"damage":35,"enemies":"Spire Growth","floor":38,"turns":5},{"damage":0,"enemies":"Sphere and 2 Shapes","floor":39,"turns":5},{"damage":21,"enemies":"Nemesis","floor":44,"turns":7},{"damage":0,"enemies":"Transient","floor":47,"turns":5},{"damage":8,"enemies":"Spire Growth","floor":48,"turns":5},{"damage":12,"enemies":"Donu and Deca","floor":50,"turns":6}],"seed_played":"4251252283042701915","potions_obtained":[{"floor":1,"key":"GamblersBrew"},{"floor":7,"key":"SteroidPotion"},{"floor":11,"key":"FearPotion"},{"floor":13,"key":"Explosive Potion"},{"floor":18,"key":"Strength Potion"},{"floor":20,"key":"AttackPotion"},{"floor":31,"key":"ColorlessPotion"},{"floor":35,"key":"Ancient Potion"},{"floor":37,"key":"ElixirPotion"},{"floor":38,"key":"BlessingOfTheForge"},{"floor":48,"key":"EntropicBrew"}],"is_trial":false,"path_per_floor":["M","?","?","M","M","E","M","?","T","R","M","$","E","M","R","B",null,"M","?","M","M","M","E","?","R","T","M","$","M","M","M","R","B",null,"M","?","M","M","M","R","$","R","T","E","?","?","M","M","R","B",null],"character_chosen":"IRONCLAD","items_purchased":["Eternal Feather","Pear","Centennial Puzzle","Red Skull"],"campfire_rested":4,"item_purchase_floors":[12,28,41,41],"current_hp_per_floor":[78,77,76,75,74,73,72,61,61,61,67,67,66,65,64,43,62,61,60,59,58,57,43,43,54,60,59,68,67,66,65,64,10,62,61,51,57,28,34,56,55,54,53,38,38,38,38,30,30,18],"gold":119,"neow_bonus":"","is_daily":true,"chose_seed":false,"campfire_upgraded":2,"win_rate":0.0,"timestamp":1609697997,"path_taken":["M","?","?","M","?","E","?","?","T","R","M","?","E","M","R","BOSS","M","?","M","M","M","E","?","R","T","M","$","M","M","M","R","BOSS","M","?","M","M","M","R","$","R","T","E","?","?","M","M","R","BOSS"],"items_purchased_type":["Relic","Relic","Relic","Relic"],"build_version":"2020-12-22","purchased_purges":0,"victory":true,"max_hp_per_floor":[78,77,76,75,74,73,72,71,70,69,68,67,66,65,64,63,62,61,60,59,58,57,56,55,54,60,59,68,67,66,65,64,63,62,61,60,59,58,57,56,55,54,53,52,51,50,49,48,47,46],"card_choices":[{"not_picked":["Hemokinesis","Iron Wave"],"picked":"Twin Strike","floor":1},{"not_picked":["Armaments","Anger"],"picked":"Perfected Strike","floor":4},{"not_picked":["Combust","Burning Pact"],"picked":"Flex","floor":5},{"not_picked":["Brutality","Combust","Sword Boomerang"],"picked":"SKIP","floor":6},{"not_picked":["Sword Boomerang","Clash"],"picked":"Infernal Blade","floor":7},{"not_picked":["Clash","Dropkick","Flex"],"picked":"SKIP","floor":11},{"not_picked":["Headbutt","Entrench","Combust"],"picked":"SKIP","floor":13},{"not_picked":["True Grit","Intimidate","Sword Boomerang"],"picked":"SKIP","floor":14},{"not_picked":["Bludgeon","Exhume"],"picked":"Juggernaut","floor":16},{"not_picked":["Wild Strike","Pummel"],"picked":"True Grit","floor":18},{"not_picked":["True Grit","Bloodletting"],"picked":"Rage","floor":20},{"not_picked":["Anger","Power Through+1"],"picked":"Body Slam","floor":21},{"not_picked":["Anger","Headbutt+1"],"picked":"Inflame","floor":22},{"not_picked":["Wild Strike+1","Clothesline+1"],"picked":"Corruption","floor":23},{"not_picked":["Pommel Strike","Flex"],"picked":"Shrug It Off","floor":27},{"not_picked":["Pommel Strike","Warcry"],"picked":"Heavy Blade","floor":29},{"not_picked":["Clothesline","Heavy Blade"],"picked":"Shrug It Off","floor":30},{"not_picked":["Thunderclap","Anger","Dropkick"],"picked":"SKIP","floor":31},{"not_picked":["Reaper","Impervious"],"picked":"Barricade","floor":33},{"not_picked":["Battle Trance","Flex+1"],"picked":"Second Wind","floor":35},{"not_picked":["Dramatic Entrance","Panacea"],"picked":"Master of Strategy","floor":36},{"not_picked":["Dramatic Entrance","Sadistic Nature"],"picked":"Transmutation","floor":36},{"not_picked":["Chrysalis","Trip"],"picked":"Panache","floor":36},{"not_picked":["Shockwave","Cleave+1"],"picked":"Perfected Strike+1","floor":37},{"not_picked":["Battle Trance+1","Flex"],"picked":"Armaments+1","floor":38},{"not_picked":["Carnage","Havoc+1","Wild Strike+1"],"picked":"SKIP","floor":39},{"not_picked":["Thunderclap","Cleave"],"picked":"Burning Pact","floor":44},{"not_picked":["Sword Boomerang+1","Cleave+1"],"picked":"Burning Pact+1","floor":47},{"not_picked":["Pommel Strike+1","Headbutt+1"],"picked":"Seeing Red","floor":48}],"player_experience":96514,"relics_obtained":[{"floor":6,"key":"Thread and Needle"},{"floor":9,"key":"Anchor"},{"floor":13,"key":"Kunai"},{"floor":23,"key":"Omamori"},{"floor":26,"key":"Strawberry"},{"floor":43,"key":"Peace Pipe"},{"floor":44,"key":"Mercury Hourglass"},{"floor":44,"key":"Dead Branch"}],"event_choices":[{"damage_healed":0,"gold_gain":0,"player_choice":"Leave","damage_taken":0,"max_hp_gain":0,"max_hp_loss":0,"event_name":"The Cleric","floor":2,"gold_loss":0},{"damage_healed":0,"gold_gain":100,"player_choice":"Pray","damage_taken":0,"max_hp_gain":0,"max_hp_loss":0,"event_name":"Golden Shrine","floor":3,"gold_loss":0},{"damage_healed":0,"gold_gain":75,"player_choice":"Gather Gold","damage_taken":11,"max_hp_gain":0,"max_hp_loss":0,"event_name":"World of Goop","floor":8,"gold_loss":0},{"damage_healed":0,"gold_gain":0,"player_choice":"Ignored","damage_taken":0,"max_hp_gain":0,"max_hp_loss":0,"event_name":"The Mausoleum","floor":19,"gold_loss":0},{"damage_healed":0,"gold_gain":0,"cards_transformed":["The Bomb"],"player_choice":"Transformed","damage_taken":0,"max_hp_gain":0,"max_hp_loss":0,"event_name":"Transmorgrifier","floor":24,"gold_loss":0,"cards_obtained":["Thinking Ahead"]},{"damage_healed":0,"gold_gain":0,"player_choice":"Memory 3","damage_taken":10,"max_hp_gain":0,"max_hp_loss":0,"event_name":"SensoryStone","floor":36,"gold_loss":0},{"cards_removed":["Corruption"],"damage_healed":0,"gold_gain":0,"player_choice":"Removed Power","damage_taken":0,"max_hp_gain":0,"max_hp_loss":0,"event_name":"Falling","floor":45,"gold_loss":0},{"damage_healed":0,"gold_gain":0,"player_choice":"Upgrade","damage_taken":0,"relics_obtained":["Mark of the Bloom"],"max_hp_gain":0,"max_hp_loss":0,"event_name":"MindBloom","floor":46,"gold_loss":0,"cards_upgraded":["Strike_R","Strike_R","Strike_R","Strike_R","Strike_R","Defend_R","Defend_R","Defend_R","Defend_R","Bash","Thinking Ahead","Thinking Ahead","Thinking Ahead","The Bomb","PanicButton","PanicButton","PanicButton","Secret Weapon","Secret Weapon","Secret Weapon","Good Instincts","Good Instincts","Good Instincts","Twin Strike","Twin Strike","Twin Strike","Perfected Strike","Perfected Strike","Flex","Flex","Flex","Infernal Blade","Infernal Blade","Infernal Blade","Juggernaut","Juggernaut","Juggernaut","True Grit","True Grit","True Grit","Rage","Rage","Rage","Body Slam","Body Slam","Body Slam","Inflame","Inflame","Inflame","Corruption","Corruption","Thinking Ahead","Thinking Ahead","Thinking Ahead","Shrug It Off","Shrug It Off","Shrug It Off","Heavy Blade","Heavy Blade","Heavy Blade","Shrug It Off","Shrug It Off","Shrug It Off","Barricade","Barricade","Barricade","Second Wind","Second Wind","Second Wind","Master of Strategy","Master of Strategy","Master of Strategy","Transmutation","Transmutation","Transmutation","Panache","Panache","Panache","Burning Pact","Burning Pact","Burning Pact"]}],"is_beta":false,"boss_relics":[{"not_picked":["Busted Crown","SacredBark"],"picked":"Fusion Hammer"},{"not_picked":["Sozu","Tiny House"],"picked":"Black Star"}],"items_purged_floors":[],"is_endless":false,"potions_floor_spawned":[1,7,11,13,18,20,31,35,37,38,48],"ascension_level":0}}