{"host":"gsmj583br51y3r1c","time":1609669422,"event":{"mods":["AchievementEnabler","BaseMod","Better Note","Colored Map","Downfall","Hermit","Highlight Path","Hubris","Infinite Spire","Marisa????????","Minty Spire (QoL Compilation)","Quick Restart","StSLib","The Administrix","The Bug Knight","The Cursed","The Disciple","The Hierophant","The Marked","The Necromancer","The Runesmith","The Servant 0.9.4","Unceasing Turn Reminder","everything is the same but u backflip on backflip"],"gold_per_floor":[114,74,38,38,55,87,87,87,87,153,253,263,263,275,275,377,377,393,393,393,410,23,23,149,149,149],"floor_reached":25,"playtime":2500,"items_purged":[],"score":244,"play_id":"35a8ad71-684b-4467-9d76-573cb00f6853","local_time":"20210103122342","is_ascension_mode":false,"campfire_choices":[{"floor":7,"key":"RECALL"},{"data":"TheCursedMod:RapidMovement","floor":13,"key":"SMITH"},{"data":"TheCursedMod:RapidMovement","floor":15,"key":"SMITH"},{"data":"TheCursedMod:CursedRelics","floor":23,"key":"SMITH"}],"circlet_count":0,"master_deck":["TheCursedMod:Strike_TheCursed","TheCursedMod:Strike_TheCursed","TheCursedMod:Strike_TheCursed","TheCursedMod:Strike_TheCursed","TheCursedMod:Defend_TheCursed","TheCursedMod:Defend_TheCursed","TheCursedMod:Defend_TheCursed","TheCursedMod:Defend_TheCursed","TheCursedMod:CursedWand","TheCursedMod:CleanUpWorkshop","TheCursedMod:Dregs","TheCursedMod:CursedStaff","TheCursedMod:SpitefulPlan","TheCursedMod:SpitefulStrike","TheCursedMod:RapidMovement+1","Regret","TheCursedMod:Wield","TheCursedMod:CircleOfAmplification","TheCursedMod:RapidMovement+1","TheCursedMod:CursedRelics+1","TheCursedMod:LuckyCharm","TheCursedMod:LuckyCharm","TheCursedMod:Wield","TheCursedMod:LuckyCharm","TheCursedMod:Obscuration"],"relics":["TheCursedMod:BlackMagic101","NeowsBlessing","TheCursedMod:Tack","TheCursedMod:BloodyHarpoon","Vajra","hubris:MobiusCoin","SlaversCollar","hubris:TenFootPole","Potion Belt","Toy Ornithopter"],"acts_visited":["Exordium","TheCity"],"potions_floor_usage":[16,16,22,24,24,24,24],"damage_taken":[{"damage":0,"enemies":"Jaw Worm","floor":1,"turns":1},{"damage":0,"enemies":"Cultist","floor":5,"turns":1},{"damage":0,"enemies":"3 Sentries","floor":6,"turns":2},{"damage":3,"enemies":"2 Louse","floor":10,"turns":3},{"damage":8,"enemies":"Exordium Wildlife","floor":12,"turns":3},{"damage":0,"enemies":"2 Fungi Beasts","floor":14,"turns":3},{"damage":39,"enemies":"The Guardian","floor":16,"turns":10},{"damage":7,"enemies":"2 Thieves","floor":18,"turns":3},{"damage":17,"enemies":"Shell Parasite","floor":21,"turns":6},{"damage":37,"enemies":"Nightmare","floor":24,"turns":11},{"damage":0,"enemies":"Shelled Parasite and Fungi","floor":25,"turns":1}],"seed_played":"4596327732463159451","potions_obtained":[{"floor":2,"key":"FairyPotion"},{"floor":2,"key":"PowerPotion"},{"floor":2,"key":"SkillPotion"},{"floor":12,"key":"Block Potion"},{"floor":16,"key":"EntropicBrew"},{"floor":18,"key":"champ:CounterPotion"}],"is_trial":false,"path_per_floor":["M","?","$","T","M","E","R","?","T","M","?","M","R","M","R","B",null,"M","?","?","M","$","R","NM","M"],"character_chosen":"THE_CURSED","items_purchased":["TheCursedMod:SpitefulPlan","TheCursedMod:LuckyCharm","hubris:TenFootPole","Potion Belt"],"campfire_rested":0,"item_purchase_floors":[3,22,22,22],"current_hp_per_floor":[75,75,75,75,75,75,75,75,75,72,72,64,64,64,64,25,75,68,68,68,51,51,51,14,14,14],"gold":149,"neow_bonus":"THREE_ENEMY_KILL","is_daily":false,"chose_seed":false,"campfire_upgraded":3,"win_rate":0.0,"timestamp":1609669422,"path_taken":["M","?","?","?","M","E","R","?","T","M","?","M","R","?","R","BOSS","M","?","?","M","?","R","NM","M"],"items_purchased_type":["Card","Card","Relic","Relic"],"build_version":"2020-12-22","purchased_purges":0,"victory":false,"max_hp_per_floor":[75,75,75,75,75,75,75,75,75,75,75,75,75,75,75,75,75,75,75,75,75,75,75,75,75,75],"card_choices":[{"not_picked":["TheCursedMod:CircleOfWindfury","TheCursedMod:Obscuration"],"picked":"TheCursedMod:CursedStaff","floor":1},{"not_picked":["TheCursedMod:CursedShiv","TheCursedMod:TroublousMinions"],"picked":"TheCursedMod:SpitefulStrike","floor":5},{"not_picked":["TheCursedMod:SpitefulPlan","TheCursedMod:SmokeScreen"],"picked":"TheCursedMod:RapidMovement","floor":6},{"not_picked":["TheCursedMod:SoulReap","TheCursedMod:Torture"],"picked":"TheCursedMod:Wield","floor":10},{"not_picked":["TheCursedMod:Wield","TheCursedMod:TacticalStrike"],"picked":"TheCursedMod:CircleOfAmplification","floor":12},{"not_picked":["TheCursedMod:TacticalStrike","TheCursedMod:VitalStrike"],"picked":"TheCursedMod:RapidMovement","floor":14},{"not_picked":["TheCursedMod:ShockAndAwe","TheCursedMod:ForbiddenAlchemy"],"picked":"TheCursedMod:CursedRelics","floor":16},{"not_picked":["TheCursedMod:TacticalStrike","TheCursedMod:RavingStaff"],"picked":"TheCursedMod:LuckyCharm","floor":18},{"not_picked":["TheCursedMod:SoulCrush","TheCursedMod:VitalStrike"],"picked":"TheCursedMod:Wield","floor":21},{"not_picked":["TheCursedMod:SpreadPlague+1","TheCursedMod:FuryStrike"],"picked":"TheCursedMod:Obscuration","floor":24}],"player_experience":281528,"relics_obtained":[{"floor":4,"key":"TheCursedMod:Tack"},{"floor":6,"key":"TheCursedMod:BloodyHarpoon"},{"floor":9,"key":"hubris:MobiusCoin"},{"floor":24,"key":"Toy Ornithopter"}],"event_choices":[{"damage_healed":0,"gold_gain":0,"player_choice":"Bought 3 Potions","damage_taken":0,"max_hp_gain":0,"max_hp_loss":0,"event_name":"The Woman in Blue","floor":2,"gold_loss":0},{"damage_healed":0,"gold_gain":0,"player_choice":"Box","damage_taken":0,"relics_obtained":["Vajra"],"max_hp_gain":0,"max_hp_loss":0,"event_name":"Big Fish","floor":8,"gold_loss":0,"cards_obtained":["Regret"]},{"damage_healed":0,"gold_gain":100,"player_choice":"Pray","damage_taken":0,"max_hp_gain":0,"max_hp_loss":0,"event_name":"Golden Shrine","floor":11,"gold_loss":0},{"damage_healed":0,"gold_gain":0,"player_choice":"Ignored","damage_taken":0,"max_hp_gain":0,"max_hp_loss":0,"event_name":"Fountain of Cleansing","floor":19,"gold_loss":0},{"damage_healed":0,"gold_gain":0,"player_choice":"Copied","damage_taken":0,"max_hp_gain":0,"max_hp_loss":0,"event_name":"Duplicator","floor":20,"gold_loss":0,"cards_obtained":["TheCursedMod:LuckyCharm"]}],"is_beta":false,"boss_relics":[{"not_picked":["hubris:CrackedHourglass","Ectoplasm"],"picked":"SlaversCollar"}],"items_purged_floors":[],"is_endless":true,"potions_floor_spawned":[5,12,16,18],"killed_by":"Shelled Parasite and Fungi","ascension_level":0}}