{"host":"oy4pyvr762z5n0bb","time":1609697431,"event":{"mods":["AchievementEnabler","BaseMod","Colored Map","Colored Powertips","Googly Eyes","Key Reminder","Minty Spire (QoL Compilation)","Quick Restart","Relic Sorter","StSLib","SuperFastMode","Unceasing Turn Reminder","slay the spire mod where everything is the same but ironclad has a cowboy hat"],"gold_per_floor":[110,110,124,137,15,15,47,47,74,116,16,200,200,200,200,200,200],"floor_reached":16,"playtime":232,"items_purged":["Strike_R","Strike_R"],"score":138,"play_id":"88dadb6f-c858-4f0e-ae0f-33e5e5b2d14b","local_time":"20210103101031","is_ascension_mode":true,"campfire_choices":[{"data":"Cleave","floor":6,"key":"SMITH"},{"data":"Spot Weakness","floor":15,"key":"SMITH"}],"circlet_count":0,"master_deck":["Strike_R","Strike_R","Strike_R","Defend_R","Defend_R","Defend_R","Defend_R","Bash","Reckless Charge","Cleave","Shrug It Off+1","Cleave+1","Spot Weakness+1","Pummel","Doubt"],"relics":["Burning Blood","NeowsBlessing","Mummified Hand","CeramicFish","Akabeko","Blood Vial","CultistMask"],"acts_visited":["Exordium"],"potions_floor_usage":[10,16],"damage_taken":[{"damage":0,"enemies":"Small Slimes","floor":1,"turns":1},{"damage":0,"enemies":"Jaw Worm","floor":3,"turns":1},{"damage":0,"enemies":"2 Louse","floor":4,"turns":1},{"damage":32,"enemies":"Gremlin Nob","floor":7,"turns":4},{"damage":27,"enemies":"Lagavulin","floor":10,"turns":4},{"damage":35,"enemies":"Hexaghost","floor":16,"turns":9}],"seed_played":"4311894875948376041","potions_obtained":[{"floor":1,"key":"GamblersBrew"},{"floor":4,"key":"Strength Potion"}],"is_trial":false,"path_per_floor":["M","?","M","M","$","R","E","T","T","E","$","?","?","?","R","B"],"character_chosen":"IRONCLAD","items_purchased":["Cleave"],"campfire_rested":0,"item_purchase_floors":[5],"current_hp_per_floor":[78,78,80,80,80,80,54,54,54,33,33,33,33,33,33,0,0],"gold":200,"neow_bonus":"THREE_ENEMY_KILL","is_daily":false,"chose_seed":false,"campfire_upgraded":2,"win_rate":0.0,"timestamp":1609697431,"path_taken":["M","?","M","M","$","R","E","?","T","E","$","?","?","?","R","BOSS"],"items_purchased_type":["Card"],"build_version":"2020-12-22","purchased_purges":2,"victory":false,"max_hp_per_floor":[80,80,80,80,80,80,80,80,80,80,80,80,80,80,80,80,80],"card_choices":[{"not_picked":["Rage","Feel No Pain"],"picked":"Reckless Charge","floor":1},{"not_picked":["Blood for Blood","Havoc"],"picked":"Cleave","floor":3},{"not_picked":["Thunderclap","Uppercut"],"picked":"Shrug It Off","floor":4},{"not_picked":["Twin Strike","Rage"],"picked":"Spot Weakness","floor":7},{"not_picked":["Sever Soul","Armaments"],"picked":"Pummel","floor":10}],"player_experience":630872,"relics_obtained":[{"floor":7,"key":"Mummified Hand"},{"floor":8,"key":"CeramicFish"},{"floor":9,"key":"Akabeko"},{"floor":10,"key":"Blood Vial"}],"event_choices":[{"damage_healed":0,"gold_gain":0,"player_choice":"Ignored","damage_taken":0,"max_hp_gain":0,"max_hp_loss":0,"event_name":"Golden Wing","floor":2,"gold_loss":0},{"damage_healed":0,"gold_gain":175,"player_choice":"AGREE","damage_taken":0,"max_hp_gain":0,"max_hp_loss":0,"event_name":"Liars Game","floor":12,"gold_loss":0,"cards_obtained":["Doubt"]},{"damage_healed":0,"gold_gain":0,"player_choice":"Grow","damage_taken":0,"max_hp_gain":0,"max_hp_loss":0,"event_name":"Living Wall","floor":13,"gold_loss":0,"cards_upgraded":["Shrug It Off"]},{"damage_healed":0,"gold_gain":0,"player_choice":"Trade","damage_taken":0,"relics_obtained":["CultistMask"],"max_hp_gain":0,"max_hp_loss":0,"event_name":"FaceTrader","floor":14,"gold_loss":0}],"is_beta":false,"boss_relics":[],"items_purged_floors":[5,11],"is_endless":false,"potions_floor_spawned":[1,4],"killed_by":"Hexaghost","ascension_level":6}}