{"host":"g01l53quoe6lrer0","time":1609687919,"event":{"mods":["2.2 Compatiblity","AchievementEnabler","BaseMod","Colored Map","Highlight Path","Keyboard Shortcuts","Minty Spire (QoL Compilation)","Permanent Neow","Quick Restart","StSLib","SuperFastMode","everything is the same but u backflip on backflip"],"gold_per_floor":[118,118,133,153,167,167,179,192,192,209,209,226,6,6,6,106,106,116,134,154,168,168,179,179,190,217,317,317,35,35,45,45,148,148,158,170,170,220,17,17,17,17,42,42,42,54,54,54,54,54],"floor_reached":51,"playtime":1982,"items_purged":["Strike_B","Strike_B","Decay"],"score":691,"play_id":"514d3dee-94d6-4bc7-b1ca-62d5d4940957","local_time":"20210104003159","is_ascension_mode":false,"campfire_choices":[{"data":"Zap","floor":6.0,"key":"SMITH"},{"data":"Dualcast","floor":11.0,"key":"SMITH"},{"data":"Go for the Eyes","floor":15.0,"key":"SMITH"},{"data":"Zap","floor":24,"key":"SMITH"},{"data":"Seek","floor":28,"key":"SMITH"},{"data":"Self Repair","floor":30,"key":"SMITH"},{"floor":32,"key":"REST"},{"data":"Reboot","floor":40,"key":"SMITH"},{"data":"Beam Cell","floor":45,"key":"SMITH"},{"data":"Machine Learning","floor":49,"key":"SMITH"}],"circlet_count":0,"master_deck":["Defend_B","Defend_B","Defend_B","Zap+1","Dualcast+1","Electrodynamics","Zap+1","FTL","All For One","Beam Cell+1","Conserve Battery","Skim","Gash","Aggregate","Go for the Eyes+1","BootSequence","All For One","Machine Learning+1","Redo+1","Gash+1","Beam Cell+1","Auto Shields+1","FTL+1","Gash","Steam Power+1","Seek+1","Go for the Eyes+1","Skim","All For One","Reboot+1","Gash+1","Skim","Master of Strategy","Conserve Battery+1"],"relics":["Cracked Core","Prayer Wheel","SlaversCollar","Potion Belt","Dead Branch","HornCleat","Empty Cage","Du-Vu Doll","MealTicket"],"acts_visited":["Exordium","TheCity","TheBeyond"],"potions_floor_usage":[19,19,21,27,36,38,50,50,50],"damage_taken":[{"damage":5.0,"enemies":"Jaw Worm","floor":1.0,"turns":4.0},{"damage":1.0,"enemies":"Cultist","floor":3.0,"turns":3.0},{"damage":2.0,"enemies":"Small Slimes","floor":4.0,"turns":2.0},{"damage":0.0,"enemies":"3 Louse","floor":5.0,"turns":1.0},{"damage":3.0,"enemies":"Looter","floor":7.0,"turns":3.0},{"damage":10.0,"enemies":"2 Fungi Beasts","floor":8.0,"turns":3.0},{"damage":7.0,"enemies":"Exordium Wildlife","floor":10.0,"turns":2.0},{"damage":2.0,"enemies":"Large Slime","floor":12.0,"turns":3.0},{"damage":2.0,"enemies":"Slime Boss","floor":16.0,"turns":6.0},{"damage":2.0,"enemies":"Chosen","floor":18.0,"turns":4.0},{"damage":12,"enemies":"2 Thieves","floor":19,"turns":4},{"damage":0,"enemies":"Cultist and Chosen","floor":20,"turns":4},{"damage":17,"enemies":"Shelled Parasite and Fungi","floor":21,"turns":3},{"damage":6,"enemies":"3 Cultists","floor":23,"turns":4},{"damage":0,"enemies":"Cultist and Chosen","floor":25,"turns":3},{"damage":2,"enemies":"Colosseum Slavers","floor":27,"turns":2},{"damage":12,"enemies":"Colosseum Nobs","floor":27,"turns":3},{"damage":20,"enemies":"Sentry and Sphere","floor":31,"turns":4},{"damage":27,"enemies":"Champ","floor":33,"turns":5},{"damage":0,"enemies":"Orb Walker","floor":35,"turns":2},{"damage":8,"enemies":"3 Darklings","floor":36,"turns":4},{"damage":1,"enemies":"Mind Bloom Boss Battle","floor":38,"turns":4},{"damage":0,"enemies":"Maw","floor":46,"turns":3},{"damage":9,"enemies":"Donu and Deca","floor":50,"turns":4}],"seed_played":"-7304452756355766304","potions_obtained":[{"floor":3.0,"key":"Block Potion"},{"floor":8.0,"key":"Regen Potion"},{"floor":12.0,"key":"Strength Potion"},{"floor":21,"key":"Fruit Juice"},{"floor":23,"key":"SkillPotion"},{"floor":25,"key":"FearPotion"},{"floor":31,"key":"Fire Potion"},{"floor":33,"key":"AttackPotion"},{"floor":35,"key":"BlessingOfTheForge"},{"floor":36,"key":"Block Potion"},{"floor":38,"key":"FairyPotion"}],"is_trial":false,"path_per_floor":["M","?","M","M","M","R","M","M","T","M","R","M","$","$","R","B",null,"M","M","M","M","?","M","R","M","T","?","R","$","R","M","R","B",null,"M","M","?","?","$","R","?","$","T","?","R","M","?","$","R","B",null],"character_chosen":"DEFECT","items_purchased":["All For One","All For One","Self Repair","LiquidMemories"],"campfire_rested":1,"item_purchase_floors":[13,29,29,39],"current_hp_per_floor":[70,70,69,67,67,67,64,54,54,47,47,45,45,45,45,43,75,73,70,70,58,58,52,52,52,52,38,38,38,38,18,42,25,80,80,80,80,80,80,80,80,80,80,80,80,80,76,76,76,67],"gold":54,"neow_bonus":"THREE_RARE_CARDS","is_daily":false,"chose_seed":false,"campfire_upgraded":9,"win_rate":0.0,"timestamp":1609687919,"path_taken":["M","?","?","M","M","R","M","M","T","M","R","M","?","$","R","BOSS","M","M","M","?","?","M","R","M","T","?","R","$","R","M","R","BOSS","M","M","?","?","$","R","?","$","T","?","R","M","?","?","R","BOSS"],"items_purchased_type":["Card","Card","Card","Potion"],"build_version":"2020-12-22","purchased_purges":3,"victory":true,"max_hp_per_floor":[75,75,75,75,75,75,75,75,75,75,75,75,75,75,75,75,75,75,75,75,80,80,80,80,80,80,80,80,80,80,80,80,80,80,80,80,80,80,80,80,80,80,80,80,80,80,76,76,76,76],"card_choices":[{"not_picked":["Thunder Strike","All For One"],"picked":"Electrodynamics","floor":0.0},{"not_picked":["Streamline","Coolheaded","Barrage"],"picked":"SKIP","floor":1.0},{"not_picked":["Leap","Chaos"],"picked":"Beam Cell","floor":3.0},{"not_picked":["Chill","Chaos"],"picked":"Conserve Battery","floor":4.0},{"not_picked":["Leap","Loop"],"picked":"Skim","floor":5.0},{"not_picked":["Doom and Gloom","Compile Driver","Conserve Battery"],"picked":"SKIP","floor":7.0},{"not_picked":["Coolheaded","Fusion","Lockon"],"picked":"SKIP","floor":8.0},{"not_picked":["Compile Driver","Steam Power"],"picked":"Gash","floor":10.0},{"not_picked":["Aggregate","Sweeping Beam","Double Energy"],"picked":"SKIP","floor":10.0},{"not_picked":["Sweeping Beam","Double Energy"],"picked":"Aggregate","floor":10.0},{"not_picked":["Steam Power","Skim"],"picked":"Go for the Eyes","floor":12.0},{"not_picked":["Steam Power","Redo"],"picked":"BootSequence","floor":12.0},{"not_picked":["Creative AI","Multi-Cast"],"picked":"Machine Learning","floor":16.0},{"not_picked":["Ball Lightning","Melter"],"picked":"Redo+1","floor":18},{"not_picked":["Steam","Barrage"],"picked":"Gash+1","floor":18},{"not_picked":["Steam","Double Energy"],"picked":"Beam Cell+1","floor":19},{"not_picked":["Coolheaded","Auto Shields+1","Sweeping Beam"],"picked":"SKIP","floor":19},{"not_picked":["Coolheaded","Sweeping Beam"],"picked":"Auto Shields+1","floor":19},{"not_picked":["Blizzard+1","Ball Lightning"],"picked":"FTL+1","floor":20},{"not_picked":["Conserve Battery","Beam Cell"],"picked":"Gash","floor":20},{"not_picked":["Hello World+1","Machine Learning"],"picked":"Steam Power+1","floor":21},{"not_picked":["Conserve Battery","Darkness+1","Blizzard"],"picked":"SKIP","floor":21},{"not_picked":["Coolheaded+1","Leap","Compile Driver"],"picked":"SKIP","floor":23},{"not_picked":["Melter","Lockon","Tempest"],"picked":"SKIP","floor":23},{"not_picked":["Barrage","Coolheaded"],"picked":"Seek","floor":25},{"not_picked":["Fusion+1","Leap"],"picked":"Go for the Eyes+1","floor":25},{"not_picked":["Beam Cell","Compile Driver"],"picked":"Skim","floor":27},{"not_picked":["Steam","Sweeping Beam+1","Auto Shields"],"picked":"SKIP","floor":31},{"not_picked":["Lockon","Conserve Battery","Fusion"],"picked":"SKIP","floor":31},{"not_picked":["Electrodynamics","Multi-Cast"],"picked":"Reboot","floor":33},{"not_picked":["Redo+1","Stack+1","Streamline"],"picked":"SKIP","floor":35},{"not_picked":["Redo+1","Fusion","Conserve Battery"],"picked":"SKIP","floor":35},{"not_picked":["Scrape","Melter+1"],"picked":"Gash+1","floor":36},{"not_picked":["Steam","Streamline","Glacier"],"picked":"SKIP","floor":36},{"not_picked":["Coolheaded+1","Gash"],"picked":"Skim","floor":38},{"not_picked":["Panacea","Madness"],"picked":"Master of Strategy","floor":44},{"not_picked":["Reinforced Body+1","Steam+1"],"picked":"Conserve Battery+1","floor":46},{"not_picked":["Barrage","Go for the Eyes","Reboot"],"picked":"SKIP","floor":46}],"player_experience":47183,"relics_obtained":[{"floor":9.0,"key":"Prayer Wheel"},{"floor":26,"key":"Potion Belt"},{"floor":27,"key":"Dead Branch"},{"floor":27,"key":"HornCleat"},{"floor":38,"key":"Du-Vu Doll"},{"floor":43,"key":"MealTicket"}],"event_choices":[{"damage_healed":0.0,"max_hp_gain":0.0,"max_hp_loss":0.0,"gold_gain":0.0,"event_name":"Match and Keep!","player_choice":"3 cards matched","floor":2.0,"gold_loss":0.0,"damage_taken":0.0,"cards_obtained":["Zap","FTL","All For One"]},{"cards_removed":["Strike_B"],"damage_healed":0,"gold_gain":0,"player_choice":"Elegance","damage_taken":0,"max_hp_gain":0,"max_hp_loss":0,"event_name":"Back to Basics","floor":22,"gold_loss":0},{"damage_healed":0,"gold_gain":0,"player_choice":"Fight","damage_taken":0,"max_hp_gain":0,"max_hp_loss":0,"event_name":"Colosseum","floor":27,"gold_loss":0},{"damage_healed":0,"gold_gain":0,"player_choice":"Fought Nobs","damage_taken":0,"max_hp_gain":0,"max_hp_loss":0,"event_name":"Colosseum","floor":27,"gold_loss":0},{"damage_healed":0,"gold_gain":0,"player_choice":"Ignored","damage_taken":0,"max_hp_gain":0,"max_hp_loss":0,"event_name":"Tomb of Lord Red Mask","floor":37,"gold_loss":0},{"damage_healed":0,"gold_gain":0,"player_choice":"Fight","damage_taken":0,"max_hp_gain":0,"max_hp_loss":0,"event_name":"MindBloom","floor":38,"gold_loss":0},{"cards_removed":["Self Repair"],"damage_healed":0,"gold_gain":0,"player_choice":"Removed Power","damage_taken":0,"max_hp_gain":0,"max_hp_loss":0,"event_name":"Falling","floor":41,"gold_loss":0},{"damage_healed":0,"gold_gain":0,"player_choice":"Memory 1","damage_taken":0,"max_hp_gain":0,"max_hp_loss":0,"event_name":"SensoryStone","floor":44,"gold_loss":0},{"damage_healed":0,"gold_gain":0,"player_choice":"Max HP","damage_taken":0,"max_hp_gain":0,"max_hp_loss":4,"event_name":"Winding Halls","floor":47,"gold_loss":0}],"is_beta":false,"boss_relics":[{"not_picked":["Runic Dome","Philosopher\u0027s Stone"],"picked":"SlaversCollar"},{"not_picked":["Astrolabe","Velvet Choker"],"picked":"Empty Cage"}],"items_purged_floors":[13,29,39],"is_endless":false,"potions_floor_spawned":[3,8,12,16,21,23,25,31,33,35,36,38],"ascension_level":0}}