{"host":"ta9mufxydm4vkknf","time":1609704997,"event":{"mods":["AchievementEnabler","BaseMod","Minty Spire (QoL Compilation)","Quick Restart"],"gold_per_floor":[109,122,135,149,149,180,180,180,180],"floor_reached":8,"playtime":339,"items_purged":[],"score":70,"play_id":"492be737-447a-4fdd-9fb5-74d277e6162d","local_time":"20210103211637","is_ascension_mode":true,"campfire_choices":[],"circlet_count":0,"master_deck":["Strike_B","Strike_B","Strike_B","Strike_B","Defend_B","Defend_B","Defend_B","Defend_B","Zap","Dualcast","Doom and Gloom","Turbo","Conserve Battery","Steam Power","Loop"],"relics":["Fusion Hammer","Meat on the Bone"],"acts_visited":["Exordium"],"potions_floor_usage":[4],"damage_taken":[{"damage":13,"enemies":"Jaw Worm","floor":1,"turns":4},{"damage":1,"enemies":"Cultist","floor":2,"turns":4},{"damage":2,"enemies":"Small Slimes","floor":3,"turns":3},{"damage":28,"enemies":"Exordium Thugs","floor":4,"turns":5},{"damage":13,"enemies":"Lagavulin","floor":6,"turns":5},{"damage":22,"enemies":"Gremlin Nob","floor":8,"turns":4}],"seed_played":"6341714065913715477","potions_obtained":[{"floor":2,"key":"ColorlessPotion"},{"floor":3,"key":"Energy Potion"},{"floor":4,"key":"BlessingOfTheForge"},{"floor":7,"key":"Regen Potion"},{"floor":7,"key":"LiquidMemories"}],"is_trial":false,"path_per_floor":["M","M","M","M","?","E","?","E"],"character_chosen":"DEFECT","items_purchased":[],"campfire_rested":0,"item_purchase_floors":[],"current_hp_per_floor":[62,61,59,31,56,43,43,21,21],"gold":180,"neow_bonus":"BOSS_RELIC","is_daily":false,"chose_seed":false,"campfire_upgraded":0,"win_rate":0.0,"timestamp":1609704997,"path_taken":["M","M","M","M","?","E","?","E"],"items_purchased_type":[],"build_version":"2020-12-22","purchased_purges":0,"victory":false,"max_hp_per_floor":[75,75,75,75,75,75,75,75,75],"card_choices":[{"not_picked":["Barrage","Blizzard"],"picked":"Doom and Gloom","floor":1},{"not_picked":["Go for the Eyes","Beam Cell"],"picked":"Turbo","floor":2},{"not_picked":["Stack","Go for the Eyes"],"picked":"Conserve Battery","floor":3},{"not_picked":["Reinforced Body","Hologram"],"picked":"Steam Power","floor":4},{"not_picked":["Coolheaded","Turbo"],"picked":"Loop","floor":6}],"player_experience":179532,"relics_obtained":[{"floor":6,"key":"Meat on the Bone"}],"event_choices":[{"damage_healed":25,"gold_gain":0,"player_choice":"Banana","damage_taken":0,"max_hp_gain":0,"max_hp_loss":0,"event_name":"Big Fish","floor":5,"gold_loss":0},{"damage_healed":0,"gold_gain":0,"player_choice":"Got Potions","damage_taken":0,"max_hp_gain":0,"max_hp_loss":0,"event_name":"Lab","floor":7,"gold_loss":0}],"is_beta":false,"boss_relics":[],"items_purged_floors":[],"is_endless":false,"potions_floor_spawned":[2,3,4],"killed_by":"Gremlin Nob","ascension_level":4}}