{"host":"soyfmymeou4emntr","time":1609655657,"event":{"mods":["BaseMod","Minty Spire (QoL Compilation)","Relic Sorter","Relic Stats","StSLib"],"gold_per_floor":[109,125,42,42,56,56,56,56,56,89,102,135,146,164,164,235,235,205,205,37,52,52,52,52,64,91,91,108,140,140,159,159,159,159],"floor_reached":33,"playtime":3017,"items_purged":[],"score":554,"play_id":"52b2568f-4aea-46f6-a555-368e0f622d91","local_time":"20210102233417","is_ascension_mode":true,"campfire_choices":[{"data":"Sweeping Beam","floor":6.0,"key":"SMITH"},{"floor":8.0,"key":"REST"},{"floor":15.0,"key":"REST"},{"data":"Defragment","floor":23.0,"key":"SMITH"},{"floor":27.0,"key":"REST"},{"data":"Ghostly","floor":32,"key":"SMITH"}],"circlet_count":0,"master_deck":["AscendersBane","Strike_B+1","Strike_B+1","Strike_B+1","Strike_B+1","Defend_B+1","Defend_B+1","Defend_B+1","Defend_B+1","Zap+1","Dualcast","Ball Lightning+1","Seek","Chill","Sweeping Beam+1","Chill","Cold Snap","Darkness","Doom and Gloom+1","Core Surge+1","CurseOfTheBell","Defragment+1","Storm","Leap+1","Storm","Compile Driver","Ball Lightning+1","Ghostly+1","Ghostly","Ghostly","Melter"],"relics":["Cracked Core","War Paint","Blue Candle","Bird Faced Urn","Mango","Thread and Needle","Calling Bell","Dream Catcher","Mummified Hand","TungstenRod","Centennial Puzzle","Whetstone","Bottled Flame"],"acts_visited":["Exordium","TheCity"],"potions_floor_usage":[28,29],"damage_taken":[{"damage":0.0,"enemies":"Cultist","floor":1.0,"turns":3.0},{"damage":8.0,"enemies":"Small Slimes","floor":2.0,"turns":3.0},{"damage":5.0,"enemies":"Jaw Worm","floor":5.0,"turns":2.0},{"damage":3.0,"enemies":"3 Sentries","floor":10.0,"turns":5.0},{"damage":7.0,"enemies":"Looter","floor":11.0,"turns":3.0},{"damage":19.0,"enemies":"Lagavulin","floor":12.0,"turns":6.0},{"damage":1.0,"enemies":"Large Slime","floor":13.0,"turns":4.0},{"damage":3.0,"enemies":"3 Louse","floor":14.0,"turns":2.0},{"damage":7.0,"enemies":"Slime Boss","floor":16.0,"turns":7.0},{"damage":12.0,"enemies":"2 Thieves","floor":18.0,"turns":4.0},{"damage":2.0,"enemies":"Spheric Guardian","floor":21.0,"turns":4.0},{"damage":14.0,"enemies":"Snake Plant","floor":25.0,"turns":4.0},{"damage":8,"enemies":"Shelled Parasite and Fungi","floor":28,"turns":6},{"damage":18,"enemies":"Slavers","floor":29,"turns":5},{"damage":6,"enemies":"Snecko","floor":31,"turns":5},{"damage":61,"enemies":"Champ","floor":33,"turns":14}],"seed_played":"7473172663036210093","potions_obtained":[{"floor":5.0,"key":"FearPotion"},{"floor":10.0,"key":"Swift Potion"},{"floor":12.0,"key":"PowerPotion"},{"floor":16.0,"key":"SpeedPotion"}],"is_trial":false,"path_per_floor":["M","M","$","?","M","R","T","R","T","E","M","E","M","M","R","B",null,"M","?","$","M","?","R","?","M","T","R","M","E","?","M","R","B"],"character_chosen":"DEFECT","items_purchased":["Chill","Centennial Puzzle"],"campfire_rested":3,"item_purchase_floors":[3,20],"current_hp_per_floor":[64,56,56,35,30,30,30,51,51,62,55,36,35,32,57,60,79,67,43,43,43,43,43,43,31,31,58,56,40,40,36,36,0,0],"gold":159,"neow_bonus":"RANDOM_COMMON_RELIC","is_daily":false,"chose_seed":false,"campfire_upgraded":3,"win_rate":0.0,"timestamp":1609655657,"path_taken":["M","?","$","?","M","R","?","R","T","E","M","E","M","M","R","BOSS","M","?","$","M","?","R","?","M","T","R","M","E","?","M","R","BOSS"],"items_purchased_type":["Card","Relic"],"build_version":"2020-12-22","purchased_purges":0,"victory":false,"max_hp_per_floor":[71,71,71,71,71,71,71,71,71,85,85,85,85,85,85,85,85,85,90,90,90,90,90,90,90,90,90,90,90,45,45,45,45,45],"relic_stats":{"Dream Catcher":1,"Centennial Puzzle":[18],"counters":[16,77],"Mummified Hand":[10],"Blue Candle":[0],"Bird Faced Urn":[28],"Whetstone":["Core Surge","Doom and Gloom"],"War Paint":["Defend_B","Zap"],"obtain_stats":[{"Blue Candle":7,"Mango":10,"Thread and Needle":12,"Whetstone":26,"War Paint":0,"Calling Bell":17,"Dream Catcher":17,"Centennial Puzzle":20,"Bottled Flame":29,"Mummified Hand":17,"Bird Faced Urn":9,"Cracked Core":0,"TungstenRod":17},{"Blue Candle":3,"Mango":4,"Thread and Needle":6,"Whetstone":12,"War Paint":0,"Calling Bell":9,"Dream Catcher":9,"Centennial Puzzle":10,"Bottled Flame":14,"Mummified Hand":9,"Bird Faced Urn":3,"Cracked Core":0,"TungstenRod":9},{"Blue Candle":8,"Mango":13,"Thread and Needle":22,"Whetstone":47,"War Paint":0,"Calling Bell":35,"Dream Catcher":35,"Centennial Puzzle":39,"Bottled Flame":58,"Mummified Hand":35,"Bird Faced Urn":8,"Cracked Core":0,"TungstenRod":35}],"TungstenRod":17},"card_choices":[{"not_picked":["Gash","Barrage"],"picked":"Ball Lightning","floor":1.0},{"not_picked":["Barrage","Aggregate"],"picked":"Seek","floor":2.0},{"not_picked":["Compile Driver","Go for the Eyes"],"picked":"Sweeping Beam","floor":5.0},{"not_picked":["Gash","Sweeping Beam"],"picked":"Chill","floor":10.0},{"not_picked":["Redo","Skim"],"picked":"Cold Snap","floor":11.0},{"not_picked":["Hologram","Go for the Eyes"],"picked":"Darkness","floor":12.0},{"not_picked":["Self Repair","Double Energy"],"picked":"Doom and Gloom","floor":13.0},{"not_picked":["Hologram","Compile Driver","Sweeping Beam"],"picked":"SKIP","floor":14.0},{"not_picked":["Machine Learning","Meteor Strike"],"picked":"Core Surge","floor":16.0},{"not_picked":["Turbo","Rebound"],"picked":"Defragment","floor":18.0},{"not_picked":["Cold Snap","Auto Shields"],"picked":"Storm","floor":21.0},{"not_picked":["Stack+1","Redo"],"picked":"Leap+1","floor":25.0},{"not_picked":["Lockon","Chaos"],"picked":"Storm","floor":27.0},{"not_picked":["Go for the Eyes","Gash"],"picked":"Compile Driver","floor":28},{"not_picked":["Tempest+1","Reboot"],"picked":"Ball Lightning+1","floor":29},{"not_picked":["Heatsinks","FTL"],"picked":"Melter","floor":31}],"player_experience":2802691,"relics_obtained":[{"floor":7.0,"key":"Blue Candle"},{"floor":9.0,"key":"Bird Faced Urn"},{"floor":10.0,"key":"Mango"},{"floor":12.0,"key":"Thread and Needle"},{"floor":17.0,"key":"Dream Catcher"},{"floor":17.0,"key":"Mummified Hand"},{"floor":17.0,"key":"TungstenRod"},{"floor":26.0,"key":"Whetstone"},{"floor":29,"key":"Bottled Flame"}],"event_choices":[{"damage_healed":0.0,"max_hp_gain":0.0,"max_hp_loss":0.0,"gold_gain":0.0,"event_name":"Shining Light","player_choice":"Entered Light","floor":4.0,"gold_loss":0.0,"damage_taken":21.0,"cards_upgraded":["Ball Lightning","Strike_B"]},{"damage_healed":0.0,"max_hp_gain":5.0,"max_hp_loss":0.0,"gold_gain":0.0,"event_name":"Forgotten Altar","player_choice":"Shed Blood","floor":19.0,"gold_loss":0.0,"damage_taken":30.0},{"damage_healed":0.0,"max_hp_gain":0.0,"max_hp_loss":0.0,"gold_gain":0.0,"event_name":"Back to Basics","player_choice":"Simplicity","floor":22.0,"gold_loss":0.0,"damage_taken":0.0,"cards_upgraded":["Strike_B","Strike_B","Strike_B","Defend_B","Defend_B","Defend_B"]},{"damage_healed":0.0,"max_hp_gain":0.0,"max_hp_loss":0.0,"gold_gain":0.0,"event_name":"Vampires","player_choice":"Ignored","floor":24.0,"gold_loss":0.0,"damage_taken":0.0},{"damage_healed":0,"gold_gain":0,"player_choice":"Became a Ghost","damage_taken":0,"max_hp_gain":0,"max_hp_loss":45,"event_name":"Ghosts","floor":30,"gold_loss":0,"cards_obtained":["Ghostly","Ghostly","Ghostly"]}],"is_beta":false,"boss_relics":[{"not_picked":["Philosopher\u0027s Stone","Busted Crown"],"picked":"Calling Bell"}],"items_purged_floors":[],"is_endless":false,"potions_floor_spawned":[5,10,12,16,21],"killed_by":"Champ","ascension_level":20}}