{"host":"8by3m8mve9y2rhh4","time":1609642624,"event":{"mods":["BaseMod","Minty Spire (QoL Compilation)","Quick Restart"],"gold_per_floor":[115,115,134,62,78,108,123,123,149,174,191,203,203,128,128,227,227,240,255,272,272,286,320,320,351,351,364,398,8,8,20,20,115,115,126,139,151,162,215,245,245,278,278,293,322,322,336,336,336,336,336,336,59,90,90],"floor_reached":56,"playtime":2512,"items_purged":["Strike_G","Strike_G","Strike_G"],"score":1440,"play_id":"c884179c-0649-400a-acc4-898b0e6b0485","local_time":"20210103025704","is_ascension_mode":true,"campfire_choices":[{"floor":8,"key":"REST"},{"floor":13,"key":"REST"},{"data":"Accuracy","floor":15,"key":"SMITH"},{"floor":24,"key":"REST"},{"floor":30,"key":"RECALL"},{"data":"Accuracy","floor":32,"key":"SMITH"},{"data":"Venomology","floor":41,"key":"SMITH"},{"data":"Footwork","floor":46,"key":"SMITH"},{"floor":49,"key":"REST"},{"data":"A Thousand Cuts","floor":52,"key":"SMITH"}],"circlet_count":0,"master_deck":["Strike_G","Strike_G+1","Defend_G","Defend_G","Defend_G","Defend_G","Defend_G","Survivor","Neutralize","Blade Dance+1","Escape Plan","Accuracy+1","All Out Attack","Blade Dance","Escape Plan","Footwork+1","Dodge and Roll","A Thousand Cuts+1","Prepared","Terror","Quick Slash","Cloak And Dagger+1","Footwork","Accuracy+1","Venomology+1","Dodge and Roll+1","Acrobatics+1","Noxious Fumes","Infinite Blades+1","Well Laid Plans"],"relics":["Ring of the Snake","Anchor","Happy Flower","Blood Vial","SlaversCollar","Prayer Wheel","Gremlin Horn","MealTicket","Mercury Hourglass","Regal Pillow","HornCleat","WristBlade","Incense Burner","Snake Skull","Pen Nib","Centennial Puzzle","Bag of Preparation","Art of War"],"acts_visited":["Exordium","TheCity","TheBeyond","TheEnding"],"potions_floor_usage":[10,16,16,19,22,28,28,28,31,33,37,37,39,40,42,44,44,47,54,55,55],"damage_taken":[{"damage":0,"enemies":"2 Louse","floor":1,"turns":3},{"damage":3,"enemies":"Small Slimes","floor":3,"turns":2},{"damage":1,"enemies":"Jaw Worm","floor":5,"turns":5},{"damage":14,"enemies":"Lagavulin","floor":6,"turns":7},{"damage":0,"enemies":"3 Louse","floor":7,"turns":2},{"damage":18,"enemies":"Gremlin Nob","floor":10,"turns":4},{"damage":0,"enemies":"Large Slime","floor":11,"turns":2},{"damage":0,"enemies":"Looter","floor":12,"turns":3},{"damage":2,"enemies":"Hexaghost","floor":16,"turns":8},{"damage":0,"enemies":"3 Byrds","floor":18,"turns":3},{"damage":0,"enemies":"2 Thieves","floor":19,"turns":3},{"damage":17,"enemies":"Sentry and Sphere","floor":20,"turns":4},{"damage":21,"enemies":"Snake Plant","floor":22,"turns":4},{"damage":0,"enemies":"Gremlin Leader","floor":23,"turns":5},{"damage":3,"enemies":"Book of Stabbing","floor":25,"turns":4},{"damage":10,"enemies":"Centurion and Healer","floor":27,"turns":5},{"damage":0,"enemies":"Slavers","floor":28,"turns":3},{"damage":2,"enemies":"Cultist and Chosen","floor":31,"turns":5},{"damage":18,"enemies":"Champ","floor":33,"turns":5},{"damage":8,"enemies":"3 Darklings","floor":35,"turns":3},{"damage":0,"enemies":"Orb Walker","floor":36,"turns":3},{"damage":0,"enemies":"Transient","floor":37,"turns":5},{"damage":0,"enemies":"Sphere and 2 Shapes","floor":38,"turns":6},{"damage":7,"enemies":"2 Orb Walkers","floor":39,"turns":5},{"damage":0,"enemies":"Reptomancer","floor":40,"turns":3},{"damage":3,"enemies":"Giant Head","floor":42,"turns":5},{"damage":18,"enemies":"4 Shapes","floor":44,"turns":4},{"damage":0,"enemies":"Nemesis","floor":45,"turns":5},{"damage":13,"enemies":"Jaw Worm Horde","floor":47,"turns":3},{"damage":61,"enemies":"Time Eater","floor":50,"turns":8},{"damage":4,"enemies":"Shield and Spear","floor":54,"turns":5},{"damage":72,"enemies":"The Heart","floor":55,"turns":8}],"seed_played":"-456672217372813278","potions_obtained":[{"floor":5,"key":"Energy Potion"},{"floor":6,"key":"Swift Potion"},{"floor":7,"key":"GhostInAJar"},{"floor":12,"key":"SteroidPotion"},{"floor":16,"key":"Poison Potion"},{"floor":19,"key":"Strength Potion"},{"floor":20,"key":"Block Potion"},{"floor":25,"key":"Block Potion"},{"floor":28,"key":"ColorlessPotion"},{"floor":31,"key":"Strength Potion"},{"floor":33,"key":"Block Potion"},{"floor":36,"key":"Swift Potion"},{"floor":42,"key":"Strength Potion"},{"floor":44,"key":"Fruit Juice"},{"floor":45,"key":"GhostInAJar"}],"is_trial":false,"path_per_floor":["M","?","M","$","M","E","M","R","T","E","M","M","R","$","R","B",null,"M","M","M","?","M","E","R","E","T","M","E","$","R","M","R","B",null,"M","M","M","M","?","E","R","E","T","M","E","R","M","?","R","B",null,"R","$","E","B",null],"character_chosen":"THE_SILENT","items_purchased":["Accuracy","Accuracy","HornCleat","Bag of Preparation"],"campfire_rested":4,"item_purchase_floors":[4,29,29,53],"current_hp_per_floor":[77,62,59,59,58,44,44,67,67,49,51,53,76,76,76,75,77,77,77,60,60,41,43,66,65,65,57,59,74,74,74,74,58,77,69,71,73,75,70,72,72,71,71,60,62,62,51,51,78,17,78,78,78,74,19],"gold":90,"neow_bonus":"TEN_PERCENT_HP_BONUS","is_daily":false,"chose_seed":false,"campfire_upgraded":5,"win_rate":0.0,"timestamp":1609642624,"path_taken":["M","?","M","$","M","E","M","R","T","E","M","M","R","$","R","BOSS","M","M","M","?","M","E","R","E","T","M","E","$","R","M","R","BOSS","M","M","M","M","?","E","R","E","T","M","E","R","M","?","R","BOSS","R","$","E","BOSS"],"items_purchased_type":["Card","Card","Relic","Relic"],"build_version":"2020-12-22","purchased_purges":3,"victory":true,"max_hp_per_floor":[77,77,77,77,77,77,77,77,77,77,77,77,77,77,77,77,77,77,77,77,77,77,77,77,77,77,77,77,77,77,77,77,77,77,77,77,77,77,77,77,77,77,77,82,82,82,82,78,78,78,78,78,78,78,78],"card_choices":[{"not_picked":["Dagger Spray","Terror"],"picked":"Blade Dance","floor":1},{"not_picked":["Acrobatics","Expertise"],"picked":"Escape Plan","floor":3},{"not_picked":["Flechettes","Sucker Punch","All Out Attack"],"picked":"SKIP","floor":5},{"not_picked":["Predator","Bouncing Flask"],"picked":"All Out Attack","floor":6},{"not_picked":["Dagger Spray","Escape Plan"],"picked":"Blade Dance","floor":7},{"not_picked":["Well Laid Plans","Heel Hook"],"picked":"Escape Plan","floor":10},{"not_picked":["Backstab","Deflect"],"picked":"Footwork","floor":11},{"not_picked":["Underhanded Strike","Outmaneuver"],"picked":"Dodge and Roll","floor":12},{"not_picked":["Die Die Die","Malaise"],"picked":"A Thousand Cuts","floor":16},{"not_picked":["Deadly Poison","Acrobatics","Quick Slash"],"picked":"SKIP","floor":18},{"not_picked":["Tactician","Setup"],"picked":"Prepared","floor":19},{"not_picked":["Underhanded Strike+1","Caltrops"],"picked":"Terror","floor":20},{"not_picked":["PiercingWail","Distraction"],"picked":"Quick Slash","floor":22},{"not_picked":["Deadly Poison+1","Crippling Poison+1","Bane+1"],"picked":"SKIP","floor":22},{"not_picked":["Bullet Time","Eviscerate"],"picked":"Cloak And Dagger+1","floor":23},{"not_picked":["Slice","Poisoned Stab","Crippling Poison+1"],"picked":"SKIP","floor":25},{"not_picked":["Eviscerate+1","Finisher"],"picked":"Footwork","floor":27},{"not_picked":["Distraction","Backflip+1","Catalyst+1"],"picked":"SKIP","floor":27},{"not_picked":["Crippling Poison","Dagger Throw","Prepared"],"picked":"SKIP","floor":28},{"not_picked":["Flying Knee","Storm of Steel","Heel Hook"],"picked":"SKIP","floor":31},{"not_picked":["Backflip","PiercingWail+1","Tactician"],"picked":"SKIP","floor":31},{"not_picked":["Unload","Doppelganger"],"picked":"Venomology","floor":33},{"not_picked":["Underhanded Strike+1","Slice+1"],"picked":"Dodge and Roll+1","floor":35},{"not_picked":["Endless Agony","Prepared","Deadly Poison+1"],"picked":"SKIP","floor":35},{"not_picked":["Reflex+1","Slice+1","Acrobatics"],"picked":"SKIP","floor":36},{"not_picked":["Masterful Stab","Expertise","Dash+1"],"picked":"SKIP","floor":36},{"not_picked":["Dodge and Roll","Flying Knee"],"picked":"Acrobatics+1","floor":37},{"not_picked":["Poisoned Stab","Expertise","Slice"],"picked":"SKIP","floor":37},{"not_picked":["Poisoned Stab+1","Calculated Gamble+1"],"picked":"Noxious Fumes","floor":38},{"not_picked":["Outmaneuver","Dagger Spray+1","Dash+1"],"picked":"SKIP","floor":38},{"not_picked":["Deflect","Endless Agony+1"],"picked":"Infinite Blades+1","floor":39},{"not_picked":["Burst","Die Die Die","Reflex+1"],"picked":"SKIP","floor":40},{"not_picked":["Finisher+1","Acrobatics+1","Catalyst+1"],"picked":"SKIP","floor":42},{"not_picked":["Prepared","Underhanded Strike+1","Flechettes+1"],"picked":"SKIP","floor":44},{"not_picked":["Quick Slash+1","Dagger Throw","Slice"],"picked":"SKIP","floor":44},{"not_picked":["Bouncing Flask","Bane","Backstab+1"],"picked":"SKIP","floor":45},{"not_picked":["Sucker Punch","Dagger Throw+1"],"picked":"Well Laid Plans","floor":47},{"not_picked":["Calculated Gamble","Heel Hook+1","Concentrate"],"picked":"SKIP","floor":47},{"not_picked":["Quick Slash+1","Malaise","PiercingWail+1"],"picked":"SKIP","floor":54}],"player_experience":643223,"relics_obtained":[{"floor":6,"key":"Anchor"},{"floor":9,"key":"Happy Flower"},{"floor":10,"key":"Blood Vial"},{"floor":23,"key":"Gremlin Horn"},{"floor":25,"key":"MealTicket"},{"floor":26,"key":"Mercury Hourglass"},{"floor":28,"key":"Regal Pillow"},{"floor":39,"key":"Incense Burner"},{"floor":40,"key":"Snake Skull"},{"floor":42,"key":"Pen Nib"},{"floor":45,"key":"Centennial Puzzle"},{"floor":54,"key":"Art of War"}],"event_choices":[{"damage_healed":0,"gold_gain":0,"player_choice":"Entered Light","damage_taken":15,"max_hp_gain":0,"max_hp_loss":0,"event_name":"Shining Light","floor":2,"gold_loss":0,"cards_upgraded":["Blade Dance","Strike_G"]},{"damage_healed":0,"gold_gain":0,"player_choice":"Opened","damage_taken":0,"relics_obtained":["Prayer Wheel"],"max_hp_gain":0,"max_hp_loss":0,"event_name":"The Mausoleum","floor":21,"gold_loss":0},{"damage_healed":0,"gold_gain":0,"player_choice":"Fight","damage_taken":0,"max_hp_gain":0,"max_hp_loss":0,"event_name":"Mysterious Sphere","floor":39,"gold_loss":0},{"damage_healed":0,"gold_gain":0,"player_choice":"Max HP","damage_taken":0,"max_hp_gain":0,"max_hp_loss":4,"event_name":"Winding Halls","floor":48,"gold_loss":0}],"is_beta":false,"boss_relics":[{"not_picked":["Ectoplasm","Philosopher\u0027s Stone"],"picked":"SlaversCollar"},{"not_picked":["Cursed Key","Pandora\u0027s Box"],"picked":"WristBlade"}],"items_purged_floors":[14,29,53],"is_endless":false,"potions_floor_spawned":[5,6,7,12,16,19,20,25,28,31,33,36,42,44,45,54],"ascension_level":1}}