{"host":"no7lpkw32q9rsjhi","time":1609655757,"event":{"mods":["BaseMod","Colored Map","Conspire","Infinite Spire","Jorbs\u0027s Wanderer Trilogy","Minty Spire (QoL Compilation)","Replay The Spire","StSLib","The Hierophant"],"gold_per_floor":[110,110,110,130,56,85,97,97,121,145,140,140,152,180,180,282,282,335,295,364,428,506,506,506,207,259,316,306,306],"floor_reached":28,"playtime":2076,"items_purged":["hierophant:Defend_Hierophant"],"score":257,"play_id":"299088cf-7517-4427-b5c9-dd00293cf7dc","local_time":"20210103013557","is_ascension_mode":false,"campfire_choices":[{"floor":8,"key":"REST"},{"floor":15,"key":"REST"},{"floor":23,"key":"REST"}],"circlet_count":0,"master_deck":["hierophant:Strike_Hierophant","hierophant:Strike_Hierophant+1","hierophant:Strike_Hierophant","hierophant:Strike_Hierophant+1","hierophant:Punish","hierophant:Defend_Hierophant+1","hierophant:Defend_Hierophant","hierophant:Defend_Hierophant","hierophant:ChurchCoffers+1","hierophant:RepressedViolence","hierophant:Smite","hierophant:TollTheBells","hierophant:Flagellation","hierophant:Doubloon","hierophant:CursedGold","hierophant:Determination","hierophant:Sermon","hierophant:Smite","hierophant:PassingBell+1","hierophant:BulkyChest","hierophant:MorningPrayer","hierophant:Endure","hierophant:FlamingChariot+1","hierophant:Zeal","infinitespire:Starlight","hierophant:Community","hierophant:Bribe"],"relics":["hierophant:PropheticMaskRelic","ReplayTheSpireMod:Ring of Addiction","White Beast Statue","Potion Belt","Bag of Marbles","Bag of Preparation","infinitespire:Broken Mirror","conspire:SlowCooker","Black Star","Chemical X","Lee\u0027s Waffle","Gremlin Food"],"acts_visited":["Exordium","TheCity"],"potions_floor_usage":[4,6,6,10,14,16,16,18,21,21,22,27,28],"damage_taken":[{"damage":0,"enemies":"Small Slimes","floor":1,"turns":3},{"damage":4,"enemies":"Jaw Worm","floor":4,"turns":4},{"damage":25,"enemies":"Gremlin Nob","floor":6,"turns":4},{"damage":0,"enemies":"Cultist","floor":7,"turns":1},{"damage":0,"enemies":"3 Sentries","floor":10,"turns":2},{"damage":8,"enemies":"Red Slaver","floor":11,"turns":2},{"damage":6,"enemies":"Exordium Wildlife","floor":13,"turns":2},{"damage":0,"enemies":"3 Louse","floor":14,"turns":1},{"damage":34,"enemies":"Fading Forest","floor":16,"turns":11},{"damage":22,"enemies":"Shell Parasite","floor":18,"turns":4},{"damage":24,"enemies":"Chosen","floor":20,"turns":7},{"damage":11,"enemies":"Centurion and Healer","floor":21,"turns":4},{"damage":15,"enemies":"Snake Plant","floor":22,"turns":3},{"damage":30,"enemies":"Cultist and Chosen","floor":27,"turns":7},{"damage":85,"enemies":"Book of Stabbing","floor":28,"turns":8}],"seed_played":"5709968344918047160","potions_obtained":[{"floor":1,"key":"Ancient Potion"},{"floor":2,"key":"AttackPotion"},{"floor":2,"key":"Dexterity Potion"},{"floor":2,"key":"Energy Potion"},{"floor":4,"key":"ColorlessPotion"},{"floor":6,"key":"SkillPotion"},{"floor":7,"key":"Ancient Potion"},{"floor":10,"key":"Fire Potion"},{"floor":11,"key":"conspire:TimeTravelPotion"},{"floor":13,"key":"Cursed Concoction"},{"floor":14,"key":"Explosive Potion"},{"floor":16,"key":"Adrenaline Potion"},{"floor":18,"key":"Fire Potion"},{"floor":20,"key":"Strength Potion"},{"floor":21,"key":"SpeedPotion"},{"floor":22,"key":"BlessingOfTheForge"},{"floor":27,"key":"FairyPotion"}],"is_trial":false,"path_per_floor":["M","?","?","M","$","E","M","R","T","E","M","?","M","M","R","B",null,"M","?","M","M","M","R","AVR","$","T","M","E"],"character_chosen":"HIEROPHANT","items_purchased":["hierophant:TollTheBells","Lee\u0027s Waffle","hierophant:Community"],"campfire_rested":3,"item_purchase_floors":[5,25,25],"current_hp_per_floor":[75,75,60,56,56,31,31,53,53,53,48,48,51,51,71,48,71,49,49,33,36,33,54,54,78,76,60,0,0],"gold":306,"neow_bonus":"RANDOM_EVENT","is_daily":false,"chose_seed":false,"campfire_upgraded":0,"win_rate":0.0,"timestamp":1609655757,"path_taken":["M","?","?","M","$","E","M","R","T","E","M","?","M","M","R","BOSS","M","?","?","M","M","R","AVR","?","T","M","E"],"items_purchased_type":["Card","Relic","Card"],"build_version":"2020-12-22","purchased_purges":1,"victory":false,"max_hp_per_floor":[75,75,75,75,75,75,75,75,75,73,73,73,73,71,71,71,71,71,71,71,71,71,71,71,78,76,76,76,76],"card_choices":[{"not_picked":["hierophant:Refuge","hierophant:Purify"],"picked":"hierophant:RepressedViolence","floor":1},{"not_picked":["hierophant:Mercenaries","hierophant:PristineSoul"],"picked":"hierophant:Smite","floor":4},{"not_picked":["hierophant:Endure","hierophant:Doubloon"],"picked":"hierophant:Flagellation","floor":6},{"not_picked":["hierophant:Upheaval","hierophant:AuricBeam"],"picked":"hierophant:CursedGold","floor":7},{"not_picked":["hierophant:Chorus","hierophant:Racketeering"],"picked":"hierophant:Determination","floor":10},{"not_picked":["hierophant:RepressedViolence","hierophant:HammerAndAnvil"],"picked":"hierophant:Sermon","floor":11},{"not_picked":["hierophant:Martyrdom","hierophant:MorningPrayer"],"picked":"hierophant:Smite","floor":13},{"not_picked":["hierophant:MorningPrayer","hierophant:DisplayOfPower"],"picked":"hierophant:PassingBell","floor":14},{"not_picked":["hierophant:DeathKnell","hierophant:Generosity"],"picked":"hierophant:BulkyChest","floor":16},{"not_picked":["hierophant:RustyCrate","hierophant:Dazzle"],"picked":"hierophant:MorningPrayer","floor":18},{"not_picked":["hierophant:Empathy","hierophant:Patience"],"picked":"hierophant:Endure","floor":20},{"not_picked":["hierophant:HammerAndAnvil","hierophant:RepressedViolence"],"picked":"hierophant:FlamingChariot+1","floor":21},{"not_picked":["hierophant:Bribe","hierophant:Shelter+1"],"picked":"hierophant:Zeal","floor":22},{"not_picked":["hierophant:RepressedViolence+1","hierophant:Zeal"],"picked":"hierophant:Bribe","floor":27}],"player_experience":67516,"relics_obtained":[{"floor":2,"key":"ReplayTheSpireMod:Ring of Addiction"},{"floor":2,"key":"White Beast Statue"},{"floor":2,"key":"Potion Belt"},{"floor":6,"key":"Bag of Marbles"},{"floor":9,"key":"Bag of Preparation"},{"floor":10,"key":"infinitespire:Broken Mirror"},{"floor":26,"key":"Gremlin Food"}],"event_choices":[{"damage_healed":0,"gold_gain":0,"player_choice":"Entered Light","damage_taken":15,"max_hp_gain":0,"max_hp_loss":0,"event_name":"Shining Light","floor":3,"gold_loss":0,"cards_upgraded":["hierophant:Defend_Hierophant","hierophant:ChurchCoffers"]},{"damage_healed":0,"gold_gain":0,"player_choice":"Leave","damage_taken":0,"max_hp_gain":0,"max_hp_loss":0,"event_name":"conspire:Investor","floor":12,"gold_loss":0},{"damage_healed":0,"gold_gain":0,"player_choice":"Upgraded Two","damage_taken":0,"max_hp_gain":0,"max_hp_loss":0,"event_name":"Designer","floor":19,"gold_loss":40,"cards_upgraded":["hierophant:Strike_Hierophant","hierophant:PassingBell"]}],"is_beta":false,"boss_relics":[{"not_picked":["Fusion Hammer","conspire:SeveredTorchhead"],"picked":"conspire:SlowCooker"}],"items_purged_floors":[25],"is_endless":false,"potions_floor_spawned":[1,4,6,7,10,11,13,14,16,18,20,21,22,27],"killed_by":"Book of Stabbing","ascension_level":0}}