{"host":"mydft8i2zzydgggw","time":1609699800,"event":{"mods":["AchievementEnabler","BaseMod","Colored Map","Colored Powertips","Minty Spire (QoL Compilation)","StSLib","The Poker Player"],"gold_per_floor":[116,136,136,148,148,148,159,159,185,49,79,105,105,71,71,169,169,181,106,120,120,136,136,155,185,231,231,231,231,231],"floor_reached":29,"playtime":662,"items_purged":["Strike_B"],"score":277,"play_id":"564ec101-e72a-4a25-ade7-fb00d1c3ffef","local_time":"20210104035000","is_ascension_mode":true,"campfire_choices":[{"data":"Coolheaded","floor":6,"key":"SMITH"},{"data":"Static Discharge","floor":8,"key":"SMITH"},{"floor":13,"key":"REST"},{"data":"Defragment","floor":15,"key":"SMITH"},{"data":"Storm","floor":23,"key":"SMITH"},{"floor":28,"key":"REST"}],"circlet_count":0,"master_deck":["Strike_B","Defend_B","Defend_B","Defend_B","Defend_B","Zap","Dualcast","White Noise","Defragment+1","Coolheaded+1","Static Discharge+1","Self Repair","Defragment+1","Amplify","Storm+1","Necronomicurse","Defragment","Capacitor","Decay"],"relics":["Cracked Core","NeowsBlessing","MawBank","Boot","Odd Mushroom","Nuclear Battery","Necronomicon","Centennial Puzzle"],"acts_visited":["Exordium","TheCity"],"potions_floor_usage":[11,29,29],"damage_taken":[{"damage":0,"enemies":"2 Louse","floor":1,"turns":1},{"damage":0,"enemies":"Small Slimes","floor":2,"turns":1},{"damage":0,"enemies":"Jaw Worm","floor":4,"turns":1},{"damage":13,"enemies":"Exordium Thugs","floor":7,"turns":4},{"damage":29,"enemies":"3 Sentries","floor":11,"turns":4},{"damage":25,"enemies":"The Mushroom Lair","floor":12,"turns":3},{"damage":33,"enemies":"Slime Boss","floor":16,"turns":7},{"damage":6,"enemies":"Spheric Guardian","floor":18,"turns":3},{"damage":0,"enemies":"3 Byrds","floor":20,"turns":1},{"damage":21,"enemies":"Centurion and Healer","floor":22,"turns":4},{"damage":24,"enemies":"Snake Plant","floor":24,"turns":2},{"damage":30,"enemies":"Book of Stabbing","floor":25,"turns":2},{"damage":34,"enemies":"Gremlin Leader","floor":29,"turns":1}],"seed_played":"7846452663522742516","potions_obtained":[{"floor":2,"key":"SteroidPotion"},{"floor":4,"key":"Energy Potion"},{"floor":11,"key":"CultistPotion"},{"floor":16,"key":"Strength Potion"},{"floor":25,"key":"BlessingOfTheForge"}],"is_trial":false,"path_per_floor":["M","M","?","M","?","R","M","R","T","$","E","?","R","$","R","B",null,"M","?","M","?","M","R","M","E","T","?","R","E"],"character_chosen":"DEFECT","items_purchased":["Self Repair","Defragment"],"campfire_rested":2,"item_purchase_floors":[10,14],"current_hp_per_floor":[75,75,75,75,68,68,55,55,55,55,33,15,37,37,37,11,75,75,75,75,59,52,52,35,5,5,5,27,0,0],"gold":231,"neow_bonus":"THREE_ENEMY_KILL","is_daily":false,"chose_seed":false,"campfire_upgraded":4,"win_rate":0.0,"timestamp":1609699800,"path_taken":["M","M","?","M","?","R","?","R","T","?","E","?","R","$","R","BOSS","M","?","M","?","M","R","M","E","T","?","R","E"],"items_purchased_type":["Card","Card"],"build_version":"2020-12-22","purchased_purges":1,"victory":false,"max_hp_per_floor":[75,75,75,75,75,75,75,75,75,75,75,75,75,75,75,75,75,75,75,75,75,75,75,75,75,75,75,75,75,75],"card_choices":[{"not_picked":["Sweeping Beam","Leap"],"picked":"White Noise","floor":1},{"not_picked":["Blizzard","Leap"],"picked":"Defragment","floor":2},{"not_picked":["Sunder","Ball Lightning"],"picked":"Coolheaded","floor":4},{"not_picked":["Coolheaded","Leap"],"picked":"Static Discharge","floor":7},{"not_picked":["Fusion","Lockon","Compile Driver"],"picked":"SKIP","floor":11},{"not_picked":["Fission","Reboot"],"picked":"Amplify","floor":16},{"not_picked":["Recycle","Coolheaded"],"picked":"Storm","floor":18},{"not_picked":["Ball Lightning","Gash","Rip and Tear+1"],"picked":"SKIP","floor":20},{"not_picked":["Turbo","Double Energy","Streamline"],"picked":"SKIP","floor":22},{"not_picked":["Streamline","Rebound"],"picked":"Defragment","floor":24},{"not_picked":["Blizzard","Stack"],"picked":"Capacitor","floor":25}],"player_experience":81623,"relics_obtained":[{"floor":9,"key":"MawBank"},{"floor":11,"key":"Boot"},{"floor":12,"key":"Odd Mushroom"},{"floor":21,"key":"Necronomicon"},{"floor":25,"key":"Centennial Puzzle"}],"event_choices":[{"damage_healed":0,"gold_gain":0,"player_choice":"Grow","damage_taken":0,"max_hp_gain":0,"max_hp_loss":0,"event_name":"Living Wall","floor":3,"gold_loss":0,"cards_upgraded":["Defragment"]},{"cards_removed":["Strike_B"],"damage_healed":0,"gold_gain":0,"player_choice":"Card Removal","damage_taken":7,"max_hp_gain":0,"max_hp_loss":0,"event_name":"Golden Wing","floor":5,"gold_loss":0},{"damage_healed":0,"gold_gain":0,"player_choice":"Fought Mushrooms","damage_taken":0,"max_hp_gain":0,"max_hp_loss":0,"event_name":"Mushrooms","floor":12,"gold_loss":0},{"cards_removed":["Strike_B"],"damage_healed":0,"gold_gain":0,"player_choice":"Gave Gold","damage_taken":0,"max_hp_gain":0,"max_hp_loss":0,"event_name":"Beggar","floor":19,"gold_loss":75},{"damage_healed":0,"gold_gain":0,"player_choice":"Obtained Book","damage_taken":16,"max_hp_gain":0,"max_hp_loss":0,"event_name":"Cursed Tome","floor":21,"gold_loss":0},{"damage_healed":0,"gold_gain":0,"player_choice":"Smashed Altar","damage_taken":0,"max_hp_gain":0,"max_hp_loss":0,"event_name":"Forgotten Altar","floor":27,"gold_loss":0,"cards_obtained":["Decay"]}],"is_beta":false,"boss_relics":[{"not_picked":["SacredBark","Philosopher\u0027s Stone"],"picked":"Nuclear Battery"}],"items_purged_floors":[10],"is_endless":false,"potions_floor_spawned":[2,4,11,16,25],"killed_by":"Gremlin Leader","ascension_level":3}}