{"host":"os7ajuuouznx3pj7","time":1609683934,"event":{"mods":["AchievementEnabler","BaseMod","Bestiary","Block Reminder","Colored Map","Colored Powertips","Keyboard Shortcuts","Minty Spire (QoL Compilation)","Quick Restart","Relic Stats","SuperFastMode"],"gold_per_floor":[115,132,132,146,146,146,146,146,170,211,235,212,268,300,312,324,324],"floor_reached":16,"playtime":1079,"items_purged":[],"score":220,"play_id":"fcd90a30-7d59-4032-9e51-19cd0d3e949f","local_time":"20210103122534","is_ascension_mode":true,"campfire_choices":[{"data":"Searing Blow","floor":6.0,"key":"SMITH"},{"data":"Searing Blow+1","floor":8.0,"key":"SMITH"},{"data":"Searing Blow+2","floor":15.0,"key":"SMITH"}],"circlet_count":0,"master_deck":["AscendersBane","Strike_R","Strike_R+1","Strike_R+1","Strike_R","Defend_R","Defend_R","Defend_R","Defend_R","Bash","Searing Blow+3","True Grit","Dual Wield","Sentinel","Thunderclap"],"relics":["Burning Blood","NeowsBlessing","CeramicFish","MawBank","White Beast Statue"],"acts_visited":["Exordium"],"potions_floor_usage":[16],"damage_taken":[{"damage":0.0,"enemies":"Cultist","floor":1.0,"turns":1.0},{"damage":0.0,"enemies":"2 Louse","floor":2.0,"turns":1.0},{"damage":0.0,"enemies":"Jaw Worm","floor":4.0,"turns":1.0},{"damage":19.0,"enemies":"Lagavulin","floor":10.0,"turns":6.0},{"damage":17.0,"enemies":"Large Slime","floor":11.0,"turns":5.0},{"damage":24.0,"enemies":"Gremlin Nob","floor":13.0,"turns":4.0},{"damage":1.0,"enemies":"Exordium Wildlife","floor":14.0,"turns":3.0},{"damage":33,"enemies":"Hexaghost","floor":16,"turns":7}],"seed_played":"5529475266499548833","potions_obtained":[{"floor":1.0,"key":"Dexterity Potion"},{"floor":2.0,"key":"AttackPotion"},{"floor":11.0,"key":"Weak Potion"},{"floor":13.0,"key":"Fire Potion"},{"floor":14.0,"key":"BlessingOfTheForge"}],"is_trial":false,"path_per_floor":["M","M","?","M","?","R","?","R","T","E","M","?","E","M","R","B"],"character_chosen":"IRONCLAD","items_purchased":[],"campfire_rested":0,"item_purchase_floors":[],"current_hp_per_floor":[74,75,80,80,56,56,49,49,49,36,25,45,27,32,32,0,0],"gold":324,"neow_bonus":"THREE_ENEMY_KILL","is_daily":false,"chose_seed":false,"campfire_upgraded":3,"win_rate":0.0,"timestamp":1609683934,"path_taken":["M","?","?","M","?","R","?","R","T","E","M","?","E","M","R","BOSS"],"items_purchased_type":[],"build_version":"2020-12-22","purchased_purges":0,"victory":false,"max_hp_per_floor":[75,75,80,80,80,80,80,80,80,80,80,80,80,80,80,80,80],"relic_stats":{"counters":[8,28],"CeramicFish":27,"MawBank":72,"obtain_stats":[{"NeowsBlessing":0,"CeramicFish":9,"MawBank":10,"Burning Blood":0,"White Beast Statue":13},{"NeowsBlessing":0,"CeramicFish":3,"MawBank":4,"Burning Blood":0,"White Beast Statue":6},{"NeowsBlessing":0,"CeramicFish":3,"MawBank":9,"Burning Blood":0,"White Beast Statue":18}],"Burning Blood":31},"card_choices":[{"not_picked":["Flex","Dual Wield"],"picked":"Searing Blow","floor":1.0},{"not_picked":["Dropkick","Rupture","Sword Boomerang"],"picked":"SKIP","floor":2.0},{"not_picked":["Cleave","Wild Strike"],"picked":"True Grit","floor":4.0},{"not_picked":["Warcry","Havoc"],"picked":"Dual Wield","floor":10.0},{"not_picked":["Body Slam","Wild Strike","Limit Break"],"picked":"SKIP","floor":11.0},{"not_picked":["Bloodletting","Dropkick"],"picked":"Sentinel","floor":13.0},{"not_picked":["Anger","Searing Blow"],"picked":"Thunderclap","floor":14.0}],"player_experience":774761,"relics_obtained":[{"floor":9.0,"key":"CeramicFish"},{"floor":10.0,"key":"MawBank"},{"floor":13.0,"key":"White Beast Statue"}],"event_choices":[{"damage_healed":0.0,"max_hp_gain":5.0,"max_hp_loss":0.0,"gold_gain":0.0,"event_name":"Big Fish","player_choice":"Donut","floor":3.0,"gold_loss":0.0,"damage_taken":0.0},{"damage_healed":0.0,"max_hp_gain":0.0,"max_hp_loss":0.0,"gold_gain":0.0,"event_name":"Shining Light","player_choice":"Entered Light","floor":5.0,"gold_loss":0.0,"damage_taken":24.0,"cards_upgraded":["Strike_R","Strike_R"]},{"cards_removed":["Strike_R"],"damage_healed":0.0,"max_hp_gain":0.0,"max_hp_loss":0.0,"gold_gain":0.0,"event_name":"Golden Wing","player_choice":"Card Removal","floor":7.0,"gold_loss":0.0,"damage_taken":7.0},{"damage_healed":20.0,"max_hp_gain":0.0,"max_hp_loss":0.0,"gold_gain":0.0,"event_name":"The Cleric","player_choice":"Healed","floor":12.0,"gold_loss":35.0,"damage_taken":0.0}],"is_beta":false,"boss_relics":[],"items_purged_floors":[],"is_endless":false,"potions_floor_spawned":[1,2,11,13,14],"killed_by":"Hexaghost","ascension_level":20}}