{"host":"nqsrckqog5ia9mbo","time":1609700512,"event":{"mods":["AchievementEnabler","BaseMod","Colored Map","Highlight Path","Minty Spire (QoL Compilation)"],"gold_per_floor":[111,122,139,158,158,158,190,266,290,290,310,330,330,345,345,449,449,460,474,215,140,140,140,140,150,150,165,195,214,37,50,50,149,149,166,177,189,189,206,206,221,221,221,251,78,89,103,121,121,121],"floor_reached":51,"playtime":4812,"items_purged":["Defend_G","Strike_G","Strike_G"],"score":707,"play_id":"add13277-9cac-4fa0-81c4-d7f4a158e3ca","local_time":"20210103200152","is_ascension_mode":false,"campfire_choices":[{"data":"Skewer","floor":6.0,"key":"SMITH"},{"data":"Backstab","floor":13.0,"key":"SMITH"},{"floor":15.0,"key":"REST"},{"data":"Adrenaline","floor":23.0,"key":"SMITH"},{"floor":32.0,"key":"REST"},{"floor":40.0,"key":"REST"},{"floor":49,"key":"REST"}],"circlet_count":0,"master_deck":["Strike_G","Strike_G","Defend_G","Defend_G","Defend_G","Defend_G","Survivor+1","Neutralize","Deflect","Deadly Poison","Skewer+1","Underhanded Strike","Deadly Poison","Dodge and Roll","Backstab+1","Backstab","Adrenaline","Deadly Poison","Prepared","Well Laid Plans","Adrenaline+1","Terror","Poisoned Stab","Catalyst","Catalyst","Blur","Bouncing Flask+1","Night Terror","Dagger Spray+1","Blur","Tactician+1","Acrobatics+1","Prepared","Bane+1","Catalyst+1","Noxious Fumes"],"relics":["Ring of the Snake","Toy Ornithopter","Bronze Scales","Happy Flower","HoveringKite","DollysMirror","Nilry\u0027s Codex","Gambling Chip","Bag of Marbles","Sozu","HornCleat","Strawberry"],"acts_visited":["Exordium","TheCity","TheBeyond"],"potions_floor_usage":[],"damage_taken":[{"damage":0.0,"enemies":"Jaw Worm","floor":1.0,"turns":5.0},{"damage":2.0,"enemies":"Small Slimes","floor":2.0,"turns":5.0},{"damage":0.0,"enemies":"Cultist","floor":3.0,"turns":4.0},{"damage":3.0,"enemies":"Blue Slaver","floor":4.0,"turns":4.0},{"damage":17.0,"enemies":"3 Sentries","floor":7.0,"turns":9.0},{"damage":6.0,"enemies":"Exordium Wildlife","floor":11.0,"turns":5.0},{"damage":0.0,"enemies":"2 Fungi Beasts","floor":12.0,"turns":3.0},{"damage":0.0,"enemies":"Red Slaver","floor":14.0,"turns":3.0},{"damage":37.0,"enemies":"The Guardian","floor":16.0,"turns":12.0},{"damage":4.0,"enemies":"Shell Parasite","floor":18.0,"turns":3.0},{"damage":0.0,"enemies":"Chosen","floor":19.0,"turns":3.0},{"damage":12.0,"enemies":"Snake Plant","floor":25.0,"turns":3.0},{"damage":7.0,"enemies":"Centurion and Healer","floor":27.0,"turns":4.0},{"damage":17.0,"enemies":"Gremlin Leader","floor":28.0,"turns":5.0},{"damage":0.0,"enemies":"Chosen and Byrds","floor":29.0,"turns":4.0},{"damage":21.0,"enemies":"Snake Plant","floor":31.0,"turns":2.0},{"damage":8.0,"enemies":"Automaton","floor":33.0,"turns":5.0},{"damage":0.0,"enemies":"3 Shapes","floor":35.0,"turns":4.0},{"damage":5.0,"enemies":"Orb Walker","floor":36.0,"turns":2.0},{"damage":27.0,"enemies":"Sphere and 2 Shapes","floor":37.0,"turns":6.0},{"damage":2.0,"enemies":"Jaw Worm Horde","floor":39.0,"turns":4.0},{"damage":0.0,"enemies":"Transient","floor":41.0,"turns":5.0},{"damage":54,"enemies":"Reptomancer","floor":44,"turns":5},{"damage":3,"enemies":"3 Darklings","floor":46,"turns":5},{"damage":0,"enemies":"Jaw Worm Horde","floor":47,"turns":3},{"damage":0,"enemies":"Sphere and 2 Shapes","floor":48,"turns":3},{"damage":31,"enemies":"Donu and Deca","floor":50,"turns":8}],"seed_played":"-8054338441153993553","potions_obtained":[{"floor":2.0,"key":"Swift Potion"},{"floor":4.0,"key":"SteroidPotion"},{"floor":11.0,"key":"Energy Potion"},{"floor":12.0,"key":"SkillPotion"},{"floor":25.0,"key":"SmokeBomb"},{"floor":29.0,"key":"FairyPotion"},{"floor":31.0,"key":"SpeedPotion"}],"is_trial":false,"path_per_floor":["M","M","M","M","?","R","E","?","T","?","M","M","R","M","R","B",null,"M","M","$","?","?","R","$","M","T","M","E","M","$","M","R","B",null,"M","M","M","?","M","R","M","?","T","E","$","M","M","M","R","B",null],"character_chosen":"THE_SILENT","items_purchased":["Well Laid Plans","DollysMirror","Blur","Prepared"],"campfire_rested":4,"item_purchase_floors":[20,20,30,45],"current_hp_per_floor":[70,68,68,65,53,53,36,36,36,36,30,30,30,30,51,14,70,66,66,66,66,50,50,50,43,43,36,19,19,19,21,42,39,70,70,65,48,48,46,67,67,67,67,20,20,17,17,17,40,9],"gold":121,"neow_bonus":"UPGRADE_CARD","is_daily":false,"chose_seed":false,"campfire_upgraded":3,"win_rate":0.0,"timestamp":1609700512,"path_taken":["M","M","M","M","?","R","E","?","T","?","M","?","R","M","R","BOSS","M","M","$","?","?","R","?","M","T","M","E","M","$","?","R","BOSS","M","M","M","?","?","R","M","?","T","E","$","M","M","M","R","BOSS"],"items_purchased_type":["Card","Relic","Card","Card"],"build_version":"2020-12-22","purchased_purges":3,"victory":true,"max_hp_per_floor":[70,70,70,70,70,70,70,70,70,70,70,70,70,70,70,70,70,70,70,70,70,70,70,70,70,70,70,70,70,70,70,70,70,70,70,70,70,70,70,70,70,70,70,77,77,77,77,77,77,77],"card_choices":[{"not_picked":["Dodge and Roll","Underhanded Strike"],"picked":"Deflect","floor":1.0},{"not_picked":["Skewer","Slice"],"picked":"Deadly Poison","floor":2.0},{"not_picked":["PiercingWail","Flying Knee"],"picked":"Skewer","floor":3.0},{"not_picked":["Backflip","Expertise"],"picked":"Underhanded Strike","floor":4.0},{"not_picked":["Sucker Punch","Finisher"],"picked":"Deadly Poison","floor":7.0},{"not_picked":["Slice","Deflect"],"picked":"Dodge and Roll","floor":11.0},{"not_picked":["Deadly Poison","Infinite Blades"],"picked":"Backstab","floor":12.0},{"not_picked":["Infinite Blades","Sucker Punch"],"picked":"Backstab","floor":14.0},{"not_picked":["Envenom","Burst"],"picked":"Adrenaline","floor":16.0},{"not_picked":["Dodge and Roll","Flying Knee"],"picked":"Deadly Poison","floor":18.0},{"not_picked":["Acrobatics","Sucker Punch+1"],"picked":"Prepared","floor":19.0},{"not_picked":["Flying Knee","Dodge and Roll"],"picked":"Terror","floor":25.0},{"not_picked":["Quick Slash","Caltrops"],"picked":"Poisoned Stab","floor":27.0},{"not_picked":["Noxious Fumes","Reflex+1"],"picked":"Catalyst","floor":28.0},{"not_picked":["Backflip+1","Venomology"],"picked":"Catalyst","floor":29.0},{"not_picked":["Dagger Spray","Blur"],"picked":"Bouncing Flask+1","floor":31.0},{"not_picked":["Phantasmal Killer","Tools of the Trade"],"picked":"Night Terror","floor":33.0},{"not_picked":["Slice+1","Blade Dance+1","Poisoned Stab"],"picked":"SKIP","floor":35.0},{"not_picked":["Predator+1","Dagger Spray","Slice+1"],"picked":"SKIP","floor":36.0},{"not_picked":["Underhanded Strike+1","After Image"],"picked":"Dagger Spray+1","floor":37.0},{"not_picked":["Heel Hook+1","Blade Dance+1"],"picked":"Blur","floor":39.0},{"not_picked":["Infinite Blades+1","Quick Slash"],"picked":"Tactician+1","floor":41.0},{"not_picked":["Infinite Blades","Slice+1"],"picked":"Acrobatics+1","floor":44},{"not_picked":["Bouncing Flask+1","Endless Agony"],"picked":"Bane+1","floor":46},{"not_picked":["All Out Attack+1","Backflip"],"picked":"Catalyst+1","floor":47},{"not_picked":["Quick Slash","Masterful Stab"],"picked":"Noxious Fumes","floor":48}],"player_experience":112155,"relics_obtained":[{"floor":7.0,"key":"Bronze Scales"},{"floor":9.0,"key":"Happy Flower"},{"floor":22.0,"key":"Nilry\u0027s Codex"},{"floor":26.0,"key":"Gambling Chip"},{"floor":28.0,"key":"Bag of Marbles"},{"floor":43.0,"key":"HornCleat"},{"floor":44,"key":"Strawberry"}],"event_choices":[{"damage_healed":0.0,"max_hp_gain":0.0,"max_hp_loss":0.0,"gold_gain":0.0,"event_name":"Scrap Ooze","player_choice":"Success","floor":5.0,"gold_loss":0.0,"damage_taken":12.0,"relics_obtained":["Toy Ornithopter"]},{"damage_healed":0.0,"max_hp_gain":0.0,"max_hp_loss":0.0,"gold_gain":76.0,"event_name":"Golden Wing","player_choice":"Gained Gold","floor":8.0,"gold_loss":0.0,"damage_taken":0.0},{"damage_healed":0.0,"max_hp_gain":0.0,"max_hp_loss":0.0,"gold_gain":0.0,"event_name":"Golden Idol","player_choice":"Ignored","floor":10.0,"gold_loss":0.0,"damage_taken":0.0},{"cards_removed":["Strike_G"],"damage_healed":0.0,"max_hp_gain":0.0,"max_hp_loss":0.0,"gold_gain":0.0,"event_name":"Beggar","player_choice":"Gave Gold","floor":21.0,"gold_loss":75.0,"damage_taken":0.0},{"damage_healed":0.0,"max_hp_gain":0.0,"max_hp_loss":0.0,"gold_gain":0.0,"event_name":"Cursed Tome","player_choice":"Obtained Book","floor":22.0,"gold_loss":0.0,"damage_taken":16.0},{"damage_healed":0.0,"max_hp_gain":0.0,"max_hp_loss":0.0,"gold_gain":0.0,"event_name":"Lab","player_choice":"Got Potions","floor":38.0,"gold_loss":0.0,"damage_taken":0.0},{"damage_healed":0.0,"max_hp_gain":0.0,"max_hp_loss":0.0,"gold_gain":0.0,"event_name":"Tomb of Lord Red Mask","player_choice":"Ignored","floor":42.0,"gold_loss":0.0,"damage_taken":0.0}],"is_beta":false,"boss_relics":[{"not_picked":["Ring of the Serpent","Astrolabe"],"picked":"HoveringKite"},{"not_picked":["Runic Dome","SacredBark"],"picked":"Sozu"}],"items_purged_floors":[20,30,45],"is_endless":false,"potions_floor_spawned":[2,4,11,12,25,29,31,35,37,41,44,46,47],"ascension_level":0}}