{"host":"pcbz64t4k17ey4z1","time":1609696464,"event":{"mods":["2.2 Compatiblity","AchievementEnabler","Act Like it!","Aspiration","BaseMod","Beaked The Cultist","Better Match","BetterRewards","Card Forge","Colored Map","Colored Powertips","Conspire","Disable Question Mark Monsters","Fireblade Mod","Friendly Minions","GifTheSpireLib","Glutton Mod","Googly Eyes","Hermit","Hubris","Infinite Spire","Koishi","Marisa????????","Minty Spire (QoL Compilation)","Permanent Neow","Potionbrewer","Quick Restart","Random Character Button","Rare Cards Sparkle","Relic Filter","Replay The Spire","Shade Mod","Shop Mod","Small Relic Pack","StSLib","Stuff the Spire","SuperFastMode","The Animator","The Cursed","The Druid","The Gatherer","The Hierophant","The IronCluck","The Runesmith","Waifu the Spire","Wandering Minibosses","vexMod"],"gold_per_floor":[118,118,128,144,144,178,195,224,251,284,284,296,315,331,331,435,435,451,451,471,490,490,519,519,549,576,605,617,617,634,634,634,733,733,751,421,431,431,356,385,395,407,430,447,482,495,520,520,520,520,520,520,64,90,90],"floor_reached":56,"playtime":3384,"items_purged":[],"score":2099,"play_id":"30f2400d-0f9d-4081-9e0c-41bca97b2219","local_time":"20210103175424","is_ascension_mode":true,"metric_token":3025,"campfire_choices":[{"data":"Gatherer:FlowerBeam","floor":11,"key":"SMITH"},{"data":"Gatherer:FlowerShield","floor":15,"key":"SMITH"},{"floor":29,"key":"REST"},{"data":"Gatherer:MindSearch","floor":32,"key":"SMITH"},{"floor":49,"key":"RECALL"},{"data":"Gatherer:ScrollOfPurity","floor":52,"key":"SMITH"}],"circlet_count":0,"master_deck":["Gatherer:Defend_Gatherer+1","Gatherer:Defend_Gatherer+1","Gatherer:Defend_Gatherer+1","Gatherer:Defend_Gatherer+1","Gatherer:Centralize+1","Gatherer:FlowerWhip+2","Finesse+1","Gatherer:QuickSynthesis+1","Gatherer:BalancedGrowth+1","Gatherer:FlowerFalling+2","Gatherer:Pollute","Gatherer:FlowerBeam+2","Gatherer:FlowerShield+2","Gatherer:MindSearch+1","Gatherer:UpgradeBag+1","Gatherer:LuckyClover+1","Gatherer:FlowerShield+2","Gatherer:FlowerBeam+2","Gatherer:PoisonMastery+1","StuffTheSpire:BrainWave","Gatherer:AlchemyTrial+1","Gatherer:TreeGrowth+1","Gatherer:ScrollOfPurity+1","Gatherer:EnergyBasket+1","Sadistic Nature+1","Impatience","Gatherer:Liquidism+1","Gatherer:Herbalism","Gatherer:FlowerShield+1","Gatherer:TacticalStrike+1","Gatherer:QuickSynthesis+1","Gatherer:QuickSynthesis","Gatherer:AlchemyTrial+1","Gatherer:SmartManeuver","Gatherer:ScrollOfWall","Gatherer:AlchemyTrial+1","Gatherer:TacticalStrike+1","Wraith"],"relics":["Gatherer:AlchemyBag","Hammer of Thor","Seething Fire","Anvil of the Gods","Mirror","Frozen Egg 2","vexMod:Dragonfruit","Smiling Mask","PreservedInsect","Gremlin Food","potionbrewer:BhaskarasWheel","ReplayTheSpireMod:Ninjato","Iron Hammer","StuffTheSpire:Wildfire","Akabeko","Counterbalance","vexMod:MysteryBossChallenge","ReplayTheSpireMod:Onyx Gauntlets","Thread and Needle","wanderingMiniBosses:Inkheart","Orichalcum","Unceasing Top","Vajra","Replay:Baseball","OrangePellets","potionbrewer:RamsHorn"],"acts_visited":["Exordium","TheCity","TheBeyond","TheEnding"],"potions_floor_usage":[7,8,13,16,20,21,28,30,42],"damage_taken":[{"damage":0,"enemies":"2 Louse","floor":1,"turns":2},{"damage":0,"enemies":"Jaw Worm","floor":3,"turns":4},{"damage":0,"enemies":"Small Slimes","floor":4,"turns":2},{"damage":0,"enemies":"Lagavulin","floor":6,"turns":5},{"damage":6,"enemies":"3 Louse","floor":7,"turns":2},{"damage":2,"enemies":"3 Sentries","floor":8,"turns":4},{"damage":0,"enemies":"Gremlin Nob","floor":10,"turns":2},{"damage":0,"enemies":"Gremlin Gang","floor":12,"turns":3},{"damage":0,"enemies":"2 Fungi Beasts","floor":13,"turns":2},{"damage":0,"enemies":"Looter","floor":14,"turns":3},{"damage":15,"enemies":"The Guardian","floor":16,"turns":8},{"damage":13,"enemies":"Shell Parasite","floor":18,"turns":7},{"damage":4,"enemies":"3 Byrds","floor":20,"turns":3},{"damage":24,"enemies":"Shelled Parasite and Fungi","floor":21,"turns":6},{"damage":0,"enemies":"Gremlin Leader","floor":23,"turns":5},{"damage":8,"enemies":"Nightmare","floor":25,"turns":7},{"damage":7,"enemies":"Book of Stabbing","floor":27,"turns":4},{"damage":18,"enemies":"Snake Plant","floor":28,"turns":4},{"damage":15,"enemies":"Centurion and Healer","floor":30,"turns":5},{"damage":4,"enemies":"Champ","floor":33,"turns":8},{"damage":15,"enemies":"3 Darklings","floor":35,"turns":4},{"damage":0,"enemies":"Orb Walker","floor":37,"turns":2},{"damage":0,"enemies":"R_Hoarder","floor":40,"turns":3},{"damage":0,"enemies":"Maw","floor":41,"turns":5},{"damage":0,"enemies":"4 Shapes","floor":42,"turns":6},{"damage":0,"enemies":"Writhing Mass","floor":44,"turns":1},{"damage":0,"enemies":"Nemesis","floor":45,"turns":1},{"damage":0,"enemies":"Sphere and 2 Shapes","floor":46,"turns":1},{"damage":0,"enemies":"Giant Head","floor":47,"turns":1},{"damage":0,"enemies":"hubris:GrandSnecko","floor":50,"turns":2},{"damage":0,"enemies":"Shield and Spear","floor":54,"turns":1},{"damage":12,"enemies":"The Heart","floor":55,"turns":3}],"seed_played":"4160729042219154683","potions_obtained":[{"floor":1,"key":"SteroidPotion"},{"floor":6,"key":"Toxic Potion"},{"floor":8,"key":"SpeedPotion"},{"floor":10,"key":"LiquidBronze"},{"floor":12,"key":"Block Potion"},{"floor":16,"key":"conspire:TimeTravelPotion"},{"floor":18,"key":"BlessingOfTheForge"},{"floor":27,"key":"Weak Potion"},{"floor":33,"key":"Ancient Potion"},{"floor":35,"key":"SmokeBomb"},{"floor":44,"key":"Weak Potion"},{"floor":45,"key":"Block Potion"},{"floor":46,"key":"EssenceOfSteel"}],"is_trial":false,"path_per_floor":["M","?","M","M","T","E","M","E","T","E","R","M","M","M","R","B",null,"M","?","M","M","?","E","?","NM","T","E","M","R","M","?","R","B",null,"M","$","M","?","?","E","M","M","T","M","E","M","E","?","R","B",null,"R","$","E","B",null],"character_chosen":"THE_GATHERER","items_purchased":["Finesse","Mirror","Gatherer:QuickSynthesis","Gatherer:BalancedGrowth","Sadistic Nature+1","Impatience","Gatherer:Liquidism+1","Vajra","Replay:Baseball","OrangePellets"],"campfire_rested":1,"item_purchase_floors":[0,0,0,0,36,36,36,53,53,53],"current_hp_per_floor":[72,72,72,72,77,77,71,69,69,69,69,69,69,69,69,54,77,64,64,60,45,45,45,45,37,37,30,12,35,20,20,20,20,77,62,62,62,77,77,77,77,77,77,77,77,77,77,77,77,77,77,77,77,77,69],"gold":90,"neow_bonus":"","is_daily":false,"chose_seed":false,"campfire_upgraded":4,"win_rate":0.0,"timestamp":1609696464,"path_taken":["M","?","M","M","?","E","M","E","T","E","R","M","M","M","R","BOSS","M","?","M","M","?","E","?","NM","T","E","M","R","M","?","R","BOSS","M","$","M","?","?","E","M","M","T","?","E","M","E","?","R","BOSS","R","$","E","BOSS"],"items_purchased_type":["Card","Relic","Card","Card","Card","Card","Card","Relic","Relic","Relic"],"build_version":"2020-12-22","purchased_purges":0,"victory":true,"max_hp_per_floor":[72,72,72,72,77,77,77,77,77,77,77,77,77,77,77,77,77,77,77,77,77,77,77,77,77,77,77,77,77,77,77,77,77,77,77,77,77,77,77,77,77,77,77,77,77,77,77,77,77,77,77,77,77,77,77],"card_choices":[{"not_picked":["Gatherer:Snatch","Gatherer:CarefulStrike"],"picked":"Gatherer:FlowerFalling","floor":1},{"not_picked":["Gatherer:GatherMaterial","Gatherer:Duality","Gatherer:AromaProtection"],"picked":"SKIP","floor":3},{"not_picked":["Gatherer:ScentOfRosmari","Gatherer:BambuSword"],"picked":"Gatherer:Pollute","floor":4},{"not_picked":["Gatherer:Herbalism","Gatherer:BalancedGrowth+1"],"picked":"Gatherer:FlowerBeam","floor":6},{"not_picked":["Gatherer:FlowerFalling","Gatherer:Convert"],"picked":"Gatherer:FlowerShield","floor":7},{"not_picked":["Gatherer:TacticalStrike","Gatherer:FeelingFine+1"],"picked":"Gatherer:AcidicSpray","floor":8},{"not_picked":["Gatherer:ScherryThrow","Gatherer:CollectorsShot"],"picked":"Gatherer:MindSearch","floor":10},{"not_picked":["Gatherer:SealedBomb","Gatherer:AromaProtection"],"picked":"Gatherer:AcidicSpray","floor":12},{"not_picked":["Gatherer:Convert","Gatherer:Enchant"],"picked":"Gatherer:ScentOfRosmari","floor":13},{"not_picked":["Gatherer:FlowerFalling","Gatherer:Uplift+1"],"picked":"Gatherer:UpgradeBag+1","floor":14},{"not_picked":["Gatherer:BomberForm+1","Gatherer:Bulldoze"],"picked":"Gatherer:LuckyClover+1","floor":16},{"not_picked":["Gatherer:GatherMaterial","Gatherer:VenomBarrier"],"picked":"Gatherer:DrugPower+1","floor":18},{"not_picked":["Gatherer:Snatch","Gatherer:BalancedGrowth+1"],"picked":"Gatherer:FlowerShield","floor":20},{"not_picked":["Gatherer:TacticalStrike","Gatherer:WoolGloves"],"picked":"Gatherer:FlowerBeam+1","floor":21},{"not_picked":["Gatherer:TacticalStrike","Gatherer:Frenzy+1"],"picked":"Gatherer:PoisonMastery+1","floor":23},{"not_picked":["StuffTheSpire:Brawn","StuffTheSpire:Perfection"],"picked":"StuffTheSpire:BrainWave","floor":24},{"not_picked":["Gatherer:Frenzy","Gatherer:Snatch"],"picked":"Gatherer:AlchemyTrial+1","floor":25},{"not_picked":["Gatherer:Uplift+1","Gatherer:Enchant+1"],"picked":"Gatherer:Nutrients","floor":27},{"not_picked":["Gatherer:VenomBarrier","Gatherer:Frenzy"],"picked":"Gatherer:TreeGrowth+1","floor":28},{"not_picked":["Gatherer:Solidify","Gatherer:AromaProtection+1","Gatherer:SaveValuables"],"picked":"SKIP","floor":30},{"not_picked":["Gatherer:Bulldoze","Gatherer:Overflowing"],"picked":"Gatherer:ScrollOfPurity","floor":33},{"not_picked":["Gatherer:CarefulStrike","Gatherer:ScherryThrow"],"picked":"Gatherer:EnergyBasket+1","floor":35},{"not_picked":["Gatherer:TreeGrowth","Gatherer:Polymorphism"],"picked":"Gatherer:Herbalism","floor":37},{"not_picked":["Gatherer:SaveValuables+1","Gatherer:WoolGloves+1"],"picked":"Gatherer:FlowerShield+1","floor":39},{"not_picked":["Gatherer:BambuSword+1","Gatherer:GatherMaterial+1"],"picked":"Gatherer:TacticalStrike+1","floor":39},{"not_picked":["Gatherer:FlowerFalling+1","Gatherer:FragileHammer+1"],"picked":"Gatherer:QuickSynthesis+1","floor":39},{"not_picked":["Gatherer:Snatch","Gatherer:AcidicSpray"],"picked":"Gatherer:QuickSynthesis","floor":40},{"not_picked":["Gatherer:Liquidism+1","Gatherer:AromaProtection"],"picked":"Gatherer:AlchemyTrial+1","floor":41},{"not_picked":["Gatherer:DrugPower","Gatherer:SaveValuables"],"picked":"Gatherer:SmartManeuver","floor":42},{"not_picked":["Gatherer:WoolGloves","Gatherer:CarefulStrike+1"],"picked":"Gatherer:ScrollOfWall","floor":44},{"not_picked":["Gatherer:SmartManeuver+1","Gatherer:CollectorsShot"],"picked":"Gatherer:AlchemyTrial+1","floor":45},{"not_picked":["Gatherer:ScherryThrow","Gatherer:GatherMaterial+1"],"picked":"Gatherer:TacticalStrike+1","floor":46},{"not_picked":["Gatherer:ScrollOfWall+1","Gatherer:TreeGrowth","Gatherer:Nutrients"],"picked":"SKIP","floor":47},{"not_picked":["Gatherer:Duality+1","Gatherer:AcidicSpray","Gatherer:PotentialSlash+1"],"picked":"SKIP","floor":54}],"player_experience":3762386,"relics_obtained":[{"floor":5,"key":"vexMod:Dragonfruit"},{"floor":6,"key":"Smiling Mask"},{"floor":8,"key":"Juzu Bracelet"},{"floor":9,"key":"PreservedInsect"},{"floor":10,"key":"Gremlin Food"},{"floor":23,"key":"Iron Hammer"},{"floor":25,"key":"StuffTheSpire:Wildfire"},{"floor":26,"key":"Akabeko"},{"floor":27,"key":"Counterbalance"},{"floor":40,"key":"Thread and Needle"},{"floor":42,"key":"wanderingMiniBosses:Inkheart"},{"floor":45,"key":"Orichalcum"},{"floor":47,"key":"Unceasing Top"},{"floor":54,"key":"potionbrewer:RamsHorn"}],"event_choices":[{"damage_healed":0,"gold_gain":0,"player_choice":"Stole Relic","damage_taken":0,"relics_obtained":["ReplayTheSpireMod:Ninjato"],"max_hp_gain":0,"max_hp_loss":0,"event_name":"Addict","floor":19,"gold_loss":0,"cards_obtained":["Shame"]},{"cards_removed":["Gatherer:Defend_Gatherer"],"damage_healed":0,"gold_gain":0,"player_choice":"Purged","damage_taken":0,"max_hp_gain":0,"max_hp_loss":0,"event_name":"Purifier","floor":22,"gold_loss":0},{"damage_healed":19,"gold_gain":0,"player_choice":"Writhe","damage_taken":0,"max_hp_gain":0,"max_hp_loss":0,"event_name":"Winding Halls","floor":38,"gold_loss":0,"cards_obtained":["Writhe"]},{"damage_healed":0,"gold_gain":0,"player_choice":"3","damage_taken":0,"max_hp_gain":0,"max_hp_loss":0,"event_name":"betterMatch:BetterMatch","floor":39,"gold_loss":0,"cards_obtained":["betterMatch:CommonCard"]},{"damage_healed":0,"gold_gain":0,"player_choice":"Ignored","damage_taken":0,"max_hp_gain":0,"max_hp_loss":0,"event_name":"OrinTheCat","floor":48,"gold_loss":0}],"is_beta":false,"boss_relics":[{"not_picked":["aspiration:WatcherSkillbook","aspiration:RitualDagger"],"picked":"potionbrewer:BhaskarasWheel"},{"not_picked":["Pandora\u0027s Box","hubris:VirtuousBlindfold"],"picked":"vexMod:MysteryBossChallenge"}],"items_purged_floors":[],"is_endless":false,"potions_floor_spawned":[1,6,8,10,12,16,18,27,33,35,44,45,46,54],"ascension_level":3}}