{"host":"7z347kdhnquy3q4q","time":1609666040,"event":{"mods":["Act Like it!","Aspiration","BaseMod","Downfall","Hubris","Infinite Spire","Minty Spire (QoL Compilation)","MostiFishMod","Permanent Neow","Potionbrewer","Replay The Spire","Robot Space Explorer","Spicy Shops","StSLib","Wandering Minibosses","vexMod"],"gold_per_floor":[117,130,130,130,51,51,86,103,103,19,19,19,19,19,19,91,91,102,102,102,122,122,153,153,186,186,186,197,197,4,15,107,181,181,196,214,228,243,256,256,267,267,267,293,344,344,357,357,357,357,357],"floor_reached":52,"playtime":2873,"items_purged":[],"score":2386,"play_id":"2b8fc35d-a9a6-497b-b0bb-2067851690da","local_time":"20210103032720","is_ascension_mode":true,"campfire_choices":[{"floor":6.0,"key":"REST"},{"floor":11.0,"key":"REST"},{"data":"FIFO Queue","floor":13.0,"key":"SMITH"},{"floor":24.0,"key":"REST"},{"floor":29.0,"key":"REST"},{"data":"ReplayTheSpireMod:Chaos Vortex","floor":40.0,"key":"SMITH"},{"data":"MostiFishMod:Impulse","floor":42.0,"key":"SMITH"},{"floor":49,"key":"REST"}],"circlet_count":0,"master_deck":["AscendersBane","Dualcast","ReplayTheSpireMod:System Scan","Cold Snap+1","Sweeping Beam+1","FIFO Queue+1","Steam+1","Unload+1","Slice+1","Rainbow","hubris:PowerSurge","White Noise","Reboot","White Noise+1","MostiFishMod:Impulse+1","ReplayTheSpireMod:Chaos Vortex+1","BootSequence","BootSequence","Ball Lightning+1","Tempest","Go for the Eyes+1","expansioncontent:DashGenerateEvil+1","Conserve Battery","MostiFishMod:Nova+1","MostiFishMod:FrostNova","MostiFishMod:WinterMarkForm","Barrage+1","Beam Cell+1","Redo","MostiFishMod:FluxCapactior+1","Crystallizer","MostiFishMod:PushDownKick+1","BasicCrystalCard+1","Leap","Steam+1","infinitespire:FutureSight"],"relics":["Cracked Core","DaveBox","ArrowTower","aspiration:Nostalgia","Slimebound:AbsorbEndCombat","SynthV:TestCard","Molten Egg 2","Replay:Towering Pillar of Hats","vexMod:InvisibilityCloak","Happy Flower","CultistMask","TimeKeys","InkBottle","Pandora\u0027s Box","hubris:AstralHammer","Lantern","infinitespire:SolderingIron","Enchiridion","wanderingMiniBosses:Inkheart","FrostBlade","aspiration:HiddenCompartment","Blood Vial","potionbrewer:AlchemistFlask","aspiration:SeaSaltIceCream","War Paint"],"acts_visited":["Exordium","TheCity","TheBeyond"],"potions_floor_usage":[50],"damage_taken":[{"damage":8.0,"enemies":"2 Louse","floor":1.0,"turns":2.0},{"damage":7.0,"enemies":"Jaw Worm","floor":2.0,"turns":3.0},{"damage":16.0,"enemies":"Lagavulin","floor":7.0,"turns":6.0},{"damage":0.0,"enemies":"Cultist","floor":8.0,"turns":3.0},{"damage":1.0,"enemies":"Fading Forest","floor":16.0,"turns":13.0},{"damage":0.0,"enemies":"Spheric Guardian","floor":18.0,"turns":6.0},{"damage":0.0,"enemies":"2 Thieves","floor":21.0,"turns":1.0},{"damage":14.0,"enemies":"Slavers","floor":23.0,"turns":4.0},{"damage":0.0,"enemies":"Book of Stabbing","floor":25.0,"turns":3.0},{"damage":0.0,"enemies":"Centurion and Healer","floor":28.0,"turns":2.0},{"damage":0.0,"enemies":"Snecko","floor":31.0,"turns":5.0},{"damage":0.0,"enemies":"Automaton","floor":33.0,"turns":6.0},{"damage":0.0,"enemies":"Orb Walker","floor":35.0,"turns":3.0},{"damage":0.0,"enemies":"3 Shapes","floor":36.0,"turns":3.0},{"damage":0.0,"enemies":"Spire Growth","floor":37.0,"turns":3.0},{"damage":0.0,"enemies":"Jaw Worm Horde","floor":38.0,"turns":2.0},{"damage":13.0,"enemies":"Maw","floor":39.0,"turns":5.0},{"damage":0.0,"enemies":"3 Darklings","floor":41.0,"turns":1.0},{"damage":0.0,"enemies":"Giant Head","floor":44.0,"turns":5.0},{"damage":0.0,"enemies":"2 Orb Walkers","floor":45.0,"turns":3.0},{"damage":0.0,"enemies":"4 Shapes","floor":47.0,"turns":3.0},{"damage":0,"enemies":"infinitespire:MassOfShapes","floor":50,"turns":2},{"damage":0,"enemies":"Awakened One","floor":51,"turns":5}],"seed_played":"-4756315497639678353","potions_obtained":[{"floor":8.0,"key":"SteroidPotion"},{"floor":21.0,"key":"FearPotion"},{"floor":31.0,"key":"SkillPotion"},{"floor":38.0,"key":"Explosive Potion"},{"floor":39.0,"key":"DistilledChaos"},{"floor":44.0,"key":"Milkshake"},{"floor":45.0,"key":"Elixir"},{"floor":47.0,"key":"potionbrewer:ToxicPotion"}],"is_trial":false,"path_per_floor":["M","M","?","T","$","R","E","M","T","$","R","?","R","?","R","B",null,"M","AVR","?","M","?","E","R","E","T","?","M","R","$","M","R","B",null,"M","M","M","M","M","R","M","R","T","E","?","?","M","AVR","R","B","B",null],"character_chosen":"DEFECT","items_purchased":["Sweeping Beam+1","Happy Flower","expansioncontent:DashGenerateEvil+1"],"campfire_rested":5,"item_purchase_floors":[5,10,30],"current_hp_per_floor":[56,49,42,42,42,63,47,47,47,47,68,68,68,68,71,70,71,71,71,71,71,71,57,71,71,71,50,50,71,71,71,71,71,71,71,71,71,71,58,58,58,58,58,58,60,60,62,62,71,71,71],"gold":357,"neow_bonus":"NOSTALGIA","is_daily":false,"chose_seed":false,"campfire_upgraded":3,"win_rate":0.0,"timestamp":1609666040,"path_taken":["M","M","?","?","$","R","E","?","T","$","R","?","R","?","R","BOSS","M","AVR","?","M","?","E","R","E","T","?","?","R","?","M","R","BOSS","M","M","M","M","M","R","M","R","T","E","?","?","M","AVR","R","BOSS","BOSS"],"items_purchased_type":["Card","Relic","Card"],"build_version":"2020-12-22","purchased_purges":0,"victory":true,"max_hp_per_floor":[71,71,71,71,71,71,71,71,71,71,71,71,71,71,71,71,71,71,71,71,71,71,71,71,71,71,71,71,71,71,71,71,71,71,71,71,71,71,71,71,71,71,71,71,71,71,71,71,71,71,71],"card_choices":[{"not_picked":["Sweeping Beam","MostiFishMod:GatherIntelligence"],"picked":"ReplayTheSpireMod:System Scan","floor":1.0},{"not_picked":["Streamline","Stack","Lockon","Scrape"],"picked":"Cold Snap","floor":2.0},{"not_picked":["Darkness","Tempest","FTL+1","Force Field"],"picked":"FIFO Queue","floor":7.0},{"not_picked":["FIFO Queue","Force Field","Steam Power","ReplayTheSpireMod:Repulse"],"picked":"Steam","floor":8.0},{"not_picked":["MostiFishMod:Hijack","MostiFishMod:Nova+1","Echo Form","MostiFishMod:IntelligentEquipment"],"picked":"Rainbow","floor":16.0},{"not_picked":["Scrape+1","Force Field","Cold Snap+1","Skim+1"],"picked":"hubris:PowerSurge","floor":18.0},{"not_picked":["Sweeping Beam+1","MostiFishMod:PushDownKick+1","Undo+1","Panic Button"],"picked":"BootSequence","floor":21.0},{"not_picked":["MostiFishMod:FluxCapactior","Recycle","Tempest","Redo"],"picked":"Ball Lightning+1","floor":23.0},{"not_picked":["White Noise","Scrape+1","Coolheaded","MostiFishMod:IntelligentEquipment"],"picked":"Tempest","floor":25.0},{"not_picked":["Cold Snap+1","Redo","Sweeping Beam+1","MostiFishMod:Impulse"],"picked":"Go for the Eyes+1","floor":28.0},{"not_picked":["Genetic Algorithm+1","Turbo+1","Cold Snap+1","Ball Lightning+1"],"picked":"Conserve Battery","floor":31.0},{"not_picked":["Buffer","Echo Form","MostiFishMod:StarOceanB","MostiFishMod:DeathFromBelow+1"],"picked":"MostiFishMod:Nova+1","floor":33.0},{"not_picked":["Leap","Hologram","Coolheaded","Compile Driver+1"],"picked":"Barrage+1","floor":35.0},{"not_picked":["Stack","ReplayTheSpireMod:System Scan","BasicCrystalCard","Conserve Battery+1"],"picked":"Beam Cell+1","floor":36.0},{"not_picked":["Streamline+1","Tempest","ReplayGash+1","Conserve Battery"],"picked":"Redo","floor":37.0},{"not_picked":["Stack","Rebound+1","Lockon+1","Reprogram"],"picked":"MostiFishMod:FluxCapactior+1","floor":38.0},{"not_picked":["Hologram","Rebound+1","MostiFishMod:ReprogramOld","Amplify"],"picked":"Crystallizer","floor":39.0},{"not_picked":["Coolheaded+1","FIFO Queue+1","BasicCrystalCard","Redo"],"picked":"MostiFishMod:PushDownKick+1","floor":41.0},{"not_picked":["Ball Lightning+1","Hello World","Conserve Battery","Panic Button"],"picked":"BasicCrystalCard+1","floor":44.0},{"not_picked":["Sweeping Beam+1","Stack","Rebound+1","All For One+1"],"picked":"Leap","floor":45.0},{"not_picked":["Barrage+1","Reprogram","Streamline+1","Beam Cell+1"],"picked":"Steam+1","floor":47.0}],"player_experience":1936707,"relics_obtained":[{"floor":1.0,"key":"SynthV:TestCard"},{"floor":4.0,"key":"Molten Egg 2"},{"floor":7.0,"key":"Replay:Towering Pillar of Hats"},{"floor":9.0,"key":"vexMod:InvisibilityCloak"},{"floor":23.0,"key":"hubris:AstralHammer"},{"floor":25.0,"key":"Lantern"},{"floor":26.0,"key":"infinitespire:SolderingIron"},{"floor":27.0,"key":"Enchiridion"},{"floor":31.0,"key":"wanderingMiniBosses:Inkheart"},{"floor":43.0,"key":"aspiration:HiddenCompartment"},{"floor":44.0,"key":"Blood Vial"},{"floor":45.0,"key":"potionbrewer:AlchemistFlask"}],"event_choices":[{"cards_removed":["Strike_B"],"damage_healed":0.0,"max_hp_gain":0.0,"max_hp_loss":0.0,"gold_gain":0.0,"event_name":"Golden Wing","player_choice":"Card Removal","floor":3.0,"gold_loss":0.0,"damage_taken":7.0},{"damage_healed":0.0,"max_hp_gain":0.0,"max_hp_loss":0.0,"gold_gain":0.0,"event_name":"FaceTrader","player_choice":"Trade","floor":14.0,"gold_loss":0.0,"damage_taken":0.0,"relics_obtained":["CultistMask"]},{"damage_healed":0.0,"max_hp_gain":0.0,"max_hp_loss":0.0,"gold_gain":0.0,"event_name":"The Library","player_choice":"Read","floor":20.0,"gold_loss":0.0,"damage_taken":0.0,"cards_obtained":["BootSequence"]},{"cards_removed":["MostiFishMod:DeathFromBelow"],"damage_healed":0.0,"max_hp_gain":0.0,"max_hp_loss":0.0,"gold_gain":0.0,"event_name":"Back to Basics","player_choice":"Elegance","floor":22.0,"gold_loss":0.0,"damage_taken":0.0},{"damage_healed":0.0,"max_hp_gain":0.0,"max_hp_loss":0.0,"gold_gain":0.0,"event_name":"Cursed Tome","player_choice":"Obtained Book","floor":27.0,"gold_loss":0.0,"damage_taken":21.0},{"damage_healed":0.0,"max_hp_gain":0.0,"max_hp_loss":0.0,"gold_gain":0.0,"event_name":"Mysterious Sphere","player_choice":"Fight","floor":45.0,"gold_loss":0.0,"damage_taken":0.0},{"cards_removed":["Zap"],"damage_healed":0.0,"max_hp_gain":0.0,"max_hp_loss":0.0,"gold_gain":0.0,"event_name":"Falling","player_choice":"Removed Skill","floor":46.0,"gold_loss":0.0,"damage_taken":0.0}],"is_beta":false,"boss_relics":[{"not_picked":["Abe\u0027s Treasure","Painkiller Herb"],"picked":"TimeKeys"},{"not_picked":["SacredBark","Nuclear Battery"],"picked":"FrostBlade"}],"items_purged_floors":[],"is_endless":false,"potions_floor_spawned":[8,21,31,38,39,44,45,47],"ascension_level":20}}