{"host":"gkm149kh1ihaqy0o","time":1609643296,"event":{"mods":["AchievementEnabler","BaseMod","Colored Powertips","Googly Eyes","Key Reminder","Minty Spire (QoL Compilation)","Permanent Neow","Quick Restart","Random Character Button","Rare Cards Sparkle","Relic Sorter","Relic Stats","SuperFastMode","Unceasing Turn Reminder","everything is the same but u backflip on backflip"],"gold_per_floor":[112,125,125,138,213,240,259,319,319,347,366,366,94,125,125,228,228,246,246,99,0,0,0,0,25,106,106,124,24,24,354,354,457,457,472,79,79,99,99,99,128,6,6,23,48,48,62,81,81,81],"floor_reached":51,"playtime":2273,"items_purged":["Strike_P","Bite","Defend_P"],"score":1061,"play_id":"f250888b-2a9a-41e1-ac92-1bb21c349cec","local_time":"20210102210816","is_ascension_mode":true,"campfire_choices":[{"floor":12,"key":"REST"},{"floor":15,"key":"REST"},{"floor":23,"key":"REST"},{"data":"ConjureBlade","floor":32,"key":"SMITH"},{"data":"Omniscience","floor":40,"key":"SMITH"},{"data":"LikeWater","floor":46,"key":"SMITH"},{"data":"ThirdEye","floor":49,"key":"SMITH"}],"circlet_count":0,"master_deck":["Defend_P+1","Defend_P","Defend_P+1","Eruption+1","Vigilance+1","MentalFortress+1","FlurryOfBlows","ReachHeaven","FlurryOfBlows+1","Sanctity+1","SashWhip+1","Consecrate","EmptyBody","ConjureBlade+1","LessonLearned","Wallop+1","Bite+1","Bite+1","Bite+1","Bite","LikeWater+1","BowlingBash+1","Omniscience+1","Perseverance+1","ThirdEye+1","TalkToTheHand+1","EmptyFist+1"],"relics":["Runic Pyramid","GoldenEye","Darkstone Periapt","Gremlin Horn","Odd Mushroom","OrangePellets","Ancient Tea Set","Philosopher\u0027s Stone","Sling","Dream Catcher","Singing Bowl","TungstenRod","Old Coin","Coffee Dripper","Orichalcum","Thread and Needle","Meat on the Bone","Whetstone"],"acts_visited":["Exordium","TheCity","TheBeyond"],"potions_floor_usage":[6,10,10,14,18,38,41,41,47,47,50,50],"damage_taken":[{"damage":2,"enemies":"Jaw Worm","floor":1,"turns":3},{"damage":0,"enemies":"2 Louse","floor":2,"turns":3},{"damage":0,"enemies":"Small Slimes","floor":4,"turns":2},{"damage":2,"enemies":"3 Sentries","floor":6,"turns":5},{"damage":0,"enemies":"2 Fungi Beasts","floor":7,"turns":2},{"damage":6,"enemies":"3 Sentries","floor":8,"turns":6},{"damage":0,"enemies":"The Mushroom Lair","floor":10,"turns":3},{"damage":0,"enemies":"Looter","floor":11,"turns":3},{"damage":19,"enemies":"Gremlin Nob","floor":14,"turns":3},{"damage":19,"enemies":"Slime Boss","floor":16,"turns":7},{"damage":12,"enemies":"3 Byrds","floor":18,"turns":5},{"damage":0,"enemies":"Gremlin Leader","floor":25,"turns":2},{"damage":3,"enemies":"Spheric Guardian","floor":28,"turns":3},{"damage":5,"enemies":"Book of Stabbing","floor":31,"turns":4},{"damage":47,"enemies":"Automaton","floor":33,"turns":12},{"damage":21,"enemies":"Orb Walker","floor":35,"turns":4},{"damage":3,"enemies":"3 Shapes","floor":38,"turns":5},{"damage":21,"enemies":"Reptomancer","floor":41,"turns":6},{"damage":0,"enemies":"Maw","floor":44,"turns":6},{"damage":0,"enemies":"Giant Head","floor":45,"turns":7},{"damage":3,"enemies":"4 Shapes","floor":47,"turns":3},{"damage":14,"enemies":"Sphere and 2 Shapes","floor":48,"turns":6},{"damage":21,"enemies":"Awakened One","floor":50,"turns":14}],"seed_played":"-2315108527346714696","potions_obtained":[{"floor":1,"key":"PowerPotion"},{"floor":2,"key":"SpeedPotion"},{"floor":8,"key":"Energy Potion"},{"floor":11,"key":"Weak Potion"},{"floor":16,"key":"Weak Potion"},{"floor":31,"key":"FearPotion"},{"floor":35,"key":"SneckoOil"},{"floor":38,"key":"LiquidBronze"},{"floor":44,"key":"Energy Potion"},{"floor":48,"key":"LiquidBronze"}],"is_trial":false,"path_per_floor":["M","M","?","M","?","E","M","?","T","?","M","R","$","E","R","B",null,"M","?","$","?","$","R","?","E","T","?","M","$","?","E","R","B",null,"M","$","?","M","?","R","E","$","T","M","E","R","M","M","R","B",null],"character_chosen":"WATCHER","items_purchased":["OrangePellets","EmptyBody","Sling","Orichalcum","Weak Potion","JustLucky","ThirdEye","StancePotion","Swift Potion"],"campfire_rested":3,"item_purchase_floors":[13,13,20,36,36,36,36,42,42],"current_hp_per_floor":[70,70,56,56,45,43,43,37,37,37,37,58,58,39,60,41,64,52,39,39,39,39,62,53,53,53,53,50,50,45,50,50,25,48,36,36,36,42,42,42,32,32,32,39,54,54,61,50,50,57],"gold":81,"neow_bonus":"BOSS_RELIC","is_daily":false,"chose_seed":false,"campfire_upgraded":4,"win_rate":0.0,"timestamp":1609643296,"path_taken":["M","M","?","M","?","E","M","?","T","?","M","R","?","E","R","BOSS","M","?","$","?","$","R","?","E","T","?","?","?","?","E","R","BOSS","M","$","?","M","?","R","E","?","T","M","E","R","M","M","R","BOSS"],"items_purchased_type":["Relic","Card","Relic","Relic","Potion","Card","Card","Potion","Potion"],"build_version":"2020-12-22","purchased_purges":3,"victory":true,"max_hp_per_floor":[72,72,72,72,72,72,72,72,72,72,72,72,72,72,72,72,72,72,77,77,77,77,77,53,53,53,53,53,53,53,55,55,55,55,55,55,55,57,57,57,59,59,59,59,59,59,61,63,63,63],"relic_stats":{"Darkstone Periapt":0,"OrangePellets":[4],"Dream Catcher":0,"Gremlin Horn":[22,23],"Singing Bowl":10,"counters":[23,114],"Whetstone":["Bite","FlurryOfBlows"],"Orichalcum":[30],"GoldenEye":[10],"obtain_stats":[{"Darkstone Periapt":8,"Gremlin Horn":9,"Singing Bowl":26,"Thread and Needle":41,"Whetstone":45,"Odd Mushroom":10,"Orichalcum":36,"GoldenEye":6,"Ancient Tea Set":14,"Sling":20,"Old Coin":31,"OrangePellets":13,"Dream Catcher":25,"Philosopher\u0027s Stone":17,"Coffee Dripper":34,"PureWater":0,"TungstenRod":27,"Runic Pyramid":0,"Meat on the Bone":43},{"Darkstone Periapt":5,"Gremlin Horn":6,"Singing Bowl":12,"Thread and Needle":18,"Whetstone":20,"Odd Mushroom":7,"Orichalcum":16,"GoldenEye":4,"Ancient Tea Set":9,"Sling":11,"Old Coin":14,"OrangePellets":8,"Dream Catcher":12,"Philosopher\u0027s Stone":10,"Coffee Dripper":15,"PureWater":0,"TungstenRod":12,"Runic Pyramid":0,"Meat on the Bone":18},{"Darkstone Periapt":15,"Gremlin Horn":21,"Singing Bowl":44,"Thread and Needle":78,"Whetstone":91,"Odd Mushroom":24,"Orichalcum":67,"GoldenEye":13,"Ancient Tea Set":30,"Sling":42,"Old Coin":51,"OrangePellets":27,"Dream Catcher":44,"Philosopher\u0027s Stone":37,"Coffee Dripper":63,"PureWater":0,"TungstenRod":44,"Runic Pyramid":0,"Meat on the Bone":78}],"TungstenRod":21,"Meat on the Bone":0},"card_choices":[{"not_picked":["Worship","JustLucky"],"picked":"MentalFortress","floor":1},{"not_picked":["SashWhip","FlyingSleeves"],"picked":"FlurryOfBlows","floor":2},{"not_picked":["Vengeance","Crescendo"],"picked":"ReachHeaven","floor":4},{"not_picked":["Worship","CarveReality"],"picked":"FlurryOfBlows","floor":6},{"not_picked":["EmptyBody","JustLucky"],"picked":"Sanctity","floor":7},{"not_picked":["Fasting2","Protect"],"picked":"SashWhip","floor":8},{"not_picked":["ThirdEye","FollowUp"],"picked":"Consecrate","floor":10},{"not_picked":["FollowUp","Consecrate","Crescendo"],"picked":"SKIP","floor":11},{"not_picked":["Alpha","EmptyFist"],"picked":"ConjureBlade","floor":14},{"not_picked":["Judgement","Alpha"],"picked":"LessonLearned","floor":16},{"not_picked":["Prostrate","FollowUp"],"picked":"Wallop+1","floor":18},{"not_picked":["WaveOfTheHand+1","JustLucky"],"picked":"LikeWater","floor":25},{"not_picked":["ClearTheMind","Indignation"],"picked":"BowlingBash+1","floor":28},{"not_picked":["CrushJoints","LessonLearned","Weave"],"picked":"Singing Bowl","floor":31},{"not_picked":["ConjureBlade","DeusExMachina"],"picked":"Omniscience","floor":33},{"not_picked":["EmptyBody","ThirdEye"],"picked":"Perseverance","floor":35},{"not_picked":["SandsOfTime+1","Pray","ReachHeaven"],"picked":"Singing Bowl","floor":38},{"not_picked":["BowlingBash","ClearTheMind+1","CrushJoints"],"picked":"Singing Bowl","floor":41},{"not_picked":["Consecrate+1","FlyingSleeves"],"picked":"TalkToTheHand+1","floor":44},{"not_picked":["Nirvana","LessonLearned"],"picked":"EmptyFist+1","floor":45},{"not_picked":["Worship+1","EmptyBody","CrushJoints"],"picked":"Singing Bowl","floor":47},{"not_picked":["BowlingBash+1","FlurryOfBlows","EmptyBody+1"],"picked":"Singing Bowl","floor":48}],"player_experience":611455,"relics_obtained":[{"floor":6,"key":"GoldenEye"},{"floor":9,"key":"Gremlin Horn"},{"floor":10,"key":"Odd Mushroom"},{"floor":14,"key":"Ancient Tea Set"},{"floor":25,"key":"Dream Catcher"},{"floor":26,"key":"Singing Bowl"},{"floor":27,"key":"TungstenRod"},{"floor":31,"key":"Old Coin"},{"floor":41,"key":"Thread and Needle"},{"floor":43,"key":"Meat on the Bone"},{"floor":45,"key":"Whetstone"}],"event_choices":[{"damage_healed":0,"gold_gain":0,"player_choice":"Entered Light","damage_taken":14,"max_hp_gain":0,"max_hp_loss":0,"event_name":"Shining Light","floor":3,"gold_loss":0,"cards_upgraded":["Defend_P","Vigilance"]},{"damage_healed":0,"gold_gain":75,"player_choice":"Gather Gold","damage_taken":11,"max_hp_gain":0,"max_hp_loss":0,"event_name":"World of Goop","floor":5,"gold_loss":0},{"damage_healed":0,"gold_gain":30,"player_choice":"Searched \u00273\u0027 times","damage_taken":0,"relics_obtained":["Darkstone Periapt"],"max_hp_gain":0,"max_hp_loss":0,"event_name":"Dead Adventurer","floor":8,"gold_loss":0},{"damage_healed":0,"gold_gain":0,"player_choice":"Fought Mushrooms","damage_taken":0,"max_hp_gain":0,"max_hp_loss":0,"event_name":"Mushrooms","floor":10,"gold_loss":0},{"damage_healed":0,"gold_gain":0,"player_choice":"Shed Blood","damage_taken":18,"max_hp_gain":5,"max_hp_loss":0,"event_name":"Forgotten Altar","floor":19,"gold_loss":0},{"damage_healed":0,"gold_gain":0,"player_choice":"Paid Fearfully","damage_taken":0,"max_hp_gain":0,"max_hp_loss":0,"event_name":"Masked Bandits","floor":21,"gold_loss":99},{"damage_healed":0,"gold_gain":0,"player_choice":"Became a vampire","damage_taken":0,"max_hp_gain":0,"max_hp_loss":24,"event_name":"Vampires","floor":24,"gold_loss":0,"cards_obtained":["Bite","Bite","Bite","Bite","Bite"]},{"damage_healed":0,"gold_gain":0,"player_choice":"Relic","damage_taken":0,"max_hp_gain":0,"max_hp_loss":0,"event_name":"Wheel of Change","floor":27,"gold_loss":0},{"damage_healed":0,"gold_gain":0,"player_choice":"","damage_taken":6,"max_hp_gain":0,"max_hp_loss":0,"event_name":"Knowing Skull","floor":30,"potions_obtained":[],"gold_loss":0,"cards_obtained":[]},{"cards_removed":["JustLucky"],"damage_healed":0,"gold_gain":0,"player_choice":"Removed Attack","damage_taken":0,"max_hp_gain":0,"max_hp_loss":0,"event_name":"Falling","floor":37,"gold_loss":0},{"damage_healed":0,"gold_gain":0,"player_choice":"Ignored","damage_taken":0,"max_hp_gain":0,"max_hp_loss":0,"event_name":"Mysterious Sphere","floor":39,"gold_loss":0}],"is_beta":false,"boss_relics":[{"not_picked":["Astrolabe","Ectoplasm"],"picked":"Philosopher\u0027s Stone"},{"not_picked":["Calling Bell","VioletLotus"],"picked":"Coffee Dripper"}],"items_purged_floors":[13,29,36],"is_endless":false,"potions_floor_spawned":[1,2,8,11,16,31,35,38,44,45,48],"ascension_level":5}}