{"host":"obbn5gje3893ci3z","time":1609683376,"event":{"mods":["BaseMod","Colored Powertips","Minty Spire (QoL Compilation)","The Servant 0.9.4"],"gold_per_floor":[116,128,141,157,14,14,14,14,14,42,42,53,53,79,79,183,183,202,212,112,123,123,123,133,133,133],"floor_reached":25,"playtime":1004,"items_purged":["Strike_S","Defend_S"],"score":244,"play_id":"ea9ad777-5c00-481a-a958-457cd830b545","local_time":"20210103221616","is_ascension_mode":true,"campfire_choices":[{"data":"Luminosity","floor":6.0,"key":"SMITH"},{"data":"ReturningBlade","floor":8.0,"key":"SMITH"},{"data":"Revamp","floor":11.0,"key":"SMITH"},{"data":"ReturningBlade+1","floor":13.0,"key":"SMITH"},{"data":"ReturningBlade+2","floor":15.0,"key":"SMITH"},{"floor":23.0,"key":"REST"}],"circlet_count":0,"master_deck":["Defend_S","Defend_S","Defend_S","KidneyShot","Exchange","Unruled","ReturningBlade+3","Luminosity+1","Revamp+1","Rewind","Revamp+1"],"relics":["Uniform","NeowsBlessing","Pear","Frozen Egg 2","Regal Pillow","Empty Cage"],"acts_visited":["Exordium","TheCity"],"potions_floor_usage":[],"damage_taken":[{"damage":0.0,"enemies":"Small Slimes","floor":1.0,"turns":1.0},{"damage":0.0,"enemies":"Jaw Worm","floor":2.0,"turns":1.0},{"damage":0.0,"enemies":"Cultist","floor":3.0,"turns":1.0},{"damage":6.0,"enemies":"Looter","floor":4.0,"turns":4.0},{"damage":15.0,"enemies":"Gremlin Nob","floor":10.0,"turns":4.0},{"damage":13.0,"enemies":"Gremlin Gang","floor":12.0,"turns":3.0},{"damage":34.0,"enemies":"Hexaghost","floor":16.0,"turns":9.0},{"damage":9.0,"enemies":"Shell Parasite","floor":18.0,"turns":6.0},{"damage":15.0,"enemies":"3 Byrds","floor":19.0,"turns":4.0},{"damage":43.0,"enemies":"Shelled Parasite and Fungi","floor":21.0,"turns":5.0},{"damage":44,"enemies":"Sentry and Sphere","floor":24,"turns":7},{"damage":0,"enemies":"Snake Plant","floor":25,"turns":1}],"seed_played":"6993152809026708807","potions_obtained":[{"floor":3.0,"key":"Explosive Potion"},{"floor":4.0,"key":"BlessingOfTheForge"},{"floor":10.0,"key":"Ancient Potion"},{"floor":16.0,"key":"Dexterity Potion"},{"floor":18.0,"key":"Strength Potion"}],"is_trial":false,"path_per_floor":["M","M","M","M","$","R","?","R","T","E","R","M","R","T","R","B",null,"M","M","$","M","$","R","M","M"],"character_chosen":"THE_SERVANT","items_purchased":["Luminosity"],"campfire_rested":1,"item_purchase_floors":[5],"current_hp_per_floor":[65,65,65,59,59,59,59,59,69,54,54,41,41,41,41,7,75,66,51,51,8,8,45,1,1,1],"gold":133,"neow_bonus":"THREE_ENEMY_KILL","is_daily":false,"chose_seed":false,"campfire_upgraded":5,"win_rate":0.0,"timestamp":1609683376,"path_taken":["M","M","M","M","$","R","?","R","T","E","R","M","R","?","R","BOSS","M","M","?","M","$","R","M","M"],"items_purchased_type":["Card"],"build_version":"2020-12-22","purchased_purges":2,"victory":false,"max_hp_per_floor":[65,65,65,65,65,65,65,65,75,75,75,75,75,75,75,75,75,75,75,75,75,75,75,75,75,75],"card_choices":[{"not_picked":["ShatteredReality","TimeWarp"],"picked":"Unruled","floor":1.0},{"not_picked":["RealityMarble","TimeWarp","BestPractice"],"picked":"SKIP","floor":2.0},{"not_picked":["Desolation","Gouge","Advance"],"picked":"SKIP","floor":3.0},{"not_picked":["SilverBlades","Alleviate"],"picked":"ReturningBlade","floor":4.0},{"not_picked":["Potential","Rearm"],"picked":"Revamp","floor":10.0},{"not_picked":["Spin","Contraction"],"picked":"Rewind","floor":12.0},{"not_picked":["ShiftingGears","Spin"],"picked":"Revamp+1","floor":18.0},{"not_picked":["TimeWarp","Starlight","Read+1"],"picked":"SKIP","floor":19.0},{"not_picked":["Starlight","SilverBlades+1","Moondial"],"picked":"SKIP","floor":21.0},{"not_picked":["InstantArmor","Read+1","Starlight"],"picked":"SKIP","floor":24}],"player_experience":52517,"relics_obtained":[{"floor":9.0,"key":"Pear"},{"floor":10.0,"key":"Frozen Egg 2"},{"floor":14.0,"key":"Regal Pillow"}],"event_choices":[{"cards_removed":["Strike_S"],"damage_healed":0.0,"max_hp_gain":0.0,"max_hp_loss":0.0,"gold_gain":0.0,"event_name":"Living Wall","player_choice":"Forget","floor":7.0,"gold_loss":0.0,"damage_taken":0.0}],"is_beta":false,"boss_relics":[{"not_picked":["Ectoplasm","Calling Bell"],"picked":"Empty Cage"}],"items_purged_floors":[5,20],"is_endless":false,"potions_floor_spawned":[3,4,10,16,18],"killed_by":"Snake Plant","ascension_level":4}}