{"host":"y7sd46uq4xlni546","time":1609705643,"event":{"mods":["AchievementEnabler","BaseMod","Colored Map","Colored Powertips","Curses Come First","Filter the Spire","Minty Spire (QoL Compilation)","Quick Restart","Random Character Button","Rare Cards Sparkle","StSLib"],"gold_per_floor":[116,116,116,131,143,171,96,171,197,260,260,58,58,70,70,173,173,185,30,30,43,60,60,60],"floor_reached":23,"playtime":834,"items_purged":["Strike_R"],"score":189,"play_id":"b0c1b8a0-2b45-448f-b4f1-039b70cfc58a","local_time":"20210103212723","is_ascension_mode":false,"campfire_choices":[{"floor":11,"key":"REST"},{"data":"Shrug It Off","floor":13,"key":"SMITH"},{"data":"Shrug It Off","floor":15,"key":"SMITH"}],"circlet_count":0,"master_deck":["Strike_R","Strike_R","Strike_R+1","Strike_R","Defend_R","Defend_R","Defend_R","Defend_R","Bash","CurseOfTheBell","Body Slam+1","Enlightenment","Shrug It Off+1","Shrug It Off+1","Shrug It Off+1"],"relics":["Calling Bell","Orichalcum","Paper Frog","Ginger","Lantern","Boot","Darkstone Periapt","Whetstone","Fusion Hammer","DollysMirror"],"acts_visited":["Exordium","TheCity"],"potions_floor_usage":[6,10],"damage_taken":[{"damage":0.0,"enemies":"Small Slimes","floor":1.0,"turns":3.0},{"damage":1,"enemies":"Cultist","floor":4,"turns":3},{"damage":1,"enemies":"2 Louse","floor":5,"turns":2},{"damage":15,"enemies":"3 Sentries","floor":6,"turns":13},{"damage":12,"enemies":"Gremlin Nob","floor":10,"turns":5},{"damage":0,"enemies":"Blue Slaver","floor":14,"turns":2},{"damage":43,"enemies":"The Guardian","floor":16,"turns":13},{"damage":10,"enemies":"2 Thieves","floor":18,"turns":4},{"damage":7,"enemies":"Shell Parasite","floor":21,"turns":5},{"damage":7,"enemies":"Shelled Parasite and Fungi","floor":22,"turns":5},{"damage":74,"enemies":"Book of Stabbing","floor":23,"turns":8}],"seed_played":"-9112901157502612843","potions_obtained":[{"floor":1.0,"key":"PowerPotion"},{"floor":4,"key":"SkillPotion"},{"floor":16,"key":"LiquidBronze"},{"floor":21,"key":"BloodPotion"}],"is_trial":false,"path_per_floor":["M","?","?","M","M","E","$","?","T","?","R","$","R","M","R","B",null,"M","$","?","M","M","E"],"character_chosen":"IRONCLAD","items_purchased":["Shrug It Off","Whetstone","DollysMirror"],"campfire_rested":1,"item_purchase_floors":[12,12,19],"current_hp_per_floor":[80,85,85,84,83,68,68,57,57,45,70,70,70,70,70,27,85,75,75,75,68,61,0,0],"gold":60,"neow_bonus":"BOSS_RELIC","is_daily":false,"chose_seed":false,"campfire_upgraded":2,"win_rate":0.0,"timestamp":1609705643,"path_taken":["M","?","?","?","M","E","$","?","T","?","R","?","R","M","R","BOSS","M","$","?","M","?","E"],"items_purchased_type":["Card","Relic","Relic"],"build_version":"2020-12-22","purchased_purges":1,"victory":false,"max_hp_per_floor":[80,85,85,85,85,85,85,85,85,85,85,85,85,85,85,85,85,85,85,85,85,85,85,85],"card_choices":[{"not_picked":["Perfected Strike","Headbutt"],"picked":"Body Slam","floor":1.0},{"not_picked":["Anger","Uppercut","Warcry"],"picked":"SKIP","floor":4},{"not_picked":["Wild Strike","Clash"],"picked":"Shrug It Off","floor":5},{"not_picked":["Flame Barrier","Barricade","Uppercut"],"picked":"SKIP","floor":6},{"not_picked":["True Grit","Clash","Headbutt"],"picked":"SKIP","floor":14},{"not_picked":["Metallicize","Searing Blow","Thunderclap"],"picked":"SKIP","floor":18},{"not_picked":["Flame Barrier+1","Iron Wave","Shockwave"],"picked":"SKIP","floor":21},{"not_picked":["Cleave","Intimidate","Clash"],"picked":"SKIP","floor":22}],"player_experience":599035,"relics_obtained":[{"floor":0.0,"key":"Orichalcum"},{"floor":0.0,"key":"Paper Frog"},{"floor":0.0,"key":"Ginger"},{"floor":6,"key":"Lantern"},{"floor":9,"key":"Boot"},{"floor":10,"key":"Darkstone Periapt"}],"event_choices":[{"damage_healed":0.0,"max_hp_gain":5.0,"max_hp_loss":0.0,"gold_gain":0.0,"event_name":"Big Fish","player_choice":"Donut","floor":2.0,"gold_loss":0.0,"damage_taken":0.0},{"damage_healed":0,"gold_gain":0,"player_choice":"1 cards matched","damage_taken":0,"max_hp_gain":0,"max_hp_loss":0,"event_name":"Match and Keep!","floor":3,"gold_loss":0,"cards_obtained":["Enlightenment"]},{"damage_healed":0,"gold_gain":75,"player_choice":"Gather Gold","damage_taken":11,"max_hp_gain":0,"max_hp_loss":0,"event_name":"World of Goop","floor":8,"gold_loss":0},{"damage_healed":0,"gold_gain":0,"player_choice":"Searched \u00272\u0027 times","damage_taken":0,"max_hp_gain":0,"max_hp_loss":0,"event_name":"Dead Adventurer","floor":10,"gold_loss":0},{"damage_healed":0,"gold_gain":0,"player_choice":"Ignored","damage_taken":0,"max_hp_gain":0,"max_hp_loss":0,"event_name":"NoteForYourself","floor":20,"gold_loss":0}],"is_beta":false,"boss_relics":[{"not_picked":["Philosopher\u0027s Stone","Ectoplasm"],"picked":"Fusion Hammer"}],"items_purged_floors":[7],"is_endless":false,"potions_floor_spawned":[1,4,16,21],"killed_by":"Book of Stabbing","ascension_level":0}}