{"host":"31zwhwtym9x8cse5","time":1609667627,"event":{"mods":["ATMod(°¢èªMod)","Act Like it!","BaseMod","Dota2Spire","Faster Ascension Climbing","Gensokyo","Hallownest","Lobotomy","Minty Spire (QoL Compilation)","Quick Restart","Relic Stats","Replay The Spire","StSLib","The Poker Player","Youmu£¨»êÆÇÑýÃÎ£©","[IsaacMod]ÒÔÈö¼âËþ","¡¾ÒÅÎï¿¨ÅÆ¡¿REMEMod"],"gold_per_floor":[114,133,133,58,77,110,120,150,221,250,270,270,285,32,32,129,129,129,129],"floor_reached":18,"playtime":978,"items_purged":["Regret"],"score":445,"play_id":"8662a7ad-f834-46ba-9e99-21197f2a4d61","local_time":"20210103175347","daily_mods":["Vintage","Heirloom","Time Dilation","Flight","DeadlyEvents","Elite Swarm"],"is_ascension_mode":true,"campfire_choices":[{"data":"REME_ACTH","floor":15,"key":"SMITH"}],"circlet_count":0,"master_deck":["Strike_R","Strike_R","Strike_R","Defend_R","Defend_R","REME_ACTH","REME_ACTH+1","Exhume","Delirium","Normality"],"relics":["Burning Blood","HushsDoor","Void","AT_Kusabimaru","Dota2Spire:UrnOfShadows","Dota2Spire:DrumOfEndurance","DeathBook","BelialBook","Dota2Spire:EtherealBlade","Shovel","Dota2Spire:MonkeyKingBar"],"acts_visited":["Exordium","TheCity"],"potions_floor_usage":[],"damage_taken":[{"damage":4,"enemies":"Small Slimes","floor":1,"turns":4},{"damage":13,"enemies":"Jaw Worm","floor":2,"turns":4},{"damage":7,"enemies":"2 Louse","floor":5,"turns":4},{"damage":20,"enemies":"Lagavulin","floor":6,"turns":6},{"damage":14,"enemies":"Red Slaver","floor":7,"turns":2},{"damage":32,"enemies":"Gremlin Nob","floor":8,"turns":4},{"damage":0,"enemies":"3 Sentries","floor":10,"turns":1},{"damage":0,"enemies":"Exordium Wildlife","floor":11,"turns":1},{"damage":0,"enemies":"Blue Slaver","floor":13,"turns":1},{"damage":30,"enemies":"Fading Forest","floor":16,"turns":11},{"damage":0,"enemies":"Spheric Guardian","floor":18,"turns":2}],"seed_played":"1180387090370509789","potions_obtained":[{"floor":1,"key":"BloodPotion"},{"floor":5,"key":"Elixir"},{"floor":10,"key":"Reflective Coating"},{"floor":13,"key":"AttackPotion"}],"is_trial":true,"path_per_floor":["M","M","?","$","M","E","M","E","T","E","M","T","M","$","R","B",null,"M"],"character_chosen":"IRONCLAD","items_purchased":["Dota2Spire:MonkeyKingBar"],"campfire_rested":0,"item_purchase_floors":[14],"current_hp_per_floor":[74,69,69,69,70,64,58,38,38,44,50,50,56,56,56,44,71,71,71],"gold":129,"neow_bonus":"","is_daily":false,"chose_seed":false,"campfire_upgraded":1,"win_rate":0.0,"timestamp":1609667627,"path_taken":["M","M","?","$","M","E","M","E","T","E","?","?","M","$","R","BOSS","M"],"items_purchased_type":["Relic"],"build_version":"2020-12-22","purchased_purges":1,"victory":false,"max_hp_per_floor":[80,80,80,80,80,80,80,80,80,80,80,80,80,80,80,80,80,80,80],"relic_stats":{"Shovel":0,"counters":[11,40],"obtain_stats":[{"KeepersGift":0,"AT_ATBox":0,"Dota2Spire:UrnOfShadows":3,"PunchingBag":8,"BelialBook":10,"Dota2Spire:DrumOfEndurance":7,"Dota2Spire:EtherealBlade":12,"Burning Blood":0,"Blood Vial":1,"DeathBook":9,"Replay:Ringing Soul":11,"Centennial Puzzle":5,"AT_Kusabimaru":0,"Shovel":13,"Prayer Wheel":6,"Void":0,"Kintsugi":17,"HushsDoor":0,"ReplayTheSpireMod:Lightbulb":2,"Dota2Spire:MonkeyKingBar":14,"REME_ComplimentaryCards":0},{"KeepersGift":0,"AT_ATBox":0,"Dota2Spire:UrnOfShadows":2,"PunchingBag":6,"BelialBook":7,"Dota2Spire:DrumOfEndurance":5,"Dota2Spire:EtherealBlade":8,"Burning Blood":0,"Blood Vial":1,"DeathBook":6,"Replay:Ringing Soul":8,"Centennial Puzzle":3,"AT_Kusabimaru":0,"Shovel":9,"Prayer Wheel":4,"Void":0,"Kintsugi":10,"HushsDoor":0,"ReplayTheSpireMod:Lightbulb":2,"Dota2Spire:MonkeyKingBar":9,"REME_ComplimentaryCards":0},{"KeepersGift":0,"AT_ATBox":0,"Dota2Spire:UrnOfShadows":8,"PunchingBag":24,"BelialBook":25,"Dota2Spire:DrumOfEndurance":20,"Dota2Spire:EtherealBlade":26,"Burning Blood":0,"Blood Vial":4,"DeathBook":24,"Replay:Ringing Soul":26,"Centennial Puzzle":12,"AT_Kusabimaru":0,"Shovel":27,"Prayer Wheel":18,"Void":0,"Kintsugi":38,"HushsDoor":0,"ReplayTheSpireMod:Lightbulb":8,"Dota2Spire:MonkeyKingBar":27,"REME_ComplimentaryCards":0}],"Burning Blood":60},"card_choices":[{"not_picked":[],"picked":"Bomb","floor":0},{"not_picked":["Juggernaut","REME_TheLastStrike"],"picked":"REME_ACTH","floor":6},{"not_picked":["REME_TheLastStrike","Brutality","REME_Fury"],"picked":"SKIP","floor":8},{"not_picked":["Impervious","Corruption"],"picked":"REME_ACTH","floor":10},{"not_picked":["Demonic Infusion","Brutality"],"picked":"Exhume","floor":16}],"player_experience":110947,"relics_obtained":[{"floor":1,"key":"Blood Vial"},{"floor":2,"key":"ReplayTheSpireMod:Lightbulb"},{"floor":5,"key":"Centennial Puzzle"},{"floor":6,"key":"Prayer Wheel"},{"floor":7,"key":"Dota2Spire:DrumOfEndurance"},{"floor":8,"key":"PunchingBag"},{"floor":9,"key":"DeathBook"},{"floor":10,"key":"BelialBook"},{"floor":11,"key":"Replay:Ringing Soul"},{"floor":12,"key":"Dota2Spire:EtherealBlade"},{"floor":13,"key":"Shovel"}],"event_choices":[{"damage_healed":0,"gold_gain":0,"player_choice":"Box","damage_taken":0,"relics_obtained":["Dota2Spire:UrnOfShadows"],"max_hp_gain":0,"max_hp_loss":0,"event_name":"Big Fish","floor":3,"gold_loss":0,"cards_obtained":["Regret"]}],"is_beta":false,"boss_relics":[{"not_picked":["Replay:Drink Me","Velvet Choker"],"picked":"Kintsugi"},{"not_picked":[]}],"items_purged_floors":[4],"is_endless":true,"potions_floor_spawned":[1,5,10,11,13],"killed_by":"Spheric Guardian","ascension_level":9}}