{"host":"1zfbckszmdcrhnfi","time":1609644486,"event":{"mods":["AchievementEnabler","BaseMod","Colored Map","Downfall","Minty Spire (QoL Compilation)","Quick Restart","Shop Mod","StSLib","The Bug Knight","The Cursed"],"gold_per_floor":[115,115,115,115,130,130,155,165,165,184,184,30,44,55,55,155,155,173,30,30,57,71,71,87,87,159,159,184,184,198,214,214,214,214],"floor_reached":33,"playtime":1567,"items_purged":["HollowMod:QuickDashStart"],"score":317,"play_id":"078a3b7b-789f-46b5-8269-1b59c9b061d6","local_time":"20210103112806","is_ascension_mode":false,"campfire_choices":[{"floor":6,"key":"RECALL"},{"data":"HollowMod:DungDefenderAura","floor":11,"key":"SMITH"},{"data":"HollowMod:MothsMistake","floor":15,"key":"SMITH"},{"floor":23,"key":"REST"},{"floor":25,"key":"REST"},{"data":"HollowMod:MothsMistake","floor":27,"key":"SMITH"},{"floor":32,"key":"REST"}],"circlet_count":0,"master_deck":["HollowMod:NailStrikeStart","HollowMod:NailStrikeStart","HollowMod:QuickDashStart","HollowMod:QuickDashStart","HollowMod:QuickDashStart","HollowMod:FocusHealStart","HollowMod:PogoStrike","HollowMod:DungDefenderAura+1","HollowMod:MothsMistake+1","HollowMod:MothsMistake+1","HollowMod:HowlingWraiths","HollowMod:ShapeofUnn+1","HollowMod:NewInfectedGuardian+1","HollowMod:GoodIntentions+1","HollowMod:DesolateDive","HollowMod:MothsMistake","HollowMod:MothsMistake","HollowMod:SlysStrikes"],"relics":["HollowMod:VesselMask","NeowsBlessing","Kunai","Vajra","Astrolabe","Art of War","Mummified Hand","Pear","Juzu Bracelet"],"acts_visited":["Exordium","TheCity"],"potions_floor_usage":[16,16,18,18,30,33],"damage_taken":[{"damage":0,"enemies":"Cultist","floor":1,"turns":1},{"damage":0,"enemies":"Jaw Worm","floor":5,"turns":1},{"damage":0,"enemies":"Lagavulin","floor":7,"turns":1},{"damage":0,"enemies":"2 Louse","floor":8,"turns":4},{"damage":1,"enemies":"Looter","floor":10,"turns":4},{"damage":5,"enemies":"Exordium Wildlife","floor":13,"turns":5},{"damage":8,"enemies":"Exordium Thugs","floor":14,"turns":6},{"damage":50,"enemies":"HollowMod:FalseKnight","floor":16,"turns":9},{"damage":21,"enemies":"2 Thieves","floor":18,"turns":4},{"damage":25,"enemies":"Spheric Guardian","floor":22,"turns":6},{"damage":26,"enemies":"Snake Plant","floor":24,"turns":5},{"damage":33,"enemies":"HollowMod:Nosk","floor":28,"turns":6},{"damage":25,"enemies":"Sentry and Sphere","floor":30,"turns":5},{"damage":22,"enemies":"Chosen and Byrds","floor":31,"turns":4},{"damage":41,"enemies":"Collector","floor":33,"turns":3}],"seed_played":"6894820184253211853","potions_obtained":[{"floor":5,"key":"AttackPotion"},{"floor":7,"key":"Swift Potion"},{"floor":8,"key":"AttackPotion"},{"floor":16,"key":"PowerPotion"},{"floor":18,"key":"Fire Potion"},{"floor":24,"key":"BlessingOfTheForge"},{"floor":31,"key":"Fire Potion"}],"is_trial":false,"path_per_floor":["M","$","?","$","M","R","E","M","T","M","R","$","M","M","R","B",null,"M","$","?","T","M","R","M","R","T","R","E","?","M","M","R","B"],"character_chosen":"THE_BUGKNIGHT","items_purchased":["Vajra","HollowMod:MothsMistake"],"campfire_rested":3,"item_purchase_floors":[12,19],"current_hp_per_floor":[75,75,68,68,68,68,68,74,74,73,73,73,73,65,65,15,75,54,54,54,54,35,57,37,59,59,59,42,42,27,5,30,0,0],"gold":214,"neow_bonus":"THREE_ENEMY_KILL","is_daily":false,"chose_seed":false,"campfire_upgraded":3,"win_rate":0.0,"timestamp":1609644486,"path_taken":["M","$","?","$","M","R","E","M","T","M","R","$","?","M","R","BOSS","M","$","?","?","M","R","M","R","T","R","E","?","M","M","R","BOSS"],"items_purchased_type":["Relic","Card"],"build_version":"2020-12-22","purchased_purges":1,"victory":false,"max_hp_per_floor":[75,75,75,75,75,75,75,75,75,75,75,75,75,75,75,75,75,75,75,75,75,75,75,75,75,75,75,85,85,85,85,85,85,85],"card_choices":[{"not_picked":["HollowMod:SiblingsSouls","HollowMod:InfectedCysts","HollowMod:ShadowDash"],"picked":"SKIP","floor":1},{"not_picked":["HollowMod:MonarchWings","HollowMod:PerfectDash"],"picked":"HollowMod:DungDefenderAura","floor":5},{"not_picked":["HollowMod:HuntersJournal","HollowMod:LifebloodCore"],"picked":"HollowMod:MothsMistake","floor":7},{"not_picked":["HollowMod:ShapeofUnn","HollowMod:NewJinnsSoul","HollowMod:VengefulSpirit"],"picked":"SKIP","floor":8},{"not_picked":["HollowMod:ShapeofUnn","HollowMod:NewJinnsSoul","HollowMod:VengefulSpirit"],"picked":"SKIP","floor":8},{"not_picked":["HollowMod:DashSlash","HollowMod:DescendingDark"],"picked":"HollowMod:MothsMistake","floor":10},{"not_picked":["HollowMod:VengefulVoid","HollowMod:SoulVessel"],"picked":"HollowMod:HowlingWraiths","floor":13},{"not_picked":["HollowMod:GrimmsGift","HollowMod:BaldurShell","HollowMod:CornifersMapStart"],"picked":"SKIP","floor":14},{"not_picked":["HollowMod:AwokenDreamNail","HollowMod:ZotesMagnificence"],"picked":"HollowMod:HornetsHelp","floor":16},{"not_picked":["HollowMod:GoodIntentions","HollowMod:VengefulVoid"],"picked":"HollowMod:DesolateDive","floor":18},{"not_picked":["HollowMod:CloakDash","HollowMod:DashSlash"],"picked":"HollowMod:MothsMistake","floor":22},{"not_picked":["HollowMod:DoubleDash","HollowMod:DesolateDive","HollowMod:WraithStrike"],"picked":"SKIP","floor":24},{"not_picked":["HollowMod:InfectedAttack","HollowMod:GoodIntentions"],"picked":"HollowMod:SlysStrikes","floor":28},{"not_picked":["HollowMod:SoulStrike","HollowMod:VengefulSpirit","HollowMod:CoiledNail"],"picked":"SKIP","floor":30},{"not_picked":["HollowMod:GoodIntentions","HollowMod:DashSlash","HollowMod:MantisMark"],"picked":"SKIP","floor":31}],"player_experience":206772,"relics_obtained":[{"floor":7,"key":"Kunai"},{"floor":21,"key":"Art of War"},{"floor":26,"key":"Mummified Hand"},{"floor":28,"key":"Pear"}],"event_choices":[{"damage_healed":0,"gold_gain":0,"player_choice":"Damaged","damage_taken":7,"max_hp_gain":0,"max_hp_loss":0,"event_name":"Wheel of Change","floor":3,"gold_loss":0},{"damage_healed":0,"gold_gain":0,"player_choice":"Ignored","damage_taken":0,"max_hp_gain":0,"max_hp_loss":0,"event_name":"Ghosts","floor":20,"gold_loss":0},{"damage_healed":0,"gold_gain":0,"player_choice":"Opened","damage_taken":0,"relics_obtained":["Juzu Bracelet"],"max_hp_gain":0,"max_hp_loss":0,"event_name":"The Mausoleum","floor":29,"gold_loss":0}],"is_beta":false,"boss_relics":[{"not_picked":["Tiny House","Snecko Eye"],"picked":"Astrolabe"}],"items_purged_floors":[19],"is_endless":false,"potions_floor_spawned":[5,7,8,16,18,24,31],"killed_by":"Collector","ascension_level":0}}