{"host":"qwp6882a7gaon7u5","time":1609667128,"event":{"mods":["ATMod(°¢èªMod)","BaseMod","BetterRewards","Minty Spire (QoL Compilation)","Red Circlet Mod","Replay The Spire","RumiaBox-Â¶Ã×æ«µÄÉñÃØºÐ×Ó","Spicy Shops","StSLib","¡¾¹¦ÄÜMod¡¿»ìãçÖ®»·ÐÞ¸´²¹¶¡","¡¾ÒÅÎï¿¨ÅÆ¡¿REMEMod"],"gold_per_floor":[159,334,334,398,437,537,537,595,595,640,640,698,354,423,423,551,551,646,646,381,420,489,544,544,606,606,673,673,784,875,949,949,1144,1144,1238,1289,1289,1199,470,605,731,797,797,337,337,473,516,574,574,723,723,723,64,160,197],"floor_reached":56,"playtime":2290,"items_purged":["Strike_P","Defend_P","Strike_P","Defend_P","Strike_P"],"score":2569,"play_id":"678dfc52-ae1e-43d3-8d96-1b9d39d8184c","local_time":"20210103174528","is_ascension_mode":true,"campfire_choices":[{"data":"Apotheosis","floor":7,"key":"SMITH"},{"data":"Limit Break","floor":11,"key":"SMITH"},{"data":"1","floor":15,"key":"LIFT"},{"floor":24,"key":"RECALL"},{"data":"2","floor":32,"key":"LIFT"},{"data":"3","floor":45,"key":"LIFT"},{"data":"AT_ChampionStep","floor":49,"key":"SMITH"},{"data":"Wish","floor":49,"key":"SMITH"},{"data":"Devotion","floor":52,"key":"SMITH"},{"data":"ReplayTheSpireMod:Private Reserves","floor":52,"key":"SMITH"}],"circlet_count":0,"master_deck":["Eruption","Vigilance","AT_DrawKnifeCut","Limit Break+1","Finesse","Apotheosis+1","Replay:Bootleg Shield Generator","Flash of Steel","REME_Repentance","LikeWater","AT_ChampionStep+1","Collect+1","WindmillStrike+1","Vault+1","AT_EmpoweredMortalDraw+1","CutThroughFate+1","TalkToTheHand+1","Devotion+1","ReplayTheSpireMod:Private Reserves+1","Wish+1","Replay:LoomingThreat","SpiritShield","Deep Breath","Establishment"],"relics":["PureWater","REME_ComplimentaryCards","AT_ATBox","ReplayFunnel","AT_RedNoBalance","Divine Protection","ReplayTheSpireMod:ShopPack","Membership Card","Pet Ghost","AT_MibuBalloonWealth","Lee\u0027s Waffle","Girya","Onion Ring","AT_BladeRuinedKing","Matryoshka","Replay:Mystery Machine","Molten Egg 2","AT_BellowingDragoncrestRing","Bronze Scales","AT_MortalBlade","ClockworkSouvenir","AT_SunfireAegis","Lizard Tail","Bag of Marbles","HornCleat","Replay:Bandana","Replay:Arrowhead","Empty Cage","Ring of Peace","GodSword1","AT_BellDemon","Chemical X","ReplayTheSpireMod:Ninjato","Sundial","Melange","AT_ForceNature","Peace Pipe","ReplayTheSpireMod:TigerMarble","StoneCalendar","Question Card","Replay:Ringing Soul","AT_ChloranthyRing","Medical Kit","PlanX","Cauldron","BranchBurnRelic","REME_HourglassOfDeath","Nunchaku","AT_SilvercatRing","Bag of Preparation","AT_ImmortalShieldbow","Blue Candle","Pen Nib","Replay:Bottled Flurry","MagicDraw1","Gambling Chip"],"acts_visited":["Exordium","TheCity","TheBeyond","TheEnding"],"potions_floor_usage":[12,12,16],"damage_taken":[{"damage":0,"enemies":"Small Slimes","floor":1,"turns":3},{"damage":0,"enemies":"2 Louse","floor":4,"turns":2},{"damage":0,"enemies":"Jaw Worm","floor":5,"turns":2},{"damage":12,"enemies":"3 Sentries","floor":6,"turns":4},{"damage":0,"enemies":"Gremlin Nob","floor":8,"turns":2},{"damage":0,"enemies":"Lagavulin","floor":12,"turns":2},{"damage":2,"enemies":"Exordium Wildlife","floor":14,"turns":2},{"damage":1,"enemies":"Hexaghost","floor":16,"turns":5},{"damage":0,"enemies":"3 Byrds","floor":18,"turns":3},{"damage":0,"enemies":"Shell Parasite","floor":21,"turns":3},{"damage":0,"enemies":"Chosen and Byrds","floor":22,"turns":1},{"damage":0,"enemies":"REME_1_Revenger","floor":23,"turns":3},{"damage":0,"enemies":"Centurion and Healer","floor":25,"turns":2},{"damage":0,"enemies":"Shelled Parasite and Fungi","floor":27,"turns":2},{"damage":0,"enemies":"Gremlin Leader","floor":29,"turns":2},{"damage":0,"enemies":"3 Cultists","floor":30,"turns":1},{"damage":0,"enemies":"Cultist and Chosen","floor":31,"turns":2},{"damage":0,"enemies":"Automaton","floor":33,"turns":3},{"damage":3,"enemies":"3 Shapes","floor":35,"turns":2},{"damage":0,"enemies":"Orb Walker","floor":36,"turns":1},{"damage":0,"enemies":"Reptomancer","floor":40,"turns":2},{"damage":0,"enemies":"4 Shapes","floor":41,"turns":2},{"damage":0,"enemies":"Nemesis","floor":42,"turns":2},{"damage":0,"enemies":"3 Darklings","floor":46,"turns":1},{"damage":0,"enemies":"Spire Growth","floor":47,"turns":2},{"damage":0,"enemies":"R_Hoarder","floor":48,"turns":2},{"damage":0,"enemies":"Awakened One","floor":50,"turns":3},{"damage":0,"enemies":"Shield and Spear","floor":54,"turns":3},{"damage":0,"enemies":"The Heart","floor":55,"turns":4}],"seed_played":"-5953312340728843371","potions_obtained":[{"floor":4,"key":"AttackPotion"},{"floor":5,"key":"DistilledChaos"},{"floor":14,"key":"Block Potion"},{"floor":16,"key":"AttackPotion"},{"floor":18,"key":"Doom Potion"},{"floor":22,"key":"DuplicationPotion"},{"floor":30,"key":"ColorlessPotion"},{"floor":44,"key":"CultistPotion"},{"floor":44,"key":"Strength Potion"}],"is_trial":false,"path_per_floor":["M","?","?","M","M","E","R","E","T","T","R","E","$","M","R","B",null,"M","?","$","M","M","E","R","M","T","M","T","E","M","M","R","B",null,"M","M","?","?","$","E","M","E","T","$","R","M","M","E","R","B",null,"R","$","E","B",null],"character_chosen":"WATCHER","items_purchased":["ReplayFunnel","AT_SilverBalance","Divine Protection","ReplayTheSpireMod:ShopPack","Membership Card","Pet Ghost","Finesse","AT_MibuBalloonWealth","Lee\u0027s Waffle","Block Potion","AT_BellowingDragoncrestRing","Bronze Scales","AT_ChampionStep","Collect+1","ClockworkSouvenir","AT_SunfireAegis","TalkToTheHand+1","GodSword1","AT_BellDemon","Chemical X","ReplayTheSpireMod:Ninjato","Sundial","Melange","ReplayTheSpireMod:Private Reserves","Replay:Ringing Soul","AT_ChloranthyRing","Medical Kit","PlanX","Cauldron","AT_ImmortalShieldbow","Blue Candle","Pen Nib","SpiritShield","Deep Breath","Replay:Bottled Flurry"],"campfire_rested":0,"item_purchase_floors":[0,0,0,0,0,0,0,0,0,0,13,13,13,13,20,20,20,39,39,39,39,39,39,39,44,44,44,44,44,53,53,53,53,53,53],"current_hp_per_floor":[39,39,39,39,39,27,27,39,39,39,39,39,39,37,37,38,79,39,39,39,39,39,39,39,39,39,39,39,39,39,39,39,39,79,76,76,76,76,76,76,76,76,76,76,76,76,76,79,79,82,82,82,85,88,88],"gold":197,"neow_bonus":"","is_daily":false,"chose_seed":false,"campfire_upgraded":6,"win_rate":0.0,"timestamp":1609667128,"path_taken":["M","?","?","M","M","E","R","E","T","?","R","E","$","?","R","BOSS","M","?","$","M","M","E","R","?","T","M","?","E","M","M","R","BOSS","M","M","?","?","$","E","M","E","T","$","R","?","M","E","R","BOSS","R","$","E","BOSS"],"items_purchased_type":["Relic","Relic","Relic","Relic","Relic","Relic","Card","Relic","Relic","Potion","Relic","Relic","Card","Card","Relic","Relic","Card","Relic","Relic","Relic","Relic","Relic","Relic","Card","Relic","Relic","Relic","Relic","Relic","Relic","Relic","Relic","Card","Card","Relic"],"build_version":"2020-12-22","purchased_purges":5,"victory":true,"max_hp_per_floor":[79,79,79,79,79,79,79,79,79,79,79,79,79,79,79,79,79,79,79,79,79,79,79,79,79,79,79,79,79,79,79,79,79,79,79,79,79,79,79,79,79,79,79,79,79,79,79,82,82,82,82,82,85,88,88],"card_choices":[{"not_picked":["Panache","REME_Flogging"],"picked":"Apotheosis","floor":0},{"not_picked":["REME_WheelOfFate","REME_HeartOfCthun"],"picked":"Replay:Bootleg Shield Generator","floor":0},{"not_picked":["Replay:Sssssssssstrike","Panacea"],"picked":"Flash of Steel","floor":0},{"not_picked":["EmptyBody","Swivel","BowlingBash"],"picked":"SKIP","floor":1},{"not_picked":["Indignation","Swivel","CrushJoints"],"picked":"SKIP","floor":4},{"not_picked":["Protect","FollowUp"],"picked":"REME_Repentance","floor":5},{"not_picked":["Replay:BluntJabs","Halt"],"picked":"LikeWater","floor":6},{"not_picked":["Protect","Conclude","Replay:Anticipation"],"picked":"SKIP","floor":8},{"not_picked":["Replay:AllIn","Protect","SashWhip+1"],"picked":"SKIP","floor":12},{"not_picked":["CrushJoints+1","BowlingBash+1"],"picked":"WindmillStrike+1","floor":14},{"not_picked":["AT_IrregularMenstruation","Brilliance+1"],"picked":"Vault","floor":16},{"not_picked":["JustLucky+1","ForeignInfluence"],"picked":"CutThroughFate+1","floor":18},{"not_picked":["CutThroughFate+1","Replay:BluntJabs+1","Crescendo"],"picked":"SKIP","floor":21},{"not_picked":["PathToVictory+1","MentalFortress+1","CutThroughFate+1"],"picked":"SKIP","floor":22},{"not_picked":["SashWhip+1","Blasphemy","EmptyMind"],"picked":"SKIP","floor":23},{"not_picked":["Conclude+1","ReachHeaven+1","BowlingBash+1"],"picked":"SKIP","floor":25},{"not_picked":["EmptyFist+1","Replay:AtTheReady","FlurryOfBlows+1"],"picked":"SKIP","floor":27},{"not_picked":["Replay:Battleflow","ForeignInfluence","EmptyFist+1"],"picked":"SKIP","floor":29},{"not_picked":["Replay:AtTheReady","Adaptation+1","Fasting2"],"picked":"SKIP","floor":30},{"not_picked":["Crescendo+1","REME_Repentance","ReachHeaven+1"],"picked":"SKIP","floor":31},{"not_picked":["Alpha","Ragnarok+1"],"picked":"Devotion","floor":33},{"not_picked":["SashWhip+1","Nirvana","REME_Repentance+1"],"picked":"SKIP","floor":35},{"not_picked":["Replay:Vibes+1","Replay:BluntJabs+1","FearNoEvil+1"],"picked":"SKIP","floor":36},{"not_picked":["Protect","PathToVictory+1"],"picked":"Wish","floor":40},{"not_picked":["CrushJoints+1","FlurryOfBlows+1","CarveReality+1"],"picked":"SKIP","floor":41},{"not_picked":["JustLucky+1","Halt","LessonLearned+1"],"picked":"SKIP","floor":42},{"not_picked":["Replay:Anticipation","Meditate","CutThroughFate+1","Halt+1"],"picked":"SKIP","floor":46},{"not_picked":["JustLucky+1","Indignation+1","EmptyBody+1","WreathOfFlame"],"picked":"SKIP","floor":47},{"not_picked":["SandsOfTime+1","PathToVictory","FearNoEvil+1"],"picked":"Replay:LoomingThreat","floor":48},{"not_picked":["CutThroughFate+1","Replay:AtTheReady","Swivel+1"],"picked":"Establishment","floor":54}],"player_experience":164545,"relics_obtained":[{"floor":6,"key":"Onion Ring"},{"floor":8,"key":"AT_BladeRuinedKing"},{"floor":9,"key":"Matryoshka"},{"floor":10,"key":"Replay:Mystery Machine"},{"floor":12,"key":"Molten Egg 2"},{"floor":23,"key":"Lizard Tail"},{"floor":26,"key":"Bag of Marbles"},{"floor":26,"key":"HornCleat"},{"floor":28,"key":"Replay:Bandana"},{"floor":29,"key":"Replay:Arrowhead"},{"floor":37,"key":"Ring of Peace"},{"floor":40,"key":"AT_ForceNature"},{"floor":40,"key":"Peace Pipe"},{"floor":41,"key":"Dead Branch"},{"floor":42,"key":"ReplayTheSpireMod:TigerMarble"},{"floor":42,"key":"StoneCalendar"},{"floor":43,"key":"Question Card"},{"floor":46,"key":"REME_HourglassOfDeath"},{"floor":47,"key":"Nunchaku"},{"floor":48,"key":"AT_SilvercatRing"},{"floor":48,"key":"Bag of Preparation"},{"floor":54,"key":"MagicDraw1"},{"floor":54,"key":"Gambling Chip"}],"event_choices":[{"damage_healed":0,"gold_gain":175,"player_choice":"AGREE","damage_taken":0,"max_hp_gain":0,"max_hp_loss":0,"event_name":"Liars Game","floor":2,"gold_loss":0,"cards_obtained":["Doubt"]},{"damage_healed":0,"gold_gain":0,"player_choice":"Box","damage_taken":0,"relics_obtained":["Girya"],"max_hp_gain":0,"max_hp_loss":0,"event_name":"Big Fish","floor":3,"gold_loss":0,"cards_obtained":["Regret"]},{"cards_removed":["Regret","Doubt"],"damage_healed":0,"gold_gain":0,"player_choice":"Removed Curses","damage_taken":0,"max_hp_gain":0,"max_hp_loss":0,"event_name":"Fountain of Cleansing","floor":19,"gold_loss":0},{"cards_removed":["Defend_P"],"damage_healed":0,"gold_gain":0,"player_choice":"Upgrade and Remove","damage_taken":0,"max_hp_gain":0,"max_hp_loss":0,"event_name":"Designer","floor":38,"gold_loss":90,"cards_upgraded":["Vault"]}],"is_beta":false,"boss_relics":[{"not_picked":["HolyWater","Calling Bell"],"picked":"AT_MortalBlade"},{"not_picked":["SoulBox","VioletLotus"],"picked":"Empty Cage"}],"items_purged_floors":[0,0,13,20,39],"is_endless":false,"potions_floor_spawned":[4,5,14,16,18,22,23,29,30,35,36,46],"ascension_level":1}}