{"host":"akjsb4vg7478j4ls","time":1609651383,"event":{"mods":["BaseMod","Colored Map","Colored Powertips","Minty Spire (QoL Compilation)","Rare Cards Sparkle"],"gold_per_floor":[365,376,14,27,42,42,42,42,42,61,61,61],"floor_reached":11,"playtime":520,"items_purged":[],"score":65,"play_id":"3508740c-047c-4a6d-80a9-6c0b5c559f88","local_time":"20210103032303","is_ascension_mode":false,"campfire_choices":[{"floor":6,"key":"REST"}],"circlet_count":0,"master_deck":["Strike_B","Strike_B","Strike_B","Defend_B","Defend_B","Defend_B","Defend_B","Zap","Dualcast","Beam Cell","Redo","Streamline","Force Field","Melter","Reprogram"],"relics":["Cracked Core","StoneCalendar","Golden Idol","Boot"],"acts_visited":["Exordium"],"potions_floor_usage":[],"damage_taken":[{"damage":1,"enemies":"Jaw Worm","floor":1,"turns":4},{"damage":0,"enemies":"2 Louse","floor":2,"turns":2},{"damage":0,"enemies":"Cultist","floor":4,"turns":3},{"damage":6,"enemies":"Exordium Wildlife","floor":5,"turns":4},{"damage":14,"enemies":"3 Louse","floor":10,"turns":3},{"damage":56,"enemies":"Lagavulin","floor":11,"turns":6}],"seed_played":"-2513433377540927924","potions_obtained":[{"floor":1,"key":"SteroidPotion"},{"floor":4,"key":"SkillPotion"},{"floor":10,"key":"SkillPotion"}],"is_trial":false,"path_per_floor":["M","M","$","M","M","R","?","?","T","M","E"],"character_chosen":"DEFECT","items_purchased":["StoneCalendar","Streamline"],"campfire_rested":1,"item_purchase_floors":[3,3],"current_hp_per_floor":[53,53,53,53,47,69,69,69,69,55,0,0],"gold":61,"neow_bonus":"TWO_FIFTY_GOLD","is_daily":false,"chose_seed":false,"campfire_upgraded":0,"win_rate":0.0,"timestamp":1609651383,"path_taken":["M","M","$","M","M","R","?","?","T","?","E"],"items_purchased_type":["Relic","Card"],"build_version":"2020-12-22","purchased_purges":0,"victory":false,"max_hp_per_floor":[75,75,75,75,75,75,69,69,69,69,69,69],"card_choices":[{"not_picked":["Aggregate","Lockon"],"picked":"Beam Cell","floor":1},{"not_picked":["Steam","Auto Shields"],"picked":"Redo","floor":2},{"not_picked":["Hologram","Chaos"],"picked":"Force Field","floor":4},{"not_picked":["Stack","Rip and Tear"],"picked":"Melter","floor":5},{"not_picked":["White Noise","Leap"],"picked":"Reprogram","floor":10}],"player_experience":92951,"relics_obtained":[{"floor":9,"key":"Boot"}],"event_choices":[{"damage_healed":0,"gold_gain":0,"player_choice":"Lose Max HP","damage_taken":0,"relics_obtained":["Golden Idol"],"max_hp_gain":0,"max_hp_loss":6,"event_name":"Golden Idol","floor":7,"gold_loss":0},{"cards_removed":["Strike_B"],"damage_healed":0,"gold_gain":0,"player_choice":"Offered Basic","damage_taken":0,"max_hp_gain":0,"max_hp_loss":0,"event_name":"Bonfire Elementals","floor":8,"gold_loss":0}],"is_beta":false,"boss_relics":[],"items_purged_floors":[],"is_endless":false,"potions_floor_spawned":[1,4,10],"killed_by":"Lagavulin","ascension_level":0}}