{"host":"91blwi3hgehj6ch9","time":1609693596,"event":{"mods":["2.2 Compatiblity","AchievementEnabler","BaseMod","Colored Map","DeckTracker","Keyboard Shortcuts","Minty Spire (QoL Compilation)","Permanent Neow","Quick Restart","StSLib","SuperFastMode"],"gold_per_floor":[110,110,110,131,55,69,142,157,238,315,315,365,365,220,220,346,346,367,124,98,348,362,86,86,136,136,136,136,136],"floor_reached":28,"playtime":1190,"items_purged":["Strike_G","Strike_G","Strike_G"],"score":288,"play_id":"c6ae2f4a-ba38-4c81-8a69-719c7bbff179","local_time":"20210104020636","is_ascension_mode":true,"campfire_choices":[{"data":"Accuracy","floor":11.0,"key":"SMITH"},{"floor":13.0,"key":"REST"},{"data":"Footwork","floor":15.0,"key":"SMITH"},{"data":"Prepared","floor":24,"key":"SMITH"},{"data":"Well Laid Plans","floor":27,"key":"SMITH"}],"circlet_count":0,"master_deck":["Strike_G","Defend_G","Defend_G","Defend_G","Defend_G","Survivor","Neutralize","Backflip","Cloak And Dagger","Accuracy+1","Footwork+1","PiercingWail","Venomology","Grand Finale","Storm of Steel","Prepared+1","Reflex","Well Laid Plans+1","Accuracy","Dagger Throw+1","Acrobatics"],"relics":["Ring of the Snake","Thread and Needle","Golden Idol","SsserpentHead","Kunai","Potion Belt","Empty Cage","Bronze Scales","MutagenicStrength","Bottled Tornado"],"acts_visited":["Exordium","TheCity"],"potions_floor_usage":[22,22,22,28,28,28],"damage_taken":[{"damage":1.0,"enemies":"Cultist","floor":1.0,"turns":4.0},{"damage":3.0,"enemies":"Jaw Worm","floor":4.0,"turns":5.0},{"damage":6.0,"enemies":"2 Louse","floor":6.0,"turns":4.0},{"damage":0.0,"enemies":"Blue Slaver","floor":7.0,"turns":5.0},{"damage":28.0,"enemies":"Exordium Thugs","floor":8.0,"turns":9.0},{"damage":10.0,"enemies":"The Guardian","floor":16.0,"turns":19.0},{"damage":5.0,"enemies":"Chosen","floor":18.0,"turns":4.0},{"damage":10.0,"enemies":"2 Thieves","floor":20.0,"turns":5.0},{"damage":17,"enemies":"3 Cultists","floor":22,"turns":7},{"damage":33,"enemies":"Cultist and Chosen","floor":28,"turns":4}],"seed_played":"2343485654346563450","potions_obtained":[{"floor":4.0,"key":"LiquidBronze"},{"floor":16.0,"key":"Dexterity Potion"},{"floor":18.0,"key":"SpeedPotion"},{"floor":20.0,"key":"SteroidPotion"}],"is_trial":false,"path_per_floor":["M","?","?","M","$","M","M","M","T","T","R","?","R","$","R","B",null,"M","$","M","?","M","$","R","?","T","R","M"],"character_chosen":"THE_SILENT","items_purchased":["Accuracy","Grand Finale","Reflex","Well Laid Plans","Acrobatics","Bronze Scales"],"campfire_rested":1,"item_purchase_floors":[5,14,19,19,23,23],"current_hp_per_floor":[62,47,47,44,44,38,38,10,10,10,10,10,28,28,28,18,52,47,47,37,37,20,20,20,20,20,20,0,0],"gold":136,"neow_bonus":"ONE_RARE_RELIC","is_daily":false,"chose_seed":false,"campfire_upgraded":4,"win_rate":0.0,"timestamp":1609693596,"path_taken":["M","?","?","M","$","M","?","M","T","?","R","?","R","$","R","BOSS","M","$","M","?","M","?","R","?","T","R","M"],"items_purchased_type":["Card","Card","Card","Card","Card","Relic"],"build_version":"2020-12-22","purchased_purges":3,"victory":false,"max_hp_per_floor":[63,63,63,63,63,63,63,63,63,63,63,63,63,63,63,63,63,63,63,63,63,63,63,63,63,63,63,63,63],"card_choices":[{"not_picked":["Dagger Spray","Poisoned Stab"],"picked":"Backflip","floor":1.0},{"not_picked":["Eviscerate","Deflect"],"picked":"Cloak And Dagger","floor":4.0},{"not_picked":["Sucker Punch","Backflip"],"picked":"Footwork","floor":6.0},{"not_picked":["Poisoned Stab","Sucker Punch"],"picked":"PiercingWail","floor":7.0},{"not_picked":["Predator","Prepared"],"picked":"Venomology","floor":8.0},{"not_picked":["Tools of the Trade","Bullet Time"],"picked":"Storm of Steel","floor":16.0},{"not_picked":["Flying Knee","Setup"],"picked":"Prepared","floor":18.0},{"not_picked":["Prepared","Backstab"],"picked":"Accuracy","floor":20.0},{"not_picked":["Flechettes+1","Expertise+1"],"picked":"Dagger Throw+1","floor":22}],"player_experience":135187,"relics_obtained":[{"floor":9.0,"key":"Kunai"},{"floor":10.0,"key":"Potion Belt"},{"floor":26,"key":"Bottled Tornado"}],"event_choices":[{"damage_healed":0.0,"max_hp_gain":0.0,"max_hp_loss":0.0,"gold_gain":0.0,"event_name":"Golden Idol","player_choice":"Take Damage","floor":2.0,"gold_loss":0.0,"damage_taken":15.0,"relics_obtained":["Golden Idol"]},{"damage_healed":0.0,"max_hp_gain":0.0,"max_hp_loss":0.0,"gold_gain":0.0,"event_name":"FaceTrader","player_choice":"Trade","floor":3.0,"gold_loss":0.0,"damage_taken":0.0,"relics_obtained":["SsserpentHead"]},{"damage_healed":0.0,"max_hp_gain":0.0,"max_hp_loss":0.0,"gold_gain":0.0,"event_name":"Shining Light","player_choice":"Ignored","floor":12.0,"gold_loss":0.0,"damage_taken":0.0},{"damage_healed":0.0,"max_hp_gain":0.0,"max_hp_loss":0.0,"gold_gain":200.0,"event_name":"Wheel of Change","player_choice":"Gold","floor":21.0,"gold_loss":0.0,"damage_taken":0.0},{"damage_healed":0,"gold_gain":0,"player_choice":"Inject Mutagens","damage_taken":0,"relics_obtained":["MutagenicStrength"],"max_hp_gain":0,"max_hp_loss":0,"event_name":"Drug Dealer","floor":25,"gold_loss":0}],"is_beta":false,"boss_relics":[{"not_picked":["SacredBark","Runic Pyramid"],"picked":"Empty Cage"}],"items_purged_floors":[14,19,23],"is_endless":false,"potions_floor_spawned":[4,16,18,20],"killed_by":"Cultist and Chosen","ascension_level":8}}