{"host":"reugk9pd1uotrglt","time":1609694148,"event":{"mods":["AchievementEnabler","BaseMod","BetterRewards","Colored Map","Custom Start","DeckTracker","Minty Spire (QoL Compilation)","Permanent Neow","Quick Restart","SuperFastMode"],"gold_per_floor":[137,194,194,255,32,32,63,113,113,129,6,6,31,66,66,164,164,175,193,231,231,231,231,256,256,306,345,356,391,391,316,316,390,390,429,429,479,479,499,534,553,553,553,611,646,355,390,410,410,410,410],"floor_reached":52,"playtime":2907,"items_purged":["Strike_R","Strike_R"],"score":2680,"play_id":"9b4b9361-735e-4523-b081-5ae1557b34fd","local_time":"20210103181548","is_ascension_mode":true,"campfire_choices":[{"data":"Apotheosis","floor":6.0,"key":"SMITH"},{"data":"Inflame","floor":15.0,"key":"SMITH"},{"data":"Metallicize","floor":23.0,"key":"SMITH"},{"data":"Shockwave","floor":25.0,"key":"SMITH"},{"data":"Juggernaut","floor":30.0,"key":"SMITH"},{"data":"Metallicize","floor":32.0,"key":"SMITH"},{"floor":42.0,"key":"RECALL"},{"floor":49,"key":"REST"}],"circlet_count":0,"master_deck":["AscendersBane","Defend_R+1","Defend_R","Defend_R","Defend_R","Bash","Dark Shackles","Master of Strategy+1","Metallicize+1","Pommel Strike","Shrug It Off","HandOfGreed","Apotheosis+1","Twin Strike","Metallicize+1","Rampage","Spot Weakness","Juggernaut+1","Cleave","Shockwave+1","Inflame+1","Whirlwind","Impervious","Battle Trance","Entrench","Shrug It Off","Pommel Strike","Offering","Madness","Madness","Dropkick","Dropkick","Flame Barrier","Demon Form","Metallicize","Intimidate+1","Entrench+1"],"relics":["Burning Blood","Orichalcum","Unceasing Top","Matryoshka","Membership Card","Eternal Feather","Lee\u0027s Waffle","Paper Frog","Toy Ornithopter","StoneCalendar","Art of War","War Paint","Letter Opener","Potion Belt","Mummified Hand","PreservedInsect","Shuriken","Runic Cube","Oddly Smooth Stone","Kunai","Blue Candle","Nunchaku","Singing Bowl","Fusion Hammer","Torii","Question Card","Lizard Tail","Prayer Wheel","Chemical X","Pear","Darkstone Periapt"],"acts_visited":["Exordium","TheCity","TheBeyond"],"potions_floor_usage":[45,51,51,51],"damage_taken":[{"damage":1.0,"enemies":"Cultist","floor":1.0,"turns":4.0},{"damage":0.0,"enemies":"Small Slimes","floor":2.0,"turns":4.0},{"damage":2.0,"enemies":"2 Louse","floor":4.0,"turns":5.0},{"damage":28.0,"enemies":"Gremlin Nob","floor":7.0,"turns":5.0},{"damage":6.0,"enemies":"Red Slaver","floor":10.0,"turns":3.0},{"damage":0.0,"enemies":"Lagavulin","floor":13.0,"turns":4.0},{"damage":0.0,"enemies":"Looter","floor":14.0,"turns":3.0},{"damage":31.0,"enemies":"Hexaghost","floor":16.0,"turns":5.0},{"damage":10.0,"enemies":"3 Byrds","floor":18.0,"turns":3.0},{"damage":0.0,"enemies":"Chosen","floor":19.0,"turns":5.0},{"damage":16.0,"enemies":"Sentry and Sphere","floor":20.0,"turns":6.0},{"damage":9.0,"enemies":"Book of Stabbing","floor":24.0,"turns":4.0},{"damage":12.0,"enemies":"Shelled Parasite and Fungi","floor":27.0,"turns":7.0},{"damage":2.0,"enemies":"Snake Plant","floor":28.0,"turns":4.0},{"damage":1.0,"enemies":"Gremlin Leader","floor":29.0,"turns":4.0},{"damage":43.0,"enemies":"Champ","floor":33.0,"turns":8.0},{"damage":6.0,"enemies":"Orb Walker","floor":35.0,"turns":3.0},{"damage":0.0,"enemies":"Mind Bloom Boss Battle","floor":37.0,"turns":6.0},{"damage":7.0,"enemies":"3 Darklings","floor":39.0,"turns":5.0},{"damage":17.0,"enemies":"Giant Head","floor":40.0,"turns":6.0},{"damage":6.0,"enemies":"Jaw Worm Horde","floor":41.0,"turns":2.0},{"damage":50.0,"enemies":"Reptomancer","floor":44.0,"turns":5.0},{"damage":9,"enemies":"4 Shapes","floor":45,"turns":5},{"damage":0,"enemies":"Giant Head","floor":47,"turns":6},{"damage":1,"enemies":"Transient","floor":48,"turns":6},{"damage":40,"enemies":"Awakened One","floor":50,"turns":6},{"damage":46,"enemies":"Time Eater","floor":51,"turns":6}],"seed_played":"268550968251733041","potions_obtained":[{"floor":10.0,"key":"Weak Potion"},{"floor":13.0,"key":"PowerPotion"},{"floor":14.0,"key":"Fruit Juice"},{"floor":16.0,"key":"SpeedPotion"},{"floor":24.0,"key":"SteroidPotion"},{"floor":33.0,"key":"BloodPotion"},{"floor":40.0,"key":"Dexterity Potion"},{"floor":41.0,"key":"SpeedPotion"},{"floor":47,"key":"BloodPotion"}],"is_trial":false,"path_per_floor":["M","M","?","M","$","R","E","?","T","M","$","?","E","M","R","B",null,"M","M","M","T","?","R","E","R","T","M","M","E","R","?","R","B",null,"M","?","?","?","M","E","M","R","T","E","M","$","E","M","R","B","B",null],"character_chosen":"IRONCLAD","items_purchased":["Orichalcum","Dark Shackles","Master of Strategy","Metallicize","Pommel Strike","Shrug It Off","Unceasing Top","HandOfGreed","Matryoshka","Apotheosis","Membership Card","Eternal Feather","Lee\u0027s Waffle","Paper Frog","Toy Ornithopter","Twin Strike","War Paint","Metallicize","Rampage","Spot Weakness","PreservedInsect","Shockwave","Chemical X","Pear","BloodPotion"],"campfire_rested":1,"item_purchase_floors":[0,0,0,0,0,0,0,0,0,0,0,0,0,0,0,0,5,5,5,5,11,11,46,46,46],"current_hp_per_floor":[82,82,82,82,82,82,60,52,52,52,52,52,58,74,87,62,81,77,83,73,73,73,87,84,87,87,81,85,89,89,89,89,56,81,83,67,73,73,72,63,63,81,81,37,39,49,57,64,107,73,90],"gold":410,"neow_bonus":"","is_daily":false,"chose_seed":false,"campfire_upgraded":6,"win_rate":0.0,"timestamp":1609694148,"path_taken":["M","M","?","M","?","R","E","?","T","?","?","?","E","M","R","BOSS","M","M","M","?","?","R","E","R","T","?","M","E","R","?","R","BOSS","M","?","?","?","M","E","M","R","T","E","?","$","E","M","R","BOSS","BOSS"],"items_purchased_type":["Relic","Card","Card","Card","Card","Card","Relic","Card","Relic","Card","Relic","Relic","Relic","Relic","Relic","Card","Relic","Card","Card","Card","Relic","Card","Relic","Relic","Potion"],"build_version":"2020-12-22","purchased_purges":2,"victory":true,"max_hp_per_floor":[82,82,82,82,82,82,82,82,82,82,82,82,82,87,87,87,87,87,87,87,87,87,87,87,87,87,87,87,89,89,89,89,89,89,91,91,91,91,91,93,93,93,93,93,93,103,105,107,107,107,107],"card_choices":[{"not_picked":["Headbutt","Reckless Charge","Rage"],"picked":"SKIP","floor":1.0},{"not_picked":["True Grit","Wild Strike","Clash"],"picked":"SKIP","floor":2.0},{"not_picked":["Evolve","Sentinel","Armaments"],"picked":"SKIP","floor":4.0},{"not_picked":["Evolve","True Grit"],"picked":"Juggernaut","floor":7.0},{"not_picked":["Wild Strike","Perfected Strike"],"picked":"Cleave","floor":10.0},{"not_picked":["Blood for Blood","Inflame"],"picked":"Whirlwind","floor":13.0},{"not_picked":["Flex","Headbutt","Armaments"],"picked":"SKIP","floor":14.0},{"not_picked":["Exhume","Double Tap"],"picked":"Impervious","floor":16.0},{"not_picked":["Havoc","Headbutt","Body Slam"],"picked":"SKIP","floor":18.0},{"not_picked":["Havoc","Perfected Strike"],"picked":"Battle Trance","floor":19.0},{"not_picked":["True Grit","Cleave","Flex"],"picked":"SKIP","floor":20.0},{"not_picked":["Ghostly Armor","Havoc"],"picked":"Shrug It Off","floor":24.0},{"not_picked":["Havoc","Feel No Pain","Cleave"],"picked":"SKIP","floor":27.0},{"not_picked":["Berserk","Havoc+1"],"picked":"Pommel Strike","floor":28.0},{"not_picked":["Reckless Charge","Iron Wave","Bludgeon"],"picked":"Singing Bowl","floor":29.0},{"not_picked":["Double Tap","Brutality"],"picked":"Offering","floor":33.0},{"not_picked":["Armaments+1","Clothesline","Whirlwind+1"],"picked":"Singing Bowl","floor":35.0},{"not_picked":["Disarm","Cleave"],"picked":"Dropkick","floor":37.0},{"not_picked":["Blood for Blood","Rampage"],"picked":"Dropkick","floor":39.0},{"not_picked":["Offering","Disarm","Second Wind"],"picked":"Singing Bowl","floor":40.0},{"not_picked":["Pommel Strike","Headbutt","Inflame"],"picked":"Flame Barrier","floor":41.0},{"not_picked":["Pommel Strike","Bloodletting+1","Anger+1"],"picked":"Demon Form","floor":44.0},{"not_picked":["Flex","Anger","Cleave"],"picked":"Metallicize","floor":45},{"not_picked":["Clothesline","Hemokinesis","Warcry"],"picked":"Intimidate+1","floor":45},{"not_picked":["Body Slam","Wild Strike+1","Sentinel","Blood for Blood"],"picked":"Singing Bowl","floor":47},{"not_picked":["Intimidate","Power Through","Sword Boomerang"],"picked":"Entrench+1","floor":48},{"not_picked":["Havoc+1","Rupture+1","Sword Boomerang","Carnage+1"],"picked":"Singing Bowl","floor":48}],"player_experience":1491660,"relics_obtained":[{"floor":7.0,"key":"Letter Opener"},{"floor":9.0,"key":"Potion Belt"},{"floor":9.0,"key":"Mummified Hand"},{"floor":13.0,"key":"Shuriken"},{"floor":21.0,"key":"Oddly Smooth Stone"},{"floor":21.0,"key":"Kunai"},{"floor":24.0,"key":"Blue Candle"},{"floor":26.0,"key":"Nunchaku"},{"floor":29.0,"key":"Singing Bowl"},{"floor":37.0,"key":"Torii"},{"floor":40.0,"key":"Question Card"},{"floor":43.0,"key":"Lizard Tail"},{"floor":44.0,"key":"Prayer Wheel"},{"floor":47,"key":"Darkstone Periapt"}],"event_choices":[{"damage_healed":0.0,"max_hp_gain":0.0,"max_hp_loss":0.0,"gold_gain":0.0,"event_name":"Match and Keep!","player_choice":"0 cards matched","floor":3.0,"gold_loss":0.0,"damage_taken":0.0,"cards_obtained":[]},{"damage_healed":0.0,"max_hp_gain":0.0,"max_hp_loss":0.0,"gold_gain":50.0,"event_name":"FaceTrader","player_choice":"Touch","floor":8.0,"gold_loss":0.0,"damage_taken":8.0},{"damage_healed":0.0,"max_hp_gain":0.0,"max_hp_loss":0.0,"gold_gain":0.0,"cards_transformed":["Strike_R"],"event_name":"Transmorgrifier","player_choice":"Transformed","floor":12.0,"gold_loss":0.0,"damage_taken":0.0,"cards_obtained":["Inflame"]},{"damage_healed":0.0,"max_hp_gain":0.0,"max_hp_loss":0.0,"gold_gain":0.0,"event_name":"Match and Keep!","player_choice":"1 cards matched","floor":22.0,"gold_loss":0.0,"damage_taken":0.0,"cards_obtained":["Entrench"]},{"cards_removed":["Strike_R"],"damage_healed":0.0,"max_hp_gain":0.0,"max_hp_loss":0.0,"gold_gain":0.0,"event_name":"Beggar","player_choice":"Gave Gold","floor":31.0,"gold_loss":75.0,"damage_taken":0.0},{"damage_healed":0.0,"max_hp_gain":0.0,"max_hp_loss":0.0,"gold_gain":0.0,"event_name":"Winding Halls","player_choice":"Embrace Madness","floor":36.0,"gold_loss":0.0,"damage_taken":16.0,"cards_obtained":["Madness","Madness"]},{"damage_healed":0.0,"max_hp_gain":0.0,"max_hp_loss":0.0,"gold_gain":0.0,"event_name":"MindBloom","player_choice":"Fight","floor":37.0,"gold_loss":0.0,"damage_taken":0.0},{"cards_removed":["Strike_R"],"damage_healed":0.0,"max_hp_gain":0.0,"max_hp_loss":0.0,"gold_gain":0.0,"event_name":"Falling","player_choice":"Removed Attack","floor":38.0,"gold_loss":0.0,"damage_taken":0.0}],"is_beta":false,"boss_relics":[{"not_picked":["Runic Pyramid","Snecko Eye"],"picked":"Runic Cube"},{"not_picked":["Empty Cage","Astrolabe"],"picked":"Fusion Hammer"}],"items_purged_floors":[5,46],"is_endless":false,"potions_floor_spawned":[10,13,14,16,24,33,40,41,47],"ascension_level":20}}