{"host":"3w007pgvkin6up9o","time":1609695375,"event":{"mods":["AchievementEnabler","Arknights The Spire","BaseMod","Bestiary","Better Altar","Better Match","Better Note","Better Sensory Stone","Better Skull","Better Third Choice","ChefMod","Evolution","Hermit","HololiveMod","Marisa????????","Minty Spire (QoL Compilation)","Railgun Mod","Random Character Button","Reimu??????","Remilia??????","Replay The Spire","Shade Mod","Spicy Shops","StSLib","The Alterego","The Animator","The Bug Knight","The Cursed","The Gatherer","The Mystic","The Senshi","The Servant 0.9.4","The Wild Card","Trackpad","Waifu the Spire","WarShipGirlsR/????R mod","??????REMEMod"],"gold_per_floor":[111,128,128,128,303,303,303],"floor_reached":6,"playtime":737,"items_purged":[],"score":34,"play_id":"5a434dcd-da61-428a-a7bb-27b754558d3c","local_time":"20210103123615","is_ascension_mode":false,"campfire_choices":[],"circlet_count":0,"master_deck":["ats:Strike C","ats:Strike G","ats:Strike S","ats:Strike V","ats:Armor Crushing Shot","ats:Defend","ats:Defend","ats:Defend","ats:Defend","ats:Emotion Absorption","REME_BodyOfCthun","ats:Explosion Area Strengthen","ats:Assault Order","theWildCard:Sakuya","Delirium","Doubt"],"relics":["ats:Sanity","EVO:Axolotl","REME_ComplimentaryCards","ReplayTheSpireMod:Ring of Collecting","ReplayTheSpireMod:Ring of Addiction","Potion Belt","Toy Ornithopter"],"acts_visited":["Exordium"],"potions_floor_usage":[6,6],"damage_taken":[{"damage":5,"enemies":"Small Slimes","floor":1,"turns":4},{"damage":0,"enemies":"2 Louse","floor":2,"turns":2},{"damage":46,"enemies":"Replay:BlueRogue","floor":6,"turns":15}],"seed_played":"706685630461477112","potions_obtained":[{"floor":4,"key":"ats:Emergency Sanity Potion"},{"floor":4,"key":"Venom Potion"},{"floor":4,"key":"ZuzhouPotion:ReiMu"}],"is_trial":false,"path_per_floor":["M","M","?","?","?","E"],"character_chosen":"DOCTOR_CLASS","items_purchased":[],"campfire_rested":0,"item_purchase_floors":[],"current_hp_per_floor":[74,74,74,74,74,38,38],"gold":303,"neow_bonus":"TEN_PERCENT_HP_BONUS","is_daily":false,"chose_seed":false,"campfire_upgraded":0,"win_rate":0.0,"timestamp":1609695375,"path_taken":["M","M","?","?","?","E"],"items_purchased_type":[],"build_version":"2020-12-22","purchased_purges":0,"victory":false,"max_hp_per_floor":[79,79,79,79,79,79,79],"card_choices":[{"not_picked":["ats:Defend Order","ats:Red Shift"],"picked":"ats:Explosion Area Strengthen","floor":1},{"not_picked":["ats:Leaping Hammer","ats:Ignite"],"picked":"ats:Assault Order","floor":2}],"player_experience":191056,"relics_obtained":[{"floor":4,"key":"ReplayTheSpireMod:Ring of Collecting"},{"floor":4,"key":"ReplayTheSpireMod:Ring of Addiction"},{"floor":4,"key":"Potion Belt"},{"floor":4,"key":"Toy Ornithopter"}],"event_choices":[{"damage_healed":0,"gold_gain":175,"player_choice":"AGREE","damage_taken":128,"max_hp_gain":0,"max_hp_loss":0,"event_name":"betterThird:BetterSerpent","floor":5,"gold_loss":0}],"is_beta":false,"boss_relics":[],"items_purged_floors":[],"is_endless":false,"potions_floor_spawned":[],"killed_by":"Replay:BlueRogue","ascension_level":0}}