{"host":"91blwi3hgehj6ch9","time":1609655384,"event":{"mods":["2.2 Compatiblity","AchievementEnabler","BaseMod","Colored Map","DeckTracker","Keyboard Shortcuts","Minty Spire (QoL Compilation)","Permanent Neow","Quick Restart","StSLib","SuperFastMode"],"gold_per_floor":[118,134,134,146,166,166,11,86,86,86,105,105,5,19,19,118,118,130,130,130,145,121,121,134,147,172,172,97,97,97,112,112,215,215,232,246,246,258,258,258,277,296,296,296,296,19,19,39,39,39],"floor_reached":51,"playtime":4016,"items_purged":["Strike_G","Strike_G","Venomology"],"score":829,"play_id":"fc8fa687-4da1-47d2-bb00-fa9c63b9694b","local_time":"20210103152944","is_ascension_mode":true,"campfire_choices":[{"data":"Cloak And Dagger","floor":6,"key":"SMITH"},{"data":"Tactician","floor":10,"key":"SMITH"},{"floor":15,"key":"REST"},{"data":"Acrobatics","floor":23,"key":"SMITH"},{"data":"Prepared","floor":27,"key":"SMITH"},{"floor":32,"key":"REST"},{"data":"PiercingWail","floor":40,"key":"SMITH"},{"data":"Prepared","floor":45,"key":"SMITH"},{"data":"Finisher","floor":47,"key":"SMITH"},{"data":"Grand Finale","floor":49,"key":"SMITH"}],"circlet_count":0,"master_deck":["Strike_G+1","Defend_G","Defend_G","Survivor+1","Neutralize","Quick Slash","Dagger Throw","Cloak And Dagger+1","Tactician+1","Reflex+1","Prepared+1","Finisher+1","Acrobatics+1","Grand Finale+1","PiercingWail+1","Footwork+1","Prepared+1","Concentrate+1"],"relics":["Ring of the Serpent","Gremlin Horn","Sundial","Art of War","Empty Cage","Frozen Egg 2","TheAbacus"],"acts_visited":["Exordium","TheCity","TheBeyond"],"potions_floor_usage":[11,16,21,24,24,25,31,33,33,36,41,42,50],"damage_taken":[{"damage":6,"enemies":"Jaw Worm","floor":1,"turns":5},{"damage":0,"enemies":"Small Slimes","floor":2,"turns":3},{"damage":1,"enemies":"2 Louse","floor":4,"turns":2},{"damage":0,"enemies":"Exordium Wildlife","floor":5,"turns":2},{"damage":7,"enemies":"Large Slime","floor":11,"turns":6},{"damage":0,"enemies":"2 Fungi Beasts","floor":14,"turns":3},{"damage":16,"enemies":"The Guardian","floor":16,"turns":15},{"damage":14,"enemies":"Spheric Guardian","floor":18,"turns":6},{"damage":1,"enemies":"3 Byrds","floor":21,"turns":4},{"damage":2,"enemies":"3 Cultists","floor":24,"turns":4},{"damage":0,"enemies":"Chosen and Byrds","floor":25,"turns":3},{"damage":0,"enemies":"Cultist and Chosen","floor":31,"turns":3},{"damage":35,"enemies":"Collector","floor":33,"turns":7},{"damage":10,"enemies":"3 Shapes","floor":35,"turns":2},{"damage":8,"enemies":"Orb Walker","floor":36,"turns":3},{"damage":0,"enemies":"Maw","floor":38,"turns":5},{"damage":0,"enemies":"3 Darklings","floor":41,"turns":3},{"damage":6,"enemies":"Transient","floor":42,"turns":5},{"damage":8,"enemies":"Sphere and 2 Shapes","floor":48,"turns":2},{"damage":16,"enemies":"Awakened One","floor":50,"turns":5}],"seed_played":"-4449679783590573489","potions_obtained":[{"floor":1,"key":"SkillPotion"},{"floor":2,"key":"SkillPotion"},{"floor":5,"key":"SteroidPotion"},{"floor":18,"key":"FearPotion"},{"floor":24,"key":"Weak Potion"}],"is_trial":false,"path_per_floor":["M","M","?","M","M","R","$","?","T","R","M","?","$","M","R","B",null,"M","?","?","M","$","R","M","M","T","R","?","?","?","M","R","B",null,"M","M","?","M","?","R","M","M","T","?","R","$","R","M","R","B",null],"character_chosen":"THE_SILENT","items_purchased":["Tactician","Acrobatics","TheAbacus"],"campfire_rested":2,"item_purchase_floors":[7,22,46],"current_hp_per_floor":[57,57,45,44,44,44,44,33,33,33,26,12,12,12,33,17,57,43,43,30,29,29,29,27,27,27,27,27,27,27,27,49,14,60,50,42,42,42,42,42,42,51,51,51,51,51,51,43,43,27],"gold":39,"neow_bonus":"REMOVE_CARD","is_daily":false,"chose_seed":false,"campfire_upgraded":8,"win_rate":0.0,"timestamp":1609655384,"path_taken":["M","M","?","M","M","R","$","?","T","R","M","?","?","M","R","BOSS","M","?","?","M","$","R","M","M","T","R","?","?","?","M","R","BOSS","M","M","?","M","?","R","M","?","T","?","R","$","R","M","R","BOSS"],"items_purchased_type":["Card","Card","Relic"],"build_version":"2020-12-22","purchased_purges":3,"victory":true,"max_hp_per_floor":[70,70,70,70,70,70,70,70,70,70,70,70,70,70,70,70,70,70,70,75,75,75,75,75,75,75,75,75,75,75,75,75,75,75,75,75,75,75,75,75,75,75,75,71,71,71,71,71,71,71],"card_choices":[{"not_picked":["Prepared","Deflect"],"picked":"Quick Slash","floor":1},{"not_picked":["Acrobatics","Doppelganger"],"picked":"Dagger Throw","floor":2},{"not_picked":["Outmaneuver","Quick Slash"],"picked":"Cloak And Dagger","floor":4},{"not_picked":["Underhanded Strike","Dagger Throw","Slice"],"picked":"SKIP","floor":5},{"not_picked":["Dash","Bouncing Flask"],"picked":"Reflex","floor":11},{"not_picked":["Bane","Dagger Throw"],"picked":"Prepared","floor":14},{"not_picked":["Night Terror","Corpse Explosion"],"picked":"Venomology","floor":16},{"not_picked":["Dagger Throw","Flying Knee","Distraction"],"picked":"SKIP","floor":18},{"not_picked":["Bane","Catalyst","Heel Hook"],"picked":"SKIP","floor":21},{"not_picked":["Prepared","Deadly Poison","Dodge and Roll"],"picked":"SKIP","floor":24},{"not_picked":["Flechettes","Slice","Dodge and Roll"],"picked":"SKIP","floor":25},{"not_picked":["Poisoned Stab","Quick Slash+1","Cloak And Dagger"],"picked":"SKIP","floor":31},{"not_picked":["Corpse Explosion","Envenom"],"picked":"Grand Finale","floor":33},{"not_picked":["Escape Plan","Backflip"],"picked":"PiercingWail","floor":35},{"not_picked":["Dagger Throw","Quick Slash+1","Finisher"],"picked":"SKIP","floor":36},{"not_picked":["Backstab+1","Crippling Poison+1"],"picked":"Footwork+1","floor":38},{"not_picked":["Deadly Poison","Poisoned Stab"],"picked":"Prepared","floor":41},{"not_picked":["Endless Agony+1","Poisoned Stab+1","Dodge and Roll"],"picked":"SKIP","floor":42},{"not_picked":["Masterful Stab","Cloak And Dagger+1"],"picked":"Concentrate+1","floor":48}],"player_experience":123816,"relics_obtained":[{"floor":9,"key":"Sundial"},{"floor":26,"key":"Art of War"},{"floor":43,"key":"Frozen Egg 2"}],"event_choices":[{"damage_healed":0,"gold_gain":0,"player_choice":"Success","damage_taken":12,"relics_obtained":["Gremlin Horn"],"max_hp_gain":0,"max_hp_loss":0,"event_name":"Scrap Ooze","floor":3,"gold_loss":0},{"damage_healed":0,"gold_gain":75,"player_choice":"Gather Gold","damage_taken":11,"max_hp_gain":0,"max_hp_loss":0,"event_name":"World of Goop","floor":8,"gold_loss":0},{"damage_healed":0,"gold_gain":0,"player_choice":"Entered Light","damage_taken":14,"max_hp_gain":0,"max_hp_loss":0,"event_name":"Shining Light","floor":12,"gold_loss":0,"cards_upgraded":["Survivor","Strike_G"]},{"damage_healed":0,"gold_gain":0,"cards_transformed":["Strike_G","Defend_G"],"player_choice":"Became Test Subject","damage_taken":0,"max_hp_gain":0,"max_hp_loss":0,"event_name":"Drug Dealer","floor":19,"gold_loss":0,"cards_obtained":["Finisher","Outmaneuver"]},{"damage_healed":0,"gold_gain":0,"player_choice":"Shed Blood","damage_taken":18,"max_hp_gain":5,"max_hp_loss":0,"event_name":"Forgotten Altar","floor":20,"gold_loss":0},{"cards_removed":["Strike_G"],"damage_healed":0,"gold_gain":0,"player_choice":"Gave Gold","damage_taken":0,"max_hp_gain":0,"max_hp_loss":0,"event_name":"Beggar","floor":28,"gold_loss":75},{"damage_healed":0,"gold_gain":0,"player_choice":"Ignored","damage_taken":0,"max_hp_gain":0,"max_hp_loss":0,"event_name":"Ghosts","floor":29,"gold_loss":0},{"damage_healed":0,"gold_gain":0,"player_choice":"Ignored","damage_taken":0,"max_hp_gain":0,"max_hp_loss":0,"event_name":"Vampires","floor":30,"gold_loss":0},{"damage_healed":0,"gold_gain":0,"player_choice":"Ignored","damage_taken":0,"max_hp_gain":0,"max_hp_loss":0,"event_name":"Tomb of Lord Red Mask","floor":37,"gold_loss":0},{"damage_healed":0,"gold_gain":0,"player_choice":"Upgraded","damage_taken":0,"max_hp_gain":0,"max_hp_loss":0,"event_name":"Upgrade Shrine","floor":39,"gold_loss":0,"cards_upgraded":["Reflex"]},{"damage_healed":0,"gold_gain":0,"player_choice":"Max HP","damage_taken":0,"max_hp_gain":0,"max_hp_loss":4,"event_name":"Winding Halls","floor":44,"gold_loss":0}],"is_beta":false,"boss_relics":[{"not_picked":["Coffee Dripper","Snecko Eye"],"picked":"Ring of the Serpent"},{"not_picked":["Astrolabe","Runic Pyramid"],"picked":"Empty Cage"}],"items_purged_floors":[7,13,46],"is_endless":false,"potions_floor_spawned":[1,2,5,18,24,31,36,41,48],"ascension_level":7}}