{"host":"51mqhfpmwwd4kxyt","time":1609644938,"event":{"mods":["BaseMod","Downfall","Googly Eyes","Highlight Path","Minty Spire (QoL Compilation)","READ ME - Guardian Mod","StSLib","The Cursed","The Servant 0.9.4"],"gold_per_floor":[114,64,339,354,369,399,429,386,386,386,401,431,461,476,476,576,576,576,675,690,134,184,214,214,244,269,269,284,299,314,329,329,429,429,444,444,459,459,59,74,89,119,119,149,191,53,68,83,83,83],"floor_reached":51,"playtime":3627,"items_purged":[],"score":1184,"play_id":"5c9b235e-5ed8-4157-883a-55a4a9a4f912","local_time":"20210102223538","daily_mods":["Shiny","Hoarder","DeadlyEvents"],"is_ascension_mode":false,"campfire_choices":[{"floor":10,"key":"REST"},{"data":"TheCursedMod:ManaCirculation","floor":15,"key":"SMITH"},{"floor":24,"key":"REST"},{"floor":27,"key":"REST"},{"data":"TheCursedMod:NeowsMight","floor":32,"key":"SMITH"},{"data":"TheCursedMod:CollectTribute","floor":49,"key":"SMITH"}],"circlet_count":0,"master_deck":["TheCursedMod:CollectTribute","TheCursedMod:ShockAndAwe","TheCursedMod:ParallelWorld","TheCursedMod:ManaCirculation+1","TheCursedMod:Neurasthenia","TheCursedMod:CircleOfAbyss","TheCursedMod:OutForBlood","TheCursedMod:StunningStrike+1","TheCursedMod:DarkBarrier","TheCursedMod:AntiAging","TheCursedMod:ForbiddenAlchemy","TheCursedMod:DemonSword","TheCursedMod:VoidForm","TheCursedMod:DemonicPact","TheCursedMod:NeowsMight+1","TheCursedMod:WearCloak","TheCursedMod:WearCloak","TheCursedMod:WearCloak","Regret","Regret","Regret","TheCursedMod:SoulReap+1","TheCursedMod:SoulReap","TheCursedMod:SoulReap","TheCursedMod:CollectTribute+1","TheCursedMod:CollectTribute","TheCursedMod:CollectTribute","TheCursedMod:FleshFromBone","TheCursedMod:FleshFromBone","TheCursedMod:FleshFromBone","TheCursedMod:LuckyCharm","TheCursedMod:LuckyCharm","TheCursedMod:LuckyCharm","TheCursedMod:DemonicPact","TheCursedMod:DemonicPact","TheCursedMod:DemonicPact","TheCursedMod:HellfireBreathing","TheCursedMod:HellfireBreathing","TheCursedMod:HellfireBreathing","Secret Weapon","Secret Weapon","Secret Weapon","TheCursedMod:CursedAmulet+1","TheCursedMod:CursedAmulet+1","TheCursedMod:CursedAmulet+1","TheCursedMod:CursedAmulet","TheCursedMod:CursedAmulet","TheCursedMod:CursedAmulet","TheCursedMod:CursedSpellbook","TheCursedMod:CursedSpellbook","TheCursedMod:CursedSpellbook","TheCursedMod:ManaCirculation","TheCursedMod:ManaCirculation","TheCursedMod:ManaCirculation","CurseOfTheBell","CurseOfTheBell","CurseOfTheBell","TheCursedMod:TacticalStrike+1","TheCursedMod:TacticalStrike+1","TheCursedMod:TacticalStrike+1","TheCursedMod:StunningStrike","TheCursedMod:StunningStrike","TheCursedMod:StunningStrike","TheCursedMod:BlessingInDisguise+1","TheCursedMod:BlessingInDisguise+1","TheCursedMod:BlessingInDisguise+1","TheCursedMod:Wield+1","TheCursedMod:Wield+1","TheCursedMod:Wield+1","TheCursedMod:CursedAmulet","TheCursedMod:CursedAmulet","TheCursedMod:CursedAmulet","TheCursedMod:SurpriseAttack+1","TheCursedMod:SurpriseAttack+1","TheCursedMod:SurpriseAttack+1"],"relics":["TheCursedMod:BlackMagic101","champ:DeflectingBracers","Singing Bowl","Centennial Puzzle","Whetstone","Bottled Lightning","TheCursedMod:OminousMark","Incense Burner","Du-Vu Doll","Guardian:PocketSentry","Bronze Scales","Calling Bell","Boot","HornCleat","CaptainsWheel","Lantern","Frozen Egg 2","MealTicket","Thread and Needle","MawBank","Toy Ornithopter","sneckomod:BlankCard"],"acts_visited":["Exordium","TheCity","TheBeyond"],"potions_floor_usage":[6,7,7,11,11,11,12,12,12,12,12,13,14,16,18,18,18,23,23,23,25,31,42,50],"damage_taken":[{"damage":11,"enemies":"Small Slimes","floor":1,"turns":5},{"damage":6,"enemies":"2 Louse","floor":4,"turns":3},{"damage":1,"enemies":"Cultist","floor":5,"turns":5},{"damage":47,"enemies":"3 Sentries","floor":6,"turns":14},{"damage":30,"enemies":"Gremlin Nob","floor":7,"turns":5},{"damage":26,"enemies":"Gremlin Gang","floor":11,"turns":5},{"damage":37,"enemies":"Lagavulin","floor":12,"turns":8},{"damage":33,"enemies":"Gremlin Nob","floor":13,"turns":5},{"damage":14,"enemies":"2 Fungi Beasts","floor":14,"turns":5},{"damage":20,"enemies":"Hexaghost","floor":16,"turns":7},{"damage":41,"enemies":"3 Byrds","floor":18,"turns":6},{"damage":4,"enemies":"Spheric Guardian","floor":20,"turns":4},{"damage":60,"enemies":"Slavers","floor":23,"turns":6},{"damage":36,"enemies":"Gremlin Leader","floor":25,"turns":5},{"damage":18,"enemies":"Shelled Parasite and Fungi","floor":28,"turns":6},{"damage":22,"enemies":"3 Cultists","floor":29,"turns":5},{"damage":0,"enemies":"Snecko","floor":30,"turns":3},{"damage":7,"enemies":"Chosen and Byrds","floor":31,"turns":4},{"damage":71,"enemies":"Collector","floor":33,"turns":10},{"damage":11,"enemies":"3 Shapes","floor":35,"turns":4},{"damage":1,"enemies":"Orb Walker","floor":37,"turns":3},{"damage":20,"enemies":"Spire Growth","floor":40,"turns":4},{"damage":0,"enemies":"Sphere and 2 Shapes","floor":41,"turns":4},{"damage":39,"enemies":"Nemesis","floor":42,"turns":7},{"damage":33,"enemies":"Reptomancer","floor":44,"turns":4},{"damage":34,"enemies":"Nemesis","floor":45,"turns":5},{"damage":0,"enemies":"Transient","floor":47,"turns":5},{"damage":0,"enemies":"Spire Growth","floor":48,"turns":3},{"damage":49,"enemies":"Donu and Deca","floor":50,"turns":8}],"seed_played":"4251252283042701915","potions_obtained":[{"floor":1,"key":"Regen Potion"},{"floor":11,"key":"Block Potion"},{"floor":12,"key":"PowerPotion"},{"floor":13,"key":"LiquidMemories"},{"floor":14,"key":"hexamod:EctoCoolerPotion"},{"floor":23,"key":"PowerPotion"},{"floor":29,"key":"FairyPotion"},{"floor":31,"key":"LiquidMemories"}],"is_trial":false,"path_per_floor":["M","?","?","M","M","E","E","?","T","R","M","E","E","M","R","B",null,"M","?","M","$","?","E","R","E","T","R","M","M","M","M","R","B",null,"M","?","M","?","$","M","M","E","T","E","E","$","M","M","R","B",null],"character_chosen":"THE_CURSED","items_purchased":["Incense Burner","TheCursedMod:HellfireBreathing","Secret Weapon","Lantern","Frozen Egg 2","sneckomod:BlankCard"],"campfire_rested":3,"item_purchase_floors":[21,21,21,39,39,46],"current_hp_per_floor":[66,66,66,60,61,55,43,43,43,67,68,71,60,61,61,74,95,60,60,78,78,78,38,67,61,61,91,87,83,105,107,107,57,107,110,110,110,110,110,97,103,105,105,87,79,94,117,117,117,112],"gold":83,"neow_bonus":"","is_daily":true,"chose_seed":false,"campfire_upgraded":3,"win_rate":0.0,"timestamp":1609644938,"path_taken":["M","?","?","M","?","E","?","?","T","R","M","?","E","M","R","BOSS","M","?","M","$","?","E","R","?","T","R","M","M","M","M","R","BOSS","M","?","M","?","$","M","?","E","T","E","?","?","M","M","R","BOSS"],"items_purchased_type":["Relic","Card","Card","Relic","Relic","Relic"],"build_version":"2020-12-22","purchased_purges":0,"victory":true,"max_hp_per_floor":[77,77,77,77,79,81,83,83,83,83,87,91,93,93,93,95,95,95,95,97,97,97,97,97,101,101,101,103,103,105,107,107,107,107,111,111,111,111,111,111,111,113,113,115,117,117,117,117,117,117],"card_choices":[{"not_picked":["TheCursedMod:CursedArmor","TheCursedMod:Torture"],"picked":"TheCursedMod:WearCloak","floor":1},{"not_picked":["TheCursedMod:Stretching","TheCursedMod:VitalStrike","TheCursedMod:CursedBoomerang"],"picked":"SKIP","floor":4},{"not_picked":["TheCursedMod:Stigma","TheCursedMod:ManaBullet"],"picked":"TheCursedMod:SoulReap","floor":5},{"not_picked":["TheCursedMod:CircleOfBlood","TheCursedMod:CursedAmulet"],"picked":"TheCursedMod:CollectTribute","floor":6},{"not_picked":["TheCursedMod:Wield","TheCursedMod:SpitefulStrike"],"picked":"TheCursedMod:FleshFromBone","floor":7},{"not_picked":["TheCursedMod:CircleOfFlame","TheCursedMod:WearCloak","TheCursedMod:Obscuration"],"picked":"Singing Bowl","floor":11},{"not_picked":["TheCursedMod:TacticalStrike","TheCursedMod:FleshFromBone","TheCursedMod:CircleOfFlame"],"picked":"Singing Bowl","floor":12},{"not_picked":["TheCursedMod:ShockAndAwe","TheCursedMod:Obscuration","TheCursedMod:Stigma"],"picked":"Singing Bowl","floor":13},{"not_picked":["TheCursedMod:VitalStrike","TheCursedMod:Stigma"],"picked":"TheCursedMod:LuckyCharm","floor":14},{"not_picked":["TheCursedMod:CollectTribute","TheCursedMod:CircleOfAbyss"],"picked":"TheCursedMod:DemonicPact","floor":16},{"not_picked":["TheCursedMod:Obscuration","TheCursedMod:WearCloak","TheCursedMod:VitalStrike"],"picked":"Singing Bowl","floor":20},{"not_picked":["TheCursedMod:PrepareRite+1","TheCursedMod:VitalStrike"],"picked":"TheCursedMod:CursedAmulet+1","floor":23},{"not_picked":["TheCursedMod:CircleOfCorruption","TheCursedMod:CursedShiv+1","TheCursedMod:Stretching"],"picked":"Singing Bowl","floor":25},{"not_picked":["TheCursedMod:SpitefulStrike","TheCursedMod:Mangle+1"],"picked":"TheCursedMod:CursedAmulet","floor":28},{"not_picked":["TheCursedMod:CursedBlade","TheCursedMod:Mangle+1"],"picked":"TheCursedMod:CursedSpellbook","floor":29},{"not_picked":["TheCursedMod:WearCloak","TheCursedMod:CursedBlade","TheCursedMod:CircleOfCorruption"],"picked":"Singing Bowl","floor":30},{"not_picked":["TheCursedMod:Stretching","TheCursedMod:Evocation","TheCursedMod:VitalStrike+1"],"picked":"Singing Bowl","floor":31},{"not_picked":["TheCursedMod:CircleOfAbyss","TheCursedMod:ForbiddenAlchemy"],"picked":"TheCursedMod:ManaCirculation","floor":33},{"not_picked":["TheCursedMod:SpitefulStrike+1","TheCursedMod:RavingStaff","TheCursedMod:Obscuration+1"],"picked":"Singing Bowl","floor":35},{"not_picked":["TheCursedMod:TroublousMinions","TheCursedMod:Stretching+1"],"picked":"TheCursedMod:TacticalStrike+1","floor":37},{"not_picked":["TheCursedMod:ReleasedKnowledge","TheCursedMod:CircleOfCorruption+1"],"picked":"TheCursedMod:StunningStrike","floor":40},{"not_picked":["TheCursedMod:Stretching","TheCursedMod:Obscuration+1"],"picked":"TheCursedMod:BlessingInDisguise+1","floor":41},{"not_picked":["TheCursedMod:RapidMovement","TheCursedMod:CircleOfCorruption+1","TheCursedMod:SmokeScreen"],"picked":"Singing Bowl","floor":42},{"not_picked":["TheCursedMod:LuckyCharm+1","TheCursedMod:TacticalStrike"],"picked":"TheCursedMod:Wield+1","floor":44},{"not_picked":["TheCursedMod:HellsGateOpen+1","TheCursedMod:FleshFromBone","TheCursedMod:Stigma+1"],"picked":"Singing Bowl","floor":45},{"not_picked":["TheCursedMod:Stigma+1","TheCursedMod:Torture+1"],"picked":"TheCursedMod:CursedAmulet","floor":47},{"not_picked":["TheCursedMod:Stretching","TheCursedMod:FleshFromBone"],"picked":"TheCursedMod:SurpriseAttack+1","floor":48}],"player_experience":309930,"relics_obtained":[{"floor":6,"key":"champ:DeflectingBracers"},{"floor":7,"key":"Singing Bowl"},{"floor":9,"key":"Centennial Puzzle"},{"floor":12,"key":"Whetstone"},{"floor":13,"key":"Bottled Lightning"},{"floor":23,"key":"Du-Vu Doll"},{"floor":25,"key":"Guardian:PocketSentry"},{"floor":26,"key":"Bronze Scales"},{"floor":34,"key":"Boot"},{"floor":34,"key":"HornCleat"},{"floor":34,"key":"CaptainsWheel"},{"floor":42,"key":"MealTicket"},{"floor":43,"key":"Thread and Needle"},{"floor":44,"key":"MawBank"},{"floor":45,"key":"Toy Ornithopter"}],"event_choices":[{"cards_removed":["TheCursedMod:CursedRelics"],"damage_healed":0,"gold_gain":0,"player_choice":"Card Removal","damage_taken":0,"max_hp_gain":0,"max_hp_loss":0,"event_name":"The Cleric","floor":2,"gold_loss":50},{"damage_healed":0,"gold_gain":275,"player_choice":"Desecrate","damage_taken":0,"max_hp_gain":0,"max_hp_loss":0,"event_name":"Golden Shrine","floor":3,"gold_loss":0,"cards_obtained":["Regret"]},{"damage_healed":0,"gold_gain":0,"player_choice":"Left Gold","damage_taken":0,"max_hp_gain":0,"max_hp_loss":0,"event_name":"World of Goop","floor":8,"gold_loss":43},{"damage_healed":0,"gold_gain":99,"player_choice":"Stole From Cult","damage_taken":0,"max_hp_gain":0,"max_hp_loss":0,"event_name":"Nest","floor":19,"gold_loss":0},{"damage_healed":0,"gold_gain":100,"player_choice":"Bet on Murderer","damage_taken":0,"max_hp_gain":0,"max_hp_loss":0,"event_name":"The Joust","floor":22,"gold_loss":50},{"cards_removed":["TheCursedMod:UltimatePain"],"damage_healed":0,"gold_gain":0,"player_choice":"Removed Skill","damage_taken":0,"max_hp_gain":0,"max_hp_loss":0,"event_name":"Falling","floor":36,"gold_loss":0},{"damage_healed":0,"gold_gain":0,"player_choice":"Ignored","damage_taken":0,"max_hp_gain":0,"max_hp_loss":0,"event_name":"Tomb of Lord Red Mask","floor":38,"gold_loss":0}],"is_beta":false,"boss_relics":[{"not_picked":["Runic Dome","Empty Cage"],"picked":"TheCursedMod:OminousMark"},{"not_picked":["Fusion Hammer","TheCursedMod:BlackMagicAdvanced"],"picked":"Calling Bell"}],"items_purged_floors":[],"is_endless":false,"potions_floor_spawned":[1,11,12,13,14,16,23,29,30,31,33,41,42,45,47],"ascension_level":0}}