{"host":"w36evy4uyf1bcavi","time":1609709162,"event":{"mods":["Act Like it!","Aspiration","BaseMod","Conspire","Hallownest","Jedi Mod","Minty Spire (QoL Compilation)","Replay The Spire","Spicy Shops","StSLib","The Dragon Tamer","The Hierophant","The Marked"],"gold_per_floor":[115,131,131,131,141,172,172,187,187,216,216,236,248,423,423,519,519,532,532,532,532,532],"floor_reached":20,"playtime":1704,"items_purged":[],"score":184,"play_id":"acb090d9-d335-44e0-999a-a0894ae323af","local_time":"20210104052602","is_ascension_mode":false,"metric_token":855,"campfire_choices":[{"floor":7,"key":"REST"},{"floor":11,"key":"REST"},{"floor":15,"key":"REST"}],"dtmod_dragon_data":[43,50,1,-1,12,0],"circlet_count":0,"master_deck":["DTMod:Strike","DTMod:Strike","DTMod:Strike","DTMod:Strike","DTMod:DoubleHit","DTMod:TargetDefense","DTMod:TargetDefense","DTMod:TargetDefense+1","DTMod:TargetDefense","DTMod:SwitchingTactic","DTMod:Training","DTMod:MasterPlan","Clumsy","DTMod:BizarreTactic","DTMod:ForkedFire","DTMod:ComboAttack","DTMod:ResonanceForm","DTMod:Overwhelm+1","DTMod:HeatWave","Doubt","DTMod:Safeguard","DTMod:Hide"],"relics":["DTMod:PactStone","NeowsBlessing","Ornamental Fan","aspiration:DSix","Gremlin Food","Snecko Eye"],"acts_visited":["Exordium","TheCity"],"potions_floor_usage":[16],"damage_taken":[{"damage":0,"enemies":"2 Louse","floor":1,"turns":1},{"damage":0,"enemies":"conspire:RoseBush","floor":2,"turns":1},{"damage":0,"enemies":"Jaw Worm","floor":5,"turns":1},{"damage":39,"enemies":"3 Sentries","floor":6,"turns":12},{"damage":0,"enemies":"Looter","floor":8,"turns":4},{"damage":15,"enemies":"Gremlin Nob","floor":10,"turns":6},{"damage":0,"enemies":"3 Louse","floor":12,"turns":4},{"damage":3,"enemies":"2 Fungi Beasts","floor":13,"turns":4},{"damage":15,"enemies":"Hexaghost","floor":16,"turns":13},{"damage":0,"enemies":"Shell Parasite","floor":18,"turns":8}],"seed_played":"1256453883846167865","potions_obtained":[{"floor":6,"key":"SpeedPotion"},{"floor":10,"key":"DuplicationPotion"},{"floor":13,"key":"jedi:tentaclejuice"},{"floor":16,"key":"Strength Potion"},{"floor":18,"key":"AttackPotion"}],"is_trial":false,"path_per_floor":["M","M","?","?","M","E","R","M","T","E","R","M","M","?","R","B",null,"M","?","?"],"character_chosen":"THE_DT","items_purchased":[],"campfire_rested":3,"item_purchase_floors":[],"current_hp_per_floor":[45,45,45,45,45,6,19,19,19,4,17,17,14,14,27,12,45,45,45,0,0,0],"gold":532,"neow_bonus":"THREE_ENEMY_KILL","is_daily":false,"chose_seed":false,"campfire_upgraded":0,"win_rate":0.0,"timestamp":1609709162,"path_taken":["M","M","?","?","M","E","R","?","T","E","R","M","M","?","R","BOSS","M","?","?"],"items_purchased_type":[],"build_version":"2020-12-22","purchased_purges":0,"victory":false,"max_hp_per_floor":[45,45,45,45,45,45,45,45,45,45,45,45,45,45,45,45,45,45,45,45,45,45],"card_choices":[{"not_picked":["DTMod:Hide","DTMod:Cover"],"picked":"DTMod:Training","floor":1},{"not_picked":["DTMod:Conduct","DTMod:Punisher"],"picked":"DTMod:MasterPlan","floor":2},{"not_picked":["DTMod:DragonDance","DTMod:Conduct"],"picked":"DTMod:BizarreTactic","floor":5},{"not_picked":["DTMod:Adaptation","DTMod:GearUp"],"picked":"DTMod:ForkedFire","floor":6},{"not_picked":["DTMod:Adaptation","DTMod:Cover"],"picked":"DTMod:ComboAttack","floor":8},{"not_picked":["DTMod:Dissolve","DTMod:Conduct"],"picked":"DTMod:ResonanceForm","floor":10},{"not_picked":["DTMod:BlazingStrike","DTMod:Hide"],"picked":"DTMod:Overwhelm","floor":12},{"not_picked":["DTMod:LowKick","DTMod:ForkedFire"],"picked":"DTMod:HeatWave","floor":13},{"not_picked":["DTMod:FierySynthesis","DTMod:ExcessFootwork"],"picked":"DTMod:Safeguard","floor":16},{"not_picked":["DTMod:MagicField","DTMod:QuickFly"],"picked":"DTMod:Hide","floor":18}],"player_experience":357446,"relics_obtained":[{"floor":6,"key":"Ornamental Fan"},{"floor":9,"key":"aspiration:DSix"},{"floor":10,"key":"Gremlin Food"}],"event_choices":[{"damage_healed":0,"gold_gain":175,"player_choice":"AGREE","damage_taken":0,"max_hp_gain":0,"max_hp_loss":0,"event_name":"Liars Game","floor":14,"gold_loss":0,"cards_obtained":["Doubt"]}],"is_beta":false,"boss_relics":[{"not_picked":["aspiration:DefectSkillbook","aspiration:FutureDiary"],"picked":"Snecko Eye"}],"items_purged_floors":[],"is_endless":false,"potions_floor_spawned":[6,10,13,16,18],"ascension_level":0}}