{"host":"ta9mufxydm4vkknf","time":1609689988,"event":{"mods":["AchievementEnabler","BaseMod","Minty Spire (QoL Compilation)"],"gold_per_floor":[111,61,75,75,175,208,208,223,223,237,257,5,22,36,36,134,134,147,161,161,161],"floor_reached":20,"playtime":830,"items_purged":["Defend_B"],"score":233,"play_id":"826afab7-69c8-4eac-b6fd-6a2b86e3c328","local_time":"20210103170628","is_ascension_mode":true,"campfire_choices":[{"data":"Darkness","floor":7,"key":"SMITH"},{"floor":15,"key":"REST"}],"circlet_count":0,"master_deck":["Strike_B+1","Strike_B","Strike_B+1","Defend_B","Defend_B","Defend_B","Zap","Dualcast","Darkness+1","Sweeping Beam","Skim","Streamline","Rebound","Reinforced Body","Beam Cell","Compile Driver","Consume","White Noise+1","Steam"],"relics":["Cracked Core","NeowsBlessing","Thread and Needle","Gambling Chip","Bag of Preparation","SacredBark"],"acts_visited":["Exordium","TheCity"],"potions_floor_usage":[10,19,19],"damage_taken":[{"damage":0,"enemies":"Jaw Worm","floor":1,"turns":1},{"damage":0,"enemies":"Small Slimes","floor":3,"turns":1},{"damage":0,"enemies":"Lagavulin","floor":6,"turns":1},{"damage":6,"enemies":"2 Louse","floor":8,"turns":3},{"damage":12,"enemies":"Lots of Slimes","floor":10,"turns":2},{"damage":0,"enemies":"Large Slime","floor":11,"turns":5},{"damage":9,"enemies":"Exordium Thugs","floor":13,"turns":4},{"damage":9,"enemies":"Blue Slaver","floor":14,"turns":3},{"damage":32,"enemies":"The Guardian","floor":16,"turns":8},{"damage":33,"enemies":"Shell Parasite","floor":18,"turns":5},{"damage":32,"enemies":"3 Byrds","floor":19,"turns":5},{"damage":10,"enemies":"Shelled Parasite and Fungi","floor":20,"turns":2}],"seed_played":"4969353413387366817","potions_obtained":[{"floor":1,"key":"Energy Potion"},{"floor":11,"key":"Block Potion"},{"floor":13,"key":"AttackPotion"},{"floor":14,"key":"EssenceOfSteel"},{"floor":16,"key":"SkillPotion"},{"floor":19,"key":"Energy Potion"}],"is_trial":false,"path_per_floor":["M","?","M","?","?","E","R","M","T","M","M","$","M","M","R","B",null,"M","M","M"],"character_chosen":"DEFECT","items_purchased":["Bag of Preparation","Beam Cell"],"campfire_rested":1,"item_purchase_floors":[12,12],"current_hp_per_floor":[75,75,75,60,60,60,60,54,54,42,42,42,33,24,46,14,75,42,10,0,0],"gold":161,"neow_bonus":"THREE_ENEMY_KILL","is_daily":false,"chose_seed":false,"campfire_upgraded":1,"win_rate":0.0,"timestamp":1609689988,"path_taken":["M","?","M","?","?","E","R","M","T","M","M","$","M","M","R","BOSS","M","M","M"],"items_purchased_type":["Relic","Card"],"build_version":"2020-12-22","purchased_purges":1,"victory":false,"max_hp_per_floor":[75,75,75,75,75,75,75,75,75,75,75,75,75,75,75,75,75,75,75,75,75],"card_choices":[{"not_picked":["Barrage","Cold Snap"],"picked":"Darkness","floor":1},{"not_picked":["Redo","Scrape"],"picked":"Sweeping Beam","floor":3},{"not_picked":["Rip and Tear","Hyperbeam"],"picked":"Skim","floor":6},{"not_picked":["Turbo","Rebound"],"picked":"Streamline","floor":8},{"not_picked":["Hologram","Heatsinks"],"picked":"Rebound","floor":10},{"not_picked":["Leap","Stack"],"picked":"Reinforced Body","floor":11},{"not_picked":["Steam","Streamline"],"picked":"Compile Driver","floor":13},{"not_picked":["Beam Cell","Steam Power"],"picked":"Consume","floor":14},{"not_picked":["Lockon","Static Discharge"],"picked":"White Noise+1","floor":18},{"not_picked":["Steam Power","Stack"],"picked":"Steam","floor":19}],"player_experience":164383,"relics_obtained":[{"floor":6,"key":"Thread and Needle"},{"floor":9,"key":"Gambling Chip"}],"event_choices":[{"cards_removed":["Strike_B"],"damage_healed":0,"gold_gain":0,"player_choice":"Card Removal","damage_taken":0,"max_hp_gain":0,"max_hp_loss":0,"event_name":"The Cleric","floor":2,"gold_loss":50},{"damage_healed":0,"gold_gain":0,"player_choice":"Entered Light","damage_taken":15,"max_hp_gain":0,"max_hp_loss":0,"event_name":"Shining Light","floor":4,"gold_loss":0,"cards_upgraded":["Strike_B","Strike_B"]},{"damage_healed":0,"gold_gain":100,"player_choice":"Pray","damage_taken":0,"max_hp_gain":0,"max_hp_loss":0,"event_name":"Golden Shrine","floor":5,"gold_loss":0}],"is_beta":false,"boss_relics":[{"not_picked":["Coffee Dripper","Fusion Hammer"],"picked":"SacredBark"}],"items_purged_floors":[12],"is_endless":false,"potions_floor_spawned":[1,11,13,14,16,19],"killed_by":"Shelled Parasite and Fungi","ascension_level":3}}