{"host":"9v3x998ddbx8o276","time":1609707902,"event":{"mods":["AchievementEnabler","BaseMod","Colored Map","Colored Powertips","Highlight Path","Minty Spire (QoL Compilation)","Quick Restart","Rare Cards Sparkle"],"gold_per_floor":[111,121,421,421,496,496,530,542,565,578,596,596,114,114,114,185,185,204,254,321,321,389,389,400,400,451,451,451],"floor_reached":27,"playtime":705,"items_purged":["Defend_B"],"score":476,"play_id":"cfd9afa8-666b-4d46-9787-242bba91ee9b","local_time":"20210104073502","is_ascension_mode":true,"campfire_choices":[{"data":"Go for the Eyes","floor":6,"key":"SMITH"},{"floor":12,"key":"REST"},{"floor":15,"key":"REST"},{"floor":23,"key":"REST"},{"floor":25,"key":"REST"}],"circlet_count":0,"master_deck":["AscendersBane","Strike_B","Strike_B","Strike_B","Defend_B","Defend_B","Defend_B","Zap","Dualcast","Rebound","Go for the Eyes+1","Coolheaded+1","Compile Driver","Electrodynamics","Undo","Loop","Coolheaded+1","Beam Cell","FTL","Thunder Strike","Cold Snap","Defragment","Chaos","Leap"],"relics":["Cracked Core","NeowsBlessing","Old Coin","Lantern","Art of War","ClockworkSouvenir","SsserpentHead","Sozu","DataDisk"],"acts_visited":["Exordium","TheCity"],"potions_floor_usage":[22],"damage_taken":[{"damage":0,"enemies":"Cultist","floor":1,"turns":1},{"damage":0,"enemies":"Small Slimes","floor":2,"turns":1},{"damage":0,"enemies":"3 Sentries","floor":7,"turns":1},{"damage":7,"enemies":"Jaw Worm","floor":8,"turns":3},{"damage":3,"enemies":"Blue Slaver","floor":10,"turns":3},{"damage":19,"enemies":"Exordium Thugs","floor":11,"turns":3},{"damage":5,"enemies":"Slime Boss","floor":16,"turns":7},{"damage":17,"enemies":"2 Thieves","floor":18,"turns":3},{"damage":0,"enemies":"3 Byrds","floor":20,"turns":2},{"damage":12,"enemies":"Centurion and Healer","floor":22,"turns":5},{"damage":22,"enemies":"Sentry and Sphere","floor":24,"turns":5},{"damage":59,"enemies":"Book of Stabbing","floor":27,"turns":7}],"seed_played":"3264193247307470056","potions_obtained":[{"floor":2,"key":"DuplicationPotion"},{"floor":8,"key":"SteroidPotion"},{"floor":11,"key":"Fire Potion"}],"is_trial":false,"path_per_floor":["M","M","T","?","?","R","E","M","T","M","M","R","$","?","R","B",null,"M","?","M","?","M","R","M","R","T","E"],"character_chosen":"DEFECT","items_purchased":["ClockworkSouvenir","Loop","Coolheaded","Beam Cell","FTL"],"campfire_rested":4,"item_purchase_floors":[13,13,13,13,13],"current_hp_per_floor":[64,64,64,57,46,46,46,39,39,36,17,38,38,38,59,54,67,50,50,50,50,38,59,37,58,58,0,0],"gold":451,"neow_bonus":"THREE_ENEMY_KILL","is_daily":false,"chose_seed":false,"campfire_upgraded":1,"win_rate":0.0,"timestamp":1609707902,"path_taken":["M","M","?","?","?","R","E","M","T","?","M","R","$","?","R","BOSS","M","?","?","?","?","R","M","R","T","E"],"items_purchased_type":["Relic","Card","Card","Card","Card"],"build_version":"2020-12-22","purchased_purges":1,"victory":false,"max_hp_per_floor":[71,71,71,71,71,71,71,71,71,71,71,71,71,71,71,71,71,71,71,71,71,71,71,71,71,71,71,71],"card_choices":[{"not_picked":["Barrage","Conserve Battery"],"picked":"Rebound","floor":1},{"not_picked":["Rebound","Lockon"],"picked":"Go for the Eyes","floor":2},{"not_picked":["Melter","Lockon"],"picked":"Coolheaded","floor":7},{"not_picked":["Hologram","Conserve Battery"],"picked":"Compile Driver","floor":8},{"not_picked":["Self Repair","Reinforced Body"],"picked":"Electrodynamics","floor":10},{"not_picked":["Blizzard","Recycle"],"picked":"Undo","floor":11},{"not_picked":["Buffer","Meteor Strike"],"picked":"Thunder Strike","floor":16},{"not_picked":["Go for the Eyes","Gash"],"picked":"Cold Snap","floor":18},{"not_picked":["Darkness","Core Surge"],"picked":"Defragment","floor":20},{"not_picked":["FTL","Rebound"],"picked":"Chaos","floor":22},{"not_picked":["Streamline","Scrape"],"picked":"Leap","floor":24}],"player_experience":2081344,"relics_obtained":[{"floor":3,"key":"Old Coin"},{"floor":7,"key":"Lantern"},{"floor":9,"key":"Art of War"},{"floor":26,"key":"DataDisk"}],"event_choices":[{"cards_removed":["Strike_B"],"damage_healed":0,"gold_gain":0,"player_choice":"Card Removal","damage_taken":7,"max_hp_gain":0,"max_hp_loss":0,"event_name":"Golden Wing","floor":4,"gold_loss":0},{"damage_healed":0,"gold_gain":75,"player_choice":"Gather Gold","damage_taken":11,"max_hp_gain":0,"max_hp_loss":0,"event_name":"World of Goop","floor":5,"gold_loss":0},{"damage_healed":0,"gold_gain":0,"player_choice":"Trade","damage_taken":0,"relics_obtained":["SsserpentHead"],"max_hp_gain":0,"max_hp_loss":0,"event_name":"FaceTrader","floor":14,"gold_loss":0},{"damage_healed":0,"gold_gain":0,"player_choice":"Got Potions","damage_taken":0,"max_hp_gain":0,"max_hp_loss":0,"event_name":"Lab","floor":19,"gold_loss":0},{"damage_healed":0,"gold_gain":0,"player_choice":"Upgraded Two","damage_taken":0,"max_hp_gain":0,"max_hp_loss":0,"event_name":"Designer","floor":21,"gold_loss":50,"cards_upgraded":["Coolheaded","Coolheaded"]}],"is_beta":false,"boss_relics":[{"not_picked":["Black Star","Coffee Dripper"],"picked":"Sozu"}],"items_purged_floors":[13],"is_endless":false,"potions_floor_spawned":[2,8,11,18,22],"killed_by":"Book of Stabbing","ascension_level":20}}