{"host":"hfxp6ue4pvwo3fit","time":1609718223,"event":{"mods":["AchievementEnabler","BaseMod","Colored Map","Colored Powertips","Highlight Path","Minty Spire (QoL Compilation)","Relic Stats","StSLib","SuperFastMode"],"gold_per_floor":[114,114,114,124,134,166,166,180,180,210,210,210,243,259,259,338,338,357,357,357,90,110,110,143,143,143,172,186,197,197,226,226,304,304,324,19,32,48,62,62,97,97,97,117,132,152,152,182,182,182,182],"floor_reached":52,"playtime":2160,"items_purged":["Strike_G+1"],"score":2184,"play_id":"74b635a7-ae1e-4c9d-8e3b-999c9bb1fa13","local_time":"20210103175703","is_ascension_mode":true,"campfire_choices":[{"floor":7,"key":"REST"},{"floor":15,"key":"REST"},{"floor":23,"key":"REST"},{"floor":25,"key":"REST"},{"floor":32,"key":"REST"},{"floor":40,"key":"REST"},{"floor":42,"key":"REST"},{"floor":47,"key":"REST"},{"floor":49,"key":"REST"}],"circlet_count":0,"master_deck":["AscendersBane","Strike_G+1","Strike_G+1","Strike_G+1","Strike_G+1","Defend_G+1","Defend_G+1","Defend_G+1","Defend_G+1","Defend_G+1","Survivor","Neutralize+1","Skewer+1","Backflip","Heel Hook","Poisoned Stab","Backstab+1","PiercingWail","Blade Dance","Sucker Punch+1","Adrenaline","Dagger Spray+1","Blade Dance","Dagger Spray","PiercingWail","Quick Slash","A Thousand Cuts","Quick Slash+1","Storm of Steel","PiercingWail","Blade Dance+1","Cloak And Dagger","Blade Dance+1","Backflip","Malaise","Dagger Throw+1","Backflip"],"relics":["Fusion Hammer","Regal Pillow","Ornamental Fan","Shuriken","Snake Skull","Dream Catcher","Philosopher\u0027s Stone","Whetstone","Vajra","Kunai","White Beast Statue","Enchiridion","Calipers","HoveringKite","Ninja Scroll","MealTicket","Pantograph","Meat on the Bone"],"acts_visited":["Exordium","TheCity","TheBeyond"],"potions_floor_usage":[10,16,16,37,38,39,41,44,51,51],"damage_taken":[{"damage":4,"enemies":"Small Slimes","floor":1,"turns":4},{"damage":0,"enemies":"2 Louse","floor":4,"turns":3},{"damage":0,"enemies":"Cultist","floor":5,"turns":3},{"damage":22,"enemies":"3 Sentries","floor":6,"turns":9},{"damage":10,"enemies":"Exordium Wildlife","floor":8,"turns":4},{"damage":5,"enemies":"Lagavulin","floor":10,"turns":4},{"damage":16,"enemies":"3 Sentries","floor":13,"turns":8},{"damage":0,"enemies":"2 Fungi Beasts","floor":14,"turns":3},{"damage":16,"enemies":"Slime Boss","floor":16,"turns":8},{"damage":13,"enemies":"Shell Parasite","floor":18,"turns":4},{"damage":4,"enemies":"3 Byrds","floor":22,"turns":3},{"damage":3,"enemies":"Gremlin Leader","floor":24,"turns":5},{"damage":0,"enemies":"Slavers","floor":27,"turns":4},{"damage":14,"enemies":"Snake Plant","floor":28,"turns":3},{"damage":0,"enemies":"Cultist and Chosen","floor":29,"turns":5},{"damage":0,"enemies":"Book of Stabbing","floor":31,"turns":3},{"damage":0,"enemies":"Automaton","floor":33,"turns":6},{"damage":0,"enemies":"Orb Walker","floor":35,"turns":3},{"damage":0,"enemies":"3 Darklings","floor":37,"turns":4},{"damage":0,"enemies":"Transient","floor":38,"turns":6},{"damage":18,"enemies":"Sphere and 2 Shapes","floor":39,"turns":5},{"damage":24,"enemies":"Nemesis","floor":41,"turns":5},{"damage":2,"enemies":"Maw","floor":44,"turns":5},{"damage":0,"enemies":"Transient","floor":45,"turns":6},{"damage":0,"enemies":"Spire Growth","floor":46,"turns":3},{"damage":1,"enemies":"Reptomancer","floor":48,"turns":6},{"damage":33,"enemies":"Awakened One","floor":50,"turns":10},{"damage":12,"enemies":"Donu and Deca","floor":51,"turns":6}],"seed_played":"-5298930742869082889","potions_obtained":[{"floor":1,"key":"FearPotion"},{"floor":6,"key":"Ancient Potion"},{"floor":8,"key":"AttackPotion"},{"floor":13,"key":"SpeedPotion"},{"floor":22,"key":"SpeedPotion"},{"floor":28,"key":"Poison Potion"},{"floor":33,"key":"Block Potion"},{"floor":37,"key":"Fruit Juice"},{"floor":38,"key":"EssenceOfSteel"},{"floor":39,"key":"SpeedPotion"},{"floor":41,"key":"Weak Potion"},{"floor":44,"key":"GamblersBrew"},{"floor":48,"key":"Fruit Juice"}],"is_trial":false,"path_per_floor":["M","?","?","M","M","E","R","M","T","E","T","?","E","M","R","B",null,"M","?","?","$","M","R","E","R","T","E","M","M","?","E","R","B",null,"M","$","M","M","M","R","E","R","T","M","M","M","R","E","R","B","B",null],"character_chosen":"THE_SILENT","items_purchased":["Dagger Spray","Whetstone","Ninja Scroll","PiercingWail"],"campfire_rested":9,"item_purchase_floors":[21,21,36,36],"current_hp_per_floor":[55,35,35,35,35,13,47,37,37,32,32,32,16,16,50,34,58,45,45,45,45,41,66,63,66,66,66,52,52,31,31,65,65,66,66,66,66,71,53,71,47,71,71,69,69,69,71,70,71,38,56],"gold":182,"neow_bonus":"BOSS_RELIC","is_daily":false,"chose_seed":false,"campfire_upgraded":0,"win_rate":0.0,"timestamp":1609718223,"path_taken":["M","?","?","?","M","E","R","M","T","E","?","?","E","M","R","BOSS","M","?","?","$","M","R","E","R","T","E","M","?","?","E","R","BOSS","M","$","M","M","M","R","E","R","T","M","M","M","R","E","R","BOSS","BOSS"],"items_purchased_type":["Card","Relic","Relic","Card"],"build_version":"2020-12-22","purchased_purges":1,"victory":true,"max_hp_per_floor":[66,66,66,66,66,66,66,66,66,66,66,66,66,66,66,66,66,66,66,66,66,66,66,66,66,66,66,66,66,66,66,66,66,66,66,66,66,71,71,71,71,71,71,71,71,71,71,71,71,71,76],"relic_stats":{"Regal Pillow":54,"counters":[28,138],"HoveringKite":[13],"Snake Skull":[78],"Whetstone":["Dagger Spray","Backstab"],"Dream Catcher":8,"Ornamental Fan":[512],"Shuriken":[127],"Pantograph":25,"MealTicket":0,"Kunai":[105],"obtain_stats":[{"Regal Pillow":6,"Calipers":31,"Vajra":24,"Enchiridion":30,"HoveringKite":34,"Snake Skull":11,"Whetstone":21,"White Beast Statue":27,"Dream Catcher":13,"Ornamental Fan":9,"Shuriken":10,"Ninja Scroll":36,"Pantograph":43,"Philosopher\u0027s Stone":17,"MealTicket":41,"Fusion Hammer":0,"Kunai":26,"Ring of the Snake":0,"Meat on the Bone":48},{"Regal Pillow":4,"Calipers":16,"Vajra":12,"Enchiridion":15,"HoveringKite":17,"Snake Skull":6,"Whetstone":10,"White Beast Statue":13,"Dream Catcher":7,"Ornamental Fan":5,"Shuriken":6,"Ninja Scroll":18,"Pantograph":22,"Philosopher\u0027s Stone":9,"MealTicket":22,"Fusion Hammer":0,"Kunai":12,"Ring of the Snake":0,"Meat on the Bone":26},{"Regal Pillow":19,"Calipers":73,"Vajra":58,"Enchiridion":70,"HoveringKite":79,"Snake Skull":27,"Whetstone":50,"White Beast Statue":62,"Dream Catcher":35,"Ornamental Fan":23,"Shuriken":27,"Ninja Scroll":82,"Pantograph":102,"Philosopher\u0027s Stone":46,"MealTicket":102,"Fusion Hammer":0,"Kunai":58,"Ring of the Snake":0,"Meat on the Bone":122}],"Meat on the Bone":0},"card_choices":[{"not_picked":["Blur","Cloak And Dagger"],"picked":"Skewer","floor":1},{"not_picked":["Dodge and Roll","Deflect"],"picked":"Backflip","floor":4},{"not_picked":["Calculated Gamble","Backflip"],"picked":"Heel Hook","floor":5},{"not_picked":["Prepared","Acrobatics"],"picked":"Poisoned Stab","floor":6},{"not_picked":["All Out Attack","Flying Knee"],"picked":"Backstab","floor":8},{"not_picked":["Glass Knife","Prepared"],"picked":"PiercingWail","floor":10},{"not_picked":["Accuracy","Slice","Flying Knee"],"picked":"SKIP","floor":13},{"not_picked":["Dagger Throw","Reflex"],"picked":"Blade Dance","floor":14},{"not_picked":["Heel Hook","Riddle With Holes"],"picked":"Sucker Punch","floor":15},{"not_picked":["Night Terror","Venomology"],"picked":"Adrenaline","floor":16},{"not_picked":["Caltrops","Infinite Blades","Sucker Punch"],"picked":"SKIP","floor":18},{"not_picked":["Heel Hook","Dagger Throw"],"picked":"Blade Dance","floor":22},{"not_picked":["Slice","Underhanded Strike"],"picked":"Dagger Spray","floor":23},{"not_picked":["Reflex+1","Setup"],"picked":"PiercingWail","floor":24},{"not_picked":["Eviscerate","Endless Agony"],"picked":"Quick Slash","floor":27},{"not_picked":["Concentrate","Deadly Poison","Choke"],"picked":"SKIP","floor":28},{"not_picked":["Underhanded Strike","Slice"],"picked":"A Thousand Cuts","floor":29},{"not_picked":["Outmaneuver","Skewer","Slice"],"picked":"SKIP","floor":31},{"not_picked":["Outmaneuver","Poisoned Stab"],"picked":"Quick Slash+1","floor":32},{"not_picked":["Doppelganger","Phantasmal Killer"],"picked":"Storm of Steel","floor":33},{"not_picked":["Bane","Slice","Deadly Poison"],"picked":"SKIP","floor":35},{"not_picked":["Dash","Terror+1"],"picked":"Blade Dance+1","floor":37},{"not_picked":["Backstab","Bane","Catalyst"],"picked":"SKIP","floor":38},{"not_picked":["Acrobatics","Dodge and Roll"],"picked":"Cloak And Dagger","floor":39},{"not_picked":["Heel Hook","Acrobatics"],"picked":"Blade Dance+1","floor":40},{"not_picked":["Prepared","Flechettes"],"picked":"Backflip","floor":41},{"not_picked":["Endless Agony","Crippling Poison"],"picked":"Malaise","floor":42},{"not_picked":["Terror","Sucker Punch+1"],"picked":"Dagger Throw+1","floor":44},{"not_picked":["Deadly Poison","Accuracy+1","Dagger Spray"],"picked":"SKIP","floor":45},{"not_picked":["All Out Attack+1","PiercingWail"],"picked":"Backflip","floor":46},{"not_picked":["Bane","Bullet Time","Deflect+1"],"picked":"SKIP","floor":48}],"player_experience":471078,"relics_obtained":[{"floor":6,"key":"Regal Pillow"},{"floor":9,"key":"Ornamental Fan"},{"floor":10,"key":"Shuriken"},{"floor":11,"key":"Snake Skull"},{"floor":13,"key":"Dream Catcher"},{"floor":24,"key":"Vajra"},{"floor":26,"key":"Kunai"},{"floor":27,"key":"White Beast Statue"},{"floor":30,"key":"Enchiridion"},{"floor":31,"key":"Calipers"},{"floor":41,"key":"MealTicket"},{"floor":43,"key":"Pantograph"},{"floor":48,"key":"Meat on the Bone"}],"event_choices":[{"damage_healed":0,"gold_gain":0,"player_choice":"Entered Light","damage_taken":20,"max_hp_gain":0,"max_hp_loss":0,"event_name":"Shining Light","floor":2,"gold_loss":0,"cards_upgraded":["Defend_G","Skewer"]},{"damage_healed":0,"gold_gain":0,"player_choice":"Upgraded","damage_taken":0,"max_hp_gain":0,"max_hp_loss":0,"event_name":"Upgrade Shrine","floor":3,"gold_loss":0,"cards_upgraded":["Neutralize"]},{"damage_healed":0,"gold_gain":0,"player_choice":"Ignored","damage_taken":0,"max_hp_gain":0,"max_hp_loss":0,"event_name":"Liars Game","floor":12,"gold_loss":0},{"damage_healed":0,"gold_gain":0,"player_choice":"Simplicity","damage_taken":0,"max_hp_gain":0,"max_hp_loss":0,"event_name":"Back to Basics","floor":19,"gold_loss":0,"cards_upgraded":["Strike_G","Strike_G","Strike_G","Strike_G","Strike_G","Defend_G","Defend_G","Defend_G","Defend_G"]},{"damage_healed":0,"gold_gain":0,"player_choice":"Forge","damage_taken":0,"max_hp_gain":0,"max_hp_loss":0,"event_name":"Accursed Blacksmith","floor":20,"gold_loss":0,"cards_upgraded":["Sucker Punch"]},{"damage_healed":0,"gold_gain":0,"player_choice":"Obtained Book","damage_taken":21,"max_hp_gain":0,"max_hp_loss":0,"event_name":"Cursed Tome","floor":30,"gold_loss":0}],"is_beta":false,"boss_relics":[{"not_picked":["Snecko Eye","Velvet Choker"],"picked":"Philosopher\u0027s Stone"},{"not_picked":["Runic Dome","Sozu"],"picked":"HoveringKite"}],"items_purged_floors":[21],"is_endless":false,"potions_floor_spawned":[1,6,8,13,22,28,29,31,33,35,37,38,39,41,44,45,46,48],"ascension_level":20}}