{"host":"6pgtslebjnyv5xmi","time":1609683183,"event":{"mods":["AchievementEnabler","BaseMod","Colored Map","Minty Spire (QoL Compilation)","Rare Cards Sparkle","StSLib","SuperFastMode","everything is the same but u backflip on backflip"],"gold_per_floor":[119,119,134,309,11,11,24,24,24,24,39,59,59,84,84,203,203,228,246,270,220,220,220,236,236,286,208,232,156,176,189,189,309,309,330,330,181,181,244,244,259,259,282,282,298,149,149,165,165,165],"floor_reached":51,"playtime":1535,"items_purged":["Doubt","True Grit"],"score":639,"play_id":"6e48198d-81f8-446a-b141-ed77f49f290c","local_time":"20210103231303","is_ascension_mode":false,"campfire_choices":[{"data":"Limit Break","floor":6.0,"key":"SMITH"},{"data":"Flex","floor":8.0,"key":"SMITH"},{"floor":15.0,"key":"REST"},{"data":"Corruption","floor":23.0,"key":"SMITH"},{"data":"Limit Break","floor":25.0,"key":"SMITH"},{"data":"Flex","floor":32.0,"key":"SMITH"},{"data":"Madness","floor":40,"key":"SMITH"},{"data":"Madness","floor":42,"key":"SMITH"},{"data":"Exhume","floor":47,"key":"SMITH"},{"floor":49,"key":"REST"}],"circlet_count":0,"master_deck":["Bash","Spot Weakness","Limit Break+1","Double Tap+1","Flex+1","Pommel Strike+1","Limit Break+1","Iron Wave+1","Flex+1","Dual Wield","True Grit","Corruption+1","Rampage+1","Clash+1","Dual Wield","Sword Boomerang+1","Twin Strike+1","Whirlwind+1","Sword Boomerang+1","Exhume+1","Madness+1","Madness+1","Inflame+1"],"relics":["Burning Blood","Lizard Tail","Golden Idol","Membership Card","Molten Egg 2","Pandora\u0027s Box","Bag of Preparation","Pen Nib","Lee\u0027s Waffle","Busted Crown","Anchor","Oddly Smooth Stone","WingedGreaves","Smiling Mask","Blood Vial","OrangePellets"],"acts_visited":["Exordium","TheCity","TheBeyond"],"potions_floor_usage":[33,33,39,48,50,50,50],"damage_taken":[{"damage":7.0,"enemies":"Jaw Worm","floor":1.0,"turns":5.0},{"damage":4.0,"enemies":"2 Louse","floor":3.0,"turns":3.0},{"damage":12.0,"enemies":"Small Slimes","floor":7.0,"turns":3.0},{"damage":15.0,"enemies":"Exordium Wildlife","floor":11.0,"turns":4.0},{"damage":16.0,"enemies":"Large Slime","floor":12.0,"turns":7.0},{"damage":10.0,"enemies":"Looter","floor":14.0,"turns":3.0},{"damage":12.0,"enemies":"Slime Boss","floor":16.0,"turns":6.0},{"damage":0.0,"enemies":"Shell Parasite","floor":18.0,"turns":2.0},{"damage":10.0,"enemies":"Chosen","floor":19.0,"turns":3.0},{"damage":23.0,"enemies":"Snecko","floor":20.0,"turns":4.0},{"damage":14.0,"enemies":"3 Cultists","floor":24.0,"turns":4.0},{"damage":21.0,"enemies":"Snake Plant","floor":28.0,"turns":3.0},{"damage":8.0,"enemies":"Centurion and Healer","floor":30.0,"turns":2.0},{"damage":0.0,"enemies":"3 Cultists","floor":31.0,"turns":2.0},{"damage":14,"enemies":"Collector","floor":33,"turns":4},{"damage":15,"enemies":"3 Shapes","floor":35,"turns":2},{"damage":18,"enemies":"Mind Bloom Boss Battle","floor":39,"turns":4},{"damage":0,"enemies":"Orb Walker","floor":41,"turns":2},{"damage":35,"enemies":"Maw","floor":45,"turns":5},{"damage":50,"enemies":"Transient","floor":48,"turns":5},{"damage":28,"enemies":"Donu and Deca","floor":50,"turns":4}],"seed_played":"-741889824243258265","potions_obtained":[{"floor":7.0,"key":"Dexterity Potion"},{"floor":11.0,"key":"Fruit Juice"},{"floor":12.0,"key":"DistilledChaos"},{"floor":28.0,"key":"DistilledChaos"},{"floor":30.0,"key":"Regen Potion"},{"floor":31.0,"key":"PowerPotion"},{"floor":33,"key":"FearPotion"},{"floor":39,"key":"BloodPotion"},{"floor":41,"key":"ElixirPotion"},{"floor":45,"key":"SteroidPotion"},{"floor":48,"key":"Explosive Potion"}],"is_trial":false,"path_per_floor":["M","?","M","?","$","R","M","R","T","?","M","M","?","M","R","B",null,"M","M","M","$","?","R","M","R","T","$","M","$","M","M","R","B",null,"M","?","$","?","?","R","M","R","T","$","M","$","R","M","R","B",null],"character_chosen":"IRONCLAD","items_purchased":["Membership Card","Limit Break","Double Tap","Pen Nib","Lee\u0027s Waffle","Anchor","Oddly Smooth Stone","Blood Vial","OrangePellets"],"campfire_rested":2,"item_purchase_floors":[5,5,5,27,29,37,37,46,46],"current_hp_per_floor":[55,55,57,57,57,57,51,51,51,36,27,17,17,13,35,29,79,79,75,58,58,58,58,50,50,50,50,35,86,84,86,86,78,86,77,77,77,66,59,59,65,65,65,65,36,36,36,49,74,71],"gold":165,"neow_bonus":"ONE_RARE_RELIC","is_daily":false,"chose_seed":false,"campfire_upgraded":8,"win_rate":0.0,"timestamp":1609683183,"path_taken":["M","?","M","?","$","R","M","R","T","?","M","?","?","M","R","BOSS","M","M","M","$","?","R","M","R","T","$","M","$","M","?","R","BOSS","M","?","$","?","?","R","M","R","T","$","?","$","R","M","R","BOSS"],"items_purchased_type":["Relic","Card","Card","Relic","Relic","Relic","Relic","Relic","Relic"],"build_version":"2020-12-22","purchased_purges":2,"victory":true,"max_hp_per_floor":[80,74,74,74,74,74,74,74,74,74,74,74,74,74,74,74,79,79,79,79,79,79,79,79,79,79,79,79,86,86,86,86,86,86,86,86,86,86,86,86,86,86,86,86,86,86,86,86,86,86],"card_choices":[{"not_picked":["Warcry","Cleave"],"picked":"Spot Weakness","floor":1.0},{"not_picked":["Entrench","Perfected Strike","Rage"],"picked":"SKIP","floor":3.0},{"not_picked":["Shrug It Off","Metallicize"],"picked":"Flex","floor":7.0},{"not_picked":["Wild Strike+1","Bloodletting","Evolve"],"picked":"SKIP","floor":11.0},{"not_picked":["Intimidate","Armaments"],"picked":"Twin Strike+1","floor":12.0},{"not_picked":["Fire Breathing","Second Wind"],"picked":"Pommel Strike+1","floor":14.0},{"not_picked":["Brutality","Double Tap"],"picked":"Limit Break","floor":16.0},{"not_picked":["Shrug It Off","Pommel Strike+1"],"picked":"Sword Boomerang+1","floor":18.0},{"not_picked":["Perfected Strike+1","Power Through"],"picked":"Twin Strike+1","floor":19.0},{"not_picked":["Twin Strike+1","Rage","Pommel Strike+1"],"picked":"SKIP","floor":20.0},{"not_picked":["Double Tap","Armaments","Twin Strike+1"],"picked":"SKIP","floor":24.0},{"not_picked":["Armaments","Barricade"],"picked":"Sword Boomerang+1","floor":28.0},{"not_picked":["Twin Strike+1","Shrug It Off","Shockwave"],"picked":"SKIP","floor":30.0},{"not_picked":["Rupture","Evolve","Blood for Blood+1"],"picked":"SKIP","floor":31.0},{"not_picked":["Limit Break","Impervious"],"picked":"Exhume","floor":33},{"not_picked":["Anger+1"],"picked":"SKIP","floor":35},{"not_picked":[],"picked":"Inflame+1","floor":39},{"not_picked":["True Grit+1"],"picked":"SKIP","floor":41},{"not_picked":["Havoc+1"],"picked":"SKIP","floor":45},{"not_picked":["Clothesline+1"],"picked":"SKIP","floor":48}],"player_experience":678109,"relics_obtained":[{"floor":9.0,"key":"Molten Egg 2"},{"floor":26.0,"key":"Bag of Preparation"},{"floor":39,"key":"WingedGreaves"},{"floor":43,"key":"Smiling Mask"}],"event_choices":[{"damage_healed":0.0,"max_hp_gain":0.0,"max_hp_loss":6.0,"gold_gain":0.0,"event_name":"Golden Idol","player_choice":"Lose Max HP","floor":2.0,"gold_loss":0.0,"damage_taken":0.0,"relics_obtained":["Golden Idol"]},{"damage_healed":0.0,"max_hp_gain":0.0,"max_hp_loss":0.0,"gold_gain":175.0,"event_name":"Liars Game","player_choice":"AGREE","floor":4.0,"gold_loss":0.0,"damage_taken":0.0,"cards_obtained":["Doubt"]},{"damage_healed":0.0,"max_hp_gain":0.0,"max_hp_loss":0.0,"gold_gain":0.0,"event_name":"Shining Light","player_choice":"Entered Light","floor":10.0,"gold_loss":0.0,"damage_taken":15.0,"cards_upgraded":["Double Tap","Strike_R"]},{"damage_healed":0.0,"max_hp_gain":0.0,"max_hp_loss":0.0,"gold_gain":0.0,"event_name":"Dead Adventurer","player_choice":"Searched \u00271\u0027 times","floor":13.0,"gold_loss":0.0,"damage_taken":0.0},{"damage_healed":0.0,"max_hp_gain":0.0,"max_hp_loss":0.0,"gold_gain":0.0,"event_name":"Match and Keep!","player_choice":"1 cards matched","floor":22.0,"gold_loss":0.0,"damage_taken":0.0,"cards_obtained":["Whirlwind"]},{"cards_removed":["Twin Strike"],"damage_healed":0,"gold_gain":0,"player_choice":"Removed Attack","damage_taken":0,"max_hp_gain":0,"max_hp_loss":0,"event_name":"Falling","floor":36,"gold_loss":0},{"damage_healed":0,"gold_gain":0,"player_choice":"Embrace Madness","damage_taken":11,"max_hp_gain":0,"max_hp_loss":0,"event_name":"Winding Halls","floor":38,"gold_loss":0,"cards_obtained":["Madness","Madness"]},{"damage_healed":0,"gold_gain":0,"player_choice":"Fight","damage_taken":0,"max_hp_gain":0,"max_hp_loss":0,"event_name":"MindBloom","floor":39,"gold_loss":0}],"is_beta":false,"boss_relics":[{"not_picked":["Runic Cube","Philosopher\u0027s Stone"],"picked":"Pandora\u0027s Box"},{"not_picked":["Empty Cage","Fusion Hammer"],"picked":"Busted Crown"}],"items_purged_floors":[5,21],"is_endless":false,"potions_floor_spawned":[7,11,12,28,30,31,33,39,41,45,48],"ascension_level":0}}