{"host":"ox77rn1xcurm2t5a","time":1609635930,"event":{"mods":["2.2 Compatiblity","AchievementEnabler","Act Like it!","Aspiration","BaseMod","Best Route Mod","Better Match","Better Note","Better Sensory Stone","Block Reminder","Colored Map","Colored Powertips","Conjunction","Conspire","Custom Start","Energized Spire","GifTheSpireLib","Gold Saver","Gremlin Skip","Halation","Highlight Path","Hubris","Infinite Spire","Minty Spire (QoL Compilation)","Pale of the Ancients","Quick Restart","Replay The Spire","Reworked Bosses","ShortenTheSpire","Spire Exporter","StSLib","Stuff the Spire","Wandering Minibosses","vexMod"],"gold_per_floor":[119,139,152,117,6,37,47,47,47,47,47,47,47,151,151,161,161,15,15,15,15],"floor_reached":23,"playtime":331,"items_purged":["Strike_B","Strike_B"],"score":287,"play_id":"ca66da1b-91a4-40b4-b9da-d9d9edeeb429","local_time":"20210103030530","is_ascension_mode":true,"campfire_choices":[{"floor":10,"key":"RECALL"},{"floor":12,"key":"REST"},{"data":"Defragment","floor":15,"key":"SMITH"}],"circlet_count":0,"master_deck":["AscendersBane","Strike_B","Strike_B","Defend_B","Defend_B","Defend_B","Defend_B","Zap","Dualcast","Defragment+1","Storm","Gash","Defragment+1","Gash","Amplify","Gash"],"relics":["Cracked Core","NeowsBlessing","StuffTheSpire:ColdMirror","hubris:Teleporter"],"acts_visited":["Exordium","TheCity"],"potions_floor_usage":[6,7,16,23],"damage_taken":[{"damage":0,"enemies":"Cultist","floor":1,"turns":1},{"damage":0,"enemies":"Jaw Worm","floor":2,"turns":1},{"damage":0,"enemies":"Small Slimes","floor":3,"turns":1},{"damage":25,"enemies":"Lagavulin","floor":6,"turns":7},{"damage":17,"enemies":"Exordium Wildlife","floor":7,"turns":4},{"damage":36,"enemies":"The Guardian","floor":16,"turns":9},{"damage":6,"enemies":"Chosen","floor":18,"turns":4},{"damage":39,"enemies":"Slavers","floor":23,"turns":3}],"seed_played":"-218732961952978242","potions_obtained":[{"floor":3,"key":"Energy Potion"},{"floor":6,"key":"Block Potion"},{"floor":7,"key":"LiquidMemories"},{"floor":16,"key":"Venom Potion"}],"is_trial":false,"path_per_floor":["M","M","M","?","$","E","M","T","T","R","R","?","R","B",null,"M","?","$","?","E"],"character_chosen":"DEFECT","items_purchased":["Defragment","Gash"],"campfire_rested":1,"item_purchase_floors":[5,21],"current_hp_per_floor":[68,68,68,75,75,50,33,33,33,33,55,55,55,19,61,55,63,63,57,18,18],"gold":15,"neow_bonus":"THREE_ENEMY_KILL","is_daily":false,"chose_seed":false,"campfire_upgraded":1,"win_rate":0.0,"timestamp":1609635930,"path_taken":["M","?","M","?","$","E","M","?","T","R","R","?","R","BOSS","M","?","$","?","E"],"items_purchased_type":["Card","Card"],"build_version":"2020-12-22","purchased_purges":2,"victory":false,"max_hp_per_floor":[75,75,75,75,75,75,75,75,75,75,75,75,75,75,75,75,75,75,75,75,75],"card_choices":[{"not_picked":["Conserve Battery","Doom and Gloom"],"picked":"Defragment","floor":1},{"not_picked":["Leap","Go for the Eyes"],"picked":"Storm","floor":2},{"not_picked":["Streamline","Hello World"],"picked":"Gash","floor":3},{"not_picked":["StuffTheSpire:LoadUp","Sweeping Beam"],"picked":"Gash","floor":6},{"not_picked":["hubris:PowerSurge","Turbo","Panic Button"],"picked":"SKIP","floor":7},{"not_picked":["StuffTheSpire:ForEach","StuffTheSpire:EventHorizon"],"picked":"Amplify","floor":16},{"not_picked":["hubris:Ukulele","Leap","Reinforced Body"],"picked":"SKIP","floor":18}],"player_experience":2881829,"relics_obtained":[{"floor":6,"key":"StuffTheSpire:ColdMirror"},{"floor":9,"key":"hubris:Teleporter"}],"event_choices":[{"damage_healed":18,"gold_gain":0,"player_choice":"Healed","damage_taken":0,"max_hp_gain":0,"max_hp_loss":0,"event_name":"The Cleric","floor":4,"gold_loss":35},{"damage_healed":0,"gold_gain":0,"player_choice":"","damage_taken":6,"max_hp_gain":0,"max_hp_loss":0,"event_name":"Knowing Skull","floor":22,"potions_obtained":[],"gold_loss":0,"cards_obtained":[]}],"is_beta":false,"boss_relics":[{"not_picked":["Replay:Drink Me","energizedSpire:OldTV","Kintsugi"]}],"items_purged_floors":[5,21],"is_endless":false,"potions_floor_spawned":[3,6,7,16],"killed_by":"Slavers","ascension_level":11}}