{"host":"ymknu7vcxiutstwp","time":1609711926,"event":{"mods":["AchievementEnabler","BaseMod","Colored Powertips","Highlight Path","Minty Spire (QoL Compilation)","Relic Stats","StSLib"],"gold_per_floor":[113,124,138,313,6,339,339,339,339,339,355,374,407,432,432,561,561,577,577,577,20,39,39,73,73,98,98,17,17,17,17,17,145,145,170,21,37,60,74,114,114,0,0,0,333,360,360,395,395,395,395,395,18,48,48],"floor_reached":56,"playtime":9575,"items_purged":["Doubt"],"score":1259,"play_id":"f10a4044-2408-4c27-9f0c-8150faa6ed06","local_time":"20210103221206","is_ascension_mode":false,"campfire_choices":[{"data":"Reaper","floor":7.0,"key":"SMITH"},{"floor":10.0,"key":"REST"},{"floor":15.0,"key":"REST"},{"data":"Fiend Fire","floor":23.0,"key":"SMITH"},{"data":"Feel No Pain","floor":25,"key":"SMITH"},{"data":"Dark Embrace","floor":27,"key":"SMITH"},{"floor":32,"key":"REST"},{"data":"Bash","floor":41,"key":"SMITH"},{"floor":44,"key":"RECALL"},{"floor":49,"key":"REST"},{"data":"Rampage","floor":52,"key":"SMITH"}],"circlet_count":0,"master_deck":["Strike_R+1","Strike_R+1","Defend_R+1","Defend_R+1","Defend_R+1","Defend_R+1","Bash+1","Reckless Charge","Twin Strike","Rampage+1","Reaper+1","Dark Embrace+1","Warcry+1","Armaments+1","Pommel Strike","Exhume+1","Warcry+1","Fiend Fire+1","Feel No Pain+1","Battle Trance+1","Shrug It Off+1","Disarm+1","Exhume+1","Feed","Feel No Pain+1","Juggernaut+1","Infernal Blade+1","Shockwave+1","Infernal Blade+1","Armaments+1","Dark Shackles+1","Havoc+1","Chrysalis+1","True Grit+1","Headbutt"],"relics":["Burning Blood","NeowsBlessing","Dead Branch","Old Coin","Toxic Egg 2","Blue Candle","Busted Crown","Enchiridion","OrangePellets","Torii","Juzu Bracelet","Astrolabe","Lizard Tail","Red Mask","MealTicket","Frozen Egg 2","Membership Card","Strawberry","Turnip"],"acts_visited":["Exordium","TheCity","TheBeyond","TheEnding"],"potions_floor_usage":[33,46,48,55],"damage_taken":[{"damage":0.0,"enemies":"Cultist","floor":1.0,"turns":1.0},{"damage":0.0,"enemies":"2 Louse","floor":2.0,"turns":1.0},{"damage":0.0,"enemies":"Small Slimes","floor":3.0,"turns":1.0},{"damage":15.0,"enemies":"3 Sentries","floor":6.0,"turns":7.0},{"damage":14.0,"enemies":"Blue Slaver","floor":11.0,"turns":4.0},{"damage":34.0,"enemies":"Exordium Wildlife","floor":12.0,"turns":9.0},{"damage":29.0,"enemies":"Lagavulin","floor":13.0,"turns":6.0},{"damage":11.0,"enemies":"Gremlin Gang","floor":14.0,"turns":5.0},{"damage":56.0,"enemies":"Slime Boss","floor":16.0,"turns":13.0},{"damage":0.0,"enemies":"Spheric Guardian","floor":18.0,"turns":3.0},{"damage":5.0,"enemies":"3 Byrds","floor":22.0,"turns":3.0},{"damage":25,"enemies":"Gremlin Leader","floor":24,"turns":5},{"damage":14,"enemies":"Automaton","floor":33,"turns":8},{"damage":8,"enemies":"3 Shapes","floor":35,"turns":7},{"damage":0,"enemies":"Orb Walker","floor":37,"turns":1},{"damage":1,"enemies":"Maw","floor":38,"turns":5},{"damage":8,"enemies":"Writhing Mass","floor":39,"turns":5},{"damage":6,"enemies":"Nemesis","floor":40,"turns":11},{"damage":12,"enemies":"Reptomancer","floor":46,"turns":6},{"damage":35,"enemies":"Nemesis","floor":48,"turns":7},{"damage":64,"enemies":"Awakened One","floor":50,"turns":17},{"damage":7,"enemies":"Shield and Spear","floor":54,"turns":4},{"damage":2,"enemies":"The Heart","floor":55,"turns":6}],"seed_played":"-8258221890928723193","potions_obtained":[{"floor":1.0,"key":"HeartOfIron"},{"floor":12.0,"key":"ElixirPotion"},{"floor":14.0,"key":"LiquidBronze"},{"floor":16.0,"key":"Fire Potion"},{"floor":18.0,"key":"Explosive Potion"},{"floor":33,"key":"BloodPotion"},{"floor":35,"key":"Energy Potion"},{"floor":40,"key":"DuplicationPotion"}],"is_trial":false,"path_per_floor":["M","M","M","?","$","E","R","?","T","R","M","M","E","M","R","B",null,"M","?","?","$","M","R","E","R","T","R","$","?","$","?","R","B",null,"M","$","M","M","M","E","R","?","T","R","?","E","?","E","R","B",null,"R","$","E","B",null],"character_chosen":"IRONCLAD","items_purchased":["Dead Branch","Fiend Fire","Feel No Pain","Battle Trance+1","OrangePellets","Shrug It Off+1","PowerPotion","Disarm+1","Shockwave+1","Infernal Blade+1","Havoc+1","Membership Card","Chrysalis+1","True Grit+1","Strawberry"],"campfire_rested":4,"item_purchase_floors":[5,21,21,21,21,21,21,28,36,36,53,53,53,53,53],"current_hp_per_floor":[80,80,80,80,80,71,71,51,51,75,67,45,27,42,66,26,80,80,80,64,64,74,74,69,69,69,69,69,69,69,69,80,77,80,80,80,80,80,80,80,80,80,80,80,80,74,74,61,80,30,83,83,90,89,90],"gold":48,"neow_bonus":"THREE_ENEMY_KILL","is_daily":false,"chose_seed":false,"campfire_upgraded":6,"win_rate":0.0,"timestamp":1609711926,"path_taken":["M","M","?","?","$","E","R","?","T","R","M","M","E","M","R","BOSS","M","?","?","$","M","R","E","R","T","R","?","?","?","?","R","BOSS","M","$","M","M","M","E","R","?","T","R","?","E","?","E","R","BOSS","R","$","E","BOSS"],"items_purchased_type":["Relic","Card","Card","Card","Relic","Card","Potion","Card","Card","Card","Card","Relic","Card","Card","Relic"],"build_version":"2020-12-22","purchased_purges":1,"victory":true,"max_hp_per_floor":[80,80,80,80,80,80,80,80,80,80,80,80,80,80,80,80,80,80,80,80,80,80,80,80,80,80,80,80,80,80,80,80,80,80,80,80,80,80,80,80,80,80,80,80,80,80,80,80,80,83,83,83,90,90,90],"relic_stats":{"Torii":10,"counters":[23,135],"Dead Branch":[360],"Blue Candle":[2],"Astrolabe":["Feel No Pain","Juggernaut","Infernal Blade"],"Juzu Bracelet":1,"Burning Blood":85,"OrangePellets":[21],"Lizard Tail":0,"Busted Crown":26,"MealTicket":0,"Turnip":[2],"obtain_stats":[{"NeowsBlessing":0,"Torii":24,"Golden Idol":8,"Dead Branch":5,"Blue Candle":13,"Astrolabe":34,"Enchiridion":20,"Juzu Bracelet":26,"Frozen Egg 2":48,"Burning Blood":0,"Old Coin":6,"OrangePellets":21,"Lizard Tail":40,"Busted Crown":17,"Strawberry":53,"MealTicket":46,"Turnip":54,"Red Mask":42,"Membership Card":53,"Toxic Egg 2":9},{"NeowsBlessing":0,"Torii":12,"Golden Idol":4,"Dead Branch":3,"Blue Candle":7,"Astrolabe":13,"Enchiridion":10,"Juzu Bracelet":12,"Frozen Egg 2":20,"Burning Blood":0,"Old Coin":4,"OrangePellets":10,"Lizard Tail":18,"Busted Crown":9,"Strawberry":21,"MealTicket":19,"Turnip":22,"Red Mask":18,"Membership Card":21,"Toxic Egg 2":4},{"NeowsBlessing":0,"Torii":58,"Golden Idol":10,"Dead Branch":3,"Blue Candle":29,"Astrolabe":66,"Enchiridion":50,"Juzu Bracelet":58,"Frozen Egg 2":108,"Burning Blood":0,"Old Coin":10,"OrangePellets":50,"Lizard Tail":95,"Busted Crown":47,"Strawberry":125,"MealTicket":101,"Turnip":129,"Red Mask":95,"Membership Card":125,"Toxic Egg 2":10}]},"card_choices":[{"not_picked":["Fire Breathing","Evolve"],"picked":"Reckless Charge","floor":1.0},{"not_picked":["Warcry","Iron Wave"],"picked":"Twin Strike","floor":2.0},{"not_picked":["Heavy Blade","Body Slam"],"picked":"Rampage","floor":3.0},{"not_picked":["Iron Wave","Bloodletting"],"picked":"Reaper","floor":6.0},{"not_picked":["True Grit+1","Thunderclap"],"picked":"Dark Embrace","floor":11.0},{"not_picked":["Uppercut","Clothesline"],"picked":"Warcry+1","floor":12.0},{"not_picked":["Flex+1","Rage+1"],"picked":"Armaments+1","floor":13.0},{"not_picked":["Searing Blow","Twin Strike"],"picked":"Pommel Strike","floor":14.0},{"not_picked":["Demon Form","Berserk"],"picked":"Exhume+1","floor":16.0},{"not_picked":[],"picked":"Warcry+1","floor":18.0},{"not_picked":["Anger"],"picked":"SKIP","floor":22.0},{"not_picked":["Clothesline"],"picked":"SKIP","floor":24},{"not_picked":[],"picked":"Feed","floor":33},{"not_picked":["Wild Strike"],"picked":"SKIP","floor":35},{"not_picked":["Sword Boomerang"],"picked":"SKIP","floor":37},{"not_picked":["Twin Strike"],"picked":"SKIP","floor":38},{"not_picked":["Thunderclap"],"picked":"SKIP","floor":39},{"not_picked":[],"picked":"Armaments+1","floor":40},{"not_picked":["Armaments+1"],"picked":"SKIP","floor":46},{"not_picked":[],"picked":"Dark Shackles+1","floor":47},{"not_picked":["Heavy Blade"],"picked":"SKIP","floor":48},{"not_picked":[],"picked":"Headbutt","floor":54}],"player_experience":617005,"relics_obtained":[{"floor":6.0,"key":"Old Coin"},{"floor":9.0,"key":"Toxic Egg 2"},{"floor":13.0,"key":"Blue Candle"},{"floor":20.0,"key":"Enchiridion"},{"floor":24,"key":"Torii"},{"floor":26,"key":"Juzu Bracelet"},{"floor":40,"key":"Lizard Tail"},{"floor":46,"key":"MealTicket"},{"floor":48,"key":"Frozen Egg 2"},{"floor":54,"key":"Turnip"}],"event_choices":[{"damage_healed":0.0,"max_hp_gain":0.0,"max_hp_loss":0.0,"gold_gain":175.0,"event_name":"Liars Game","player_choice":"AGREE","floor":4.0,"gold_loss":0.0,"damage_taken":0.0,"cards_obtained":["Doubt"]},{"damage_healed":0.0,"max_hp_gain":0.0,"max_hp_loss":0.0,"gold_gain":0.0,"event_name":"Golden Idol","player_choice":"Take Damage","floor":8.0,"gold_loss":0.0,"damage_taken":20.0,"relics_obtained":["Golden Idol"]},{"damage_healed":0.0,"max_hp_gain":0.0,"max_hp_loss":0.0,"gold_gain":0.0,"event_name":"Vampires","player_choice":"Ignored","floor":19.0,"gold_loss":0.0,"damage_taken":0.0},{"damage_healed":0.0,"max_hp_gain":0.0,"max_hp_loss":0.0,"gold_gain":0.0,"event_name":"Cursed Tome","player_choice":"Obtained Book","floor":20.0,"gold_loss":0.0,"damage_taken":16.0},{"damage_healed":0,"gold_gain":0,"player_choice":"Copied","damage_taken":0,"max_hp_gain":0,"max_hp_loss":0,"event_name":"Duplicator","floor":29,"gold_loss":0,"cards_obtained":["Exhume"]},{"damage_healed":0,"gold_gain":0,"player_choice":"Simplicity","damage_taken":0,"max_hp_gain":0,"max_hp_loss":0,"event_name":"Back to Basics","floor":31,"gold_loss":0,"cards_upgraded":["Strike_R","Strike_R","Strike_R","Strike_R","Strike_R","Defend_R","Defend_R","Defend_R","Defend_R"]},{"damage_healed":0,"gold_gain":0,"player_choice":"Paid","damage_taken":0,"relics_obtained":["Red Mask"],"max_hp_gain":0,"max_hp_loss":0,"event_name":"Tomb of Lord Red Mask","floor":42,"gold_loss":114},{"damage_healed":0,"gold_gain":333,"player_choice":"Gave Idol","damage_taken":0,"max_hp_gain":0,"max_hp_loss":0,"event_name":"The Moai Head","floor":45,"relics_lost":["Golden Idol"],"gold_loss":0},{"damage_healed":0,"gold_gain":0,"player_choice":"Memory 1","damage_taken":0,"max_hp_gain":0,"max_hp_loss":0,"event_name":"SensoryStone","floor":47,"gold_loss":0}],"is_beta":false,"boss_relics":[{"not_picked":["Coffee Dripper","Philosopher\u0027s Stone"],"picked":"Busted Crown"},{"not_picked":["Runic Dome","Velvet Choker"],"picked":"Astrolabe"}],"items_purged_floors":[21],"is_endless":false,"potions_floor_spawned":[1,12,14,16,18,33,35,40],"ascension_level":0}}