{"host":"sav7uxregyirlf69","time":1609693188,"event":{"mods":["AchievementEnabler","BaseMod","Colored Map","DeckTracker","Keyboard Shortcuts","Minty Spire (QoL Compilation)","READ ME - Guardian Mod","StSLib","SuperFastMode"],"gold_per_floor":[111,122,122,133,147,173,173,184,184,109,128,128,143,157,157,234,234,247,265,190,190,210,238,238,252,252,252,315,315,332,343,343,420,420,433,483,583,601,616,643,705,705,705],"floor_reached":42,"playtime":907,"items_purged":["Strike_R"],"score":966,"play_id":"9b115b32-79c0-48aa-b7e5-92d039bfeebb","local_time":"20210104015948","is_ascension_mode":true,"campfire_choices":[{"floor":12,"key":"REST"},{"data":"Evolve","floor":15,"key":"SMITH"},{"floor":27,"key":"REST"},{"data":"Rage","floor":29,"key":"SMITH"},{"data":"Whirlwind","floor":32,"key":"SMITH"}],"circlet_count":0,"master_deck":["AscendersBane","Strike_R","Strike_R","Strike_R","Defend_R","Defend_R","Defend_R","Defend_R","Bash","Clothesline","Feed","Pommel Strike","Anger","Wild Strike","Evolve+1","Rage+1","Power Through","Twin Strike","Reckless Charge+1","Necronomicurse","Feel No Pain+1","Shrug It Off+1","Sword Boomerang+1","Whirlwind+1","Corruption","Heavy Blade+1","Pummel+1","Double Tap+1"],"relics":["Burning Blood","Matryoshka","Dream Catcher","Shuriken","Mark of Pain","Necronomicon","Pocketwatch","SsserpentHead","Art of War","Kunai","Cursed Key","Toxic Egg 2"],"acts_visited":["Exordium","TheCity","TheBeyond"],"potions_floor_usage":[6,16,23],"damage_taken":[{"damage":4.0,"enemies":"Small Slimes","floor":1.0,"turns":4.0},{"damage":7.0,"enemies":"Cultist","floor":2.0,"turns":4.0},{"damage":5.0,"enemies":"2 Louse","floor":4.0,"turns":3.0},{"damage":21,"enemies":"Blue Slaver","floor":5,"turns":6},{"damage":40,"enemies":"3 Sentries","floor":6,"turns":10},{"damage":7,"enemies":"Gremlin Gang","floor":8,"turns":5},{"damage":4,"enemies":"Large Slime","floor":11,"turns":6},{"damage":4,"enemies":"Blue Slaver","floor":13,"turns":3},{"damage":9,"enemies":"Gremlin Gang","floor":14,"turns":5},{"damage":29,"enemies":"Slime Boss","floor":16,"turns":8},{"damage":3,"enemies":"3 Byrds","floor":18,"turns":5},{"damage":10,"enemies":"Chosen","floor":19,"turns":4},{"damage":21,"enemies":"Snake Plant","floor":22,"turns":4},{"damage":42,"enemies":"Book of Stabbing","floor":23,"turns":5},{"damage":0,"enemies":"Centurion and Healer","floor":25,"turns":4},{"damage":12,"enemies":"Chosen and Byrds","floor":28,"turns":5},{"damage":8,"enemies":"3 Cultists","floor":30,"turns":5},{"damage":16,"enemies":"Snake Plant","floor":31,"turns":4},{"damage":34,"enemies":"Automaton","floor":33,"turns":8},{"damage":43,"enemies":"3 Darklings","floor":35,"turns":3},{"damage":6,"enemies":"Orb Walker","floor":38,"turns":3},{"damage":34,"enemies":"Spire Growth","floor":39,"turns":4},{"damage":26,"enemies":"Nemesis","floor":40,"turns":7},{"damage":0,"enemies":"3 Darklings","floor":41,"turns":1}],"seed_played":"-8717240816680872908","potions_obtained":[{"floor":2.0,"key":"ColorlessPotion"},{"floor":6,"key":"FairyPotion"},{"floor":13,"key":"Block Potion"},{"floor":18,"key":"DistilledChaos"},{"floor":23,"key":"Fire Potion"},{"floor":39,"key":"DistilledChaos"},{"floor":40,"key":"EssenceOfSteel"},{"floor":41,"key":"Regen Potion"}],"is_trial":false,"path_per_floor":["M","M","?","M","M","E","?","M","T","$","M","R","M","M","R","B",null,"M","M","?","?","M","E","?","M","T","R","M","R","M","M","R","B",null,"M","?","?","M","M","E","M","M"],"character_chosen":"IRONCLAD","items_purchased":[],"campfire_rested":2,"item_purchase_floors":[],"current_hp_per_floor":[77,76,76,80,68,37,24,26,26,26,31,60,65,65,65,42,88,94,93,93,72,57,21,21,30,30,63,57,57,58,48,48,20,91,54,54,54,54,26,40,46,0,0],"gold":705,"neow_bonus":"TEN_PERCENT_HP_BONUS","is_daily":false,"chose_seed":false,"campfire_upgraded":3,"win_rate":0.0,"timestamp":1609693188,"path_taken":["M","M","?","M","?","E","?","M","T","$","?","R","M","M","R","BOSS","M","M","?","?","M","E","?","M","T","R","?","R","M","M","R","BOSS","M","?","?","M","M","E","?","M"],"items_purchased_type":[],"build_version":"2020-12-22","purchased_purges":1,"victory":false,"max_hp_per_floor":[82,82,82,85,88,91,91,94,94,94,97,97,100,103,103,103,103,106,109,109,109,109,109,109,112,112,112,112,112,115,115,115,115,115,115,115,115,115,115,115,115,118,118],"card_choices":[{"not_picked":["Headbutt","Sentinel"],"picked":"Clothesline","floor":1.0},{"not_picked":["Headbutt","Havoc","Clothesline"],"picked":"SKIP","floor":2.0},{"not_picked":["Headbutt","Clash"],"picked":"Pommel Strike","floor":4.0},{"not_picked":["Flex","True Grit"],"picked":"Anger","floor":5},{"not_picked":["Clothesline","Sword Boomerang"],"picked":"Wild Strike","floor":6},{"not_picked":["Carnage","Dropkick"],"picked":"Evolve","floor":8},{"not_picked":["Pommel Strike","Infernal Blade"],"picked":"Rage","floor":11},{"not_picked":["Combust","Twin Strike"],"picked":"Power Through","floor":13},{"not_picked":["Blood for Blood","Entrench"],"picked":"Twin Strike","floor":14},{"not_picked":["Thunderclap","Hemokinesis"],"picked":"Reckless Charge+1","floor":18},{"not_picked":["Warcry+1","Havoc","Hemokinesis+1"],"picked":"SKIP","floor":19},{"not_picked":["Flex","Second Wind"],"picked":"Feel No Pain+1","floor":22},{"not_picked":["Shockwave","Anger"],"picked":"Shrug It Off+1","floor":23},{"not_picked":["Shockwave","Shrug It Off","Clothesline"],"picked":"SKIP","floor":25},{"not_picked":["Anger","Shockwave"],"picked":"Sword Boomerang+1","floor":27},{"not_picked":["Armaments","Anger","Infernal Blade"],"picked":"SKIP","floor":28},{"not_picked":["Shockwave","Evolve","Twin Strike"],"picked":"SKIP","floor":30},{"not_picked":["Uppercut","Spot Weakness"],"picked":"Whirlwind","floor":31},{"not_picked":["Brutality","Fiend Fire"],"picked":"Corruption","floor":33},{"not_picked":["Thunderclap+1","Perfected Strike"],"picked":"Heavy Blade+1","floor":35},{"not_picked":["Perfected Strike","True Grit+1","Warcry"],"picked":"SKIP","floor":38},{"not_picked":["Headbutt+1","Pommel Strike","Cleave"],"picked":"SKIP","floor":39},{"not_picked":["Sword Boomerang","Rampage"],"picked":"Pummel+1","floor":40},{"not_picked":["Clothesline","Shockwave+1"],"picked":"Double Tap+1","floor":41}],"player_experience":1125381,"relics_obtained":[{"floor":6,"key":"Matryoshka"},{"floor":9,"key":"Dream Catcher"},{"floor":9,"key":"Shuriken"},{"floor":21,"key":"Necronomicon"},{"floor":23,"key":"Pocketwatch"},{"floor":26,"key":"Art of War"},{"floor":26,"key":"Kunai"},{"floor":40,"key":"Toxic Egg 2"}],"event_choices":[{"damage_healed":0.0,"max_hp_gain":0.0,"max_hp_loss":0.0,"gold_gain":0.0,"event_name":"Match and Keep!","player_choice":"1 cards matched","floor":3.0,"gold_loss":0.0,"damage_taken":0.0,"cards_obtained":["Feed"]},{"damage_healed":0,"gold_gain":0,"player_choice":"Damaged","damage_taken":13,"max_hp_gain":0,"max_hp_loss":0,"event_name":"Wheel of Change","floor":7,"gold_loss":0},{"cards_removed":["Strike_R"],"damage_healed":0,"gold_gain":0,"player_choice":"Gave Gold","damage_taken":0,"max_hp_gain":0,"max_hp_loss":0,"event_name":"Beggar","floor":20,"gold_loss":75},{"damage_healed":0,"gold_gain":0,"player_choice":"Obtained Book","damage_taken":21,"max_hp_gain":0,"max_hp_loss":0,"event_name":"Cursed Tome","floor":21,"gold_loss":0},{"damage_healed":0,"gold_gain":0,"player_choice":"Trade","damage_taken":0,"relics_obtained":["SsserpentHead"],"max_hp_gain":0,"max_hp_loss":0,"event_name":"FaceTrader","floor":24,"gold_loss":0},{"damage_healed":0,"gold_gain":0,"player_choice":"Ignored","damage_taken":0,"max_hp_gain":0,"max_hp_loss":0,"event_name":"Mysterious Sphere","floor":36,"gold_loss":0},{"damage_healed":0,"gold_gain":50,"player_choice":"Pray","damage_taken":0,"max_hp_gain":0,"max_hp_loss":0,"event_name":"Golden Shrine","floor":37,"gold_loss":0}],"is_beta":false,"boss_relics":[{"not_picked":["Runic Pyramid","Tiny House"],"picked":"Mark of Pain"},{"not_picked":["Black Blood","Runic Cube"],"picked":"Cursed Key"}],"items_purged_floors":[10],"is_endless":false,"potions_floor_spawned":[2,6,13,14,18,23,25,31,33,35,39,40,41],"killed_by":"4 Shapes","ascension_level":20}}