{"host":"91blwi3hgehj6ch9","time":1609676605,"event":{"mods":["2.2 Compatiblity","AchievementEnabler","BaseMod","Colored Map","DeckTracker","Keyboard Shortcuts","Minty Spire (QoL Compilation)","Permanent Neow","Quick Restart","StSLib","SuperFastMode"],"gold_per_floor":[116,116,130,205,215,215,234,234,234,3,23,48,59,59,59,162,162,173,173,147,199,28,28,28,28],"floor_reached":24,"playtime":1770,"items_purged":["Strike_G","Strike_G"],"score":260,"play_id":"451b6880-a2d9-4205-937f-0a3ff2e8d524","local_time":"20210103212325","is_ascension_mode":true,"campfire_choices":[{"data":"Well Laid Plans","floor":6,"key":"SMITH"},{"data":"Deadly Poison","floor":8,"key":"SMITH"},{"floor":15,"key":"REST"},{"floor":23,"key":"REST"}],"circlet_count":0,"master_deck":["Strike_G","Strike_G","Defend_G","Defend_G","Defend_G+1","Defend_G+1","Survivor","Neutralize","Well Laid Plans+1","Backflip","Die Die Die","Deadly Poison+1","Prepared","Blur","Deadly Poison","Acrobatics","Bane+1","Footwork"],"relics":["Ring of the Snake","CaptainsWheel","Boot","ClockworkSouvenir","Dream Catcher","Empty Cage","CeramicFish"],"acts_visited":["Exordium","TheCity"],"potions_floor_usage":[7,7],"damage_taken":[{"damage":0,"enemies":"2 Louse","floor":1,"turns":3},{"damage":0,"enemies":"Small Slimes","floor":3,"turns":4},{"damage":1,"enemies":"Jaw Worm","floor":5,"turns":4},{"damage":2,"enemies":"Exordium Thugs","floor":7,"turns":4},{"damage":0,"enemies":"Blue Slaver","floor":11,"turns":4},{"damage":7,"enemies":"Exordium Wildlife","floor":13,"turns":3},{"damage":36,"enemies":"Hexaghost","floor":16,"turns":12},{"damage":21,"enemies":"3 Byrds","floor":18,"turns":6},{"damage":20,"enemies":"2 Thieves","floor":20,"turns":5},{"damage":31,"enemies":"Gremlin Leader","floor":24,"turns":9}],"seed_played":"-9200420054480355480","potions_obtained":[{"floor":3,"key":"ColorlessPotion"},{"floor":5,"key":"AttackPotion"},{"floor":11,"key":"Strength Potion"},{"floor":13,"key":"Ancient Potion"}],"is_trial":false,"path_per_floor":["M","?","M","?","M","R","M","R","T","$","M","T","M","?","R","B",null,"M","?","M","T","$","R","E"],"character_chosen":"THE_SILENT","items_purchased":["ClockworkSouvenir","Footwork"],"campfire_rested":2,"item_purchase_floors":[10,22],"current_hp_per_floor":[63,50,50,39,38,38,36,36,36,36,36,36,29,29,47,11,50,29,29,9,9,9,27,0,0],"gold":28,"neow_bonus":"ONE_RARE_RELIC","is_daily":false,"chose_seed":false,"campfire_upgraded":2,"win_rate":0.0,"timestamp":1609676605,"path_taken":["M","?","M","?","M","R","M","R","T","$","M","?","?","?","R","BOSS","M","?","M","?","?","R","E"],"items_purchased_type":["Relic","Card"],"build_version":"2020-12-22","purchased_purges":2,"victory":false,"max_hp_per_floor":[63,63,63,63,63,63,63,63,63,63,63,63,63,63,63,63,63,63,63,63,63,63,63,63,63],"card_choices":[{"not_picked":["Deadly Poison","Reflex"],"picked":"Well Laid Plans","floor":1},{"not_picked":["Quick Slash","Poisoned Stab"],"picked":"Backflip","floor":3},{"not_picked":["Expertise","Leg Sweep"],"picked":"Die Die Die","floor":5},{"not_picked":["Flechettes","Poisoned Stab"],"picked":"Deadly Poison","floor":7},{"not_picked":["Deadly Poison","Predator"],"picked":"Prepared","floor":11},{"not_picked":["Underhanded Strike","Deadly Poison"],"picked":"Blur","floor":13},{"not_picked":["Endless Agony","Quick Slash"],"picked":"Deadly Poison","floor":15},{"not_picked":["Poisoned Stab","Blade Dance","Leg Sweep"],"picked":"SKIP","floor":18},{"not_picked":["Slice","Setup"],"picked":"Bane+1","floor":20}],"player_experience":129784,"relics_obtained":[{"floor":9,"key":"Boot"},{"floor":12,"key":"Dream Catcher"},{"floor":21,"key":"CeramicFish"}],"event_choices":[{"damage_healed":0,"gold_gain":0,"player_choice":"Entered Light","damage_taken":13,"max_hp_gain":0,"max_hp_loss":0,"event_name":"Shining Light","floor":2,"gold_loss":0,"cards_upgraded":["Defend_G","Defend_G"]},{"damage_healed":0,"gold_gain":75,"player_choice":"Gather Gold","damage_taken":11,"max_hp_gain":0,"max_hp_loss":0,"event_name":"World of Goop","floor":4,"gold_loss":0},{"damage_healed":0,"gold_gain":0,"player_choice":"Ignored","damage_taken":0,"max_hp_gain":0,"max_hp_loss":0,"event_name":"Liars Game","floor":14,"gold_loss":0},{"damage_healed":0,"gold_gain":0,"player_choice":"Read","damage_taken":0,"max_hp_gain":0,"max_hp_loss":0,"event_name":"The Library","floor":19,"gold_loss":0,"cards_obtained":["Acrobatics"]}],"is_beta":false,"boss_relics":[{"not_picked":["Cursed Key","Philosopher\u0027s Stone"],"picked":"Empty Cage"}],"items_purged_floors":[10,22],"is_endless":false,"potions_floor_spawned":[3,5,11,13],"killed_by":"Gremlin Leader","ascension_level":8}}