{"host":"6za4ayowsop7ft3x","time":1609685594,"event":{"mods":["AchievementEnabler","BaseMod","Bestiary","Colored Map","Colored Powertips","Curses Come First","Highlight Path","Minty Spire (QoL Compilation)","Quick Restart","StSLib"],"gold_per_floor":[111,123,133,213,213,213,246,257,257,276,4,32,32,60,60,164,164,179,190,201,201,55,90,189,224,224,254,169,169,184,1,1,98,98,113,113,133,133,33,33,65,65,65,83,83,111,129,129,129,129,129],"floor_reached":50,"playtime":2074,"items_purged":["Calculated Gamble","Dash"],"score":621,"play_id":"f8550224-9598-4164-b994-c807ff1fca3c","local_time":"20210103225314","is_ascension_mode":true,"campfire_choices":[{"data":"Blade Dance","floor":6,"key":"SMITH"},{"data":"All Out Attack","floor":15,"key":"SMITH"},{"floor":29,"key":"REST"},{"floor":32,"key":"REST"},{"data":"Terror","floor":40,"key":"SMITH"},{"data":"Dramatic Entrance","floor":42,"key":"SMITH"},{"data":"Die Die Die","floor":45,"key":"SMITH"},{"floor":49,"key":"REST"}],"circlet_count":0,"master_deck":["Survivor","Neutralize","Underhanded Strike","Blade Dance+1","Quick Slash","Caltrops+1","Footwork+1","Infinite Blades+1","Cloak And Dagger","Slice","Dramatic Entrance+1","All Out Attack+1","Slice","After Image+1","Poisoned Stab","Choke","Noxious Fumes+1","Dodge and Roll","Caltrops+1","Die Die Die+1","Finisher","Crippling Poison+1","Noxious Fumes+1","Corpse Explosion+1","Terror+1","A Thousand Cuts+1","Cloak And Dagger+1","PiercingWail+1","Madness","Madness"],"relics":["Sozu","Frozen Egg 2","Bag of Marbles","InkBottle","Centennial Puzzle","Odd Mushroom","Pandora\u0027s Box","Ninja Scroll","PreservedInsect","Letter Opener","Ice Cream","Orichalcum","TheAbacus","HoveringKite","Tough Bandages","Mercury Hourglass","White Beast Statue"],"acts_visited":["Exordium","TheCity","TheBeyond"],"potions_floor_usage":[],"damage_taken":[{"damage":1,"enemies":"Cultist","floor":1,"turns":4},{"damage":0,"enemies":"2 Louse","floor":2,"turns":3},{"damage":0,"enemies":"Small Slimes","floor":3,"turns":3},{"damage":13,"enemies":"3 Sentries","floor":7,"turns":8},{"damage":4,"enemies":"3 Louse","floor":8,"turns":3},{"damage":0,"enemies":"2 Fungi Beasts","floor":10,"turns":2},{"damage":3,"enemies":"Lagavulin","floor":12,"turns":6},{"damage":9,"enemies":"The Mushroom Lair","floor":14,"turns":2},{"damage":14,"enemies":"Slime Boss","floor":16,"turns":6},{"damage":9,"enemies":"Shell Parasite","floor":18,"turns":3},{"damage":7,"enemies":"Chosen","floor":19,"turns":2},{"damage":0,"enemies":"Snecko","floor":20,"turns":4},{"damage":14,"enemies":"Slavers","floor":23,"turns":4},{"damage":7,"enemies":"Book of Stabbing","floor":25,"turns":3},{"damage":7,"enemies":"Slavers","floor":27,"turns":2},{"damage":3,"enemies":"Chosen and Byrds","floor":30,"turns":3},{"damage":20,"enemies":"Collector","floor":33,"turns":5},{"damage":11,"enemies":"Orb Walker","floor":35,"turns":3},{"damage":3,"enemies":"3 Shapes","floor":37,"turns":1},{"damage":0,"enemies":"Giant Head","floor":41,"turns":5},{"damage":4,"enemies":"3 Darklings","floor":44,"turns":2},{"damage":15,"enemies":"Reptomancer","floor":46,"turns":4},{"damage":9,"enemies":"Spire Growth","floor":47,"turns":3},{"damage":52,"enemies":"Donu and Deca","floor":50,"turns":4}],"seed_played":"-7211576454491304474","potions_obtained":[],"is_trial":false,"path_per_floor":["M","M","M","T","?","R","E","M","T","M","$","E","?","?","R","B",null,"M","M","M","?","$","E","?","E","T","E","?","R","M","$","R","B",null,"M","?","M","?","$","R","E","R","T","M","R","E","M","?","R","B"],"character_chosen":"THE_SILENT","items_purchased":["Infinite Blades+1","Cloak And Dagger","Slice","Dramatic Entrance","Noxious Fumes+1","Terror","TheAbacus"],"campfire_rested":3,"item_purchase_floors":[11,11,11,11,22,31,31],"current_hp_per_floor":[69,69,69,69,69,69,56,52,52,52,52,49,54,45,45,31,75,66,59,59,59,59,45,45,38,38,31,31,53,50,50,72,52,75,64,64,61,61,61,61,61,61,61,57,57,42,33,24,46,0,0],"gold":129,"neow_bonus":"BOSS_RELIC","is_daily":false,"chose_seed":false,"campfire_upgraded":5,"win_rate":0.0,"timestamp":1609685594,"path_taken":["M","M","M","?","?","R","E","M","T","?","$","E","?","?","R","BOSS","M","M","M","?","$","E","?","E","T","E","?","R","M","?","R","BOSS","M","?","M","?","$","R","E","R","T","?","R","E","M","?","R","BOSS"],"items_purchased_type":["Card","Card","Card","Card","Card","Card","Relic"],"build_version":"2020-12-22","purchased_purges":2,"victory":false,"max_hp_per_floor":[70,70,70,70,70,70,70,70,70,70,70,70,75,75,75,75,75,75,75,75,75,75,75,75,75,75,75,75,75,75,75,75,75,75,75,75,75,75,75,75,75,75,75,75,75,75,75,75,75,75,75],"card_choices":[{"not_picked":["Expertise","Reflex"],"picked":"Underhanded Strike","floor":1},{"not_picked":["Backflip","Dash"],"picked":"Blade Dance","floor":2},{"not_picked":["Acrobatics","Tactician"],"picked":"Quick Slash","floor":3},{"not_picked":["Flying Knee","Outmaneuver","Calculated Gamble"],"picked":"SKIP","floor":7},{"not_picked":["Backflip","Sucker Punch"],"picked":"Caltrops+1","floor":8},{"not_picked":["Blade Dance","Leg Sweep"],"picked":"Footwork+1","floor":10},{"not_picked":["Dagger Spray","Deadly Poison"],"picked":"All Out Attack","floor":12},{"not_picked":["Quick Slash","Dodge and Roll"],"picked":"Slice","floor":14},{"not_picked":["Malaise","Unload"],"picked":"After Image+1","floor":16},{"not_picked":["Choke","Flying Knee"],"picked":"Crippling Poison+1","floor":18},{"not_picked":["Dagger Spray+1","Finisher+1","Sucker Punch"],"picked":"SKIP","floor":19},{"not_picked":["Choke","Bane+1","Escape Plan"],"picked":"SKIP","floor":20},{"not_picked":["Bane","Deadly Poison"],"picked":"Corpse Explosion","floor":23},{"not_picked":["Deadly Poison+1","Bouncing Flask","Finisher"],"picked":"SKIP","floor":25},{"not_picked":["Predator+1","Sucker Punch","Blade Dance"],"picked":"SKIP","floor":27},{"not_picked":["Dodge and Roll","Flechettes","Bane"],"picked":"SKIP","floor":30},{"not_picked":["Bullet Time","Wraith Form v2+1"],"picked":"A Thousand Cuts+1","floor":33},{"not_picked":["Flying Knee+1","Skewer","Dodge and Roll+1"],"picked":"SKIP","floor":35},{"not_picked":["Dagger Spray+1","Sucker Punch"],"picked":"Cloak And Dagger+1","floor":37},{"not_picked":["Dagger Spray+1","Slice","Prepared+1"],"picked":"SKIP","floor":41},{"not_picked":["Sucker Punch","Escape Plan+1"],"picked":"PiercingWail+1","floor":44},{"not_picked":["Leg Sweep","Venomology","Caltrops+1"],"picked":"SKIP","floor":46},{"not_picked":["Heel Hook","Sucker Punch+1","Infinite Blades+1"],"picked":"SKIP","floor":47}],"player_experience":31647,"relics_obtained":[{"floor":4,"key":"Frozen Egg 2"},{"floor":7,"key":"Bag of Marbles"},{"floor":9,"key":"InkBottle"},{"floor":12,"key":"Centennial Puzzle"},{"floor":14,"key":"Odd Mushroom"},{"floor":23,"key":"Ninja Scroll"},{"floor":25,"key":"PreservedInsect"},{"floor":26,"key":"Letter Opener"},{"floor":27,"key":"Ice Cream"},{"floor":41,"key":"Tough Bandages"},{"floor":43,"key":"Mercury Hourglass"},{"floor":46,"key":"White Beast Statue"}],"event_choices":[{"cards_removed":["Strike_G"],"damage_healed":0,"gold_gain":0,"player_choice":"Purged","damage_taken":0,"max_hp_gain":0,"max_hp_loss":0,"event_name":"Purifier","floor":5,"gold_loss":0},{"damage_healed":0,"gold_gain":0,"player_choice":"Donut","damage_taken":0,"max_hp_gain":5,"max_hp_loss":0,"event_name":"Big Fish","floor":13,"gold_loss":0},{"damage_healed":0,"gold_gain":0,"player_choice":"Fought Mushrooms","damage_taken":0,"max_hp_gain":0,"max_hp_loss":0,"event_name":"Mushrooms","floor":14,"gold_loss":0},{"damage_healed":0,"gold_gain":0,"player_choice":"Ignored","damage_taken":0,"max_hp_gain":0,"max_hp_loss":0,"event_name":"The Mausoleum","floor":21,"gold_loss":0},{"damage_healed":0,"gold_gain":99,"player_choice":"Stole From Cult","damage_taken":0,"max_hp_gain":0,"max_hp_loss":0,"event_name":"Nest","floor":24,"gold_loss":0},{"damage_healed":0,"gold_gain":0,"player_choice":"Obtained Relic","damage_taken":0,"relics_obtained":["Orichalcum"],"max_hp_gain":0,"max_hp_loss":0,"event_name":"Addict","floor":28,"gold_loss":85},{"damage_healed":0,"gold_gain":0,"player_choice":"Ignored","damage_taken":0,"max_hp_gain":0,"max_hp_loss":0,"event_name":"Tomb of Lord Red Mask","floor":36,"gold_loss":0},{"damage_healed":0,"gold_gain":0,"player_choice":"Upgraded","damage_taken":0,"max_hp_gain":0,"max_hp_loss":0,"event_name":"Upgrade Shrine","floor":38,"gold_loss":0,"cards_upgraded":["Corpse Explosion"]},{"damage_healed":0,"gold_gain":0,"player_choice":"Embrace Madness","damage_taken":9,"max_hp_gain":0,"max_hp_loss":0,"event_name":"Winding Halls","floor":48,"gold_loss":0,"cards_obtained":["Madness","Madness"]}],"is_beta":false,"boss_relics":[{"not_picked":["Coffee Dripper","SacredBark"],"picked":"Pandora\u0027s Box"},{"not_picked":["Calling Bell","Fusion Hammer"],"picked":"HoveringKite"}],"items_purged_floors":[22,39],"is_endless":false,"potions_floor_spawned":[1,2,3,8,16,18,25,27,33,41,47],"killed_by":"Donu and Deca","ascension_level":1}}