{"host":"qgrlfjrqk9z96gfi","time":1609648371,"event":{"mods":["BaseMod","Block Reminder","Colored Map","DeckTracker","Minty Spire (QoL Compilation)"],"gold_per_floor":[109,124,68,84,159,159,184,184,254,254,254,78,112,128,128,128,128],"floor_reached":16,"playtime":3374,"items_purged":["Strike_G"],"score":216,"play_id":"e1eeca57-8fab-4e65-a49f-d7ae20331bc2","local_time":"20210102183251","is_ascension_mode":true,"campfire_choices":[{"data":"Dash","floor":6,"key":"SMITH"},{"floor":8,"key":"REST"},{"floor":10,"key":"REST"},{"floor":15,"key":"REST"}],"circlet_count":0,"master_deck":["AscendersBane","Strike_G","Strike_G","Strike_G","Strike_G","Defend_G","Defend_G","Defend_G","Defend_G","Defend_G","Survivor","Neutralize","Dagger Spray","Crippling Poison+1","Blade Dance","Dash+1","Poisoned Stab","PiercingWail","Slice","Leg Sweep"],"relics":["Ring of the Snake","NeowsBlessing","Omamori","Shuriken","Nunchaku"],"acts_visited":["Exordium"],"potions_floor_usage":[],"damage_taken":[{"damage":0,"enemies":"Cultist","floor":1,"turns":1},{"damage":0,"enemies":"Small Slimes","floor":2,"turns":1},{"damage":0,"enemies":"Jaw Worm","floor":4,"turns":1},{"damage":45,"enemies":"Gremlin Nob","floor":7,"turns":6},{"damage":12,"enemies":"Lagavulin","floor":13,"turns":5},{"damage":16,"enemies":"Large Slime","floor":14,"turns":5},{"damage":32,"enemies":"Hexaghost","floor":16,"turns":9}],"seed_played":"-999475277485901994","potions_obtained":[{"floor":4,"key":"Ancient Potion"},{"floor":7,"key":"SkillPotion"},{"floor":14,"key":"LiquidMemories"}],"is_trial":false,"path_per_floor":["M","M","$","M","?","R","E","R","T","R","?","$","E","M","R","B"],"character_chosen":"THE_SILENT","items_purchased":["Blade Dance","PiercingWail","Slice"],"campfire_rested":3,"item_purchase_floors":[3,12,12],"current_hp_per_floor":[59,59,59,59,48,48,3,22,22,41,41,41,29,13,32,0,0],"gold":128,"neow_bonus":"THREE_ENEMY_KILL","is_daily":false,"chose_seed":false,"campfire_upgraded":1,"win_rate":0.0,"timestamp":1609648371,"path_taken":["M","?","$","M","?","R","E","R","T","R","?","$","E","M","R","BOSS"],"items_purchased_type":["Card","Card","Card"],"build_version":"2020-12-22","purchased_purges":1,"victory":false,"max_hp_per_floor":[66,66,66,66,66,66,66,66,66,66,66,66,66,66,66,66,66],"card_choices":[{"not_picked":["Sucker Punch","Prepared"],"picked":"Dagger Spray","floor":1},{"not_picked":["Quick Slash","Reflex"],"picked":"Crippling Poison","floor":2},{"not_picked":["Catalyst","Quick Slash"],"picked":"Dash","floor":4},{"not_picked":["Cloak And Dagger","Flying Knee"],"picked":"Poisoned Stab","floor":7},{"not_picked":["Dagger Throw","Poisoned Stab","Tools of the Trade"],"picked":"SKIP","floor":13},{"not_picked":["Deflect","Riddle With Holes"],"picked":"Leg Sweep","floor":14}],"player_experience":955715,"relics_obtained":[{"floor":7,"key":"Omamori"},{"floor":9,"key":"Shuriken"},{"floor":13,"key":"Nunchaku"}],"event_choices":[{"damage_healed":0,"gold_gain":75,"player_choice":"Gather Gold","damage_taken":11,"max_hp_gain":0,"max_hp_loss":0,"event_name":"World of Goop","floor":5,"gold_loss":0},{"damage_healed":0,"gold_gain":0,"player_choice":"Grow","damage_taken":0,"max_hp_gain":0,"max_hp_loss":0,"event_name":"Living Wall","floor":11,"gold_loss":0,"cards_upgraded":["Crippling Poison"]}],"is_beta":false,"boss_relics":[],"items_purged_floors":[12],"is_endless":false,"potions_floor_spawned":[4,7,14],"killed_by":"Hexaghost","ascension_level":20}}