{"host":"ff0k6g9g9j8o52vm","time":1609647190,"event":{"mods":["2.2 Compatiblity","AchievementEnabler","Aspiration","Astrologer","BaseMod","Beaked The Cultist","Better Altar","Better Note","Better Sensory Stone","Better Skull","Better Third Choice","Colored Map","Colored Powertips","Conspire","Curses Come First","Downfall","Energized Spire","Friendly Minions","GifTheSpireLib","Gremlin Mod","Halation","Hermit","Highlight Path","Hubris","Infinite Spire","Jedi Mod","Jorbs\u0027s Wanderer Trilogy","Koishi","Mad Scientist","Marisa????????","Minty Spire (QoL Compilation)","Potionbrewer","Quick Restart","Random Character Button","Replay The Spire","Robot Space Explorer","Shade Mod","Slumbering Mod","Somnambulant","Spicy Shops","StSLib","Stuff the Spire","The Blackbeard","The Blue Laboratory","The Bug Knight","The Clintock","The Construct","The Cursed","The Disciple","The Dragon Tamer","The Druid","The Factory","The Forsaken","The Gatherer","The Hayseed","The Hierophant","The Jungle","The Marked","The Mystic","The Necromancer","The Poker Player","The Problem Sleuth","The Runesmith","The Sage","The Saiyan","The Senshi","The Servant 0.9.4","The Showman","The Spell Scribe","The Trickster","The Valiant","The Wild Card","TheArtist","TheBandit","TheFirefly","Trackpad","Wandering Minibosses","Yuri Mod","thorton","vexMod"],"gold_per_floor":[111,131,151,151,170,170,196,196,196,196,209,209,226,260,260,339,339,330,330,330,342,354,354,364,364,390,38,38,56,56,70,70,60,60],"floor_reached":33,"playtime":3962,"items_purged":["potionbrewer:PotionbrewerStrike"],"score":284,"play_id":"72df0b09-eaed-46f4-a558-a0054816918a","local_time":"20210102201310","is_ascension_mode":false,"campfire_choices":[{"data":"potionbrewer:PrivateReserves","floor":6,"key":"SMITH"},{"floor":12,"key":"REST"},{"data":"potionbrewer:BlindingSpray","floor":15,"key":"SMITH"},{"data":"hubris:Fate","floor":15,"key":"SMITH"},{"floor":23,"key":"REST"},{"floor":30,"key":"REST"},{"floor":32,"key":"REST"}],"circlet_count":0,"master_deck":["potionbrewer:PotionbrewerStrike+1","potionbrewer:PotionbrewerStrike","potionbrewer:PotionbrewerStrike","potionbrewer:PotionbrewerDefend","potionbrewer:PotionbrewerDefend","potionbrewer:PotionbrewerDefend","potionbrewer:PotionbrewerDefend","potionbrewer:Collect","potionbrewer:ChemicalSpill","potionbrewer:Backhand","potionbrewer:BlindingSpray+1","potionbrewer:WizBang","hubris:Fate+1","potionbrewer:PrivateReserves+1","potionbrewer:Refill","Self Repair","LessonLearned+1","potionbrewer:AlchemistForm","potionbrewer:TestFormula","potionbrewer:Smokescreen","potionbrewer:Hoarder+1","Replay:Sluggish","TheSimpletonMod:Haymaker","potionbrewer:Hoarder","expansioncontent:CaCaw","infinitespire:Fortify","potionbrewer:WizBang+1","potionbrewer:Prototype","potionbrewer:Experimentation","potionbrewer:Smack","potionbrewer:Brandish","potionbrewer:ChemicalRage"],"relics":["potionbrewer:PotionKit","Juzu Bracelet","halation:PenCase","NlothsMask","Pear","ReplayTheSpireMod:SealedPack","Bag of Marbles"],"acts_visited":["Exordium","Exordium"],"potions_floor_usage":[3,3,7,7,11,13,13,15,16,16,16,18,18,18,21,21,21,22,24,29,29,31,33,33,33,33,33],"damage_taken":[{"damage":1,"enemies":"Jaw Worm","floor":1,"turns":4},{"damage":2,"enemies":"Small Slimes","floor":2,"turns":4},{"damage":4,"enemies":"Cultist","floor":3,"turns":3},{"damage":14,"enemies":"2 Fungi Beasts","floor":5,"turns":3},{"damage":12,"enemies":"3 Sentries","floor":7,"turns":8},{"damage":11,"enemies":"Large Slime","floor":11,"turns":5},{"damage":9,"enemies":"Exordium Thugs","floor":13,"turns":6},{"damage":9,"enemies":"Lagavulin","floor":14,"turns":6},{"damage":4,"enemies":"Fading Forest","floor":16,"turns":11},{"damage":31,"enemies":"Shell Parasite","floor":18,"turns":8},{"damage":0,"enemies":"theJungle:GiantWrat","floor":21,"turns":8},{"damage":74,"enemies":"Snake Plant","floor":22,"turns":6},{"damage":27,"enemies":"theJungle:SlimyTreeVines","floor":24,"turns":7},{"damage":17,"enemies":"theJungle:Lyon","floor":29,"turns":5},{"damage":45,"enemies":"Snake Plant","floor":31,"turns":6},{"damage":58,"enemies":"theJungle:TotemBoss","floor":33,"turns":6}],"seed_played":"2390949249379279855","potions_obtained":[{"floor":1,"key":"SkillPotion"},{"floor":2,"key":"blueLaboratory:NullPotion"},{"floor":11,"key":"potionbrewer:ToxicPotion"},{"floor":18,"key":"Toxic Potion"},{"floor":22,"key":"potionbrewer:ToxicPotion"},{"floor":29,"key":"blueLaboratory:NullPotion"},{"floor":31,"key":"blueLaboratory:LouseDecoction"}],"is_trial":false,"path_per_floor":["M","M","M","?","M","R","E","?","T","?","M","R","M","E","R","B",null,"M","?","?","M","M","R","M","?","T","$","?","M","R","M","R","B"],"character_chosen":"POTIONBREWER","items_purchased":["potionbrewer:Smack","Bag of Marbles","Venom Potion"],"campfire_rested":4,"item_purchase_floors":[27,27,27],"current_hp_per_floor":[81,79,75,55,41,41,29,18,18,18,14,38,36,44,44,57,92,72,72,72,83,20,47,37,37,37,37,37,31,58,24,51,0,0],"gold":60,"neow_bonus":"TEN_PERCENT_HP_BONUS","is_daily":false,"chose_seed":false,"campfire_upgraded":3,"win_rate":0.0,"timestamp":1609647190,"path_taken":["M","M","M","?","M","R","E","?","T","?","M","R","M","E","R","BOSS","M","?","?","M","M","R","M","?","T","$","?","M","R","M","R","BOSS"],"items_purchased_type":["Card","Relic","Potion"],"build_version":"2020-12-22","purchased_purges":1,"victory":false,"max_hp_per_floor":[82,82,82,82,82,82,82,82,82,82,82,82,82,92,92,92,92,92,92,92,92,92,92,92,92,92,92,92,92,92,92,92,92,92],"card_choices":[{"not_picked":["potionbrewer:VolatileSolution","potionbrewer:QuickStep"],"picked":"potionbrewer:Backhand","floor":1},{"not_picked":["potionbrewer:TestFormula","potionbrewer:OneTwoPunch"],"picked":"potionbrewer:BlindingSpray","floor":2},{"not_picked":["potionbrewer:QuickStep","potionbrewer:Contingency"],"picked":"potionbrewer:WizBang","floor":3},{"not_picked":["infinitespire:Starlight","hubris:InfiniteBlow"],"picked":"hubris:Fate","floor":4},{"not_picked":["potionbrewer:BlindingSpray","potionbrewer:Toxicity"],"picked":"potionbrewer:PrivateReserves","floor":5},{"not_picked":["potionbrewer:LabAccident","potionbrewer:OneTwoPunch"],"picked":"potionbrewer:Refill","floor":7},{"not_picked":["potionbrewer:TimeBomb","potionbrewer:Backhand"],"picked":"potionbrewer:AlchemistForm","floor":11},{"not_picked":["potionbrewer:Biohazard","potionbrewer:Brandish"],"picked":"potionbrewer:TestFormula","floor":13},{"not_picked":["potionbrewer:VolatileSolution","potionbrewer:LabAccident"],"picked":"potionbrewer:Smokescreen","floor":14},{"not_picked":["potionbrewer:AlchemistForm","potionbrewer:BeatDown"],"picked":"potionbrewer:Hoarder","floor":16},{"not_picked":["Shade:CarefulCut","mysticmod:ShockingGrasp"],"picked":"TheSimpletonMod:Haymaker","floor":17},{"not_picked":["potionbrewer:PotentialEnergy","potionbrewer:TwoForOne"],"picked":"potionbrewer:Hoarder","floor":17},{"not_picked":["expansioncontent:Torchfire","expansioncontent:GuardianWhirl"],"picked":"expansioncontent:CaCaw","floor":17},{"not_picked":["hubris:Fate","infinitespire:FinalStrike"],"picked":"infinitespire:Fortify","floor":17},{"not_picked":["potionbrewer:LabAccident","potionbrewer:CausticBarrier","potionbrewer:Prototype"],"picked":"potionbrewer:WizBang+1","floor":18},{"not_picked":["potionbrewer:BrokenBeakers","potionbrewer:UnstableFormula","potionbrewer:FortifiedSerum"],"picked":"potionbrewer:Prototype","floor":21},{"not_picked":["potionbrewer:TestFormula","potionbrewer:Smokescreen","potionbrewer:Prototype"],"picked":"potionbrewer:Experimentation","floor":22},{"not_picked":["potionbrewer:Shovel+1","potionbrewer:Smokescreen+1","potionbrewer:ExothermicReaction","potionbrewer:Prototype"],"picked":"SKIP","floor":24},{"not_picked":["potionbrewer:BlindingSpray","potionbrewer:BalancedFormula+1","potionbrewer:Prototype"],"picked":"potionbrewer:Brandish","floor":29},{"not_picked":["potionbrewer:QuickStep","potionbrewer:ChemicalShroud","potionbrewer:Prototype"],"picked":"potionbrewer:ChemicalRage","floor":31}],"player_experience":955715,"relics_obtained":[{"floor":7,"key":"Juzu Bracelet"},{"floor":9,"key":"halation:PenCase"},{"floor":14,"key":"Pear"}],"event_choices":[{"damage_healed":0,"gold_gain":1,"player_choice":"Card Card ","damage_taken":11,"max_hp_gain":0,"max_hp_loss":0,"event_name":"betterThird:BetterScrap","floor":8,"gold_loss":0,"cards_obtained":["Self Repair","LessonLearned"]},{"damage_healed":0,"gold_gain":0,"player_choice":"Trade","damage_taken":0,"relics_obtained":["NlothsMask"],"max_hp_gain":0,"max_hp_loss":0,"event_name":"FaceTrader","floor":10,"gold_loss":0},{"damage_healed":0,"gold_gain":0,"player_choice":"Bought 0 Potions","damage_taken":0,"max_hp_gain":0,"max_hp_loss":0,"event_name":"The Woman in Blue","floor":19,"gold_loss":0},{"cards_removed":["potionbrewer:PotionbrewerStrike"],"damage_healed":0,"gold_gain":0,"player_choice":"Give","damage_taken":0,"max_hp_gain":0,"max_hp_loss":0,"event_name":"betterNote:BetterNote","floor":20,"gold_loss":0,"cards_obtained":["MadScienceMod:Strike_MadScience"]}],"is_beta":false,"boss_relics":[{"not_picked":["Runic Dome","energizedSpire:CursedPentagram"],"picked":"ReplayTheSpireMod:SealedPack"}],"items_purged_floors":[27],"is_endless":false,"potions_floor_spawned":[1,2,11,18,22,29,31],"killed_by":"theJungle:TotemBoss","ascension_level":0}}