{"host":"hwrdjx5eod2cxh09","time":1609666697,"event":{"mods":["AchievementEnabler","BaseMod","Bestiary","Minty Spire (QoL Compilation)","Relic Stats"],"gold_per_floor":[112,123,123,140,158,184,200,220,220,232,247,247,258,290,290,393,393,413,429,429,444,459,459,493,177,177,195,207,227,246,246,246,350,350,366,379,379,132,145,180,8,19,101,121,151,151,167,167,167,167,167,167,84,84,84,84],"floor_reached":55,"playtime":3528,"items_purged":["Strike_B","Strike_B"],"score":721,"play_id":"f2e8dd23-a58a-40d3-b8a8-7ac25d31dbce","local_time":"20210103183817","is_ascension_mode":false,"campfire_choices":[{"data":"Sunder","floor":12,"key":"SMITH"},{"data":"Hyperbeam","floor":15,"key":"SMITH"},{"data":"Hologram","floor":23,"key":"SMITH"},{"floor":32,"key":"REST"},{"floor":46,"key":"RECALL"},{"floor":49,"key":"REST"},{"data":"Echo Form","floor":52,"key":"SMITH"}],"circlet_count":0,"master_deck":["Defend_B","Defend_B","Defend_B","Zap","Dualcast","Conserve Battery","Sunder+1","Genetic Algorithm","Glacier","Defragment","Beam Cell","Hologram+1","Hyperbeam+1","Leap","Chill+1","Coolheaded+1","Echo Form+1","Reboot","Coolheaded+1","Sunder+1","Hologram+1","Blind"],"relics":["FrozenCore","NeowsBlessing","Mercury Hourglass","Toy Ornithopter","Nunchaku","Snecko Eye","Potion Belt","Question Card","DataDisk","Singing Bowl","Bottled Tornado","Lantern"],"acts_visited":["Exordium","TheCity","TheBeyond","TheEnding"],"potions_floor_usage":[21,27,39,39,39,54,54,54,54,55,55,55],"damage_taken":[{"damage":0,"enemies":"Cultist","floor":1,"turns":1},{"damage":0,"enemies":"Small Slimes","floor":2,"turns":1},{"damage":0,"enemies":"Jaw Worm","floor":4,"turns":1},{"damage":8,"enemies":"Gremlin Gang","floor":5,"turns":3},{"damage":11,"enemies":"Gremlin Nob","floor":6,"turns":4},{"damage":4,"enemies":"Looter","floor":7,"turns":4},{"damage":0,"enemies":"Lots of Slimes","floor":8,"turns":3},{"damage":6,"enemies":"Exordium Wildlife","floor":10,"turns":4},{"damage":1,"enemies":"Red Slaver","floor":11,"turns":3},{"damage":0,"enemies":"Looter","floor":13,"turns":2},{"damage":2,"enemies":"3 Sentries","floor":14,"turns":3},{"damage":19,"enemies":"Slime Boss","floor":16,"turns":8},{"damage":0,"enemies":"Spheric Guardian","floor":18,"turns":2},{"damage":0,"enemies":"2 Thieves","floor":19,"turns":2},{"damage":6,"enemies":"Shelled Parasite and Fungi","floor":21,"turns":3},{"damage":13,"enemies":"Centurion and Healer","floor":22,"turns":3},{"damage":16,"enemies":"Slavers","floor":24,"turns":5},{"damage":28,"enemies":"Snake Plant","floor":27,"turns":4},{"damage":2,"enemies":"Snecko","floor":28,"turns":5},{"damage":1,"enemies":"Chosen and Byrds","floor":29,"turns":7},{"damage":5,"enemies":"Shelled Parasite and Fungi","floor":30,"turns":6},{"damage":10,"enemies":"Champ","floor":33,"turns":13},{"damage":7,"enemies":"3 Darklings","floor":35,"turns":3},{"damage":0,"enemies":"Orb Walker","floor":36,"turns":5},{"damage":0,"enemies":"Transient","floor":39,"turns":5},{"damage":24,"enemies":"Nemesis","floor":40,"turns":11},{"damage":0,"enemies":"Sphere and 2 Shapes","floor":42,"turns":4},{"damage":0,"enemies":"Maw","floor":44,"turns":6},{"damage":18,"enemies":"Reptomancer","floor":45,"turns":7},{"damage":0,"enemies":"Jaw Worm Horde","floor":47,"turns":4},{"damage":55,"enemies":"Time Eater","floor":50,"turns":16},{"damage":71,"enemies":"Shield and Spear","floor":54,"turns":9},{"damage":50,"enemies":"The Heart","floor":55,"turns":12}],"seed_played":"115155277094032301","potions_obtained":[{"floor":5,"key":"Explosive Potion"},{"floor":6,"key":"Explosive Potion"},{"floor":7,"key":"BlessingOfTheForge"},{"floor":13,"key":"Weak Potion"},{"floor":14,"key":"Swift Potion"},{"floor":27,"key":"GamblersBrew"},{"floor":29,"key":"PotionOfCapacity"},{"floor":30,"key":"SkillPotion"},{"floor":35,"key":"Swift Potion"},{"floor":40,"key":"Explosive Potion"},{"floor":45,"key":"SteroidPotion"}],"is_trial":false,"path_per_floor":["M","M","?","M","M","E","M","M","T","M","M","R","M","E","R","B",null,"M","M","?","M","M","R","E","$","T","M","M","M","M","?","R","B",null,"M","M","?","$","M","E","$","M","T","M","E","R","M","?","R","B",null,"R","$","E","B"],"character_chosen":"DEFECT","items_purchased":["Question Card","DataDisk","DuplicationPotion","EntropicBrew","Blind"],"campfire_rested":2,"item_purchase_floors":[25,38,41,41,53],"current_hp_per_floor":[75,75,75,75,67,56,52,52,52,46,45,45,45,43,43,24,75,75,75,75,72,59,59,43,43,43,20,18,17,12,12,34,24,75,68,68,68,68,75,53,53,55,55,57,41,41,41,41,65,10,83,83,83,32,0,0],"gold":84,"neow_bonus":"THREE_ENEMY_KILL","is_daily":false,"chose_seed":false,"campfire_upgraded":4,"win_rate":0.0,"timestamp":1609666697,"path_taken":["M","?","?","M","M","E","M","M","T","M","M","R","M","E","R","BOSS","M","M","?","M","M","R","E","$","T","?","M","M","M","?","R","BOSS","M","?","?","$","M","E","$","M","T","M","E","R","M","?","R","BOSS","R","$","E","BOSS"],"items_purchased_type":["Relic","Relic","Potion","Potion","Card"],"build_version":"2020-12-22","purchased_purges":2,"victory":false,"max_hp_per_floor":[75,75,75,75,75,75,75,75,75,75,75,75,75,75,75,75,75,75,75,75,75,75,75,75,75,75,75,75,75,75,75,75,75,75,75,75,75,75,75,77,77,79,79,81,83,83,83,83,83,83,83,83,83,83,83,83],"relic_stats":{"Nunchaku":[18],"Singing Bowl":8,"counters":[33,169],"Snecko Eye":[256,252,269,234],"Question Card":13,"obtain_stats":[{"Potion Belt":24,"Lantern":45,"NeowsBlessing":0,"Singing Bowl":40,"Bottled Tornado":43,"Question Card":25,"Mercury Hourglass":6,"FrozenCore":34,"Nunchaku":14,"DataDisk":38,"Snecko Eye":17,"Cracked Core":0,"Toy Ornithopter":9},{"Potion Belt":17,"Lantern":29,"NeowsBlessing":0,"Singing Bowl":26,"Bottled Tornado":27,"Question Card":17,"Mercury Hourglass":5,"FrozenCore":22,"Nunchaku":11,"DataDisk":24,"Snecko Eye":12,"Cracked Core":0,"Toy Ornithopter":7},{"Potion Belt":52,"Lantern":128,"NeowsBlessing":0,"Singing Bowl":111,"Bottled Tornado":115,"Question Card":52,"Mercury Hourglass":10,"FrozenCore":87,"Nunchaku":29,"DataDisk":95,"Snecko Eye":37,"Cracked Core":0,"Toy Ornithopter":17}],"Toy Ornithopter":50,"FrozenCore":[8],"Mercury Hourglass":[537]},"card_choices":[{"not_picked":["Barrage","Storm"],"picked":"Conserve Battery","floor":1},{"not_picked":["White Noise","Consume"],"picked":"Sweeping Beam","floor":2},{"not_picked":["Skim","Redo"],"picked":"Sunder","floor":4},{"not_picked":["Sweeping Beam","Steam"],"picked":"Genetic Algorithm","floor":5},{"not_picked":["Steam","Leap"],"picked":"Glacier","floor":6},{"not_picked":["Cold Snap","Recycle","Leap"],"picked":"SKIP","floor":7},{"not_picked":["Rebound","Turbo"],"picked":"Defragment","floor":8},{"not_picked":["Hello World","White Noise"],"picked":"Beam Cell","floor":10},{"not_picked":["Conserve Battery","Storm","Turbo"],"picked":"SKIP","floor":11},{"not_picked":["Skim","Barrage"],"picked":"Hologram","floor":13},{"not_picked":["Ball Lightning","Chill"],"picked":"Hyperbeam","floor":14},{"not_picked":["Gash","Lockon"],"picked":"Leap","floor":18},{"not_picked":["Melter","Chaos"],"picked":"Chill+1","floor":19},{"not_picked":["Tempest+1","Barrage"],"picked":"Coolheaded+1","floor":21},{"not_picked":["Cold Snap","Steam","Redo+1"],"picked":"SKIP","floor":22},{"not_picked":["Beam Cell+1","Rip and Tear+1"],"picked":"Echo Form","floor":24},{"not_picked":["Steam","Compile Driver+1","Leap+1","Hologram"],"picked":"SKIP","floor":27},{"not_picked":["Sweeping Beam+1","Ball Lightning","Biased Cognition","Go for the Eyes+1"],"picked":"SKIP","floor":28},{"not_picked":["Cold Snap+1","Sweeping Beam","Gash","Fission"],"picked":"SKIP","floor":29},{"not_picked":["Turbo","Rebound","Aggregate+1","Streamline+1"],"picked":"SKIP","floor":30},{"not_picked":["Multi-Cast","All For One","Biased Cognition"],"picked":"Reboot","floor":33},{"not_picked":["Ball Lightning","Scrape","Recycle+1"],"picked":"Coolheaded+1","floor":35},{"not_picked":["Redo+1","Ball Lightning+1","BootSequence+1","Lockon"],"picked":"SKIP","floor":36},{"not_picked":["Gash","Double Energy+1","Redo+1"],"picked":"Sunder+1","floor":39},{"not_picked":["Leap+1","Skim+1","Redo","Conserve Battery"],"picked":"Singing Bowl","floor":40},{"not_picked":["Redo","Storm","Hello World","Stack"],"picked":"Singing Bowl","floor":42},{"not_picked":["Gash","Steam","Coolheaded+1","Storm+1"],"picked":"Singing Bowl","floor":44},{"not_picked":["Streamline+1","Loop+1","Beam Cell+1","Blizzard"],"picked":"Singing Bowl","floor":45},{"not_picked":["Darkness+1","Lockon+1","Ball Lightning+1"],"picked":"Hologram+1","floor":47}],"player_experience":162249,"relics_obtained":[{"floor":6,"key":"Mercury Hourglass"},{"floor":9,"key":"Toy Ornithopter"},{"floor":14,"key":"Nunchaku"},{"floor":24,"key":"Potion Belt"},{"floor":40,"key":"Singing Bowl"},{"floor":43,"key":"Bottled Tornado"},{"floor":45,"key":"Lantern"}],"event_choices":[{"damage_healed":0,"gold_gain":0,"player_choice":"Ignored","damage_taken":0,"max_hp_gain":0,"max_hp_loss":0,"event_name":"Liars Game","floor":3,"gold_loss":0},{"cards_removed":["Strike_B"],"damage_healed":0,"gold_gain":0,"player_choice":"Offered Basic","damage_taken":0,"max_hp_gain":0,"max_hp_loss":0,"event_name":"Bonfire Elementals","floor":20,"gold_loss":0},{"cards_removed":["Strike_B"],"damage_healed":0,"gold_gain":0,"player_choice":"Purged","damage_taken":0,"max_hp_gain":0,"max_hp_loss":0,"event_name":"Purifier","floor":31,"gold_loss":0},{"cards_removed":["Sweeping Beam"],"damage_healed":0,"gold_gain":0,"player_choice":"Removed Attack","damage_taken":0,"max_hp_gain":0,"max_hp_loss":0,"event_name":"Falling","floor":37,"gold_loss":0},{"cards_removed":["Defend_B"],"damage_healed":0,"gold_gain":0,"player_choice":"Purged","damage_taken":0,"max_hp_gain":0,"max_hp_loss":0,"event_name":"Purifier","floor":48,"gold_loss":0}],"is_beta":false,"boss_relics":[{"not_picked":["SlaversCollar","Ectoplasm"],"picked":"Snecko Eye"},{"not_picked":["Pandora\u0027s Box","Tiny House"],"picked":"FrozenCore"}],"items_purged_floors":[25,38],"is_endless":false,"potions_floor_spawned":[5,6,7,13,14,19,27,29,30,35,40,45,54],"killed_by":"The Heart","ascension_level":0}}