{"host":"ss2ocoam53r2lno0","time":1609685261,"event":{"mods":["Act Like it!","BaseMod","ChefMod","Colored Powertips","Displayed Cursed Tome","Downfall","Googly Eyes","Hallownest","Highlight Path","Minty Spire (QoL Compilation)","Rare Cards Sparkle","Robot Space Explorer","Shade Mod","Shop Mod","Spicy Shops","StSLib","The Marked"],"gold_per_floor":[116,116,135,135,155,183,0,33,33,62,82,100,100,132,132,227,227,241,252,277,277,293,324,336,336,362,388,478,511,511,529,529,632,632,648,662,677,677,136,136,136],"floor_reached":40,"playtime":2632,"items_purged":["theMarked:Strike","Writhe","theMarked:SoldierOfQuellstein"],"score":630,"play_id":"33f6ebb0-f903-49a5-a408-e4358ac56edc","local_time":"20210103154741","is_ascension_mode":true,"campfire_choices":[{"floor":13.0,"key":"REST"},{"floor":15.0,"key":"REST"},{"floor":25.0,"key":"REST"},{"floor":30.0,"key":"REST"},{"floor":32,"key":"REST"}],"circlet_count":0,"master_deck":["theMarked:Strike","theMarked:Strike","theMarked:Strike","theMarked:Strike","theMarked:Defend","theMarked:Defend","theMarked:Defend","theMarked:Defend","theMarked:BanishingStrike","theMarked:Overcharge","theMarked:Aftermath","theMarked:Opportunist","theMarked:PowerFlow","theMarked:Static","theMarked:Static+1","theMarked:Electrocute+1","theMarked:RepellingDischarge+1","theMarked:Polarize+1","theMarked:ElementalBlade+1","theMarked:TurnInvisible+1","theMarked:Polarize+1","theMarked:Indomitable+1","theMarked:Static+1","theMarked:ComboAttacks","theMarked:PowerFlow+1","theMarked:Convert+1","theMarked:AttractMetal+1","theMarked:Electrify+1","theMarked:Overcharge+1","theMarked:FavorableWinds+1","theMarked:Static+1","theMarked:Polarize+1","theMarked:Electrify+1","theMarked:Electrify+1"],"relics":["theMarked:ArtifactOfAir","NeowsBlessing","The Courier","PreservedInsect","Toxic Egg 2","Incense Burner","Juzu Bracelet","theMarked:Eyepatch","Red Mask","Bird Faced Urn","Prayer Wheel","Guardian:PocketSentry","Guardian:GemstoneGun","Blood Vial","MerchantsRug","DollysMirror"],"acts_visited":["Exordium","TheCity","TheBeyond"],"potions_floor_usage":[37,39,39,40],"damage_taken":[{"damage":0.0,"enemies":"Jaw Worm","floor":1.0,"turns":1.0},{"damage":0.0,"enemies":"Cultist","floor":3.0,"turns":1.0},{"damage":0.0,"enemies":"Small Slimes","floor":5.0,"turns":1.0},{"damage":40.0,"enemies":"3 Sentries","floor":6.0,"turns":8.0},{"damage":0.0,"enemies":"Lagavulin","floor":8.0,"turns":4.0},{"damage":15.0,"enemies":"3 Sentries","floor":10.0,"turns":4.0},{"damage":3.0,"enemies":"Exordium Wildlife","floor":11.0,"turns":3.0},{"damage":13.0,"enemies":"3 Louse","floor":12.0,"turns":3.0},{"damage":18.0,"enemies":"Gremlin Nob","floor":14.0,"turns":3.0},{"damage":15.0,"enemies":"Slime Boss","floor":16.0,"turns":8.0},{"damage":0.0,"enemies":"Spheric Guardian","floor":18.0,"turns":3.0},{"damage":2.0,"enemies":"Chosen","floor":19.0,"turns":4.0},{"damage":39.0,"enemies":"Masked Bandits","floor":20.0,"turns":4.0},{"damage":1.0,"enemies":"Snecko","floor":22.0,"turns":5.0},{"damage":5.0,"enemies":"Gremlin Leader","floor":23.0,"turns":5.0},{"damage":13.0,"enemies":"Snake Plant","floor":24.0,"turns":3.0},{"damage":5.0,"enemies":"Book of Stabbing","floor":27.0,"turns":3.0},{"damage":3.0,"enemies":"Gremlin Leader","floor":29.0,"turns":5.0},{"damage":8,"enemies":"Chosen and Byrds","floor":31,"turns":4},{"damage":23,"enemies":"Champ","floor":33,"turns":6},{"damage":33,"enemies":"3 Darklings","floor":35,"turns":6},{"damage":0,"enemies":"Orb Walker","floor":36,"turns":2},{"damage":31,"enemies":"3 Darklings","floor":37,"turns":5},{"damage":37,"enemies":"Nemesis","floor":40,"turns":3}],"seed_played":"6634928590115634584","potions_obtained":[{"floor":1.0,"key":"Ancient Potion"},{"floor":4.0,"key":"PowerPotion"},{"floor":4.0,"key":"AttackPotion"},{"floor":5.0,"key":"Regen Potion"},{"floor":10.0,"key":"SteroidPotion"},{"floor":14.0,"key":"sneckomod:MuddlingPotion"},{"floor":18.0,"key":"Ancient Potion"},{"floor":24.0,"key":"GamblersBrew"},{"floor":31,"key":"Strength Potion"},{"floor":33,"key":"Energy Potion"},{"floor":35,"key":"DuplicationPotion"},{"floor":36,"key":"Block Potion"},{"floor":37,"key":"Dexterity Potion"}],"is_trial":false,"path_per_floor":["M","?","M","?","M","E","$","E","T","E","M","M","R","E","R","B",null,"M","M","?","?","M","E","M","R","T","E","?","E","R","M","R","B",null,"M","M","M","?","$","E"],"character_chosen":"THE_DEFAULT","items_purchased":["PreservedInsect","MerchantsRug","Fruit Juice","Fruit Juice","DollysMirror","theMarked:Electrify+1","theMarked:Electrify+1"],"campfire_rested":5,"item_purchase_floors":[7,39,39,39,39,39,39],"current_hp_per_floor":[70,70,70,70,70,30,30,42,42,27,24,11,32,14,35,20,70,70,68,29,29,28,23,10,31,31,26,8,7,28,22,43,26,70,39,41,14,14,26,0,0],"gold":136,"neow_bonus":"THREE_ENEMY_KILL","is_daily":false,"chose_seed":false,"campfire_upgraded":0,"win_rate":0.0,"timestamp":1609685261,"path_taken":["M","?","?","?","M","E","$","E","T","E","?","M","R","E","R","BOSS","M","M","?","?","M","E","M","R","T","E","?","E","R","M","R","BOSS","M","M","M","?","$","E"],"items_purchased_type":["Relic","Relic","Potion","Potion","Relic","Card","Card"],"build_version":"2020-12-22","purchased_purges":3,"victory":false,"max_hp_per_floor":[70,70,70,70,70,70,70,70,70,70,70,70,70,70,70,70,70,70,70,70,70,70,70,70,70,70,70,70,70,70,70,70,70,70,70,70,70,70,82,82,82],"card_choices":[{"not_picked":["theMarked:Overthink","theMarked:Frustration"],"picked":"theMarked:BanishingStrike","floor":1.0},{"not_picked":["theMarked:ResourceFulStrike","theMarked:TunnelVision"],"picked":"theMarked:Opportunist","floor":3.0},{"not_picked":["theMarked:WardOff","theMarked:SelfDefenseTraining"],"picked":"theMarked:PowerFlow","floor":5.0},{"not_picked":["theMarked:ElectricStrings","theMarked:CreepingChasm"],"picked":"theMarked:Static","floor":6.0},{"not_picked":["theMarked:Parkour","theMarked:ChainLightning"],"picked":"theMarked:Static+1","floor":8.0},{"not_picked":["theMarked:Improvise+1","theMarked:ChainLightning"],"picked":"theMarked:Electrocute","floor":10.0},{"not_picked":["theMarked:ElectricStrings","theMarked:DeterminationOfTheMarked"],"picked":"theMarked:RepellingDischarge+1","floor":11.0},{"not_picked":["theMarked:EnhanceMovement+1","theMarked:HeightenedSenses+1"],"picked":"theMarked:Polarize+1","floor":12.0},{"not_picked":["theMarked:Frustration","theMarked:Reabsorb+1"],"picked":"theMarked:ElementalBlade+1","floor":14.0},{"not_picked":["theMarked:Challenge+1","theMarked:BindingBlade+1"],"picked":"theMarked:TurnInvisible+1","floor":16.0},{"not_picked":["theMarked:Parry+1","theMarked:Panic+1","theMarked:TwofoldDefense+1"],"picked":"SKIP","floor":18.0},{"not_picked":["theMarked:RogueSparks+1","theMarked:WastefulAttack+1"],"picked":"theMarked:Polarize+1","floor":19.0},{"not_picked":["theMarked:StartUp","theMarked:Levitate+1"],"picked":"theMarked:Indomitable+1","floor":20.0},{"not_picked":["theMarked:Aftermath+1","theMarked:WardOff+1"],"picked":"theMarked:Static+1","floor":22.0},{"not_picked":["theMarked:Parkour+1","theMarked:Convert+1"],"picked":"theMarked:ComboAttacks","floor":23.0},{"not_picked":["theMarked:ElectricStrings+1","theMarked:MysticalArsenal+1"],"picked":"theMarked:PowerFlow+1","floor":24.0},{"not_picked":["theMarked:EmpowerWeapon+1","theMarked:BanishingWave"],"picked":"theMarked:Convert+1","floor":24.0},{"not_picked":["theMarked:TwofoldDefense+1","theMarked:Aftermath+1"],"picked":"theMarked:AttractMetal+1","floor":27.0},{"not_picked":["theMarked:BanishingStrike","theMarked:Improvise+1"],"picked":"theMarked:Electrify+1","floor":29.0},{"not_picked":["theMarked:ElectricStrings","theMarked:Improvise+1"],"picked":"theMarked:Overcharge+1","floor":31},{"not_picked":["theMarked:Seal+1","theMarked:Parkour","theMarked:WardOff+1"],"picked":"SKIP","floor":31},{"not_picked":["theMarked:UnarmedFury","theMarked:BindingBlade+1"],"picked":"theMarked:FavorableWinds+1","floor":33},{"not_picked":[],"picked":"theMarked:Static+1","floor":35},{"not_picked":["theMarked:Parry+1"],"picked":"SKIP","floor":35},{"not_picked":["theMarked:HeightenedSenses+1"],"picked":"SKIP","floor":36},{"not_picked":["theMarked:Electrocute"],"picked":"SKIP","floor":36},{"not_picked":["theMarked:KeepCalmAndFightOn"],"picked":"SKIP","floor":37},{"not_picked":["theMarked:Overthink+1"],"picked":"SKIP","floor":37}],"player_experience":614148,"relics_obtained":[{"floor":6.0,"key":"The Courier"},{"floor":8.0,"key":"Toxic Egg 2"},{"floor":9.0,"key":"Bottled Flame"},{"floor":10.0,"key":"Incense Burner"},{"floor":14.0,"key":"Juzu Bracelet"},{"floor":20.0,"key":"Red Mask"},{"floor":23.0,"key":"Prayer Wheel"},{"floor":26.0,"key":"Guardian:PocketSentry"},{"floor":27.0,"key":"Guardian:GemstoneGun"},{"floor":29.0,"key":"Blood Vial"}],"event_choices":[{"damage_healed":0.0,"max_hp_gain":0.0,"max_hp_loss":0.0,"gold_gain":0.0,"event_name":"Match and Keep!","player_choice":"2 cards matched","floor":2.0,"gold_loss":0.0,"damage_taken":0.0,"cards_obtained":["theMarked:Overcharge","theMarked:Aftermath"]},{"damage_healed":0.0,"max_hp_gain":0.0,"max_hp_loss":0.0,"gold_gain":0.0,"event_name":"Lab","player_choice":"Got Potions","floor":4.0,"gold_loss":0.0,"damage_taken":0.0},{"damage_healed":0.0,"max_hp_gain":0.0,"max_hp_loss":0.0,"gold_gain":0.0,"event_name":"Masked Bandits","player_choice":"Fought Bandits","floor":20.0,"gold_loss":0.0,"damage_taken":0.0},{"damage_healed":0.0,"max_hp_gain":0.0,"max_hp_loss":0.0,"gold_gain":0.0,"event_name":"The Mausoleum","player_choice":"Opened","floor":21.0,"gold_loss":0.0,"damage_taken":0.0,"relics_obtained":["Bird Faced Urn"],"cards_obtained":["Writhe"]},{"damage_healed":0.0,"max_hp_gain":0.0,"max_hp_loss":0.0,"gold_gain":90.0,"event_name":"Knowing Skull","player_choice":"GOLD POTION ","floor":28.0,"potions_obtained":["SkillPotion"],"gold_loss":0.0,"damage_taken":18.0,"cards_obtained":[]},{"damage_healed":0,"gold_gain":0,"player_choice":"Forge","damage_taken":0,"max_hp_gain":0,"max_hp_loss":0,"event_name":"Accursed Blacksmith","floor":38,"gold_loss":0,"cards_upgraded":["theMarked:Electrocute"]}],"is_beta":false,"boss_relics":[{"not_picked":["Empty Cage","Black Star"],"picked":"theMarked:Eyepatch"},{"not_picked":["Pandora\u0027s Box","Coffee Dripper"],"picked":"Busted Crown"}],"items_purged_floors":[7,39,39],"is_endless":false,"potions_floor_spawned":[1,5,10,14,18,24,31,33,35,36,37],"killed_by":"Nemesis","ascension_level":3}}