{"host":"0uq96t1uheyb4dgu","time":1609656454,"event":{"mods":["Act Like it!","BaseMod","Conspire","Downfall","Hallownest","Hermit","Hubris","Minty Spire (QoL Compilation)","Quick Restart","StSLib","The Animator","The Bug Knight","The Cursed","The Disciple","The Hierophant","The Necromancer","The Poker Player","The Runesmith"],"gold_per_floor":[117,134,209,223,188,188,43,43,67,19,31,45,45,57,57,156,156,156,156],"floor_reached":18,"playtime":1354,"items_purged":[],"score":152,"play_id":"6df527e5-a8c0-499b-92a2-601c3f671991","local_time":"20210103134734","is_ascension_mode":false,"campfire_choices":[{"data":"hermit:WideOpen","floor":6,"key":"SMITH"},{"data":"hermit:Combo","floor":8,"key":"SMITH"},{"floor":13,"key":"REST"},{"floor":15,"key":"REST"}],"circlet_count":0,"master_deck":["hermit:Strike_Hermit","hermit:Strike_Hermit","hermit:Strike_Hermit","hermit:Strike_Hermit","hermit:Defend_Hermit","hermit:Defend_Hermit","hermit:Defend_Hermit","hermit:Defend_Hermit","hermit:Snapshot","hermit:Covet","hermit:ItchyTrigger","hermit:WideOpen+1","hermit:Coalescence","hermit:Combo+1","hermit:CalledShot","hermit:Vantage","hermit:Roulette","hermit:FlashPowder","hermit:HighCaliber","hermit:Maintenance","hermit:Magnum"],"relics":["hermit:ClaspedLocket","Nunchaku"],"acts_visited":["Exordium","TheCity"],"potions_floor_usage":[4,16,16],"damage_taken":[{"damage":7,"enemies":"Small Slimes","floor":1,"turns":4},{"damage":2,"enemies":"2 Louse","floor":2,"turns":2},{"damage":0,"enemies":"Jaw Worm","floor":4,"turns":4},{"damage":6,"enemies":"3 Louse","floor":11,"turns":3},{"damage":31,"enemies":"Exordium Thugs","floor":12,"turns":6},{"damage":20,"enemies":"conspire:2 RoseBushes","floor":14,"turns":6},{"damage":20,"enemies":"Hexaghost","floor":16,"turns":14},{"damage":20,"enemies":"Spheric Guardian","floor":18,"turns":4}],"seed_played":"-4106016966963803222","potions_obtained":[{"floor":1,"key":"sneckomod:MuddlingPotion"},{"floor":2,"key":"Block Potion"},{"floor":11,"key":"Weak Potion"}],"is_trial":false,"path_per_floor":["M","M","?","M","?","R","$","R","T","$","M","M","R","M","R","B",null,"M"],"character_chosen":"HERMIT","items_purchased":["hermit:Combo","hermit:CalledShot","hermit:Vantage","hermit:Roulette"],"campfire_rested":2,"item_purchase_floors":[7,7,7,10],"current_hp_per_floor":[75,73,62,62,82,82,82,82,82,82,76,45,69,49,73,53,82,62,62],"gold":156,"neow_bonus":"TEN_PERCENT_HP_BONUS","is_daily":false,"chose_seed":false,"campfire_upgraded":2,"win_rate":0.0,"timestamp":1609656454,"path_taken":["M","M","?","M","?","R","?","R","T","$","M","M","R","?","R","BOSS","M"],"items_purchased_type":["Card","Card","Card","Card"],"build_version":"2020-12-22","purchased_purges":0,"victory":false,"max_hp_per_floor":[82,82,82,82,82,82,82,82,82,82,82,82,82,82,82,82,82,82,82],"card_choices":[{"not_picked":["hermit:CursedWeapon","hermit:WideOpen"],"picked":"hermit:ItchyTrigger","floor":1},{"not_picked":["hermit:BigShot","hermit:Enervate"],"picked":"hermit:WideOpen","floor":2},{"not_picked":["hermit:HighCaliber","hermit:Ricochet"],"picked":"hermit:Coalescence","floor":4},{"not_picked":["hermit:HighCaliber","hermit:TrackingShot"],"picked":"hermit:FlashPowder","floor":11},{"not_picked":["hermit:Misfire","hermit:Snipe"],"picked":"hermit:HighCaliber","floor":12},{"not_picked":["hermit:Desperado","hermit:Scavenge"],"picked":"hermit:Maintenance","floor":14},{"not_picked":["hermit:Roughhouse","hermit:DeadOrAlive"],"picked":"hermit:Magnum","floor":16}],"player_experience":18696,"relics_obtained":[{"floor":9,"key":"Nunchaku"}],"event_choices":[{"damage_healed":0,"gold_gain":75,"player_choice":"Gather Gold","damage_taken":11,"max_hp_gain":0,"max_hp_loss":0,"event_name":"World of Goop","floor":3,"gold_loss":0},{"damage_healed":20,"gold_gain":0,"player_choice":"Healed","damage_taken":0,"max_hp_gain":0,"max_hp_loss":0,"event_name":"The Cleric","floor":5,"gold_loss":35}],"is_beta":false,"boss_relics":[{"not_picked":["Runic Dome","Snecko Eye"],"picked":"hermit:ClaspedLocket"}],"items_purged_floors":[],"is_endless":false,"potions_floor_spawned":[1,2,11],"killed_by":"Spheric Guardian","ascension_level":0}}