{"host":"40f49r155zsx8eqk","time":1609676800,"event":{"mods":["AchievementEnabler","Aspiration","BaseMod","Curses Come First","Dota2Spire","Evolution","Googly Eyes","Minty Spire (QoL Compilation)","Relic Sorter","Replay The Spire","StSLib","The Gatherer"],"gold_per_floor":[116,116,130,130,147,147,172,172,172,19,46,61,61,80,80,184,184,199,209,209,209,224,253,253,284,330,330,330,356,371,381,381,482,482,499,499,510,521,70,96,96,191,191,293,453,453,654,684,684,854],"floor_reached":51,"playtime":2584,"items_purged":["Spreading Infection"],"score":1279,"play_id":"8d2e527c-4a0c-4070-adba-294227924164","local_time":"20210103152640","is_ascension_mode":true,"metric_token":800,"campfire_choices":[{"data":"Gatherer:AcidicSpray","floor":6,"key":"SMITH"},{"data":"Gatherer:Misfortune","floor":15,"key":"SMITH"},{"floor":24,"key":"REST"},{"data":"Gatherer:AlchemyTrial","floor":27,"key":"SMITH"},{"floor":32,"key":"REST"},{"data":"Gatherer:UpgradeBag","floor":41,"key":"SMITH"},{"data":"Gatherer:PoisonMastery","floor":49,"key":"SMITH"}],"circlet_count":0,"master_deck":["Gatherer:CarefulStrike","Gatherer:Strike_Gatherer","Gatherer:Strike_Gatherer","Gatherer:Strike_Gatherer","Gatherer:Defend_Gatherer","Gatherer:Defend_Gatherer","Gatherer:Defend_Gatherer","Gatherer:Defend_Gatherer","Gatherer:Centralize+1","Gatherer:FlowerWhip","Gatherer:CarefulStrike","Gatherer:AcidicSpray+1","Gatherer:PoisonMastery+1","Gatherer:WoolGloves","Gatherer:AlchemyTrial+1","Gatherer:Misfortune+1","Gatherer:ScherryThrow","Gatherer:FlamingBottle","Gatherer:Snatch","Gatherer:BlackTea","Gatherer:SmartManeuver","Gatherer:UpgradeBag+1","Gatherer:BigPouch+1","Gatherer:Solidify+1","Gatherer:QuickSynthesis+1","Gatherer:PotentialSlash+1","Gatherer:QuickSynthesis+1","Gatherer:PoisonMastery+1","Gatherer:Snatch","Gatherer:DrugPower+1","Gatherer:AcidicSpray+1","Gatherer:Misfortune+1","Gatherer:QuickSynthesis+1","Gatherer:FlowerPower","Gatherer:TacticalStrike+1","Apotheosis+1","Gatherer:FlowerPower"],"relics":["Gatherer:AlchemyBag","EVO:Axolotl","NeowsBlessing","Nunchaku","Dota2Spire:Butterfly","PreservedInsect","aspiration:ChemicalBlood","Dota2Spire:RefresherOrb","Ring of Peace","Ring of Hypnosis","Toxic Egg 2","Orichalcum","Dota2Spire:OctarineCore","Dota2Spire:PhaseBoots","Replay:Bottled Flurry","Dota2Spire:Bloodstone","Sling","Gremlin Food","Replay:Wax Seal","Replay:Bandana","aspiration:VileToxins","Replay:Bottled Steam","Ornamental Fan"],"acts_visited":["Exordium","TheCity","TheBeyond"],"potions_floor_usage":[23,23,33,33,50,50,50,50],"damage_taken":[{"damage":0,"enemies":"Jaw Worm","floor":1,"turns":1},{"damage":0,"enemies":"Cultist","floor":3,"turns":1},{"damage":0,"enemies":"2 Louse","floor":5,"turns":1},{"damage":9,"enemies":"Lagavulin","floor":7,"turns":6},{"damage":4,"enemies":"Replay:BlueRogue","floor":11,"turns":3},{"damage":0,"enemies":"Exordium Wildlife","floor":12,"turns":2},{"damage":6,"enemies":"Large Slime","floor":14,"turns":3},{"damage":4,"enemies":"Slime Boss","floor":16,"turns":6},{"damage":5,"enemies":"Spheric Guardian","floor":18,"turns":3},{"damage":2,"enemies":"Shell Parasite","floor":19,"turns":4},{"damage":8,"enemies":"Sentry and Sphere","floor":22,"turns":6},{"damage":10,"enemies":"Gremlin Leader","floor":23,"turns":5},{"damage":0,"enemies":"Book of Stabbing","floor":25,"turns":4},{"damage":22,"enemies":"Slavers","floor":29,"turns":3},{"damage":6,"enemies":"3 Cultists","floor":30,"turns":5},{"damage":6,"enemies":"Snake Plant","floor":31,"turns":3},{"damage":0,"enemies":"Champ","floor":33,"turns":7},{"damage":0,"enemies":"Orb Walker","floor":35,"turns":3},{"damage":0,"enemies":"3 Shapes","floor":37,"turns":4},{"damage":0,"enemies":"Jaw Worm Horde","floor":38,"turns":4},{"damage":0,"enemies":"Nemesis","floor":40,"turns":3},{"damage":11,"enemies":"Reptomancer","floor":42,"turns":4},{"damage":0,"enemies":"Nemesis","floor":44,"turns":3},{"damage":0,"enemies":"Maw","floor":45,"turns":4},{"damage":0,"enemies":"Transient","floor":47,"turns":5},{"damage":0,"enemies":"Sphere and 2 Shapes","floor":48,"turns":2},{"damage":13,"enemies":"Donu and Deca","floor":50,"turns":3}],"seed_played":"-6848874816044096569","potions_obtained":[{"floor":1,"key":"Energy Potion"},{"floor":14,"key":"Dexterity Potion"},{"floor":23,"key":"EssenceOfSteel"},{"floor":25,"key":"Regen Potion"},{"floor":33,"key":"Dota2Spire:Clarity"},{"floor":47,"key":"DistilledChaos"}],"is_trial":false,"path_per_floor":["M","?","M","?","M","R","E","?","T","$","E","M","?","M","R","B",null,"M","M","?","T","M","E","R","E","T","R","T","E","M","M","R","B",null,"M","?","M","M","$","E","R","E","T","E","M","?","M","M","R","B",null],"character_chosen":"THE_GATHERER","items_purchased":["PreservedInsect","Sling","Gremlin Food","Replay:Wax Seal"],"campfire_rested":2,"item_purchase_floors":[10,39,39,39],"current_hp_per_floor":[65,65,65,65,65,65,56,63,63,63,59,59,59,53,53,49,66,61,59,59,59,51,41,62,62,62,62,62,40,34,28,49,49,66,66,66,66,66,66,66,66,55,55,55,55,55,55,55,55,51],"gold":854,"neow_bonus":"THREE_ENEMY_KILL","is_daily":false,"chose_seed":false,"campfire_upgraded":5,"win_rate":0.0,"timestamp":1609676800,"path_taken":["M","?","M","?","M","R","E","?","T","$","E","?","?","M","R","BOSS","M","M","?","?","M","E","R","E","T","R","?","E","M","M","R","BOSS","M","?","M","M","$","E","R","E","T","E","M","?","M","M","R","BOSS"],"items_purchased_type":["Relic","Relic","Relic","Relic"],"build_version":"2020-12-22","purchased_purges":1,"victory":true,"max_hp_per_floor":[72,72,72,72,72,72,72,72,72,72,72,72,72,72,72,72,72,72,72,72,72,72,72,72,72,72,72,72,72,72,72,72,72,72,72,72,72,72,72,72,72,72,72,72,72,72,72,72,72,72],"card_choices":[{"not_picked":["Gatherer:Nutrients","Gatherer:SealedBomb"],"picked":"Gatherer:CarefulStrike","floor":1},{"not_picked":["Gatherer:Liquidism","Gatherer:AromaProtection"],"picked":"Gatherer:AcidicSpray","floor":3},{"not_picked":["Gatherer:EnergyBasket","Gatherer:CollectorsShot"],"picked":"Gatherer:WoolGloves","floor":5},{"not_picked":["Gatherer:Liquidism","Gatherer:FragileHammer"],"picked":"Gatherer:AlchemyTrial","floor":7},{"not_picked":["Gatherer:CollectorsShot","Gatherer:MiningStrike"],"picked":"Gatherer:Misfortune","floor":11},{"not_picked":["Gatherer:CarefulStrike","Gatherer:SaveValuables"],"picked":"Gatherer:ScherryThrow","floor":12},{"not_picked":["Gatherer:Convert","Gatherer:Solidify"],"picked":"Gatherer:Snatch","floor":14},{"not_picked":["Gatherer:CursedBlade","Gatherer:HeartToFruit"],"picked":"Gatherer:BlackTea","floor":16},{"not_picked":["Gatherer:DrugPower","Gatherer:CarefulStrike+1"],"picked":"Gatherer:SmartManeuver","floor":18},{"not_picked":["Gatherer:QuickSynthesis","Gatherer:VenomBarrier+1"],"picked":"Gatherer:UpgradeBag","floor":19},{"not_picked":["Gatherer:FragileHammer","Gatherer:Convert+1"],"picked":"Gatherer:BigPouch+1","floor":22},{"not_picked":["Gatherer:WoolGloves+1","Gatherer:FruitForce"],"picked":"Gatherer:Solidify+1","floor":23},{"not_picked":["Gatherer:FragileHammer","Gatherer:TreeGrowth+1"],"picked":"Gatherer:QuickSynthesis+1","floor":25},{"not_picked":["Gatherer:Polymorphism+1","Gatherer:SaveValuables+1"],"picked":"Gatherer:PotentialSlash+1","floor":29},{"not_picked":["Gatherer:Misfortune","Gatherer:BambuSword+1"],"picked":"Gatherer:QuickSynthesis+1","floor":30},{"not_picked":["Gatherer:SaveValuables+1","Gatherer:RottenStipe","Gatherer:Misfortune"],"picked":"SKIP","floor":31},{"not_picked":["Gatherer:ColorfulGarden","Gatherer:Overflowing+1"],"picked":"Gatherer:PoisonMastery","floor":33},{"not_picked":["Gatherer:WoolGloves+1","Gatherer:SmartManeuver+1"],"picked":"Gatherer:Snatch","floor":35},{"not_picked":["Gatherer:EnergyBasket+1","Gatherer:FlowerShield+1"],"picked":"Gatherer:DrugPower+1","floor":37},{"not_picked":["Gatherer:FragileHammer","Gatherer:GatherMaterial+1"],"picked":"Gatherer:AcidicSpray+1","floor":38},{"not_picked":["Gatherer:ScherryThrow","Gatherer:HeartToFruit"],"picked":"Gatherer:Misfortune+1","floor":40},{"not_picked":["Gatherer:FragileHammer","Gatherer:AromaProtection+1"],"picked":"Gatherer:QuickSynthesis+1","floor":42},{"not_picked":["Gatherer:ScrollOfWall+1","Gatherer:TreeGrowth+1"],"picked":"Gatherer:FlowerPower","floor":44},{"not_picked":["Gatherer:AcidicSpray","Gatherer:FlowerPower+1"],"picked":"Gatherer:TacticalStrike+1","floor":45},{"not_picked":["Mind Blast","Dark Shackles+1"],"picked":"Apotheosis+1","floor":46},{"not_picked":["Gatherer:FlowerFalling","Gatherer:AcidicSpray+1","Gatherer:ScentOfRosmari+1"],"picked":"SKIP","floor":47},{"not_picked":["Gatherer:TacticalStrike+1","Gatherer:WitheringStrike"],"picked":"Gatherer:FlowerPower","floor":48}],"player_experience":127334,"relics_obtained":[{"floor":7,"key":"Nunchaku"},{"floor":9,"key":"Dota2Spire:Butterfly"},{"floor":11,"key":"aspiration:ChemicalBlood"},{"floor":20,"key":"Ring of Peace"},{"floor":20,"key":"Ring of Hypnosis"},{"floor":21,"key":"Toxic Egg 2"},{"floor":23,"key":"Orichalcum"},{"floor":25,"key":"Dota2Spire:OctarineCore"},{"floor":26,"key":"Dota2Spire:PhaseBoots"},{"floor":29,"key":"Replay:Bottled Flurry"},{"floor":40,"key":"Replay:Bandana"},{"floor":42,"key":"aspiration:VileToxins"},{"floor":43,"key":"Replay:Bottled Steam"},{"floor":44,"key":"Ornamental Fan"}],"event_choices":[{"damage_healed":0,"gold_gain":0,"player_choice":"Grow","damage_taken":0,"max_hp_gain":0,"max_hp_loss":0,"event_name":"Living Wall","floor":2,"gold_loss":0,"cards_upgraded":["Gatherer:Centralize"]},{"damage_healed":0,"gold_gain":0,"cards_transformed":["Gatherer:Defend_Gatherer"],"player_choice":"Transformed","damage_taken":0,"max_hp_gain":0,"max_hp_loss":0,"event_name":"Transmorgrifier","floor":13,"gold_loss":0,"cards_obtained":["Gatherer:FlamingBottle"]},{"damage_healed":0,"gold_gain":0,"player_choice":"Ignored","damage_taken":0,"max_hp_gain":0,"max_hp_loss":0,"event_name":"Tomb of Lord Red Mask","floor":36,"gold_loss":0},{"damage_healed":0,"gold_gain":0,"player_choice":"Memory 1","damage_taken":0,"max_hp_gain":0,"max_hp_loss":0,"event_name":"SensoryStone","floor":46,"gold_loss":0}],"is_beta":false,"boss_relics":[{"not_picked":["Ectoplasm","aspiration:FutureDiary"],"picked":"Dota2Spire:RefresherOrb"},{"not_picked":["SlaversCollar","Snecko Eye"],"picked":"Dota2Spire:Bloodstone"}],"items_purged_floors":[39],"is_endless":false,"potions_floor_spawned":[1,14,22,23,25,33,40,44,47],"ascension_level":6}}