{"host":"91qk9v3o49otpvon","time":1609635161,"event":{"mods":["A Magickal Journey","Act Like it!","Arknights The Spire","Astrologer","BaseMod","CapriCore","Downfall","Elementarium","Fireblade Mod","GungeonMod","Hallownest","Hermit","JesterMod","Luminous","Minty Spire (QoL Compilation)","Quick Restart","Remilia??????","SOS???????","StSLib","The Animator","The Bug Knight","The Exalted","The Immortal","The Judge","The Kombatant","The Marked","The Necromancer","The Servant 0.9.4","The Wild Card","TheHero","TheSwordswoman"],"gold_per_floor":[118,118,137,32,42,69,69,88,88,17,17,17,29,6,6,104,104,44,54,54,54,73,106,21,21,21,32,32,32,32,32],"floor_reached":29,"playtime":1444,"items_purged":[],"score":241,"play_id":"0d1acdf4-88a3-4229-911c-a3c343975de9","local_time":"20210103005241","is_ascension_mode":false,"campfire_choices":[{"floor":7,"key":"REST"},{"floor":12,"key":"REST"},{"floor":15,"key":"RECALL"},{"floor":25,"key":"REST"}],"circlet_count":0,"master_deck":["MokouMod:Strike+1","MokouMod:Strike+1","MokouMod:Strike+1","MokouMod:Strike+1","MokouMod:Defend+1","MokouMod:Defend+1","MokouMod:Defend+1","MokouMod:HeatSpark","MokouMod:Sear","MokouMod:GuidingSmoke","MokouMod:WarmUp+1","MokouMod:FlareStarter","MokouMod:Singe","MokouMod:ThermalPressure","MokouMod:IndiscriminateIgnition","MokouMod:ScorchingColumn","MokouMod:Firecracker","MokouMod:FlareStarter","MokouMod:RadiantBlade","MokouMod:Ember","MokouMod:IgneousBlow+1","MokouMod:RoaringFlare","MokouMod:Singe","MokouMod:Stoke+1","MokouMod:TemporalFireSeal","MokouMod:UncontrollableSolarReaction+1"],"relics":["MokouMod:PhoenixFeather","White Beast Statue","TungstenRod","Bromod:ArcaneBarrier","DemoMod:LamentConfigurum","Bromod:ArcaneTempo","Meat on the Bone"],"acts_visited":["Exordium","TheCity"],"potions_floor_usage":[16,16,19,19,19,23,27],"damage_taken":[{"damage":10,"enemies":"Small Slimes","floor":1,"turns":3},{"damage":10,"enemies":"Cultist","floor":3,"turns":4},{"damage":10,"enemies":"Jaw Worm","floor":5,"turns":2},{"damage":21,"enemies":"Gremlin Nob","floor":6,"turns":4},{"damage":0,"enemies":"Exordium Wildlife","floor":8,"turns":3},{"damage":0,"enemies":"Blue Slaver","floor":13,"turns":3},{"damage":82,"enemies":"Slime Boss","floor":16,"turns":15},{"damage":10,"enemies":"2 Thieves","floor":18,"turns":4},{"damage":47,"enemies":"Snecko","floor":19,"turns":8},{"damage":43,"enemies":"Cultist and Chosen","floor":22,"turns":7},{"damage":24,"enemies":"Gremlin Leader","floor":23,"turns":6},{"damage":39,"enemies":"Chosen and Byrds","floor":27,"turns":7},{"damage":8152003,"enemies":"HollowMod:Nosk","floor":29,"turns":1}],"seed_played":"-2056441246534141261","potions_obtained":[{"floor":3,"key":"FearPotion"},{"floor":8,"key":"sneckomod:MuddlingPotion"},{"floor":13,"key":"Block Potion"},{"floor":16,"key":"Fire Potion"},{"floor":18,"key":"ColorlessPotion"},{"floor":19,"key":"Fruit Juice"},{"floor":22,"key":"LiquidBronze"},{"floor":23,"key":"Regen Potion"},{"floor":27,"key":"Swift Potion"}],"is_trial":false,"path_per_floor":["M","?","M","$","M","E","R","M","T","$","?","R","M","$","R","B",null,"M","M","?","?","M","E","?","R","T","M","$","E"],"character_chosen":"MKU","items_purchased":["MokouMod:GuidingSmoke","MokouMod:WarmUp","MokouMod:IndiscriminateIgnition","MokouMod:ScorchingColumn","MokouMod:FlareStarter"],"campfire_rested":3,"item_purchase_floors":[4,4,10,10,14],"current_hp_per_floor":[72,77,67,67,57,36,60,60,60,60,60,82,82,82,82,20,82,72,30,30,30,21,21,21,47,47,34,34,0,0,0],"gold":32,"neow_bonus":"TEN_PERCENT_HP_BONUS","is_daily":false,"chose_seed":false,"campfire_upgraded":0,"win_rate":0.0,"timestamp":1609635161,"path_taken":["M","?","M","$","?","E","R","M","T","$","?","R","M","?","R","BOSS","M","M","?","?","M","E","?","R","T","M","?","E"],"items_purchased_type":["Card","Card","Card","Card","Card"],"build_version":"2020-12-22","purchased_purges":0,"victory":false,"max_hp_per_floor":[82,82,82,82,82,82,82,82,82,82,82,82,82,82,82,82,82,82,87,87,87,87,87,87,87,87,87,87,87,87,87],"card_choices":[{"not_picked":["MokouMod:BlazingComet","MokouMod:IgnitionBlast"],"picked":"MokouMod:ScorchingColumn","floor":1},{"not_picked":["MokouMod:BurningDraft","MokouMod:Ember"],"picked":"MokouMod:Sear","floor":3},{"not_picked":["MokouMod:FujiyamaVolcano","MokouMod:AdaptivePyromancy"],"picked":"MokouMod:FlareStarter","floor":5},{"not_picked":["MokouMod:ResoluteFlare","MokouMod:ProfanedFlare"],"picked":"MokouMod:Singe","floor":6},{"not_picked":["MokouMod:IcarusDive","MokouMod:FujiyamaVolcano"],"picked":"MokouMod:ThermalPressure","floor":8},{"not_picked":["MokouMod:WarmUp","MokouMod:IndiscriminateIgnition"],"picked":"MokouMod:Firecracker","floor":13},{"not_picked":["MokouMod:PhoenixForm","MokouMod:Extinguish"],"picked":"MokouMod:RadiantBlade","floor":16},{"not_picked":["MokouMod:SearingShot","MokouMod:SubterraneanCore"],"picked":"MokouMod:Ember","floor":18},{"not_picked":["MokouMod:Fireball","MokouMod:SubterraneanCore"],"picked":"MokouMod:IgneousBlow+1","floor":19},{"not_picked":["MokouMod:IndiscriminateIgnition","MokouMod:ControlledCombustion"],"picked":"MokouMod:Stoke+1","floor":22},{"not_picked":["MokouMod:InfernalWave","MokouMod:FlickeringFlame"],"picked":"MokouMod:TemporalFireSeal","floor":23},{"not_picked":["MokouMod:PhoenixFeathers","MokouMod:EternalBurstReactor"],"picked":"MokouMod:UncontrollableSolarReaction+1","floor":27}],"player_experience":213490,"relics_obtained":[{"floor":6,"key":"White Beast Statue"},{"floor":9,"key":"TungstenRod"},{"floor":23,"key":"DemoMod:LamentConfigurum"},{"floor":26,"key":"Meat on the Bone"}],"event_choices":[{"cards_removed":["MokouMod:ScorchingColumn"],"damage_healed":5,"gold_gain":0,"player_choice":"Offered Common","damage_taken":0,"max_hp_gain":0,"max_hp_loss":0,"event_name":"Bonfire Elementals","floor":2,"gold_loss":0},{"cards_removed":["MokouMod:ScorchingColumn"],"damage_healed":5,"gold_gain":0,"player_choice":"Offered Special","damage_taken":0,"max_hp_gain":0,"max_hp_loss":0,"event_name":"Bonfire Elementals","floor":2,"gold_loss":0},{"damage_healed":0,"gold_gain":0,"player_choice":"Grow","damage_taken":0,"max_hp_gain":0,"max_hp_loss":0,"event_name":"Living Wall","floor":11,"gold_loss":0,"cards_upgraded":["MokouMod:WarmUp"]},{"damage_healed":0,"gold_gain":0,"cards_transformed":["MokouMod:Defend","MokouMod:Strike"],"player_choice":"Became Test Subject","damage_taken":0,"max_hp_gain":0,"max_hp_loss":0,"event_name":"Drug Dealer","floor":20,"gold_loss":0,"cards_obtained":["MokouMod:RoaringFlare","MokouMod:Singe"]},{"damage_healed":0,"gold_gain":0,"player_choice":"Simplicity","damage_taken":0,"max_hp_gain":0,"max_hp_loss":0,"event_name":"Back to Basics","floor":21,"gold_loss":0,"cards_upgraded":["MokouMod:Strike","MokouMod:Strike","MokouMod:Strike","MokouMod:Strike","MokouMod:Defend","MokouMod:Defend","MokouMod:Defend"]},{"damage_healed":0,"gold_gain":0,"player_choice":"Obtained Relic","damage_taken":0,"relics_obtained":["Bromod:ArcaneTempo"],"max_hp_gain":0,"max_hp_loss":0,"event_name":"Addict","floor":24,"gold_loss":85}],"is_beta":false,"boss_relics":[{"not_picked":["Sozu","Astrolabe"],"picked":"Bromod:ArcaneBarrier"}],"items_purged_floors":[],"is_endless":false,"potions_floor_spawned":[3,8,13,16,18,19,22,23,27],"killed_by":"HollowMod:Nosk","ascension_level":0}}