{"host":"k18hfimadcku5042","time":1609674655,"event":{"mods":["Act Like it!","Aspiration","BaseMod","Minty Spire (QoL Compilation)","Pale of the Ancients","Replay The Spire","Spicy Shops","StSLib","The Runesmith","¡¾ÒÅÎï¿¨ÅÆ¡¿REMEMod"],"gold_per_floor":[110,121,134,152,172,204,204,29,56,84,84,95,144,158,158,253,253,266,266,280,125,125,151,165,199,199,224,224,252,252,269,269,370,370,389,389,405,405,420,453,498,39,39,63,155,155,170,195,195,195],"floor_reached":51,"playtime":4378,"items_purged":["Shame"],"score":1099,"play_id":"41eb6551-49c8-4cbd-a4e6-c7661bd1c296","local_time":"20210103195055","is_ascension_mode":false,"campfire_choices":[{"data":"Runesmith:CraftFirestone","floor":15.0,"key":"SMITH"},{"data":"Runesmith:ElementalConversion","floor":32.0,"key":"SMITH"},{"data":"Runesmith:PoweredAnvil","floor":49.0,"key":"SMITH"}],"circlet_count":0,"master_deck":["Runesmith:Strike_RS+1","Runesmith:Strike_RS+1","Runesmith:Strike_RS+1","Runesmith:Defend_RS","Runesmith:Defend_RS","Runesmith:Defend_RS","Runesmith:CraftFirestone+1","Runesmith:Fortify","Seeing Red","Runesmith:HeatedChisel+1","Runesmith:EnergizedChisel+1","Runesmith:HeatedChisel+1","Runesmith:OneForEveryone+1","Runesmith:UnstableHammer+1","Runesmith:RuneHurl+1","Runesmith:PoweredAnvil+1","Runesmith:LithiumIon","Runesmith:FieryHammer+1","Runesmith:ReplicatingBarrier+1","Runesmith:EarthShield+1","Runesmith:EarthShield","Runesmith:HammerAndChisel+1","Runesmith:EarthShield+1","Runesmith:LastStand+1","Runesmith:Terraform","Runesmith:ElementalConversion+1","Runesmith:UnlimitedPower+1","Runesmith:Attraction+1","Runesmith:Accelerate+1","Runesmith:GoWithTheFlow+1","Runesmith:Permafrost","Runesmith:RuneHurl","Runesmith:FissionHammer+1"],"relics":["Runesmith:BrokenRuby","REME_ComplimentaryCards","NeowsBlessing","Golden Egg","ReplayTheSpireMod:Lightbulb","Darkstone Periapt","Runesmith:MiniCore","SlaversCollar","REME_HandOfSuture","Replay:Rubber Ducky","Anchor","Eternal Feather","Juzu Bracelet","Runesmith:Nanobots","Philosopher\u0027s Stone","Shuriken","Bag of Marbles","CaptainsWheel","Toolbox","Lantern","Whetstone","Onion Ring","Oddly Smooth Stone","Replay:Accelerometer"],"acts_visited":["Exordium","TheCity","TheBeyond"],"potions_floor_usage":[50,50,50],"damage_taken":[{"damage":0.0,"enemies":"Cultist","floor":1.0,"turns":1.0},{"damage":0.0,"enemies":"2 Louse","floor":2.0,"turns":1.0},{"damage":0.0,"enemies":"Jaw Worm","floor":3.0,"turns":1.0},{"damage":8.0,"enemies":"2 Fungi Beasts","floor":4.0,"turns":4.0},{"damage":13.0,"enemies":"Exordium Thugs","floor":5.0,"turns":6.0},{"damage":0.0,"enemies":"Replay:BlueRogue","floor":6.0,"turns":5.0},{"damage":8.0,"enemies":"Lagavulin","floor":10.0,"turns":3.0},{"damage":0.0,"enemies":"Red Slaver","floor":12.0,"turns":2.0},{"damage":0.0,"enemies":"Blue Slaver","floor":13.0,"turns":2.0},{"damage":10.0,"enemies":"Looter","floor":14.0,"turns":2.0},{"damage":27.0,"enemies":"The Guardian","floor":16.0,"turns":8.0},{"damage":6.0,"enemies":"Shell Parasite","floor":18.0,"turns":3.0},{"damage":12.0,"enemies":"2 Thieves","floor":20.0,"turns":3.0},{"damage":14.0,"enemies":"REME_1_Revenger","floor":23.0,"turns":4.0},{"damage":0.0,"enemies":"Centurion and Healer","floor":24.0,"turns":7.0},{"damage":0.0,"enemies":"Replay:Snechameleon","floor":25.0,"turns":6.0},{"damage":5.0,"enemies":"Gremlin Leader","floor":27.0,"turns":5.0},{"damage":0.0,"enemies":"Replay:Snechameleon","floor":29.0,"turns":6.0},{"damage":0.0,"enemies":"Sentry and Sphere","floor":31.0,"turns":5.0},{"damage":2.0,"enemies":"Pondfish","floor":33.0,"turns":9.0},{"damage":0.0,"enemies":"3 Darklings","floor":35.0,"turns":7.0},{"damage":0.0,"enemies":"Orb Walker","floor":37.0,"turns":3.0},{"damage":1.0,"enemies":"4 Shapes","floor":39.0,"turns":6.0},{"damage":9.0,"enemies":"Reptomancer","floor":40.0,"turns":6.0},{"damage":5.0,"enemies":"2 Orb Walkers","floor":41.0,"turns":4.0},{"damage":11.0,"enemies":"Spire Growth","floor":45.0,"turns":3.0},{"damage":14.0,"enemies":"Maw","floor":47.0,"turns":6.0},{"damage":0.0,"enemies":"Nemesis","floor":48.0,"turns":3.0},{"damage":0,"enemies":"Time Eater","floor":50,"turns":10}],"seed_played":"650184607325112452","potions_obtained":[{"floor":1.0,"key":"Weak Potion"},{"floor":3.0,"key":"Energy Potion"},{"floor":5.0,"key":"SpeedPotion"},{"floor":6.0,"key":"Toxic Potion"},{"floor":12.0,"key":"REME_GoldPotion"},{"floor":14.0,"key":"FearPotion"},{"floor":16.0,"key":"FearPotion"},{"floor":20.0,"key":"SpeedPotion"},{"floor":23.0,"key":"CultistPotion"},{"floor":25.0,"key":"Regen Potion"},{"floor":29.0,"key":"LiquidBronze"},{"floor":40.0,"key":"Toxic Potion"},{"floor":45.0,"key":"FearPotion"},{"floor":47.0,"key":"Fire Potion"},{"floor":48.0,"key":"Block Potion"}],"is_trial":false,"path_per_floor":["M","M","M","M","M","E","?","$","T","E","?","M","M","M","R","B",null,"M","?","M","$","?","E","M","E","T","E","?","E","?","M","R","B",null,"M","T","M","?","M","E","?","$","T","T","M","?","M","E","R","B",null],"character_chosen":"RUNESMITH_CLASS","items_purchased":["Golden Egg","REME_HandOfSuture","Toolbox","Lantern","Whetstone"],"campfire_rested":0,"item_purchase_floors":[8,21,42,42,42],"current_hp_per_floor":[70,70,70,62,49,49,49,49,49,41,41,41,41,31,31,4,70,64,64,52,52,52,38,38,38,38,33,20,35,35,35,50,48,75,75,75,75,71,70,61,56,56,56,56,45,45,31,31,49,49],"gold":195,"neow_bonus":"THREE_ENEMY_KILL","is_daily":false,"chose_seed":false,"campfire_upgraded":3,"win_rate":0.0,"timestamp":1609674655,"path_taken":["M","M","?","M","M","E","?","$","T","E","?","M","?","M","R","BOSS","M","?","M","?","?","E","M","E","T","E","?","E","?","M","R","BOSS","M","?","M","?","M","E","?","$","T","?","M","?","M","E","R","BOSS"],"items_purchased_type":["Relic","Relic","Relic","Relic","Relic"],"build_version":"2020-12-22","purchased_purges":1,"victory":true,"max_hp_per_floor":[70,70,70,70,70,70,70,70,70,70,70,70,70,70,70,70,70,70,70,70,70,70,70,70,70,70,70,75,75,75,75,75,75,75,75,75,75,71,71,71,71,71,71,71,71,71,71,71,71,71],"card_choices":[{"not_picked":["Runesmith:Terraform","Runesmith:RuneHurl"],"picked":"Runesmith:HeatedChisel","floor":1.0},{"not_picked":["Runesmith:StaticCage","Runesmith:CraftReservo"],"picked":"Runesmith:EnergizedChisel","floor":2.0},{"not_picked":["Runesmith:RunicBlueprint","aspiration:UnbridledHammer"],"picked":"Runesmith:HeatedChisel","floor":3.0},{"not_picked":["Runesmith:HammerThrow","Runesmith:ShiftingStrike"],"picked":"Runesmith:OneForEveryone","floor":4.0},{"not_picked":["Runesmith:CraftProtectio","Runesmith:Attraction"],"picked":"Runesmith:UnstableHammer","floor":5.0},{"not_picked":["Runesmith:ShiftingStrike","Runesmith:CraftMagma"],"picked":"Runesmith:RuneHurl","floor":6.0},{"not_picked":["Runesmith:FrozenChisel","Runesmith:HammerThrow"],"picked":"Runesmith:UnstableHammer","floor":10.0},{"not_picked":["Runesmith:Accelerate","Runesmith:HammerThrow"],"picked":"Runesmith:PoweredAnvil","floor":12.0},{"not_picked":["Runesmith:NegativeSpace","Runesmith:HeatedChisel"],"picked":"Runesmith:LithiumIon","floor":13.0},{"not_picked":["Runesmith:OneForEveryone","Runesmith:BackupBattery"],"picked":"Runesmith:FieryHammer","floor":14.0},{"not_picked":["Runesmith:CraftIndustria","Runesmith:GrandSlam"],"picked":"Runesmith:ReplicatingBarrier","floor":16.0},{"not_picked":["Runesmith:MakeshiftArmor","Runesmith:ChiselStab"],"picked":"Runesmith:EarthShield+1","floor":18.0},{"not_picked":["Runesmith:Empowerment","Runesmith:ChiselStab","Runesmith:WhiteBalance"],"picked":"SKIP","floor":20.0},{"not_picked":["Runesmith:FieryHammer+1","Runesmith:Repurpose+1"],"picked":"Runesmith:HammerAndChisel+1","floor":23.0},{"not_picked":["Runesmith:CraftMagma+1","Runesmith:ShiftingStrike"],"picked":"Runesmith:EarthShield+1","floor":24.0},{"not_picked":["Runesmith:HammerThrow","Runesmith:FieryHammer","Runesmith:Supernova"],"picked":"SKIP","floor":25.0},{"not_picked":["Runesmith:HammerThrow","Runesmith:StaticCage"],"picked":"Runesmith:LastStand","floor":27.0},{"not_picked":["Runesmith:CraftObretio","Runesmith:NanitesCloud+1"],"picked":"Runesmith:Terraform","floor":29.0},{"not_picked":["Runesmith:Electrocute","Runesmith:Overpower","Runesmith:HammerThrow"],"picked":"SKIP","floor":31.0},{"not_picked":["Runesmith:FissionHammer","Runesmith:CraftPrismatica"],"picked":"Runesmith:UnlimitedPower","floor":33.0},{"not_picked":["Runesmith:Reinforce","Runesmith:Grindstone+1"],"picked":"Runesmith:Attraction+1","floor":35.0},{"not_picked":["Runesmith:Grindstone","Runesmith:HeatedChisel"],"picked":"Runesmith:Accelerate+1","floor":37.0},{"not_picked":["Runesmith:StaticCage+1","Runesmith:Overpower+1","Runesmith:NanitesCloud+1"],"picked":"SKIP","floor":39.0},{"not_picked":["Runesmith:Overpower+1","Runesmith:RunicBlueprint"],"picked":"Runesmith:GoWithTheFlow+1","floor":40.0},{"not_picked":["Runesmith:MakeshiftArmor","Runesmith:Repurpose"],"picked":"Runesmith:Permafrost","floor":45.0},{"not_picked":["Runesmith:HammerThrow","Runesmith:NanitesCloud"],"picked":"Runesmith:RuneHurl","floor":47.0},{"not_picked":["Runesmith:Overpower","Runesmith:HammerThrow"],"picked":"Runesmith:FissionHammer","floor":48.0}],"player_experience":188155,"relics_obtained":[{"floor":6.0,"key":"Orichalcum"},{"floor":9.0,"key":"ReplayTheSpireMod:Lightbulb"},{"floor":10.0,"key":"Darkstone Periapt"},{"floor":11.0,"key":"Runesmith:MiniCore"},{"floor":23.0,"key":"Replay:Rubber Ducky"},{"floor":25.0,"key":"Anchor"},{"floor":26.0,"key":"Eternal Feather"},{"floor":27.0,"key":"Juzu Bracelet"},{"floor":29.0,"key":"Runesmith:Nanobots"},{"floor":36.0,"key":"Shuriken"},{"floor":40.0,"key":"Bag of Marbles"},{"floor":41.0,"key":"CaptainsWheel"},{"floor":43.0,"key":"Onion Ring"},{"floor":44.0,"key":"Oddly Smooth Stone"},{"floor":48.0,"key":"Replay:Accelerometer"}],"event_choices":[{"damage_healed":0.0,"max_hp_gain":0.0,"max_hp_loss":0.0,"gold_gain":0.0,"event_name":"Wheel of Change","player_choice":"Relic","floor":11.0,"gold_loss":0.0,"damage_taken":0.0},{"damage_healed":0.0,"max_hp_gain":0.0,"max_hp_loss":0.0,"gold_gain":0.0,"cards_transformed":["Runesmith:Strike_RS"],"event_name":"Transmorgrifier","player_choice":"Transformed","floor":22.0,"gold_loss":0.0,"damage_taken":0.0,"cards_obtained":["Runesmith:EarthShield"]},{"damage_healed":0.0,"max_hp_gain":5.0,"max_hp_loss":0.0,"gold_gain":0.0,"event_name":"Forgotten Altar","player_choice":"Shed Blood","floor":28.0,"gold_loss":0.0,"damage_taken":18.0},{"damage_healed":0.0,"max_hp_gain":0.0,"max_hp_loss":0.0,"gold_gain":0.0,"cards_transformed":["Runesmith:Defend_RS"],"event_name":"Transmorgrifier","player_choice":"Transformed","floor":30.0,"gold_loss":0.0,"damage_taken":0.0,"cards_obtained":["Runesmith:ElementalConversion"]},{"damage_healed":0.0,"max_hp_gain":0.0,"max_hp_loss":4.0,"gold_gain":0.0,"event_name":"Winding Halls","player_choice":"Max HP","floor":38.0,"gold_loss":0.0,"damage_taken":0.0},{"damage_healed":0.0,"max_hp_gain":0.0,"max_hp_loss":0.0,"gold_gain":0.0,"event_name":"Mysterious Sphere","player_choice":"Fight","floor":41.0,"gold_loss":0.0,"damage_taken":0.0},{"cards_removed":["Runesmith:UnstableHammer"],"damage_healed":0.0,"max_hp_gain":0.0,"max_hp_loss":0.0,"gold_gain":0.0,"event_name":"Falling","player_choice":"Removed Attack","floor":46.0,"gold_loss":0.0,"damage_taken":0.0}],"is_beta":false,"boss_relics":[{"not_picked":["ReplayTheSpireMod:DimensionalGlitch","aspiration:IroncladSkillbook"],"picked":"SlaversCollar"},{"not_picked":["Replay:Ancient Bell","Runic Dome"],"picked":"Philosopher\u0027s Stone"}],"items_purged_floors":[8],"is_endless":false,"potions_floor_spawned":[1,3,5,6,12,14,16,20,23,25,29,40,45,47,48],"ascension_level":0}}