{"host":"w9yruvs4bqht6bhw","time":1609641782,"event":{"mods":["BaseMod","Colored Powertips","Minty Spire (QoL Compilation)"],"gold_per_floor":[110,110,121,121,121,155,167,193,230,272,294,306,3,31,31,127,127,145,163,14,14,113,113,127,139,165,165,165],"floor_reached":27,"playtime":763,"items_purged":["Strike_R","Strike_R"],"score":332,"play_id":"589e48ae-7352-4ae9-a0b3-46df936b45c8","local_time":"20210102214302","is_ascension_mode":true,"campfire_choices":[{"data":"Rampage","floor":7,"key":"SMITH"},{"data":"Heavy Blade","floor":12,"key":"SMITH"},{"data":"Bash","floor":15,"key":"SMITH"},{"floor":23,"key":"REST"}],"circlet_count":0,"master_deck":["Strike_R","Defend_R","Defend_R","Defend_R","Bash+1","Rampage+1","Spot Weakness","Heavy Blade+1","Shrug It Off","Clash","Spot Weakness"],"relics":["Burning Blood","NeowsBlessing","Art of War","MawBank","Anchor","Matryoshka","Strawberry","Empty Cage","MutagenicStrength","Potion Belt","Pen Nib"],"acts_visited":["Exordium","TheCity"],"potions_floor_usage":[11,11,24,25],"damage_taken":[{"damage":0,"enemies":"2 Louse","floor":1,"turns":1},{"damage":0,"enemies":"Jaw Worm","floor":3,"turns":1},{"damage":0,"enemies":"Gremlin Nob","floor":6,"turns":1},{"damage":6,"enemies":"Cultist","floor":8,"turns":3},{"damage":16,"enemies":"Gremlin Gang","floor":11,"turns":5},{"damage":26,"enemies":"Lagavulin","floor":14,"turns":6},{"damage":52,"enemies":"Slime Boss","floor":16,"turns":13},{"damage":16,"enemies":"2 Thieves","floor":18,"turns":4},{"damage":46,"enemies":"3 Byrds","floor":19,"turns":6},{"damage":4,"enemies":"Cultist and Chosen","floor":24,"turns":4},{"damage":42,"enemies":"Snake Plant","floor":25,"turns":4},{"damage":15,"enemies":"Snecko","floor":27,"turns":4}],"seed_played":"-6403906935544707671","potions_obtained":[{"floor":3,"key":"Dexterity Potion"},{"floor":6,"key":"PowerPotion"},{"floor":24,"key":"PowerPotion"}],"is_trial":false,"path_per_floor":["M","?","M","?","?","E","R","M","T","?","M","R","$","E","R","B",null,"M","M","$","?","?","R","M","M","T","M"],"character_chosen":"IRONCLAD","items_purchased":["Matryoshka","SteroidPotion"],"campfire_rested":1,"item_purchase_floors":[13,20],"current_hp_per_floor":[78,71,77,70,70,76,76,76,76,76,66,66,66,53,53,7,67,57,17,17,17,17,43,45,9,9,0,0],"gold":165,"neow_bonus":"THREE_ENEMY_KILL","is_daily":false,"chose_seed":false,"campfire_upgraded":3,"win_rate":0.0,"timestamp":1609641782,"path_taken":["M","?","M","?","?","E","R","M","T","?","M","R","$","E","R","BOSS","M","M","$","?","?","R","M","M","T","M"],"items_purchased_type":["Relic","Potion"],"build_version":"2020-12-22","purchased_purges":2,"victory":false,"max_hp_per_floor":[80,80,80,80,80,80,80,80,80,80,80,80,80,87,87,87,87,87,87,87,87,87,87,87,87,87,87,87],"card_choices":[{"not_picked":["Cleave","Havoc"],"picked":"Rampage","floor":1},{"not_picked":["Armaments","Anger"],"picked":"Spot Weakness","floor":3},{"not_picked":["Flex","Infernal Blade"],"picked":"Heavy Blade","floor":6},{"not_picked":["Clothesline","Dropkick"],"picked":"Shrug It Off","floor":8},{"not_picked":["Sword Boomerang","Disarm"],"picked":"Clash","floor":11},{"not_picked":["Metallicize","Bludgeon","Perfected Strike"],"picked":"SKIP","floor":14},{"not_picked":["Heavy Blade","Cleave","Armaments+1"],"picked":"SKIP","floor":18},{"not_picked":["Evolve","Pommel Strike"],"picked":"Spot Weakness","floor":19},{"not_picked":["True Grit+1","Perfected Strike","Dark Embrace"],"picked":"SKIP","floor":24},{"not_picked":["Feel No Pain","Armaments+1","Disarm"],"picked":"SKIP","floor":25}],"player_experience":286742,"relics_obtained":[{"floor":6,"key":"MawBank"},{"floor":9,"key":"Anchor"},{"floor":14,"key":"Strawberry"},{"floor":26,"key":"Potion Belt"},{"floor":26,"key":"Pen Nib"}],"event_choices":[{"cards_removed":["Defend_R"],"damage_healed":0,"gold_gain":0,"player_choice":"Card Removal","damage_taken":7,"max_hp_gain":0,"max_hp_loss":0,"event_name":"Golden Wing","floor":2,"gold_loss":0},{"damage_healed":0,"gold_gain":0,"player_choice":"Success","damage_taken":7,"relics_obtained":["Art of War"],"max_hp_gain":0,"max_hp_loss":0,"event_name":"Scrap Ooze","floor":4,"gold_loss":0},{"damage_healed":0,"gold_gain":0,"player_choice":"Ignored","damage_taken":0,"max_hp_gain":0,"max_hp_loss":0,"event_name":"Liars Game","floor":5,"gold_loss":0},{"damage_healed":0,"gold_gain":30,"player_choice":"Searched \u00271\u0027 times","damage_taken":0,"max_hp_gain":0,"max_hp_loss":0,"event_name":"Dead Adventurer","floor":10,"gold_loss":0},{"damage_healed":0,"gold_gain":0,"player_choice":"Inject Mutagens","damage_taken":0,"relics_obtained":["MutagenicStrength"],"max_hp_gain":0,"max_hp_loss":0,"event_name":"Drug Dealer","floor":21,"gold_loss":0},{"damage_healed":0,"gold_gain":99,"player_choice":"Stole From Cult","damage_taken":0,"max_hp_gain":0,"max_hp_loss":0,"event_name":"Nest","floor":22,"gold_loss":0}],"is_beta":false,"boss_relics":[{"not_picked":["Velvet Choker","SacredBark"],"picked":"Empty Cage"}],"items_purged_floors":[13,20],"is_endless":false,"potions_floor_spawned":[3,6,24],"killed_by":"Snecko","ascension_level":7}}