{"host":"eketvm4dld8igxnv","time":1609659864,"event":{"mods":["BaseMod","Better Skull","Better Third Choice","Googly Eyes","Hermit","Minty Spire (QoL Compilation)","StSLib"],"gold_per_floor":[113,113,124,55,55,88,104,137,163,197,197,372,48,64,64,174,174,204,225,9,0,0,41,41,82,82,127,127,159,184,184,184,198,198],"floor_reached":33,"playtime":2728,"items_purged":["hermit:Strike_Hermit"],"score":382,"play_id":"775a4d75-4208-406f-8b4c-2296ea62d32a","local_time":"20210103024424","is_ascension_mode":true,"campfire_choices":[{"floor":11,"key":"REST"},{"data":"hermit:Midnight","floor":15,"key":"SMITH"},{"floor":24,"key":"REST"},{"floor":32,"key":"REST"}],"circlet_count":0,"master_deck":["hermit:Strike_Hermit","hermit:Strike_Hermit","hermit:Strike_Hermit","hermit:Defend_Hermit","hermit:Defend_Hermit","hermit:Defend_Hermit","hermit:Defend_Hermit","hermit:Snapshot","hermit:Covet","hermit:Reprieve","hermit:Misfire","hermit:RoundhouseKick","Finesse","Writhe","hermit:Vantage","hermit:Midnight+1","hermit:FlashPowder+1","hermit:Headshot","hermit:Midnight+1","hermit:Scavenge+1","Doubt","hermit:Scavenge+1","hermit:FatalDesire","hermit:Spite","hermit:Roulette+1","hermit:GoldenBullet","Pain","hermit:Midnight+1","hermit:SprayPray+1","hermit:Horror+1","hermit:Grudge","hermit:FlashPowder+1"],"relics":["hermit:Momento","Toxic Egg 2","hermit:Spyglass","White Beast Statue","Potion Belt","Kunai","Cursed Key","PreservedInsect","hermit:Horseshoe","Smiling Mask","Omamori","HornCleat","Sundial","Enchiridion","MealTicket"],"acts_visited":["Exordium","TheCity"],"potions_floor_usage":[6,10,14,19,23,23,25,25,27,29,33],"damage_taken":[{"damage":1,"enemies":"2 Louse","floor":1,"turns":3},{"damage":0,"enemies":"Cultist","floor":3,"turns":3},{"damage":21,"enemies":"Lagavulin","floor":6,"turns":6},{"damage":0,"enemies":"Small Slimes","floor":7,"turns":2},{"damage":25,"enemies":"3 Sentries","floor":8,"turns":5},{"damage":21,"enemies":"Lagavulin","floor":10,"turns":6},{"damage":2,"enemies":"Exordium Wildlife","floor":14,"turns":3},{"damage":12,"enemies":"Hexaghost","floor":16,"turns":13},{"damage":4,"enemies":"Spheric Guardian","floor":18,"turns":6},{"damage":0,"enemies":"3 Byrds","floor":19,"turns":4},{"damage":32,"enemies":"Gremlin Leader","floor":23,"turns":6},{"damage":16,"enemies":"Slavers","floor":25,"turns":4},{"damage":0,"enemies":"Book of Stabbing","floor":27,"turns":6},{"damage":19,"enemies":"Slavers","floor":29,"turns":4},{"damage":0,"enemies":"Shelled Parasite and Fungi","floor":30,"turns":4},{"damage":60,"enemies":"Automaton","floor":33,"turns":6}],"seed_played":"-6228902613659490332","potions_obtained":[{"floor":3,"key":"hermit:BlackBile"},{"floor":8,"key":"BlessingOfTheForge"},{"floor":10,"key":"LiquidMemories"},{"floor":14,"key":"Swift Potion"},{"floor":16,"key":"Weak Potion"},{"floor":18,"key":"Fire Potion"},{"floor":19,"key":"Swift Potion"},{"floor":23,"key":"EssenceOfSteel"},{"floor":25,"key":"Fire Potion"},{"floor":27,"key":"GamblersBrew"},{"floor":29,"key":"Weak Potion"},{"floor":30,"key":"LiquidMemories"}],"is_trial":false,"path_per_floor":["M","?","M","$","T","E","M","E","T","E","R","?","$","M","R","B",null,"M","M","$","?","T","E","R","E","T","E","?","E","M","?","R","B"],"character_chosen":"HERMIT","items_purchased":["hermit:Midnight","Kunai","PreservedInsect","hermit:GoldenBullet"],"campfire_rested":3,"item_purchase_floors":[4,13,20,20],"current_hp_per_floor":[74,74,75,75,75,62,62,49,49,36,58,58,58,56,56,60,75,73,73,73,73,73,41,63,67,67,67,51,32,36,36,58,0,0],"gold":198,"neow_bonus":"ONE_RANDOM_RARE_CARD","is_daily":false,"chose_seed":false,"campfire_upgraded":1,"win_rate":0.0,"timestamp":1609659864,"path_taken":["M","?","?","$","?","E","M","E","T","E","R","?","?","M","R","BOSS","M","M","$","?","?","E","R","E","T","E","?","E","?","?","R","BOSS"],"items_purchased_type":["Card","Relic","Relic","Card"],"build_version":"2020-12-22","purchased_purges":1,"victory":false,"max_hp_per_floor":[75,75,75,75,75,75,75,75,75,75,75,75,75,75,75,75,75,75,75,75,75,75,75,75,75,75,75,75,75,75,75,75,75,75],"card_choices":[{"not_picked":["hermit:LowProfile","hermit:Dive"],"picked":"hermit:Misfire","floor":1},{"not_picked":["hermit:Determination","hermit:Roughhouse"],"picked":"hermit:Vantage","floor":3},{"not_picked":["hermit:Feint+1","hermit:Quickdraw"],"picked":"hermit:FlashPowder+1","floor":6},{"not_picked":["hermit:Enervate","hermit:BodyArmor+1"],"picked":"hermit:Headshot","floor":7},{"not_picked":["hermit:HighCaliber","hermit:CalledShot"],"picked":"hermit:Midnight+1","floor":8},{"not_picked":["hermit:CalledShot","hermit:Feint+1"],"picked":"hermit:Scavenge+1","floor":10},{"not_picked":["hermit:Headshot","hermit:GhostlyPresence+1"],"picked":"hermit:Scavenge+1","floor":14},{"not_picked":["hermit:Adapt","hermit:Reprieve+1"],"picked":"hermit:FatalDesire","floor":16},{"not_picked":["hermit:DeadMansHand+1","hermit:Quickdraw"],"picked":"hermit:Spite","floor":18},{"not_picked":["hermit:Brawl","hermit:GoldenBullet"],"picked":"hermit:Roulette+1","floor":19},{"not_picked":["hermit:DeadMansHand+1","hermit:Spite"],"picked":"hermit:Midnight+1","floor":23},{"not_picked":["hermit:Roulette","hermit:Dissolve+1"],"picked":"hermit:SprayPray+1","floor":25},{"not_picked":["hermit:Feint+1","hermit:Roulette"],"picked":"hermit:Horror+1","floor":27},{"not_picked":["hermit:Feint+1","hermit:PistolWhip"],"picked":"hermit:Grudge","floor":29},{"not_picked":["hermit:Horror+1","hermit:WideOpen"],"picked":"hermit:FlashPowder+1","floor":30}],"player_experience":250620,"relics_obtained":[{"floor":5,"key":"Toxic Egg 2"},{"floor":6,"key":"hermit:Spyglass"},{"floor":8,"key":"White Beast Statue"},{"floor":10,"key":"Potion Belt"},{"floor":22,"key":"hermit:Horseshoe"},{"floor":23,"key":"Smiling Mask"},{"floor":25,"key":"Omamori"},{"floor":26,"key":"HornCleat"},{"floor":27,"key":"Sundial"},{"floor":28,"key":"Enchiridion"},{"floor":29,"key":"MealTicket"}],"event_choices":[{"damage_healed":0,"gold_gain":0,"player_choice":"3 cards matched","damage_taken":0,"max_hp_gain":0,"max_hp_loss":0,"event_name":"Match and Keep!","floor":2,"gold_loss":0,"cards_obtained":["hermit:RoundhouseKick","Finesse","Writhe"]},{"damage_healed":0,"gold_gain":175,"player_choice":"AGREE","damage_taken":197,"max_hp_gain":0,"max_hp_loss":0,"event_name":"betterThird:BetterSerpent","floor":12,"gold_loss":0},{"damage_healed":0,"gold_gain":0,"player_choice":"Paid Fearfully","damage_taken":0,"max_hp_gain":0,"max_hp_loss":0,"event_name":"Masked Bandits","floor":21,"gold_loss":9},{"damage_healed":0,"gold_gain":0,"player_choice":"Obtained Book","damage_taken":16,"max_hp_gain":0,"max_hp_loss":0,"event_name":"Cursed Tome","floor":28,"gold_loss":0},{"damage_healed":0,"gold_gain":0,"player_choice":"Ignored","damage_taken":0,"max_hp_gain":0,"max_hp_loss":0,"event_name":"Ghosts","floor":31,"gold_loss":0}],"is_beta":false,"boss_relics":[{"not_picked":["Astrolabe","hermit:ClaspedLocket"],"picked":"Cursed Key"}],"items_purged_floors":[13],"is_endless":false,"potions_floor_spawned":[3,8,10,14,16,18,19,23,25,27,29,30],"killed_by":"Automaton","ascension_level":1}}