{"host":"rbccvrvdyhsypb23","time":1609645666,"event":{"mods":["AchievementEnabler","Act Like it!","Aspiration","BaseMod","Better Third Choice","BetterRewards","Friendly Minions","Gensokyo","Hubris","Infinite Spire","Ironclad Rager","KomeijiMod","Minty Spire (QoL Compilation)","Replay The Spire","Shade Mod","StSLib","The Blackbeard","The Mystic","The Runesmith","TheBandit","Wandering Minibosses","vexMod"],"gold_per_floor":[111,211,51,61,61,90,90,90,20,20,66,66,66,96,113,128,128,226,226,242,258,278,278,278,278,289,317,367,385,385,485,485,240,240,345,345,362,362,362,378,478,513,513,532,600,638,648,668,697,697,697,796,796,811,811,815,767,765,765],"floor_reached":58,"playtime":2894,"items_purged":["Strike_Komeiji"],"score":922,"play_id":"83e5f2ba-34d6-47d6-bc23-92708348b606","local_time":"20210103064746","is_ascension_mode":false,"campfire_choices":[{"data":"TerribleSouvenir","floor":10.0,"key":"SMITH"},{"data":"Dash_Komeiji","floor":13.0,"key":"SMITH"},{"data":"HagoromoKu","floor":17.0,"key":"SMITH"},{"data":"SemiAutomaton","floor":25.0,"key":"SMITH"},{"data":"HelanNingyou","floor":32.0,"key":"SMITH"},{"floor":34.0,"key":"REST"},{"data":"ReplayTheSpireMod:Chaos Vortex","floor":43.0,"key":"SMITH"},{"data":"infinitespire:Collect","floor":51.0,"key":"SMITH"}],"circlet_count":0,"master_deck":["Strike_Komeiji","Strike_Komeiji","Strike_Komeiji","Defend_Komeiji","Defend_Komeiji","Defend_Komeiji","Defend_Komeiji","Dash_Komeiji+1","SuitokuNoKyoryu","TerribleSouvenir+1","KeiseiJin+1","HagoromoKu+1","RoshinSou+1","SemiAutomaton+1","NingyouMusou+1","KinbakuJin+1","CS_Iku","HagoromoMizu","NingyouSP+1","HelanNingyou+1","NingyouKisou+1","ReplayTheSpireMod:Chaos Vortex+1","VampireKiss","DemonLordCradle+1","infinitespire:Collect+1","Clumsy","Gensokyo:Shovel"],"relics":["KomeijisEye","SpellCardsRule","MusicBox","Enchiridion","hubris:Reverence","CrystalOfMemory","Art of War","Replay:Mystery Machine","Pocketwatch","OrangePellets","Black Star","aspiration:StickyExplosives","hubris:GlazedTorus","Bronze Scales","Boot","vexMod:TanglingVine","wanderingMiniBosses:AbyssPearl","hubris:ToyBattleship","PreservedInsect","RingOfDollmaker","vexMod:ScavengeHelm","Bag of Marbles","infinitespire:EmpoweringShard","aspiration:MobileForge","BargainBundle","Sozu","Gensokyo:NagashiBinaDoll"],"acts_visited":["Exordium","TheCity","TheBeyond","TheBeyond"],"potions_floor_usage":[],"damage_taken":[{"damage":7.0,"enemies":"Gensokyo:Gryphon","floor":1.0,"turns":5.0},{"damage":4.0,"enemies":"Gensokyo:2_Kodama","floor":4.0,"turns":4.0},{"damage":10.0,"enemies":"Gensokyo:Mamizou","floor":6.0,"turns":10.0},{"damage":3.0,"enemies":"Gensokyo:Aya","floor":14.0,"turns":6.0},{"damage":3.0,"enemies":"Gensokyo:Python","floor":15.0,"turns":4.0},{"damage":4.0,"enemies":"Gensokyo:3_Kodama","floor":16.0,"turns":7.0},{"damage":3.0,"enemies":"Gensokyo:Reimu","floor":18.0,"turns":9.0},{"damage":1.0,"enemies":"Spheric Guardian","floor":20.0,"turns":8.0},{"damage":28.0,"enemies":"Shell Parasite","floor":21.0,"turns":5.0},{"damage":0.0,"enemies":"Cultist and Chosen","floor":22.0,"turns":6.0},{"damage":21.0,"enemies":"Sentry and Sphere","floor":26.0,"turns":7.0},{"damage":2.0,"enemies":"Book of Stabbing","floor":27.0,"turns":7.0},{"damage":0.0,"enemies":"3 Cultists","floor":29.0,"turns":4.0},{"damage":0.0,"enemies":"Collector","floor":35.0,"turns":9.0},{"damage":14.0,"enemies":"3 Shapes","floor":37.0,"turns":6.0},{"damage":1.0,"enemies":"Orb Walker","floor":40.0,"turns":5.0},{"damage":0.0,"enemies":"Nightmare","floor":42.0,"turns":9.0},{"damage":6.0,"enemies":"4 Shapes","floor":44.0,"turns":6.0},{"damage":0.0,"enemies":"Maw","floor":47.0,"turns":6.0},{"damage":0.0,"enemies":"Transient","floor":48.0,"turns":5.0},{"damage":0.0,"enemies":"R_Hoarder","floor":49.0,"turns":7.0},{"damage":3.0,"enemies":"hubris:GrandSnecko","floor":52.0,"turns":10.0},{"damage":0.0,"enemies":"Gensokyo:Gryphon","floor":54.0,"turns":1.0},{"damage":0.0,"enemies":"Gensokyo:2_Kodama","floor":56.0,"turns":2.0},{"damage":0,"enemies":"Gensokyo:3_Fairies","floor":58,"turns":1}],"seed_played":"4580954385436995146","potions_obtained":[{"floor":1.0,"key":"PpointPotion"},{"floor":14.0,"key":"JyouchiReiPotion"},{"floor":15.0,"key":"Elixir"},{"floor":20.0,"key":"infinitespire:BlackPotion"},{"floor":21.0,"key":"LifebloodPotion"},{"floor":29.0,"key":"PpointPotion"},{"floor":37.0,"key":"Strength Potion"},{"floor":48.0,"key":"Regen Potion"}],"is_trial":false,"path_per_floor":["M","?","?","M","T","E","PTL","PTL","?","R","T","$","R","E","M","M","R","B",null,"M","M","M","?","AVR","R","M","E","T","M","?","?","R","$","R","B",null,"M","$","?","M","?","NM","R","M","T","?","M","M","E","AVR","R","B",null,"M","?","M","COS","M"],"character_chosen":"KomeijiSatori","items_purchased":["Boot","NingyouKisou+1"],"campfire_rested":1,"item_purchase_floors":[33,33],"current_hp_per_floor":[48,48,48,44,44,34,34,34,34,34,34,34,34,31,28,36,36,33,55,54,26,26,41,41,41,32,30,30,30,30,30,30,30,46,46,55,41,41,27,26,26,26,26,32,32,19,28,37,49,49,49,52,55,55,55,55,55,55,55],"gold":765,"neow_bonus":"TEN_PERCENT_HP_BONUS","is_daily":false,"chose_seed":false,"campfire_upgraded":7,"win_rate":0.0,"timestamp":1609645666,"path_taken":["M","?","?","?","?","E","PTL","PTL","?","R","T","?","R","E","M","?","R","BOSS","M","M","M","?","AVR","R","M","E","T","M","?","?","R","$","R","BOSS","M","$","?","M","?","NM","R","?","T","?","M","M","E","AVR","R","BOSS","M","?","M","COS","M"],"items_purchased_type":["Relic","Card"],"build_version":"2020-12-22","purchased_purges":1,"victory":false,"max_hp_per_floor":[55,55,55,55,55,55,55,55,55,55,55,55,55,55,55,55,55,55,55,55,55,55,55,55,55,55,55,55,55,55,55,55,55,55,55,55,55,55,55,55,55,55,55,55,55,55,55,55,55,55,55,55,55,55,55,55,55,55,55],"card_choices":[{"not_picked":["NingyouSP+1","NingyouKasou+1"],"picked":"SuitokuNoKyoryu","floor":1.0},{"not_picked":["NingyouSousou+1","KinbakuJin+1"],"picked":"TerribleSouvenir","floor":4.0},{"not_picked":["HenyouMirume","JyouchiJin+1"],"picked":"KeiseiJin+1","floor":6.0},{"not_picked":["RikonNoKama+1","KoKei+1"],"picked":"HagoromoKu","floor":14.0},{"not_picked":["DochyakuKami+1","NingyouSousou+1"],"picked":"RoshinSou+1","floor":15.0},{"not_picked":["Agarareta+1","JyouchiJin+1","KoKei+1"],"picked":"SKIP","floor":16.0},{"not_picked":["JigokuNoTaiyou","LunaDial"],"picked":"SemiAutomaton","floor":18.0},{"not_picked":["MusuNoYume","NingyouShinki+1"],"picked":"NingyouMusou+1","floor":20.0},{"not_picked":["Mishyaguji+1","SeekerWire+1"],"picked":"KinbakuJin+1","floor":21.0},{"not_picked":["MusuNoYume","TenguNoTaiko"],"picked":"HagoromoMizu","floor":22.0},{"not_picked":["KeiseiJin+1","ArtfulChanter"],"picked":"NingyouSP+1","floor":26.0},{"not_picked":["GasuOrimono","NingyouSP+1"],"picked":"HelanNingyou","floor":27.0},{"not_picked":["SeekerDolls+1","HenyouMirume+1","SeekerWire+1"],"picked":"SKIP","floor":29.0},{"not_picked":["NingyouChiyari+1","SelfTokamak+1","JyouchiJin+1"],"picked":"SKIP","floor":37.0},{"not_picked":["infinitespire:Menacing","ReplayTheSpireMod:Black Plague"],"picked":"ReplayTheSpireMod:Chaos Vortex","floor":39.0},{"not_picked":["KeiseiJin+1","KouPou+1","Mishyaguji+1"],"picked":"SKIP","floor":40.0},{"not_picked":["Agarareta+1","SeishiRoten+1","NingyouSP+1"],"picked":"SKIP","floor":42.0},{"not_picked":["HagoromoMizu","SeekerWire+1","ShyakuBuku"],"picked":"SKIP","floor":44.0},{"not_picked":["MusuNoYume","NingyouFukuhei+1"],"picked":"VampireKiss","floor":46.0},{"not_picked":["Mishyaguji+1","SeishiRoten+1","HagoromoMizu+1"],"picked":"SKIP","floor":47.0},{"not_picked":["SeekerDolls+1","KimairaNoYoku+1","EverywhereHibernate"],"picked":"SKIP","floor":48.0},{"not_picked":["MusuNoYume+1","HagoromoKu+1"],"picked":"DemonLordCradle+1","floor":49.0},{"not_picked":["GroundStardust+1","NingyouKasou+1","NingyouFukuhei+1"],"picked":"SKIP","floor":54.0},{"not_picked":["HisouNoKen","Agarareta+1","NingyouSousou+1"],"picked":"SKIP","floor":56.0}],"player_experience":536619,"relics_obtained":[{"floor":6.0,"key":"hubris:Reverence"},{"floor":6.0,"key":"CrystalOfMemory"},{"floor":11.0,"key":"Replay:Mystery Machine"},{"floor":14.0,"key":"Pocketwatch"},{"floor":27.0,"key":"aspiration:StickyExplosives"},{"floor":27.0,"key":"hubris:GlazedTorus"},{"floor":28.0,"key":"Bronze Scales"},{"floor":40.0,"key":"wanderingMiniBosses:AbyssPearl"},{"floor":42.0,"key":"hubris:ToyBattleship"},{"floor":42.0,"key":"PreservedInsect"},{"floor":45.0,"key":"RingOfDollmaker"},{"floor":46.0,"key":"vexMod:ScavengeHelm"},{"floor":49.0,"key":"Bag of Marbles"},{"floor":49.0,"key":"infinitespire:EmpoweringShard"}],"event_choices":[{"damage_healed":0.0,"max_hp_gain":0.0,"max_hp_loss":0.0,"gold_gain":100.0,"event_name":"Golden Shrine","player_choice":"Pray","floor":31.0,"gold_loss":0.0,"damage_taken":0.0},{"damage_healed":0.0,"max_hp_gain":0.0,"max_hp_loss":0.0,"gold_gain":100.0,"event_name":"Golden Shrine","player_choice":"Pray","floor":41.0,"gold_loss":0.0,"damage_taken":0.0}],"is_beta":false,"boss_relics":[{"not_picked":["Runic Pyramid","vexMod:EndlessSickness","Fusion Hammer"]},{"not_picked":["SacredBark","Ring of Chaos"],"picked":"vexMod:TanglingVine"},{"not_picked":["Honey Jar","Tiny House"],"picked":"Sozu"}],"items_purged_floors":[33],"is_endless":true,"potions_floor_spawned":[1,14,15,20,21,29,37,48,49],"killed_by":"Gensokyo:3_Fairies","ascension_level":0}}