{"host":"2pffx5rqbod9ds0c","time":1609635695,"event":{"mods":["BaseMod","Better Altar","Better Match","Better Note","Better Sensory Stone","Better Skull","Better Third Choice","Custom Start","Hubris","Minty Spire (QoL Compilation)","Quick Restart","Relic Stats","Spicy Shops","StSLib","The Marked"],"gold_per_floor":[118,2905,2905,1659,1659,1659,1688,1688,1688,1705,1717,1734,1746,1072,1072,1175,1175,1188,1188,1200,1230,1242,1242,1268,1268,1295,1002,1022,1022,1051,1069,1069,1165,1165,1176,1228,436,451,376,410,422,457,483,498,548,159,174,10761,10761,10761],"floor_reached":51,"playtime":2841,"items_purged":["theMarked:Strike","Clumsy","theMarked:Strike","theMarked:Strike","theMarked:Strike","theMarked:Strike","theMarked:Defend","theMarked:Challenge","theMarked:ComboAttacks+1","theMarked:ComboAttacks+1","theMarked:Defend"],"score":1041,"play_id":"c235c47d-5fe5-4c77-85c6-4e47c56a70dc","local_time":"20210102170135","is_ascension_mode":true,"campfire_choices":[{"data":"theMarked:MagicAdept","floor":6.0,"key":"SMITH"},{"data":"theMarked:MagicAdept","floor":8.0,"key":"SMITH"},{"data":"theMarked:ComboAttacks","floor":15.0,"key":"SMITH"},{"data":"theMarked:PowerFlow","floor":23.0,"key":"SMITH"},{"data":"theMarked:ComboAttacks","floor":25.0,"key":"SMITH"},{"data":"theMarked:MuscleMemory","floor":29.0,"key":"SMITH"},{"data":"theMarked:Static","floor":32.0,"key":"SMITH"},{"data":"Escape Plan","floor":49,"key":"SMITH"}],"circlet_count":0,"master_deck":["theMarked:Defend","theMarked:Defend","theMarked:SoldierOfQuellstein+1","theMarked:MagicAdept+1","theMarked:MagicAdept+1","Flash of Steel+1","theMarked:BanishingWave+1","theMarked:PowerFlow+1","PiercingWail","theMarked:Polarize+1","theMarked:MuscleMemory+1","theMarked:Static+1","theMarked:Levitate+1","theMarked:ThrowWeapon+1","theMarked:FavorableWinds+1","Escape Plan+1"],"relics":["theMarked:ArtifactOfAir","Lee\u0027s Waffle","StoneCalendar","Boot","FossilizedHelix","hubris:DisguiseKit","DollysMirror","Gremlin Horn","Shuriken","hubris:MedicalManual","Art of War","Akabeko","theMarked:Winder","Chemical X","hubris:Towel","hubris:SlimyHat","hubris:TenFootPole","Membership Card","Blood Vial","hubris:ToyBattleship","Juzu Bracelet","hubris:SphereOfDissonance","Sozu","Red Mask","White Beast Statue","Bag of Preparation","Sundial","Toy Ornithopter","Nunchaku","hubris:Backtick","hubris:Zylophone","Lizard Tail","Medical Kit","theMarked:DemonDagger","Strange Spoon","Question Card","Omamori","Blue Candle","Whetstone","InkBottle","Oddly Smooth Stone","Ice Cream","TheAbacus","theMarked:Gun","hubris:TinFlute","Mercury Hourglass","Vajra","ClockworkSouvenir","OrangePellets"],"acts_visited":["Exordium","TheCity","TheBeyond"],"potions_floor_usage":[],"damage_taken":[{"damage":1.0,"enemies":"Cultist","floor":1.0,"turns":4.0},{"damage":8.0,"enemies":"Lagavulin","floor":7.0,"turns":6.0},{"damage":0.0,"enemies":"Small Slimes","floor":10.0,"turns":3.0},{"damage":0.0,"enemies":"2 Louse","floor":11.0,"turns":1.0},{"damage":0.0,"enemies":"Looter","floor":12.0,"turns":3.0},{"damage":0.0,"enemies":"2 Fungi Beasts","floor":13.0,"turns":2.0},{"damage":31.0,"enemies":"Hexaghost","floor":16.0,"turns":7.0},{"damage":11.0,"enemies":"Spheric Guardian","floor":18.0,"turns":5.0},{"damage":0.0,"enemies":"Shell Parasite","floor":20.0,"turns":5.0},{"damage":25.0,"enemies":"Masked Bandits","floor":21.0,"turns":4.0},{"damage":12.0,"enemies":"Snecko","floor":22.0,"turns":5.0},{"damage":0.0,"enemies":"Gremlin Leader","floor":24.0,"turns":4.0},{"damage":0.0,"enemies":"Snake Plant","floor":28.0,"turns":3.0},{"damage":0.0,"enemies":"Slavers","floor":30.0,"turns":4.0},{"damage":0.0,"enemies":"Cultist and Chosen","floor":31.0,"turns":3.0},{"damage":8.0,"enemies":"hubris:MusketHawk","floor":33.0,"turns":5.0},{"damage":0.0,"enemies":"3 Darklings","floor":35.0,"turns":3.0},{"damage":26.0,"enemies":"2 Orb Walkers","floor":36.0,"turns":3.0},{"damage":0.0,"enemies":"3 Shapes","floor":38.0,"turns":3.0},{"damage":0.0,"enemies":"Reptomancer","floor":40.0,"turns":3.0},{"damage":0.0,"enemies":"Jaw Worm Horde","floor":41.0,"turns":3.0},{"damage":0.0,"enemies":"Giant Head","floor":42.0,"turns":2.0},{"damage":10.0,"enemies":"Sphere and 2 Shapes","floor":44.0,"turns":4.0},{"damage":0.0,"enemies":"Mind Bloom Boss Battle","floor":45.0,"turns":2.0},{"damage":0.0,"enemies":"4 Shapes","floor":47.0,"turns":1.0},{"damage":0,"enemies":"Awakened One","floor":50,"turns":3}],"seed_played":"2361044973418484210","potions_obtained":[{"floor":10.0,"key":"SpeedPotion"},{"floor":11.0,"key":"theMarked:ChargePotion"},{"floor":12.0,"key":"Strength Potion"}],"is_trial":false,"path_per_floor":["M","$","T","$","?","R","E","R","T","M","M","M","M","$","R","B",null,"M","?","M","?","M","R","E","R","T","$","M","R","E","M","R","B",null,"M","?","$","M","?","E","M","E","T","M","?","$","M","$","R","B",null],"character_chosen":"THE_DEFAULT","items_purchased":["Lee\u0027s Waffle","StoneCalendar","Boot","FossilizedHelix","hubris:DisguiseKit","DollysMirror","Flash of Steel","Shuriken","hubris:MedicalManual","Art of War","Akabeko","theMarked:Winder","Chemical X","theMarked:BanishingWave","Membership Card","Blood Vial","hubris:ToyBattleship","Juzu Bracelet","hubris:SphereOfDissonance","Sundial","Toy Ornithopter","Medical Kit","theMarked:DemonDagger","Strange Spoon","Question Card","Omamori","Blue Candle","TheAbacus","theMarked:Gun","hubris:TinFlute","Mercury Hourglass","Vajra","ClockworkSouvenir","OrangePellets"],"campfire_rested":0,"item_purchase_floors":[2,2,2,2,2,2,2,4,4,4,4,4,4,4,14,14,14,14,14,27,27,37,37,37,37,37,37,46,46,46,48,48,48,48],"current_hp_per_floor":[69,77,77,77,77,77,69,69,69,69,69,69,69,69,69,40,77,66,69,71,51,41,41,43,43,43,43,45,45,47,49,49,43,77,77,51,51,53,56,58,60,62,62,54,59,59,61,64,64,66],"gold":10761,"neow_bonus":"ONE_RANDOM_RARE_CARD","is_daily":false,"chose_seed":false,"campfire_upgraded":8,"win_rate":0.0,"timestamp":1609635695,"path_taken":["M","?","?","$","?","R","E","R","T","M","M","M","M","$","R","BOSS","M","?","M","?","M","R","E","R","T","$","M","R","E","M","R","BOSS","M","?","$","M","?","E","M","E","T","M","?","$","M","?","R","BOSS"],"items_purchased_type":["Relic","Relic","Relic","Relic","Relic","Relic","Card","Relic","Relic","Relic","Relic","Relic","Relic","Card","Relic","Relic","Relic","Relic","Relic","Relic","Relic","Relic","Relic","Relic","Relic","Relic","Relic","Relic","Relic","Relic","Relic","Relic","Relic","Relic"],"build_version":"2020-12-22","purchased_purges":11,"victory":true,"max_hp_per_floor":[70,77,77,77,77,77,77,77,77,77,77,77,77,77,77,77,77,77,77,77,77,77,77,77,77,77,77,77,77,77,77,77,77,77,77,77,77,77,77,77,77,77,77,77,77,77,77,77,77,77],"relic_stats":{"Gremlin Horn":[29,29],"StoneCalendar":[0],"Juzu Bracelet":0,"Bag of Preparation":[28],"Whetstone":["theMarked:BanishingWave","Flash of Steel"],"Boot":[5],"Blood Vial":34,"Sozu":13,"Nunchaku":[5],"Lizard Tail":0,"TheAbacus":[12],"Sundial":[8],"Chemical X":[15],"InkBottle":[4],"Lee\u0027s Waffle":8,"counters":[26,91],"Blue Candle":[0],"Medical Kit":[0],"Question Card":23,"Mercury Hourglass":[24],"Strange Spoon":[21],"OrangePellets":[0],"Shuriken":[13],"Art of War":[16],"obtain_stats":[{"Ice Cream":45,"Gremlin Horn":3,"Vajra":48,"Whetstone":40,"Boot":2,"Blood Vial":14,"Sozu":17,"Lizard Tail":36,"DollysMirror":2,"Sundial":27,"hubris:TinFlute":46,"theMarked:DemonDagger":37,"Blue Candle":37,"hubris:SphereOfDissonance":14,"Oddly Smooth Stone":43,"Question Card":37,"Akabeko":4,"hubris:Zylophone":34,"OrangePellets":48,"Shuriken":4,"hubris:TenFootPole":9,"hubris:ToyBattleship":14,"StoneCalendar":2,"hubris:SlimyHat":7,"Juzu Bracelet":14,"Bag of Preparation":26,"ClockworkSouvenir":48,"Nunchaku":30,"hubris:Backtick":34,"TheAbacus":46,"Red Mask":21,"Chemical X":4,"InkBottle":42,"hubris:DisguiseKit":2,"Lee\u0027s Waffle":2,"theMarked:Gun":46,"hubris:MedicalManual":4,"Omamori":37,"hubris:Towel":5,"Medical Kit":37,"White Beast Statue":24,"Mercury Hourglass":48,"theMarked:ArtifactOfAir":0,"Strange Spoon":37,"Art of War":4,"Membership Card":14,"theMarked:Winder":4,"FossilizedHelix":2,"Toy Ornithopter":27},{"Ice Cream":24,"Gremlin Horn":1,"Vajra":25,"Whetstone":20,"Boot":1,"Blood Vial":6,"Sozu":7,"Lizard Tail":18,"DollysMirror":1,"Sundial":12,"hubris:TinFlute":24,"theMarked:DemonDagger":18,"Blue Candle":18,"hubris:SphereOfDissonance":6,"Oddly Smooth Stone":22,"Question Card":18,"Akabeko":1,"hubris:Zylophone":16,"OrangePellets":25,"Shuriken":1,"hubris:TenFootPole":2,"hubris:ToyBattleship":6,"StoneCalendar":1,"hubris:SlimyHat":2,"Juzu Bracelet":6,"Bag of Preparation":12,"ClockworkSouvenir":25,"Nunchaku":14,"hubris:Backtick":16,"TheAbacus":24,"Red Mask":10,"Chemical X":1,"InkBottle":22,"hubris:DisguiseKit":1,"Lee\u0027s Waffle":1,"theMarked:Gun":24,"hubris:MedicalManual":1,"Omamori":18,"hubris:Towel":1,"Medical Kit":18,"White Beast Statue":12,"Mercury Hourglass":25,"theMarked:ArtifactOfAir":0,"Strange Spoon":18,"Art of War":1,"Membership Card":6,"theMarked:Winder":1,"FossilizedHelix":1,"Toy Ornithopter":12},{"Ice Cream":87,"Gremlin Horn":4,"Vajra":88,"Whetstone":76,"Boot":4,"Blood Vial":19,"Sozu":26,"Lizard Tail":70,"DollysMirror":4,"Sundial":49,"hubris:TinFlute":87,"theMarked:DemonDagger":70,"Blue Candle":70,"hubris:SphereOfDissonance":19,"Oddly Smooth Stone":81,"Question Card":70,"Akabeko":4,"hubris:Zylophone":64,"OrangePellets":88,"Shuriken":4,"hubris:TenFootPole":10,"hubris:ToyBattleship":19,"StoneCalendar":4,"hubris:SlimyHat":10,"Juzu Bracelet":19,"Bag of Preparation":49,"ClockworkSouvenir":88,"Nunchaku":56,"hubris:Backtick":64,"TheAbacus":87,"Red Mask":40,"Chemical X":4,"InkBottle":81,"hubris:DisguiseKit":4,"Lee\u0027s Waffle":4,"theMarked:Gun":87,"hubris:MedicalManual":4,"Omamori":70,"hubris:Towel":4,"Medical Kit":70,"White Beast Statue":49,"Mercury Hourglass":88,"theMarked:ArtifactOfAir":0,"Strange Spoon":70,"Art of War":4,"Membership Card":19,"theMarked:Winder":4,"FossilizedHelix":4,"Toy Ornithopter":49}],"Toy Ornithopter":0},"card_choices":[{"not_picked":["theMarked:WastefulAttack","theMarked:Aftermath","theMarked:Parry"],"picked":"SKIP","floor":1.0},{"not_picked":["theMarked:WastefulDefense","theMarked:ChainLightning","hubris:Sniper"],"picked":"theMarked:Challenge","floor":7.0},{"not_picked":["theMarked:CreepingChasm","theMarked:Aftermath","Slice"],"picked":"theMarked:PowerFlow","floor":10.0},{"not_picked":["theMarked:Parry","theMarked:ResourceFulStrike","theMarked:Aftermath"],"picked":"PiercingWail","floor":11.0},{"not_picked":["theMarked:SwordAndMagic","theMarked:ResourceFulStrike","hubris:TrickCloak"],"picked":"theMarked:ComboAttacks","floor":12.0},{"not_picked":["theMarked:ChainLightning","theMarked:ChannelForce","Quick Slash"],"picked":"theMarked:ComboAttacks","floor":13.0},{"not_picked":["theMarked:Overcharge+1","theMarked:EmpowerWeapon","Deadly Poison"],"picked":"theMarked:Polarize+1","floor":18.0},{"not_picked":["theMarked:Aftermath+1","theMarked:EmpowerWeapon","theMarked:SummonStrength","Slice"],"picked":"SKIP","floor":20.0},{"not_picked":["theMarked:ChainLightning","theMarked:ShockingTouch","theMarked:Frustration","Dagger Throw"],"picked":"SKIP","floor":22.0},{"not_picked":["theMarked:Panic","theMarked:TunnelVision","hubris:Sniper"],"picked":"theMarked:MuscleMemory","floor":24.0},{"not_picked":["theMarked:Standoff","theMarked:RepellingDischarge+1","theMarked:Improvise+1","Skewer"],"picked":"SKIP","floor":28.0},{"not_picked":["theMarked:EmpowerWeapon","theMarked:RepellingDischarge","theMarked:LightningStrikesTwice","Outmaneuver"],"picked":"SKIP","floor":30.0},{"not_picked":["theMarked:Aftermath","theMarked:WastefulDefense","Blade Dance"],"picked":"theMarked:Static","floor":31.0},{"not_picked":["theMarked:StartUp","theMarked:SelfDefenseTraining","theMarked:Electrify","hubris:Counter"],"picked":"SKIP","floor":35.0},{"not_picked":["theMarked:SwordAndMagic","theMarked:ResourceFulStrike","theMarked:EmpowerWeapon","theMarked:Seal","Expertise"],"picked":"SKIP","floor":38.0},{"not_picked":["theMarked:UnarmedFury+1","theMarked:ChannelForce+1","theMarked:Challenge+1","theMarked:FavorableWinds+1"],"picked":"theMarked:Levitate+1","floor":39.0},{"not_picked":["theMarked:Levitate+1","theMarked:SummonStrength+1","theMarked:EternalStudent+1","theMarked:SoldierForm+1"],"picked":"theMarked:ThrowWeapon+1","floor":39.0},{"not_picked":["theMarked:DispelDoubt+1","theMarked:Vacuum+1","theMarked:SummonStrength+1","theMarked:SoldierForm+1"],"picked":"theMarked:FavorableWinds+1","floor":39.0},{"not_picked":["theMarked:ResourceFulStrike+1","theMarked:Electrocute","theMarked:Generate","theMarked:RogueSparks+1"],"picked":"Escape Plan","floor":40.0},{"not_picked":["theMarked:Panic","theMarked:RepellingDischarge","theMarked:WastefulDefense+1","theMarked:ShockingTouch+1","Flying Knee"],"picked":"SKIP","floor":41.0},{"not_picked":["theMarked:TunnelVision+1","theMarked:EnhanceMovement+1","theMarked:Opportunist","theMarked:Standoff","Caltrops"],"picked":"SKIP","floor":42.0},{"not_picked":["theMarked:Reabsorb+1","theMarked:RepellingDischarge+1","theMarked:DeterminationOfTheMarked+1","theMarked:Parkour","Cloak And Dagger"],"picked":"SKIP","floor":44.0},{"not_picked":["theMarked:Static+1","theMarked:Generate","theMarked:Opportunist","theMarked:HeightenedSenses+1","Dagger Throw"],"picked":"SKIP","floor":47.0}],"player_experience":724918,"relics_obtained":[{"floor":3.0,"key":"Gremlin Horn"},{"floor":7.0,"key":"hubris:SlimyHat"},{"floor":9.0,"key":"hubris:TenFootPole"},{"floor":21.0,"key":"Red Mask"},{"floor":24.0,"key":"White Beast Statue"},{"floor":26.0,"key":"Bag of Preparation"},{"floor":30.0,"key":"Nunchaku"},{"floor":36.0,"key":"Lizard Tail"},{"floor":40.0,"key":"Whetstone"},{"floor":42.0,"key":"InkBottle"},{"floor":43.0,"key":"Oddly Smooth Stone"},{"floor":45.0,"key":"Ice Cream"}],"event_choices":[{"damage_healed":0.0,"max_hp_gain":0.0,"max_hp_loss":0.0,"gold_gain":0.0,"event_name":"Masked Bandits","player_choice":"Fought Bandits","floor":21.0,"gold_loss":0.0,"damage_taken":0.0},{"damage_healed":0.0,"max_hp_gain":0.0,"max_hp_loss":0.0,"gold_gain":0.0,"event_name":"Mysterious Sphere","player_choice":"Fight","floor":36.0,"gold_loss":0.0,"damage_taken":0.0},{"damage_healed":0.0,"max_hp_gain":0.0,"max_hp_loss":0.0,"gold_gain":0.0,"event_name":"betterMatch:BetterMatch","player_choice":"3","floor":39.0,"gold_loss":0.0,"damage_taken":0.0,"cards_obtained":["betterMatch:RareCard"]},{"damage_healed":0.0,"max_hp_gain":0.0,"max_hp_loss":0.0,"gold_gain":0.0,"event_name":"MindBloom","player_choice":"Fight","floor":45.0,"gold_loss":0.0,"damage_taken":0.0}],"is_beta":false,"boss_relics":[{"not_picked":["Astrolabe","hubris:ScarierMask"],"picked":"Sozu"},{"not_picked":["Velvet Choker","Runic Pyramid"],"picked":"hubris:Backtick"}],"items_purged_floors":[2,4,4,14,14,27,37,37,46,48,48],"is_endless":false,"potions_floor_spawned":[10,11,12,13,20,22,28,30,31,33,35,36,38,40,41,42,44,45,47],"ascension_level":1}}