{"host":"9l4mw5jqza9qz9hr","time":1609653802,"event":{"mods":["AchievementEnabler","Always Whale","BaseMod","Colored Map","Minty Spire (QoL Compilation)","StSLib","SuperFastMode"],"gold_per_floor":[116,116,116,116,130,130,164,179,179,179,213,213,243,254,254,350,350,364,17,17,27,27,55,55,70,93,119,219,219,232,266,266,369,369,388,435,453,503,92,118,118,151,178,209,209,30,50,65,65,65],"floor_reached":51,"playtime":1932,"items_purged":["Strike_G","Strike_G","Strike_G"],"score":1563,"play_id":"8f1e4889-6ff4-44bf-9f16-5b0cb6eda9a2","local_time":"20210103150322","is_ascension_mode":true,"campfire_choices":[{"data":"Neutralize","floor":6.0,"key":"SMITH"},{"data":"Adrenaline","floor":10.0,"key":"SMITH"},{"data":"Blade Dance","floor":12.0,"key":"SMITH"},{"data":"Calculated Gamble","floor":15.0,"key":"SMITH"},{"data":"Phantasmal Killer","floor":24.0,"key":"SMITH"},{"data":"Tactician","floor":29.0,"key":"SMITH"},{"data":"Acrobatics","floor":32.0,"key":"SMITH"},{"data":"Acrobatics","floor":41,"key":"SMITH"},{"data":"Accuracy","floor":45,"key":"SMITH"},{"data":"Burst","floor":49,"key":"SMITH"}],"circlet_count":0,"master_deck":["Strike_G","Defend_G","Defend_G","Defend_G","Defend_G","Defend_G","Survivor","Neutralize+1","Blade Dance+1","Calculated Gamble+1","Adrenaline+1","Acrobatics+1","PiercingWail","Blade Dance","Phantasmal Killer+1","Acrobatics+1","Accuracy+1","Cloak And Dagger","Tactician+1","Terror+1","Blade Dance+1","Burst+1","Prepared+1","Acrobatics+1","Prepared+1","Backflip+1","Adrenaline+1"],"relics":["Ring of the Snake","NeowsBlessing","Du-Vu Doll","Bag of Marbles","InkBottle","Regal Pillow","Tingsha","Sozu","Nunchaku","Orichalcum","Kunai","Anchor","Happy Flower","Unceasing Top","Gremlin Horn","Sundial","Coffee Dripper","Turnip","StoneCalendar","Sling","Art of War","Toxic Egg 2","Thread and Needle","Centennial Puzzle","Pantograph"],"acts_visited":["Exordium","TheCity","TheBeyond"],"potions_floor_usage":[],"damage_taken":[{"damage":0.0,"enemies":"Jaw Worm","floor":1.0,"turns":1.0},{"damage":0.0,"enemies":"Cultist","floor":5.0,"turns":1.0},{"damage":0.0,"enemies":"3 Sentries","floor":7.0,"turns":1.0},{"damage":0.0,"enemies":"Small Slimes","floor":8.0,"turns":2.0},{"damage":13.0,"enemies":"Gremlin Nob","floor":11.0,"turns":3.0},{"damage":30.0,"enemies":"Lagavulin","floor":13.0,"turns":4.0},{"damage":0.0,"enemies":"Looter","floor":14.0,"turns":2.0},{"damage":11.0,"enemies":"The Guardian","floor":16.0,"turns":14.0},{"damage":5.0,"enemies":"2 Thieves","floor":18.0,"turns":3.0},{"damage":0.0,"enemies":"Spheric Guardian","floor":21.0,"turns":2.0},{"damage":0.0,"enemies":"Gremlin Leader","floor":23.0,"turns":2.0},{"damage":1.0,"enemies":"Cultist and Chosen","floor":25.0,"turns":2.0},{"damage":0.0,"enemies":"Slavers","floor":27.0,"turns":2.0},{"damage":0.0,"enemies":"Colosseum Slavers","floor":28.0,"turns":2.0},{"damage":0.0,"enemies":"Colosseum Nobs","floor":28.0,"turns":2.0},{"damage":0.0,"enemies":"3 Cultists","floor":30.0,"turns":2.0},{"damage":0.0,"enemies":"Book of Stabbing","floor":31.0,"turns":2.0},{"damage":0,"enemies":"Automaton","floor":33,"turns":3},{"damage":0,"enemies":"3 Darklings","floor":35,"turns":1},{"damage":0,"enemies":"2 Orb Walkers","floor":36,"turns":1},{"damage":0,"enemies":"Orb Walker","floor":37,"turns":2},{"damage":0,"enemies":"Mind Bloom Boss Battle","floor":38,"turns":2},{"damage":0,"enemies":"Giant Head","floor":40,"turns":2},{"damage":0,"enemies":"Reptomancer","floor":42,"turns":2},{"damage":0,"enemies":"Giant Head","floor":44,"turns":2},{"damage":0,"enemies":"Writhing Mass","floor":47,"turns":1},{"damage":0,"enemies":"Maw","floor":48,"turns":1},{"damage":71,"enemies":"Time Eater","floor":50,"turns":7}],"seed_played":"3368074069918407873","potions_obtained":[{"floor":8.0,"key":"Energy Potion"},{"floor":11.0,"key":"CultistPotion"},{"floor":13.0,"key":"Dexterity Potion"},{"floor":16.0,"key":"FairyPotion"}],"is_trial":false,"path_per_floor":["M","?","?","T","M","R","E","M","T","R","E","R","E","M","R","B",null,"M","$","?","M","?","E","R","M","T","E","?","R","M","E","R","B",null,"M","?","M","?","$","E","R","E","T","E","R","$","M","M","R","B",null],"character_chosen":"THE_SILENT","items_purchased":["Accuracy","Cloak And Dagger","Nunchaku","Sling","Art of War","Prepared+1"],"campfire_rested":0,"item_purchase_floors":[19,19,19,39,39,46],"current_hp_per_floor":[63,68,68,68,68,68,68,68,68,68,55,55,25,25,25,14,60,55,55,55,55,55,55,55,54,54,54,54,54,54,54,54,54,70,70,70,70,70,70,70,70,70,70,70,70,70,70,70,70,4],"gold":65,"neow_bonus":"THREE_ENEMY_KILL","is_daily":false,"chose_seed":false,"campfire_upgraded":10,"win_rate":0.0,"timestamp":1609653802,"path_taken":["M","?","?","?","M","R","E","M","T","R","E","R","E","M","R","BOSS","M","$","?","M","?","E","R","?","T","E","?","R","M","E","R","BOSS","M","?","M","?","$","E","R","E","T","E","R","?","M","M","R","BOSS"],"items_purchased_type":["Card","Card","Relic","Relic","Relic","Card"],"build_version":"2020-12-22","purchased_purges":3,"victory":true,"max_hp_per_floor":[70,75,75,75,75,75,75,75,75,75,75,75,75,75,75,75,75,75,75,75,75,75,75,75,75,75,75,75,75,75,75,75,75,75,75,75,75,75,75,75,75,75,75,75,75,75,75,75,75,75],"card_choices":[{"not_picked":["Outmaneuver","Slice","Choke"],"picked":"SKIP","floor":1.0},{"not_picked":["Outmaneuver","Backflip"],"picked":"Blade Dance","floor":5.0},{"not_picked":["Flying Knee","Quick Slash"],"picked":"Calculated Gamble","floor":7.0},{"not_picked":["Choke","Backflip"],"picked":"Adrenaline","floor":8.0},{"not_picked":["Underhanded Strike","Reflex"],"picked":"Acrobatics","floor":11.0},{"not_picked":["Predator","Expertise"],"picked":"PiercingWail","floor":13.0},{"not_picked":["Concentrate","Well Laid Plans"],"picked":"Blade Dance","floor":14.0},{"not_picked":["Wraith Form v2","Bullet Time"],"picked":"Phantasmal Killer","floor":16.0},{"not_picked":["Blade Dance","Poisoned Stab+1"],"picked":"Acrobatics","floor":18.0},{"not_picked":["Outmaneuver","Dagger Spray"],"picked":"Tactician","floor":21.0},{"not_picked":["Eviscerate","Acrobatics","Riddle With Holes+1"],"picked":"SKIP","floor":23.0},{"not_picked":["Slice+1","Underhanded Strike","Infinite Blades"],"picked":"SKIP","floor":25.0},{"not_picked":["Dodge and Roll","Dagger Spray"],"picked":"Terror+1","floor":27.0},{"not_picked":["Wraith Form v2","Poisoned Stab+1"],"picked":"Blade Dance+1","floor":30.0},{"not_picked":["Backstab","Bane","Leg Sweep"],"picked":"SKIP","floor":31.0},{"not_picked":["Storm of Steel","Phantasmal Killer"],"picked":"Burst","floor":33},{"not_picked":["Poisoned Stab","Predator","Bane"],"picked":"SKIP","floor":35},{"not_picked":["Dagger Throw","Masterful Stab"],"picked":"Prepared+1","floor":36},{"not_picked":["Dodge and Roll+1","Flying Knee","Slice+1"],"picked":"SKIP","floor":37},{"not_picked":["Setup+1","Bane"],"picked":"Acrobatics+1","floor":40},{"not_picked":["Backflip+1","PiercingWail+1","Phantasmal Killer+1"],"picked":"SKIP","floor":42},{"not_picked":["Dagger Throw","Predator+1","Distraction+1"],"picked":"SKIP","floor":44},{"not_picked":["Cloak And Dagger+1","Bouncing Flask+1"],"picked":"Backflip+1","floor":47},{"not_picked":["Blade Dance+1","Slice+1"],"picked":"Adrenaline+1","floor":48}],"player_experience":138224,"relics_obtained":[{"floor":4.0,"key":"Du-Vu Doll"},{"floor":7.0,"key":"Bag of Marbles"},{"floor":9.0,"key":"InkBottle"},{"floor":11.0,"key":"Regal Pillow"},{"floor":13.0,"key":"Tingsha"},{"floor":22.0,"key":"Orichalcum"},{"floor":23.0,"key":"Kunai"},{"floor":26.0,"key":"Anchor"},{"floor":27.0,"key":"Happy Flower"},{"floor":28.0,"key":"Unceasing Top"},{"floor":28.0,"key":"Gremlin Horn"},{"floor":31.0,"key":"Sundial"},{"floor":36,"key":"Turnip"},{"floor":38,"key":"StoneCalendar"},{"floor":40,"key":"Toxic Egg 2"},{"floor":42,"key":"Thread and Needle"},{"floor":43,"key":"Centennial Puzzle"},{"floor":44,"key":"Pantograph"}],"event_choices":[{"damage_healed":0.0,"max_hp_gain":5.0,"max_hp_loss":0.0,"gold_gain":0.0,"event_name":"Big Fish","player_choice":"Donut","floor":2.0,"gold_loss":0.0,"damage_taken":0.0},{"cards_removed":["Strike_G"],"damage_healed":0.0,"max_hp_gain":0.0,"max_hp_loss":0.0,"gold_gain":0.0,"event_name":"Living Wall","player_choice":"Forget","floor":3.0,"gold_loss":0.0,"damage_taken":0.0},{"damage_healed":0.0,"max_hp_gain":0.0,"max_hp_loss":0.0,"gold_gain":0.0,"event_name":"Ghosts","player_choice":"Ignored","floor":20.0,"gold_loss":0.0,"damage_taken":0.0},{"damage_healed":0.0,"max_hp_gain":0.0,"max_hp_loss":0.0,"gold_gain":0.0,"event_name":"Wheel of Change","player_choice":"Relic","floor":22.0,"gold_loss":0.0,"damage_taken":0.0},{"damage_healed":0.0,"max_hp_gain":0.0,"max_hp_loss":0.0,"gold_gain":0.0,"event_name":"Colosseum","player_choice":"Fight","floor":28.0,"gold_loss":0.0,"damage_taken":0.0},{"damage_healed":0.0,"max_hp_gain":0.0,"max_hp_loss":0.0,"gold_gain":0.0,"event_name":"Colosseum","player_choice":"Fought Nobs","floor":28.0,"gold_loss":0.0,"damage_taken":0.0},{"damage_healed":0,"gold_gain":0,"player_choice":"Fight","damage_taken":0,"max_hp_gain":0,"max_hp_loss":0,"event_name":"Mysterious Sphere","floor":36,"gold_loss":0},{"damage_healed":0,"gold_gain":0,"player_choice":"Fight","damage_taken":0,"max_hp_gain":0,"max_hp_loss":0,"event_name":"MindBloom","floor":38,"gold_loss":0}],"is_beta":false,"boss_relics":[{"not_picked":["Ectoplasm","Runic Dome"],"picked":"Sozu"},{"not_picked":["Velvet Choker","HoveringKite"],"picked":"Coffee Dripper"}],"items_purged_floors":[19,39,46],"is_endless":false,"potions_floor_spawned":[8,11,13,16,18,27,30,31,36,40,44],"ascension_level":9}}