{"host":"jx3f6ezc0g3s9edc","time":1609642433,"event":{"mods":["AchievementEnabler","BaseMod","Bestiary","Colored Map","Highlight Path","Minty Spire (QoL Compilation)","StSLib"],"gold_per_floor":[110,110,110,12,12,12,23,41,41,70,87,87,103,132,132,234,234,248,268,285,285,299,299,129,160,186,186,186,196,1,15,15,114,114,132,184,184,184,200,200,215,215,215],"floor_reached":42,"playtime":3054,"items_purged":["Strike_B","Barrage+1","Dualcast+1"],"score":591,"play_id":"cb359b01-7342-46a4-9a70-f6f8b9ed6757","local_time":"20210102215353","is_ascension_mode":true,"campfire_choices":[{"data":"Dualcast","floor":6.0,"key":"SMITH"},{"floor":12,"key":"REST"},{"floor":15,"key":"REST"},{"data":"Reprogram","floor":23,"key":"SMITH"},{"data":"Hyperbeam","floor":27,"key":"SMITH"},{"data":"Beam Cell","floor":32,"key":"SMITH"},{"floor":40,"key":"REST"}],"circlet_count":0,"master_deck":["Strike_B","Strike_B","Defend_B","Defend_B","Defend_B","Defend_B","Zap","Gash","Skim","All For One","Beam Cell+1","Reprogram+1","Go for the Eyes","Hyperbeam+1","Go for the Eyes","Melter","Seek","Ghostly","Ghostly","Ghostly","Ghostly","Ghostly","Gash","Scrape","Echo Form","Panacea","Hyperbeam"],"relics":["Philosopher\u0027s Stone","Bronze Scales","Symbiotic Virus","CaptainsWheel","MealTicket","Black Star","Gremlin Horn","StoneCalendar","Blood Vial","Busted Crown","Dead Branch"],"acts_visited":["Exordium","TheCity","TheBeyond"],"potions_floor_usage":[22,25,42],"damage_taken":[{"damage":0.0,"enemies":"Cultist","floor":1.0,"turns":3.0},{"damage":15.0,"enemies":"Jaw Worm","floor":7.0,"turns":4.0},{"damage":0.0,"enemies":"2 Louse","floor":8.0,"turns":3.0},{"damage":34,"enemies":"3 Sentries","floor":10,"turns":6},{"damage":13,"enemies":"Gremlin Gang","floor":11,"turns":3},{"damage":8,"enemies":"Exordium Wildlife","floor":13,"turns":2},{"damage":0,"enemies":"Lagavulin","floor":14,"turns":4},{"damage":33,"enemies":"The Guardian","floor":16,"turns":10},{"damage":8,"enemies":"Chosen","floor":18,"turns":3},{"damage":9,"enemies":"Shell Parasite","floor":19,"turns":4},{"damage":14,"enemies":"Snecko","floor":20,"turns":4},{"damage":8,"enemies":"Shelled Parasite and Fungi","floor":22,"turns":2},{"damage":25,"enemies":"Slavers","floor":25,"turns":3},{"damage":0,"enemies":"Sentry and Sphere","floor":29,"turns":3},{"damage":1,"enemies":"Snecko","floor":31,"turns":4},{"damage":29,"enemies":"Collector","floor":33,"turns":7},{"damage":3,"enemies":"3 Darklings","floor":35,"turns":3},{"damage":4,"enemies":"2 Orb Walkers","floor":36,"turns":4},{"damage":24,"enemies":"Orb Walker","floor":39,"turns":4},{"damage":1,"enemies":"Transient","floor":41,"turns":5},{"damage":70,"enemies":"Reptomancer","floor":42,"turns":2}],"seed_played":"-7808770480743102324","potions_obtained":[{"floor":1.0,"key":"FairyPotion"},{"floor":11,"key":"PotionOfCapacity"},{"floor":14,"key":"Explosive Potion"},{"floor":16,"key":"AttackPotion"},{"floor":25,"key":"FocusPotion"},{"floor":33,"key":"CultistPotion"},{"floor":41,"key":"Regen Potion"}],"is_trial":false,"path_per_floor":["M","?","?","$","?","R","M","M","T","E","M","R","M","E","R","B",null,"M","M","M","?","M","R","$","E","T","R","?","M","$","M","R","B",null,"M","?","?","?","M","R","M","E"],"character_chosen":"DEFECT","items_purchased":["Gash","Melter","Scrape"],"campfire_rested":3,"item_purchase_floors":[4,24,30],"current_hp_per_floor":[75,80,73,73,73,73,58,58,58,24,11,35,27,27,51,18,65,57,48,34,80,72,72,80,55,55,55,40,40,40,39,39,11,33,32,30,30,30,8,20,21,0,0],"gold":215,"neow_bonus":"BOSS_RELIC","is_daily":false,"chose_seed":false,"campfire_upgraded":4,"win_rate":0.0,"timestamp":1609642433,"path_taken":["M","?","?","$","?","R","M","?","T","E","M","R","M","E","R","BOSS","M","M","M","?","M","R","?","E","T","R","?","M","$","M","R","BOSS","M","?","?","?","M","R","M","E"],"items_purchased_type":["Card","Card","Card"],"build_version":"2020-12-22","purchased_purges":3,"victory":false,"max_hp_per_floor":[75,80,80,80,80,80,80,80,80,80,80,80,80,80,80,80,80,80,80,80,80,80,80,80,80,80,80,40,40,40,40,40,40,40,40,40,40,40,40,40,40,40,40],"card_choices":[{"not_picked":["Heatsinks","Compile Driver"],"picked":"Barrage","floor":1.0},{"not_picked":["Static Discharge","Conserve Battery"],"picked":"Skim","floor":7.0},{"not_picked":["Gash","Auto Shields"],"picked":"All For One","floor":8.0},{"not_picked":["Steam Power","Barrage"],"picked":"Beam Cell","floor":10},{"not_picked":["Defragment","Cold Snap"],"picked":"Reprogram","floor":11},{"not_picked":["Storm","Consume"],"picked":"Go for the Eyes","floor":13},{"not_picked":["Multi-Cast","Cold Snap","Coolheaded"],"picked":"SKIP","floor":14},{"not_picked":["Multi-Cast","Core Surge"],"picked":"Hyperbeam","floor":16},{"not_picked":["Skim","Conserve Battery","Steam"],"picked":"SKIP","floor":18},{"not_picked":["Chill","Double Energy","Storm+1"],"picked":"SKIP","floor":19},{"not_picked":["Tempest","Reprogram","Compile Driver"],"picked":"SKIP","floor":20},{"not_picked":["Compile Driver","Ball Lightning"],"picked":"Go for the Eyes","floor":22},{"not_picked":["Lockon","Static Discharge+1"],"picked":"Seek","floor":25},{"not_picked":["Redo","Barrage"],"picked":"Gash","floor":29},{"not_picked":["Reinforced Body","Redo","Steam"],"picked":"SKIP","floor":31},{"not_picked":["Electrodynamics","Biased Cognition"],"picked":"Echo Form","floor":33},{"not_picked":["Compile Driver"],"picked":"SKIP","floor":35},{"not_picked":[],"picked":"Panacea","floor":38},{"not_picked":["Ball Lightning"],"picked":"SKIP","floor":39},{"not_picked":[],"picked":"Hyperbeam","floor":41}],"player_experience":706251,"relics_obtained":[{"floor":9.0,"key":"Symbiotic Virus"},{"floor":10,"key":"CaptainsWheel"},{"floor":14,"key":"MealTicket"},{"floor":25,"key":"Gremlin Horn"},{"floor":25,"key":"StoneCalendar"},{"floor":26,"key":"Blood Vial"},{"floor":36,"key":"Dead Branch"}],"event_choices":[{"damage_healed":0.0,"max_hp_gain":5.0,"max_hp_loss":0.0,"gold_gain":0.0,"event_name":"Big Fish","player_choice":"Donut","floor":2.0,"gold_loss":0.0,"damage_taken":0.0},{"damage_healed":0.0,"max_hp_gain":0.0,"max_hp_loss":0.0,"gold_gain":0.0,"event_name":"Scrap Ooze","player_choice":"Success","floor":3.0,"gold_loss":0.0,"damage_taken":7.0,"relics_obtained":["Bronze Scales"]},{"damage_healed":0.0,"max_hp_gain":0.0,"max_hp_loss":0.0,"gold_gain":0.0,"event_name":"Upgrade Shrine","player_choice":"Upgraded","floor":5.0,"gold_loss":0.0,"damage_taken":0.0,"cards_upgraded":["Barrage"]},{"damage_healed":46,"gold_gain":0,"player_choice":"Full Heal","damage_taken":0,"max_hp_gain":0,"max_hp_loss":0,"event_name":"Wheel of Change","floor":21,"gold_loss":0},{"damage_healed":0,"gold_gain":0,"player_choice":"Became a Ghost","damage_taken":0,"max_hp_gain":0,"max_hp_loss":40,"event_name":"Ghosts","floor":28,"gold_loss":0,"cards_obtained":["Ghostly","Ghostly","Ghostly","Ghostly","Ghostly"]},{"damage_healed":0,"gold_gain":0,"player_choice":"Fight","damage_taken":0,"max_hp_gain":0,"max_hp_loss":0,"event_name":"Mysterious Sphere","floor":36,"gold_loss":0},{"cards_removed":["Strike_B"],"damage_healed":0,"gold_gain":0,"player_choice":"Removed Attack","damage_taken":0,"max_hp_gain":0,"max_hp_loss":0,"event_name":"Falling","floor":37,"gold_loss":0},{"damage_healed":0,"gold_gain":0,"player_choice":"Memory 1","damage_taken":0,"max_hp_gain":0,"max_hp_loss":0,"event_name":"SensoryStone","floor":38,"gold_loss":0}],"is_beta":false,"boss_relics":[{"not_picked":["Runic Pyramid","Velvet Choker"],"picked":"Black Star"},{"not_picked":["Pandora\u0027s Box","Tiny House"],"picked":"Busted Crown"}],"items_purged_floors":[4,24,30],"is_endless":false,"potions_floor_spawned":[1,11,14,16,18,25,29,33,41],"killed_by":"Reptomancer","ascension_level":5}}