{"host":"7sy3dyg71hje4mzx","time":1609636862,"event":{"mods":["BaseMod","Marisa????????","Minty Spire (QoL Compilation)","StSLib"],"gold_per_floor":[369,389,389,408,419,451,481,481,481,498,520,520,548,611,611,737,737,791,844,292,337,373,373,462,492,565,618,543,543,346,445,445,572,572,616,616,662,662,662],"floor_reached":38,"playtime":43954,"items_purged":[],"score":479,"play_id":"b8b2a71c-70ac-4619-8b60-9510e61fd865","local_time":"20210103122102","is_ascension_mode":false,"campfire_choices":[{"data":"Orbital","floor":8,"key":"SMITH"},{"floor":12,"key":"REST"},{"floor":15,"key":"REST"},{"floor":23,"key":"REST"},{"floor":29,"key":"REST"},{"floor":32,"key":"REST"}],"circlet_count":0,"master_deck":["Defend_MRS","Defend_MRS","Defend_MRS","Defend_MRS","MasterSpark","UpSweep","Clumsy","ShootingEcho","ShootingEcho","EventHorizon","Robbery","WitchLeyline","Orbital+1","LuminesStrike","MysteriousBeam","WitchOfGreed","PowerUp+1","MillisecondPulsars","MilkyWay+1","6A+1","ManaConvection+1","PulseMagic+1","PowerUp+1","Parasite","Parasite","Apotheosis+1","Orbital+1","EventHorizon","MysteriousBeam+1","EarthLightRay+1","LuminesStrike","EarthLightRay+1","EnergyFlow","LuminesStrike+1","DoubleSpark","SuperPerseids+1","GalacticHalo+1","UltimateShortwave+1","WitchLeyline","Madness+1","Madness+1","StarlightTyphoon+1"],"relics":["MiniHakkero","Question Card","Toxic Egg 2","Astrolabe","Lee\u0027s Waffle","ShroomBag","Boot","Blue Candle","Orrery","Black Star","Mercury Hourglass"],"acts_visited":["Exordium","TheCity","TheBeyond"],"potions_floor_usage":[19,33,38,38],"damage_taken":[{"damage":0,"enemies":"2 Louse","floor":1,"turns":2},{"damage":5,"enemies":"Small Slimes","floor":2,"turns":3},{"damage":6,"enemies":"Jaw Worm","floor":4,"turns":2},{"damage":4,"enemies":"Blue Slaver","floor":5,"turns":3},{"damage":14,"enemies":"2 Fungi Beasts","floor":6,"turns":3},{"damage":0,"enemies":"Large Slime","floor":7,"turns":4},{"damage":15,"enemies":"Looter","floor":10,"turns":3},{"damage":9,"enemies":"2 Fungi Beasts","floor":11,"turns":3},{"damage":1,"enemies":"Exordium Thugs","floor":13,"turns":3},{"damage":17,"enemies":"3 Sentries","floor":14,"turns":5},{"damage":43,"enemies":"Hexaghost","floor":16,"turns":9},{"damage":36,"enemies":"Shell Parasite","floor":18,"turns":5},{"damage":0,"enemies":"Chosen","floor":19,"turns":4},{"damage":21,"enemies":"Shelled Parasite and Fungi","floor":21,"turns":3},{"damage":32,"enemies":"Snecko","floor":22,"turns":5},{"damage":58,"enemies":"Gremlin Leader","floor":24,"turns":7},{"damage":5,"enemies":"Centurion and Healer","floor":25,"turns":5},{"damage":24,"enemies":"Sentry and Sphere","floor":27,"turns":4},{"damage":91,"enemies":"Collector","floor":33,"turns":11},{"damage":41,"enemies":"Orb Walker","floor":35,"turns":5},{"damage":47,"enemies":"3 Darklings","floor":37,"turns":5},{"damage":16,"enemies":"Spire Growth","floor":38,"turns":3}],"seed_played":"158313303385817283","potions_obtained":[{"floor":6,"key":"LiquidBronze"},{"floor":10,"key":"DuplicationPotion"},{"floor":11,"key":"Fire Potion"},{"floor":14,"key":"FairyPotion"},{"floor":19,"key":"Fruit Juice"},{"floor":22,"key":"DistilledChaos"},{"floor":35,"key":"SkillPotion"},{"floor":37,"key":"BottledSpark"}],"is_trial":false,"path_per_floor":["M","M","?","M","M","M","M","R","T","M","M","R","M","E","R","B",null,"M","M","$","M","M","R","E","M","T","M","?","R","$","?","R","B",null,"M","?","M","M"],"character_chosen":"MARISA","items_purchased":["Lee\u0027s Waffle","ShroomBag","Apotheosis+1","Orbital+1","Orrery","GalacticHalo+1"],"campfire_rested":5,"item_purchase_floors":[20,20,20,20,30,30],"current_hp_per_floor":[75,70,75,69,65,51,51,51,51,36,27,51,50,33,57,14,80,44,49,92,71,43,70,16,11,11,9,9,36,36,36,63,27,92,59,47,14,0,0],"gold":662,"neow_bonus":"TWO_FIFTY_GOLD","is_daily":false,"chose_seed":false,"campfire_upgraded":1,"win_rate":0.0,"timestamp":1609636862,"path_taken":["M","M","?","M","M","M","M","R","T","M","M","R","M","E","R","BOSS","M","M","$","M","M","R","E","M","T","M","?","R","?","?","R","BOSS","M","?","M","M"],"items_purchased_type":["Relic","Relic","Card","Card","Relic","Card"],"build_version":"2020-12-22","purchased_purges":0,"victory":false,"max_hp_per_floor":[75,75,80,80,80,80,80,80,80,80,80,80,80,80,80,80,80,80,85,92,92,92,92,92,92,92,92,92,92,92,92,92,92,92,92,92,92,92,92],"card_choices":[{"not_picked":["IllusionStar","Acceleration"],"picked":"ShootingEcho","floor":1},{"not_picked":["NonDirectionalLaser","6A"],"picked":"ShootingEcho","floor":2},{"not_picked":["AlicesGift","SporeBomb"],"picked":"EventHorizon","floor":4},{"not_picked":["DoubleSpark","IllusionStar"],"picked":"Robbery","floor":5},{"not_picked":["Robbery","BlazingStar"],"picked":"WitchLeyline","floor":6},{"not_picked":["IllusionStar","UnstableBomb"],"picked":"Orbital","floor":7},{"not_picked":["NonDirectionalLaser","IllusionStar","AsteroidBelt"],"picked":"LuminesStrike","floor":10},{"not_picked":["DC","IllusionStar","NonDirectionalLaser"],"picked":"MysteriousBeam","floor":11},{"not_picked":["Acceleration","MysteriousBeam","DC"],"picked":"WitchOfGreed","floor":13},{"not_picked":["EnergyFlow","CollectingQuirk","GravityBeat"],"picked":"PowerUp+1","floor":14},{"not_picked":["AbsoluteMagnitude","CasketOfStar","SuperNova"],"picked":"MillisecondPulsars","floor":16},{"not_picked":["NonDirectionalLaser","Robbery","ManaConvection+1"],"picked":"PulseMagic+1","floor":18},{"not_picked":["WitchLeyline","MysteriousBeam","DoubleSpark+1"],"picked":"PowerUp+1","floor":19},{"not_picked":["GalacticHalo+1","NonDirectionalLaser+1","MilkyWay+1"],"picked":"EventHorizon","floor":21},{"not_picked":["LuminesStrike","ChargeUpSpray+1","AsteroidBelt+1"],"picked":"MysteriousBeam+1","floor":22},{"not_picked":["PowerUp+1","SatelliteIllusion","NonDirectionalLaser+1"],"picked":"EarthLightRay+1","floor":24},{"not_picked":["ManaConvection+1","DC","DeepEcoloBomb+1"],"picked":"LuminesStrike","floor":25},{"not_picked":["FairyDestructionRay","EnergyFlow","IllusionStar+1"],"picked":"EarthLightRay+1","floor":27},{"not_picked":["DoubleSpark","GrandCross","AlicesGift+1"],"picked":"EnergyFlow","floor":30},{"not_picked":["6A","ManaConvection+1","GravityBeat"],"picked":"LuminesStrike+1","floor":30},{"not_picked":["FinalSpark","SporeBomb+1","ChargeUpSpray"],"picked":"DoubleSpark","floor":30},{"not_picked":["MilkyWay+1","WitchLeyline","EnergyRecoil+1"],"picked":"SuperPerseids+1","floor":30},{"not_picked":["AbsoluteMagnitude","MillisecondPulsars","BlazingStar"],"picked":"UltimateShortwave+1","floor":33},{"not_picked":["DoubleSpark+1","AsteroidBelt+1","Robbery"],"picked":"WitchLeyline","floor":35},{"not_picked":["PulseMagic+1","ShootTheMoon","ShootingEcho"],"picked":"StarlightTyphoon+1","floor":37}],"player_experience":136920,"relics_obtained":[{"floor":9,"key":"Question Card"},{"floor":14,"key":"Toxic Egg 2"},{"floor":24,"key":"Boot"},{"floor":26,"key":"Blue Candle"}],"event_choices":[{"damage_healed":0,"gold_gain":0,"player_choice":"Donut","damage_taken":0,"max_hp_gain":5,"max_hp_loss":0,"event_name":"Big Fish","floor":3,"gold_loss":0},{"cards_removed":["Strike_MRS"],"damage_healed":0,"gold_gain":0,"player_choice":"Gave Gold","damage_taken":0,"max_hp_gain":0,"max_hp_loss":0,"event_name":"Beggar","floor":28,"gold_loss":75},{"damage_healed":0,"gold_gain":99,"player_choice":"Stole From Cult","damage_taken":0,"max_hp_gain":0,"max_hp_loss":0,"event_name":"Nest","floor":31,"gold_loss":0},{"damage_healed":0,"gold_gain":0,"player_choice":"Embrace Madness","damage_taken":12,"max_hp_gain":0,"max_hp_loss":0,"event_name":"Winding Halls","floor":36,"gold_loss":0,"cards_obtained":["Madness","Madness"]}],"is_beta":false,"boss_relics":[{"not_picked":["RampagingMagicTools","SacredBark"],"picked":"Astrolabe"},{"not_picked":["Runic Dome","Coffee Dripper"],"picked":"Black Star"}],"items_purged_floors":[],"is_endless":false,"potions_floor_spawned":[6,10,11,13,16,18,21,24,37],"killed_by":"Spire Growth","ascension_level":0}}