{"host":"pgqo2okrcsmr67kt","time":1609653911,"event":{"mods":["BaseMod","Colored Map","Colored Powertips","Downfall","Hermit","Marisa£®ÏF”Í°°ƒß¿Ì…≥£©","Minty Spire (QoL Compilation)","Reimu£®≤©¿ˆ¡È√Œ£©","Remilia£®¿Ÿ√◊¿Ú—«£©","Replay The Spire","Shop Mod","StSLib","SuperFastMode","The Bug Knight","The Cursed","The Poker Player","The Servant 0.9.4"],"gold_per_floor":[109,109,109,181,195,195,231,231,255,279,304,323,323,344,344,469,469,487,507,447,169,169,169,183,199,223,19,59,59,97,122,122,122,122,122],"floor_reached":33,"playtime":2328,"items_purged":[],"score":312,"play_id":"9b059aa7-2f7f-4368-b206-f517e41b7e54","local_time":"20210103140511","is_ascension_mode":false,"metric_token":1110,"campfire_choices":[{"data":"PokerPlayerMod:Mulligan","floor":6,"key":"SMITH"},{"data":"PokerPlayerMod:Club8","floor":8,"key":"SMITH"},{"data":"PokerPlayerMod:Spade4","floor":13,"key":"SMITH"},{"data":"PokerPlayerMod:SpadeStrike","floor":15,"key":"SMITH"},{"data":"PokerPlayerMod:CardPrinter+2","floor":23,"key":"SMITH"},{"data":"PokerPlayerMod:CardPrinter+3","floor":32,"key":"SMITH"}],"circlet_count":0,"master_deck":["PokerPlayerMod:Diamond1","PokerPlayerMod:Diamond2","PokerPlayerMod:Diamond6","PokerPlayerMod:Diamond4","PokerPlayerMod:Diamond5","PokerPlayerMod:Spade1","PokerPlayerMod:Spade2","PokerPlayerMod:Spade6","PokerPlayerMod:Spade5","PokerPlayerMod:Club1","PokerPlayerMod:Club2","PokerPlayerMod:Heart2","PokerPlayerMod:TrumpStrike+1","PokerPlayerMod:BadJoker","PokerPlayerMod:Mulligan+1","PokerPlayerMod:Heart1","PokerPlayerMod:Spade3","PokerPlayerMod:Club9","PokerPlayerMod:Heart3","PokerPlayerMod:ClubDance","PokerPlayerMod:SpadeStrike+1","PokerPlayerMod:Diamond9","CurseOfTheBell","PokerPlayerMod:DartThrow+1","PokerPlayerMod:Heart10+","PokerPlayerMod:CardPrinter+4","PokerPlayerMod:ClubsClub+1","Replay:SS_hec_4+1","PokerPlayerMod:MagicTrick","PokerPlayerMod:MagicTrick+1","PokerPlayerMod:Spade9","PokerPlayerMod:ClubDance"],"relics":["PokerPlayerMod:DeckCase","NeowsBlessing","Golden Idol","Iron Hammer","ReplayTheSpireMod:TigerMarble","Simple Rune","Calling Bell","Mastiff:ReiMu","WingedGreaves","Golden Egg","Replay:Wax Seal","PokerPlayerMod:PenAndEraser","Pet Ghost","Boot"],"acts_visited":["Exordium","TheCity"],"potions_floor_usage":[30,33,33],"damage_taken":[{"damage":0,"enemies":"Jaw Worm","floor":1,"turns":1},{"damage":0,"enemies":"Small Slimes","floor":5,"turns":1},{"damage":0,"enemies":"Lagavulin","floor":7,"turns":2},{"damage":0,"enemies":"Cultist","floor":10,"turns":1},{"damage":6,"enemies":"Blue Slaver","floor":11,"turns":2},{"damage":3,"enemies":"Red Slaver","floor":12,"turns":2},{"damage":3,"enemies":"2 Fungi Beasts","floor":14,"turns":1},{"damage":42,"enemies":"The Guardian","floor":16,"turns":13},{"damage":1,"enemies":"3 Byrds","floor":18,"turns":3},{"damage":0,"enemies":"Chosen","floor":19,"turns":3},{"damage":8,"enemies":"Snake Plant","floor":24,"turns":2},{"damage":17,"enemies":"Centurion and Healer","floor":25,"turns":5},{"damage":29,"enemies":"Book of Stabbing","floor":28,"turns":5},{"damage":9,"enemies":"Slavers","floor":30,"turns":4},{"damage":12,"enemies":"3 Cultists","floor":31,"turns":4},{"damage":71,"enemies":"Champ","floor":33,"turns":10}],"seed_played":"-2392837249903986914","potions_obtained":[{"floor":1,"key":"GrandPatriotsElixir:ReiMu"},{"floor":10,"key":"Block Potion"},{"floor":12,"key":"Flashbang"},{"floor":30,"key":"Elixir"}],"is_trial":false,"path_per_floor":["M","?","?","T","M","R","E","R","T","M","M","M","R","M","R","B",null,"M","M","?","$","?","R","M","M","T","$","E","?","E","M","R","B"],"character_chosen":"THE_POKER_PLAYER","items_purchased":["PokerPlayerMod:Heart9","PokerPlayerMod:CardPrinter","PokerPlayerMod:ClubsClub","Replay:SS_hec_4","PokerPlayerMod:MagicTrick","PokerPlayerMod:PenAndEraser"],"campfire_rested":0,"item_purchase_floors":[21,21,21,21,27,27],"current_hp_per_floor":[52,52,39,39,43,43,50,50,50,52,46,50,50,52,52,14,52,52,52,52,52,52,52,46,46,46,46,43,43,52,40,40,0,0,0],"gold":122,"neow_bonus":"THREE_ENEMY_KILL","is_daily":false,"chose_seed":false,"campfire_upgraded":6,"win_rate":0.0,"timestamp":1609653911,"path_taken":["M","?","?","?","?","R","E","R","T","M","M","M","R","M","R","BOSS","M","?","?","$","?","R","?","M","T","?","E","?","E","?","R","BOSS"],"items_purchased_type":["Card","Card","Card","Card","Card","Relic"],"build_version":"2020-12-22","purchased_purges":0,"victory":false,"max_hp_per_floor":[52,52,52,52,52,52,52,52,52,52,52,52,52,52,52,52,52,52,52,52,52,52,52,52,52,52,52,52,52,52,52,52,52,52,52],"card_choices":[{"not_picked":["PokerPlayerMod:HotShotCut","PokerPlayerMod:Diamond2"],"picked":"PokerPlayerMod:Heart1","floor":1},{"not_picked":["PokerPlayerMod:FlyingCard","PokerPlayerMod:Club1"],"picked":"PokerPlayerMod:Spade3","floor":5},{"not_picked":["PokerPlayerMod:Spade7","PokerPlayerMod:DiamondStrike"],"picked":"PokerPlayerMod:Club8","floor":7},{"not_picked":["PokerPlayerMod:Heart1","PokerPlayerMod:Diamond2"],"picked":"PokerPlayerMod:Heart3","floor":10},{"not_picked":["PokerPlayerMod:Club1","PokerPlayerMod:Extraction","PokerPlayerMod:FlyingCard"],"picked":"SKIP","floor":11},{"not_picked":["PokerPlayerMod:CardBurn","PokerPlayerMod:Configure"],"picked":"PokerPlayerMod:ClubDance","floor":12},{"not_picked":["PokerPlayerMod:Diamond2","PokerPlayerMod:Configure"],"picked":"PokerPlayerMod:SpadeStrike","floor":14},{"not_picked":["PokerPlayerMod:Club9","PokerPlayerMod:Diamond7"],"picked":"PokerPlayerMod:Diamond9","floor":16},{"not_picked":["PokerPlayerMod:Club4","PokerPlayerMod:Spade2"],"picked":"PokerPlayerMod:DartThrow+1","floor":18},{"not_picked":["PokerPlayerMod:Diamond2","PokerPlayerMod:Configure","PokerPlayerMod:Club4"],"picked":"SKIP","floor":19},{"not_picked":["PokerPlayerMod:Raise","PokerPlayerMod:CloakAndDiamond","PokerPlayerMod:ClubsClub"],"picked":"SKIP","floor":24},{"not_picked":["PokerPlayerMod:Spade1","PokerPlayerMod:Sharpen"],"picked":"PokerPlayerMod:MagicTrick","floor":25},{"not_picked":["PokerPlayerMod:ClubsClub","PokerPlayerMod:FillThePot"],"picked":"PokerPlayerMod:Spade9","floor":28},{"not_picked":["PokerPlayerMod:SpadeStrike","PokerPlayerMod:Fold+1"],"picked":"PokerPlayerMod:ClubDance","floor":30},{"not_picked":["PokerPlayerMod:Diamond1","PokerPlayerMod:Diamond2","PokerPlayerMod:Spade1"],"picked":"SKIP","floor":31}],"player_experience":1895,"relics_obtained":[{"floor":4,"key":"Iron Hammer"},{"floor":7,"key":"ReplayTheSpireMod:TigerMarble"},{"floor":9,"key":"Simple Rune"},{"floor":17,"key":"Mastiff:ReiMu"},{"floor":17,"key":"WingedGreaves"},{"floor":17,"key":"Golden Egg"},{"floor":26,"key":"Replay:Wax Seal"},{"floor":28,"key":"Pet Ghost"},{"floor":30,"key":"Boot"}],"event_choices":[{"damage_healed":0,"gold_gain":0,"player_choice":"Take Damage","damage_taken":13,"relics_obtained":["Golden Idol"],"max_hp_gain":0,"max_hp_loss":0,"event_name":"Golden Idol","floor":3,"gold_loss":0},{"damage_healed":0,"gold_gain":0,"player_choice":"Forge","damage_taken":0,"max_hp_gain":0,"max_hp_loss":0,"event_name":"Accursed Blacksmith","floor":22,"gold_loss":0,"cards_upgraded":["PokerPlayerMod:CardPrinter"]}],"is_beta":false,"boss_relics":[{"not_picked":["ChewingGum","Black Star"],"picked":"Calling Bell"}],"items_purged_floors":[],"is_endless":false,"potions_floor_spawned":[1,10,12,14,24,30],"killed_by":"Champ","ascension_level":0}}