{"host":"oqhjdqr9xcmboomw","time":1609698484,"event":{"mods":["2.2 Compatiblity","AchievementEnabler","Act Like it!","Aspiration","BaseMod","Beaked The Cultist","Better Third Choice","Conjunction","Conspire","Disable Question Mark Monsters","Downfall","Elementarium","Energized Spire","GifTheSpireLib","Halation","Hallownest","Hermit","Hubris","Infinite Spire","Jorbs\u0027s Wanderer Trilogy","Mimic Mod","Minty Spire (QoL Compilation)","Random Character Button","Rare Cards Sparkle","Replay The Spire","Spicy Shops","Spikes Relics","StSLib","Stuff the Spire","The Blackbeard","The Blue Laboratory","The Cursed","The Disciple","The Gatherer","The Hierophant","The Judge","The Mystic","The Saiyan","The Wild Card","Unceasing Turn Reminder","Wandering Minibosses","vexMod"],"gold_per_floor":[99,115,127,127,127,146,185,185,197,197,222,247,282,294,313,419,419,419,442,467,481,504,504,531,558,558,558,558],"floor_reached":26,"playtime":1717,"items_purged":[],"score":227,"play_id":"204a3c37-fc64-4ca2-9665-cb3e09b3e1aa","local_time":"20210103132804","is_ascension_mode":true,"campfire_choices":[{"data":"hexamod:Strike","floor":1,"key":"SMITH"},{"data":"hexamod:TimeWarp","floor":18,"key":"SMITH"}],"circlet_count":0,"master_deck":["hexamod:Strike","hexamod:Strike","hexamod:Strike","hexamod:Strike","hexamod:Defend","hexamod:Defend","hexamod:Defend","hexamod:Defend","hexamod:Sear","hexamod:Float+1","hexamod:SuperheatedStrike","hexamod:Again","Injury","hexamod:SecondSeal","hexamod:FastForward","hexamod:UnleashSpirits","hexamod:GhostShield","hexamod:GhostOfSpirePresent+1","hexamod:FourthSeal","hexamod:PhantomCloak+1","hexamod:FastForward","hexamod:FastForward","hexamod:TimeWarp+1","hexamod:HauntingEcho","hexamod:FirstSeal","hexamod:NightmareStrike+1"],"relics":["hexamod:SpiritBrand","Frozen Egg 2","halation:PinkSoulGem","Simple Rune","White Beast Statue","energizedSpire:DeadBattery","halation:PrussianBluePaint"],"acts_visited":["Exordium","TheCity"],"potions_floor_usage":[15,19,21,22,22,25],"damage_taken":[{"damage":2,"enemies":"Small Slimes","floor":2,"turns":3},{"damage":1,"enemies":"2 Louse","floor":3,"turns":2},{"damage":0,"enemies":"Cultist","floor":6,"turns":3},{"damage":1,"enemies":"Blue Slaver","floor":7,"turns":6},{"damage":6,"enemies":"Blue Slaver","floor":9,"turns":2},{"damage":9,"enemies":"Lots of Slimes","floor":11,"turns":6},{"damage":10,"enemies":"Exordium Wildlife","floor":12,"turns":6},{"damage":12,"enemies":"Lagavulin","floor":13,"turns":6},{"damage":8,"enemies":"3 Louse","floor":14,"turns":5},{"damage":0,"enemies":"Exordium Wildlife","floor":15,"turns":5},{"damage":31,"enemies":"downfall:Watcher","floor":16,"turns":10},{"damage":12,"enemies":"Chosen","floor":19,"turns":6},{"damage":17,"enemies":"Snake Plant","floor":20,"turns":4},{"damage":2,"enemies":"Snecko","floor":21,"turns":6},{"damage":9,"enemies":"Centurion and Healer","floor":22,"turns":7},{"damage":41,"enemies":"Shelled Parasite and Fungi","floor":25,"turns":6},{"damage":7,"enemies":"Sentry and Sphere","floor":26,"turns":2}],"seed_played":"-6005940030988945853","potions_obtained":[{"floor":2,"key":"Conjunction:LightningMarble"},{"floor":6,"key":"blueLaboratory:BottleOfVodka"},{"floor":10,"key":"FairyPotion"},{"floor":10,"key":"blueLaboratory:Moonshine"},{"floor":13,"key":"blueLaboratory:ArtificerPotion"},{"floor":15,"key":"Fruit Juice"},{"floor":16,"key":"Dexterity Potion"},{"floor":16,"key":"Swift Potion"},{"floor":19,"key":"blueLaboratory:PyrophylliteBrew"},{"floor":20,"key":"BlessingOfTheForge"},{"floor":20,"key":"SkillPotion"},{"floor":21,"key":"Fire Potion"},{"floor":21,"key":"Guardian:BlockOnCardUsePotion"},{"floor":22,"key":"blueLaboratory:RememoryPotion"},{"floor":25,"key":"Reflective Coating"},{"floor":25,"key":"Milkshake"}],"is_trial":false,"path_per_floor":["R","M","M","?","?","M","MIM","?","M","?","M","M","E","M","M","B",null,"R","M","M","M","M","?","T","M","M"],"character_chosen":"THE_SPIRIT","items_purchased":[],"campfire_rested":0,"item_purchase_floors":[],"current_hp_per_floor":[70,68,67,67,67,67,66,66,60,60,51,41,29,21,26,22,75,75,63,46,44,42,42,42,1,0,0,0],"gold":558,"neow_bonus":"UPGRADE_CARD","is_daily":false,"chose_seed":false,"campfire_upgraded":2,"win_rate":0.0,"timestamp":1609698484,"path_taken":["R","M","M","?","?","M","MIM","?","?","?","M","M","E","M","M","BOSS","R","M","M","M","?","?","T","M","M"],"items_purchased_type":[],"build_version":"2020-12-22","purchased_purges":0,"victory":false,"max_hp_per_floor":[70,70,70,70,70,70,70,70,70,70,70,70,70,70,75,75,75,75,75,75,75,75,75,75,75,75,75,75],"card_choices":[{"not_picked":["hexamod:RainOfEmbers","hexamod:GhostShield"],"picked":"hexamod:SuperheatedStrike","floor":2},{"not_picked":["hexamod:ShieldOfDarkness","hexamod:InspiringFlames"],"picked":"hexamod:Again","floor":3},{"not_picked":["hexamod:Firestarter","hexamod:ShieldOfDarkness"],"picked":"hexamod:SecondSeal","floor":6},{"not_picked":["hexamod:SwordOfDarkness","hexamod:SuperheatedStrike"],"picked":"hexamod:FastForward","floor":7},{"not_picked":["hexamod:NightmareGuise","hexamod:Hexaguard"],"picked":"hexamod:GhostShield","floor":9},{"not_picked":["hexamod:ThermalTransfer","hexamod:SpectersWail"],"picked":"hexamod:GhostOfSpirePresent+1","floor":11},{"not_picked":["hexamod:HexaLevel+1","hexamod:AdvancingGuard"],"picked":"hexamod:FourthSeal","floor":12},{"not_picked":["hexamod:GhostLash","hexamod:AdvancingGuard"],"picked":"hexamod:PhantomCloak+1","floor":13},{"not_picked":["hexamod:HeatMetal","hexamod:ShieldOfDarkness"],"picked":"hexamod:FastForward","floor":14},{"not_picked":["hexamod:SpectersWail","hexamod:NightmareGuise"],"picked":"hexamod:FastForward","floor":15},{"not_picked":["hexamod:GhostflameInferno","hexamod:SearingWound"],"picked":"hexamod:TimeWarp","floor":16},{"not_picked":["hexamod:BurningTouch","hexamod:ThermalTransfer"],"picked":"hexamod:HauntingEcho","floor":19},{"not_picked":["hexamod:HeatShield+1","hexamod:SwordOfDarkness","hexamod:ThermalTransfer"],"picked":"SKIP","floor":20},{"not_picked":["hexamod:Firestarter","hexamod:Hexaguard"],"picked":"hexamod:FirstSeal","floor":21},{"not_picked":["hexamod:Rewind+1","hexamod:ShieldOfDarkness"],"picked":"hexamod:NightmareStrike+1","floor":22},{"not_picked":["hexamod:DynamicBlow","hexamod:Firestarter","hexamod:ShieldOfDarkness"],"picked":"SKIP","floor":25}],"player_experience":1068820,"relics_obtained":[{"floor":7,"key":"Simple Rune"},{"floor":13,"key":"White Beast Statue"},{"floor":24,"key":"halation:PrussianBluePaint"}],"event_choices":[{"damage_healed":0,"gold_gain":0,"player_choice":"Got Potions","damage_taken":0,"max_hp_gain":0,"max_hp_loss":0,"event_name":"Lab","floor":10,"gold_loss":0}],"is_beta":false,"boss_relics":[{"not_picked":["Honey Jar","ReplayTheSpireMod:DimensionalGlitch"],"picked":"energizedSpire:DeadBattery"}],"items_purged_floors":[],"is_endless":false,"potions_floor_spawned":[2,6,13,14,15,16,19,20,21,22,25],"killed_by":"Sentry and Sphere","ascension_level":1}}