{"host":"Fun","time":1609712030,"event":{"mods":["BaseMod","Colored Map","Minty Spire (QoL Compilation)","Relic Stats","StSLib"],"gold_per_floor":[115,125,125,125,137,137,171,171,171,171,184,184,184,212,212,309,309,320,320,102,102,120,120,155,155,179,204,220,220,245,271,283,390,402,431,260,260,260,270,270,300,300,300,329,345,345,357,389,389,389],"floor_reached":51,"playtime":2241,"items_purged":["Strike_P","Strike_P"],"score":1482,"play_id":"7600d25a-28c3-42b4-bbf1-42179a90fe42","local_time":"20210103171350","is_ascension_mode":true,"campfire_choices":[{"data":"Eruption","floor":6,"key":"SMITH"},{"data":"CutThroughFate","floor":8,"key":"SMITH"},{"data":"Weave","floor":10,"key":"SMITH"},{"data":"Evaluate","floor":12,"key":"SMITH"},{"data":"JustLucky","floor":15,"key":"SMITH"},{"data":"Vault","floor":23,"key":"SMITH"},{"data":"Indignation","floor":25,"key":"SMITH"},{"floor":32,"key":"REST"},{"data":"Fasting2","floor":40,"key":"SMITH"},{"data":"ThirdEye","floor":42,"key":"SMITH"},{"data":"DeceiveReality","floor":49,"key":"SMITH"}],"circlet_count":0,"master_deck":["Strike_P","Strike_P+1","Defend_P","Defend_P","Defend_P","Defend_P","Eruption+1","Vigilance","FearNoEvil","Evaluate+1","Weave+1","CutThroughFate+1","BattleHymn","ThirdEye+1","CutThroughFate+1","JustLucky+1","Vault+1","Wallop","Weave+1","Necronomicurse","Indignation+1","FlurryOfBlows","Protect","Establishment","Protect+1","LikeWater+1","SpiritShield","JustLucky+1","CutThroughFate+1","Fasting2+1","ClearTheMind","LikeWater+1","FlurryOfBlows+1","Ragnarok","Wireheading+1","Evaluate+1","CutThroughFate","DeceiveReality+1"],"relics":["HolyWater","WarpedTongs","Bronze Scales","Prayer Wheel","MealTicket","InkBottle","Kunai","PreservedInsect","Necronomicon","Dream Catcher","Whetstone","Vajra","FaceOfCleric","MawBank","Cursed Key","Potion Belt","Smiling Mask","Yang"],"acts_visited":["Exordium","TheCity","TheBeyond"],"potions_floor_usage":[30],"damage_taken":[{"damage":0,"enemies":"Cultist","floor":1,"turns":3},{"damage":0,"enemies":"Small Slimes","floor":2,"turns":2},{"damage":0,"enemies":"2 Louse","floor":5,"turns":1},{"damage":7,"enemies":"3 Sentries","floor":7,"turns":6},{"damage":5,"enemies":"Exordium Thugs","floor":11,"turns":2},{"damage":0,"enemies":"Gremlin Nob","floor":14,"turns":2},{"damage":0,"enemies":"Slime Boss","floor":16,"turns":3},{"damage":5,"enemies":"Chosen","floor":18,"turns":3},{"damage":0,"enemies":"Spheric Guardian","floor":22,"turns":2},{"damage":14,"enemies":"Slavers","floor":24,"turns":3},{"damage":15,"enemies":"Book of Stabbing","floor":27,"turns":4},{"damage":7,"enemies":"Cultist and Chosen","floor":28,"turns":4},{"damage":3,"enemies":"Slavers","floor":30,"turns":5},{"damage":11,"enemies":"Centurion and Healer","floor":31,"turns":3},{"damage":0,"enemies":"Champ","floor":33,"turns":9},{"damage":0,"enemies":"3 Darklings","floor":35,"turns":4},{"damage":0,"enemies":"Orb Walker","floor":39,"turns":3},{"damage":1,"enemies":"Reptomancer","floor":41,"turns":7},{"damage":0,"enemies":"Nemesis","floor":44,"turns":4},{"damage":0,"enemies":"Transient","floor":45,"turns":5},{"damage":3,"enemies":"3 Darklings","floor":47,"turns":4},{"damage":0,"enemies":"Reptomancer","floor":48,"turns":5},{"damage":0,"enemies":"Awakened One","floor":50,"turns":18}],"seed_played":"-5053530769550937910","potions_obtained":[{"floor":1,"key":"Fire Potion"},{"floor":7,"key":"GamblersBrew"},{"floor":14,"key":"Energy Potion"},{"floor":16,"key":"Dexterity Potion"},{"floor":22,"key":"FairyPotion"},{"floor":30,"key":"SpeedPotion"},{"floor":31,"key":"Ambrosia"},{"floor":44,"key":"GamblersBrew"},{"floor":47,"key":"BottledMiracle"}],"is_trial":false,"path_per_floor":["M","M","?","$","M","R","E","R","T","R","M","R","?","E","R","B",null,"M","?","$","?","M","R","E","R","T","E","M","?","E","M","R","B",null,"M","$","?","?","M","R","E","R","T","E","M","?","M","E","R","B",null],"character_chosen":"WATCHER","items_purchased":["PreservedInsect","Fasting2","ClearTheMind"],"campfire_rested":1,"item_purchase_floors":[20,36,36],"current_hp_per_floor":[65,65,62,62,62,62,55,55,55,55,50,50,50,50,50,50,67,62,62,72,56,56,56,42,42,42,27,20,20,18,8,30,31,64,65,76,76,76,77,77,77,77,77,78,79,79,77,78,78,79],"gold":389,"neow_bonus":"RANDOM_COMMON_RELIC","is_daily":false,"chose_seed":false,"campfire_upgraded":10,"win_rate":0.0,"timestamp":1609712030,"path_taken":["M","?","?","$","M","R","E","R","T","R","M","R","?","E","R","BOSS","M","?","$","?","M","R","E","R","T","E","M","?","E","?","R","BOSS","M","$","?","?","?","R","E","R","T","E","M","?","M","E","R","BOSS"],"items_purchased_type":["Relic","Card","Card"],"build_version":"2020-12-18","purchased_purges":2,"victory":true,"max_hp_per_floor":[72,72,72,72,72,72,72,72,72,72,72,72,72,72,72,72,72,72,72,72,72,72,72,72,72,72,72,72,72,73,74,74,75,75,76,76,76,76,77,77,78,78,78,79,80,80,81,82,82,83],"relic_stats":{"counters":[23,102],"Yang":[66],"PreservedInsect":285,"Whetstone":["Weave","Strike_P"],"MawBank":72,"Cursed Key":0,"Smiling Mask":0,"WarpedTongs":[102],"Dream Catcher":1,"FaceOfCleric":11,"Bronze Scales":[270],"Prayer Wheel":10,"MealTicket":21,"Necronomicon":[25],"Kunai":[70],"obtain_stats":[{"Potion Belt":41,"Vajra":27,"Yang":48,"PreservedInsect":20,"Whetstone":26,"MawBank":30,"Cursed Key":34,"Smiling Mask":44,"WarpedTongs":0,"Dream Catcher":24,"FaceOfCleric":29,"Bronze Scales":0,"HolyWater":17,"Prayer Wheel":3,"MealTicket":7,"Necronomicon":21,"Kunai":14,"PureWater":0,"InkBottle":9},{"Potion Belt":18,"Vajra":11,"Yang":22,"PreservedInsect":8,"Whetstone":10,"MawBank":13,"Cursed Key":15,"Smiling Mask":19,"WarpedTongs":0,"Dream Catcher":10,"FaceOfCleric":12,"Bronze Scales":0,"HolyWater":7,"Prayer Wheel":2,"MealTicket":4,"Necronomicon":8,"Kunai":6,"PureWater":0,"InkBottle":4},{"Potion Belt":66,"Vajra":31,"Yang":84,"PreservedInsect":22,"Whetstone":27,"MawBank":40,"Cursed Key":52,"Smiling Mask":70,"WarpedTongs":0,"Dream Catcher":27,"FaceOfCleric":35,"Bronze Scales":0,"HolyWater":19,"Prayer Wheel":5,"MealTicket":12,"Necronomicon":22,"Kunai":16,"PureWater":0,"InkBottle":12}],"InkBottle":[48]},"card_choices":[{"not_picked":["Halt","EmptyBody"],"picked":"FearNoEvil","floor":1},{"not_picked":["ThirdEye","EmptyBody"],"picked":"Evaluate","floor":2},{"not_picked":["JustLucky","Consecrate"],"picked":"Weave","floor":5},{"not_picked":["EmptyFist","Worship"],"picked":"CutThroughFate","floor":5},{"not_picked":["EmptyMind","Evaluate"],"picked":"BattleHymn","floor":7},{"not_picked":["Protect","Sanctity"],"picked":"ThirdEye","floor":11},{"not_picked":["Halt","FearNoEvil"],"picked":"CutThroughFate","floor":11},{"not_picked":["ReachHeaven","SignatureMove"],"picked":"JustLucky","floor":14},{"not_picked":["Judgement","Omniscience"],"picked":"Vault","floor":16},{"not_picked":["Prostrate","EmptyFist"],"picked":"Wallop","floor":18},{"not_picked":["EmptyBody","SashWhip","EmptyFist"],"picked":"SKIP","floor":18},{"not_picked":["WheelKick+1","FearNoEvil","EmptyBody+1"],"picked":"SKIP","floor":22},{"not_picked":["Sanctity","Consecrate","Indignation"],"picked":"SKIP","floor":22},{"not_picked":["FlyingSleeves","Swivel"],"picked":"Indignation","floor":24},{"not_picked":["Worship","BattleHymn"],"picked":"FlurryOfBlows","floor":27},{"not_picked":["FearNoEvil","ForeignInfluence+1"],"picked":"Protect","floor":28},{"not_picked":["ReachHeaven","CrushJoints","FlurryOfBlows"],"picked":"SKIP","floor":28},{"not_picked":["FearNoEvil","FlyingSleeves"],"picked":"Establishment","floor":30},{"not_picked":["Evaluate","SignatureMove"],"picked":"Protect+1","floor":31},{"not_picked":["Crescendo+1","BowlingBash+1","Weave"],"picked":"SKIP","floor":31},{"not_picked":["DeceiveReality","Indignation+1"],"picked":"LikeWater+1","floor":32},{"not_picked":["Omniscience","Wish"],"picked":"SpiritShield","floor":33},{"not_picked":["FlurryOfBlows+1","PathToVictory"],"picked":"JustLucky+1","floor":35},{"not_picked":["InnerPeace","FearNoEvil"],"picked":"CutThroughFate+1","floor":35},{"not_picked":["EmptyBody+1","EmptyFist+1","BowlingBash+1"],"picked":"SKIP","floor":39},{"not_picked":["PathToVictory+1","Crescendo+1","Conclude+1"],"picked":"SKIP","floor":39},{"not_picked":["CrushJoints+1","ForeignInfluence"],"picked":"FlurryOfBlows+1","floor":41},{"not_picked":["SashWhip","ClearTheMind+1"],"picked":"Ragnarok","floor":44},{"not_picked":["BowlingBash+1","Wallop"],"picked":"Wireheading","floor":45},{"not_picked":["Worship+1","EmptyBody"],"picked":"Evaluate+1","floor":45},{"not_picked":["FlurryOfBlows","JustLucky+1"],"picked":"CutThroughFate","floor":47},{"not_picked":["Weave","Consecrate+1"],"picked":"DeceiveReality","floor":47},{"not_picked":["LessonLearned","SashWhip","FlurryOfBlows+1"],"picked":"SKIP","floor":48}],"player_experience":147014,"relics_obtained":[{"floor":7,"key":"MealTicket"},{"floor":9,"key":"InkBottle"},{"floor":14,"key":"Kunai"},{"floor":21,"key":"Necronomicon"},{"floor":24,"key":"Dream Catcher"},{"floor":26,"key":"Whetstone"},{"floor":27,"key":"Vajra"},{"floor":30,"key":"MawBank"},{"floor":41,"key":"Potion Belt"},{"floor":44,"key":"Smiling Mask"},{"floor":48,"key":"Yang"}],"event_choices":[{"damage_healed":0,"gold_gain":0,"player_choice":"Success","damage_taken":3,"relics_obtained":["Prayer Wheel"],"max_hp_gain":0,"max_hp_loss":0,"event_name":"Scrap Ooze","floor":3,"gold_loss":0},{"damage_healed":0,"gold_gain":0,"player_choice":"Upgraded","damage_taken":0,"max_hp_gain":0,"max_hp_loss":0,"event_name":"Upgrade Shrine","floor":13,"gold_loss":0,"cards_upgraded":["CutThroughFate"]},{"damage_healed":0,"gold_gain":0,"player_choice":"Read","damage_taken":0,"max_hp_gain":0,"max_hp_loss":0,"event_name":"The Library","floor":19,"gold_loss":0,"cards_obtained":["Weave"]},{"damage_healed":0,"gold_gain":0,"player_choice":"Obtained Book","damage_taken":16,"max_hp_gain":0,"max_hp_loss":0,"event_name":"Cursed Tome","floor":21,"gold_loss":0},{"damage_healed":0,"gold_gain":0,"player_choice":"Trade","damage_taken":0,"relics_obtained":["FaceOfCleric"],"max_hp_gain":0,"max_hp_loss":0,"event_name":"FaceTrader","floor":29,"gold_loss":0},{"damage_healed":0,"gold_gain":0,"player_choice":"Ignored","damage_taken":0,"max_hp_gain":0,"max_hp_loss":0,"event_name":"Tomb of Lord Red Mask","floor":37,"gold_loss":0},{"damage_healed":0,"gold_gain":0,"player_choice":"Copied","damage_taken":0,"max_hp_gain":0,"max_hp_loss":0,"event_name":"Duplicator","floor":38,"gold_loss":0,"cards_obtained":["LikeWater"]},{"damage_healed":0,"gold_gain":0,"player_choice":"Forge","damage_taken":0,"max_hp_gain":0,"max_hp_loss":0,"event_name":"Accursed Blacksmith","floor":46,"gold_loss":0,"cards_upgraded":["Wireheading"]}],"is_beta":true,"boss_relics":[{"not_picked":["Black Star","Ectoplasm"],"picked":"HolyWater"},{"not_picked":["Philosopher\u0027s Stone","VioletLotus"],"picked":"Cursed Key"}],"items_purged_floors":[20,36],"is_endless":false,"potions_floor_spawned":[1,7,14,16,18,22,30,31,35,44,47,48],"ascension_level":7}}