{"host":"i0s8vbixp24k5aul","time":1609669470,"event":{"mods":["2.2 Compatiblity","Act Like it!","Aspiration","BaseMod","Better Note","Better Third Choice","Better Vampires","BetterUpgradePreview","Colorless Booster Pack","Dota2Spire","GifTheSpireLib","Halation","Hermit","Hubris","Jedi Mod","Minty Spire (QoL Compilation)","Optimize The Spire","Random Character Mod","StSLib","Stuff the Spire","The Construct","The Disciple","TheWitcher","vexMod","??????REMEMod"],"gold_per_floor":[113,38,57,76,96,96,96,96,96,112,112,131,131,183,183,367,367,385,335,209,222,2,130,148,148,148,172,172,172,172,172,172,239,239],"floor_reached":33,"playtime":1677,"items_purged":["hermit:Strike_Hermit","hermit:Strike_Hermit"],"score":265,"play_id":"63071014-0c99-429b-af4a-c7cd16393b8a","local_time":"20210103132430","is_ascension_mode":false,"campfire_choices":[{"data":"SnafuTest:LastWish","floor":6,"key":"SMITH"},{"data":"hermit:FlashPowder","floor":8,"key":"SMITH"},{"data":"hermit:HighCaliber","floor":11,"key":"SMITH"},{"data":"hermit:Deadeye","floor":13,"key":"SMITH"},{"floor":15,"key":"REST"},{"floor":25,"key":"REST"},{"floor":28,"key":"REST"},{"floor":32,"key":"REST"}],"circlet_count":0,"master_deck":["hermit:Strike_Hermit","hermit:Defend_Hermit","hermit:Defend_Hermit","hermit:Defend_Hermit","hermit:Defend_Hermit","hermit:Snapshot","hermit:Covet","SnafuTest:LastWish+1","hermit:Deadeye+1","hermit:Malice","hermit:HighCaliber+1","hermit:FlashPowder+1","hermit:EyeOfTheStorm","hermit:Roughhouse","hermit:Grudge","hermit:Magnum","hermit:Vantage","hermit:SprayPray","hermit:Roulette","hermit:Combo+1","hermit:GoldenBullet+1","hermit:Shortfuse+1","PatternShift+1"],"relics":["hermit:Momento","REME_ComplimentaryCards","Golden Idol","vexMod:ConsolationPrize","halation:SelfBoilingWater","hubris:TerracottaHorce","hubris:EmptyBottle","Molten Egg 2","SnafuTest:BearRelic","Dota2Spire:ArmletOfMordiggian"],"acts_visited":["Exordium","TheCity"],"potions_floor_usage":[12,14,23,23,27,27,27,27,33,33],"damage_taken":[{"damage":0,"enemies":"Small Slimes","floor":1,"turns":3},{"damage":6,"enemies":"Jaw Worm","floor":3,"turns":2},{"damage":2,"enemies":"2 Louse","floor":4,"turns":2},{"damage":0,"enemies":"Lots of Slimes","floor":5,"turns":1},{"damage":0,"enemies":"3 Louse","floor":10,"turns":3},{"damage":0,"enemies":"Exordium Thugs","floor":12,"turns":4},{"damage":11,"enemies":"Lagavulin","floor":14,"turns":4},{"damage":59,"enemies":"Slime Boss","floor":16,"turns":10},{"damage":0,"enemies":"3 Byrds","floor":18,"turns":5},{"damage":0,"enemies":"Chosen","floor":21,"turns":4},{"damage":85,"enemies":"Gremlin Leader","floor":23,"turns":8},{"damage":0,"enemies":"Sentry and Sphere","floor":24,"turns":2},{"damage":4,"enemies":"Cultist and Chosen","floor":27,"turns":4},{"damage":80,"enemies":"Automaton","floor":33,"turns":6}],"seed_played":"1271326914448335884","potions_obtained":[{"floor":4,"key":"SkillPotion"},{"floor":10,"key":"BlessingOfTheForge"},{"floor":18,"key":"GamblersBrew"},{"floor":24,"key":"GamblersBrew"},{"floor":27,"key":"Dexterity Potion"}],"is_trial":false,"path_per_floor":["M","$","M","M","M","R","?","R","T","M","R","M","R","E","R","B",null,"M","?","$","M","$","E","M","R","T","M","R","?","?","?","R","B"],"character_chosen":"HERMIT","items_purchased":["hermit:SprayPray","hubris:EmptyBottle","Regen Potion"],"campfire_rested":4,"item_purchase_floors":[20,22,22],"current_hp_per_floor":[75,75,69,67,67,67,49,49,49,49,49,49,49,38,60,1,57,57,57,57,57,57,6,6,28,28,24,46,46,46,46,68,0,0],"gold":239,"neow_bonus":"TRANSFORM_CARD","is_daily":false,"chose_seed":false,"campfire_upgraded":4,"win_rate":0.0,"timestamp":1609669470,"path_taken":["M","$","M","M","M","R","?","R","T","M","R","M","R","E","R","BOSS","M","?","$","M","$","E","M","R","T","M","R","?","?","?","R","BOSS"],"items_purchased_type":["Card","Relic","Potion"],"build_version":"2020-12-22","purchased_purges":2,"victory":false,"max_hp_per_floor":[75,75,75,75,75,75,75,75,75,75,75,75,75,75,75,75,75,75,75,75,75,75,75,75,75,75,75,75,75,75,75,75,75,75],"card_choices":[{"not_picked":["hermit:HighCaliber","hermit:TrackingShot"],"picked":"hermit:Malice","floor":1},{"not_picked":["hermit:Glare","hermit:Vantage"],"picked":"hermit:HighCaliber","floor":3},{"not_picked":["hermit:Misfire","hermit:Glare","hermit:Snipe"],"picked":"SKIP","floor":4},{"not_picked":["hermit:Coalescence","hermit:Roulette"],"picked":"hermit:FlashPowder","floor":5},{"not_picked":["hermit:Vantage","hermit:Headshot"],"picked":"hermit:EyeOfTheStorm","floor":10},{"not_picked":["hermit:TrackingShot","hermit:HighCaliber"],"picked":"hermit:Roughhouse","floor":12},{"not_picked":["hermit:NoHoldsBarred","hermit:Deadeye"],"picked":"hermit:Grudge","floor":14},{"not_picked":["hermit:FromBeyond","hermit:DeadOrAlive"],"picked":"hermit:Magnum","floor":16},{"not_picked":["hermit:HoleUp","hermit:ShadowCloak"],"picked":"hermit:Vantage","floor":18},{"not_picked":["hermit:TakeCover","hermit:CalledShot"],"picked":"hermit:Roulette","floor":21},{"not_picked":["hermit:Midnight","hermit:Feint"],"picked":"hermit:Combo","floor":23},{"not_picked":["hermit:Cheat","hermit:Vantage"],"picked":"hermit:GoldenBullet+1","floor":24},{"not_picked":["hermit:Misfire+1","hermit:Combo"],"picked":"hermit:Shortfuse+1","floor":27}],"player_experience":786281,"relics_obtained":[{"floor":9,"key":"vexMod:ConsolationPrize"},{"floor":14,"key":"halation:SelfBoilingWater"},{"floor":23,"key":"Molten Egg 2"},{"floor":26,"key":"SnafuTest:BearRelic"},{"floor":30,"key":"Dota2Spire:ArmletOfMordiggian"}],"event_choices":[{"damage_healed":0,"gold_gain":0,"player_choice":"Take Damage","damage_taken":18,"relics_obtained":["Golden Idol"],"max_hp_gain":0,"max_hp_loss":0,"event_name":"Golden Idol","floor":7,"gold_loss":0},{"damage_healed":0,"gold_gain":0,"player_choice":"Bet on Murderer","damage_taken":0,"max_hp_gain":0,"max_hp_loss":0,"event_name":"The Joust","floor":19,"gold_loss":50},{"damage_healed":0,"gold_gain":0,"player_choice":"Take","damage_taken":0,"max_hp_gain":0,"max_hp_loss":0,"event_name":"betterNote:BetterNote","floor":29,"gold_loss":0,"cards_obtained":["PatternShift"]},{"damage_healed":0,"gold_gain":0,"player_choice":"Upgraded","damage_taken":0,"max_hp_gain":0,"max_hp_loss":0,"event_name":"Upgrade Shrine","floor":31,"gold_loss":0,"cards_upgraded":["hermit:Combo"]}],"is_beta":false,"boss_relics":[{"not_picked":["REME_LowDesire","Runic Pyramid"],"picked":"hubris:TerracottaHorce"}],"items_purged_floors":[2,20],"is_endless":false,"potions_floor_spawned":[4,10,18,24,27],"killed_by":"Automaton","ascension_level":0}}