{"host":"4ftwfwncs88tvnc0","time":1609714406,"event":{"mods":["AchievementEnabler","Arknights The Spire","Aspiration","BaseMod","Beaked The Cultist","Bestiary","Better Altar","Better Match","Better Note","Better Sensory Stone","Better Skull","Better Third Choice","Clawfect","Colored Map","Conspire","Downfall","GifTheSpireLib","Halation","Hubris","Infinite Spire","Mad Scientist","Mimic Mod","Minty Spire (QoL Compilation)","Replay The Spire","Shade Mod","Shop Mod","Spicy Shops","StSLib","Stuff the Spire","The Construct","The Cursed","The Disciple","The Necromancer","The Servant 0.9.4"],"gold_per_floor":[111,122,122,297,14,41,61,61,93,125,4,4,18,18,18,116,116,135,60,160,170,27,27,27],"floor_reached":23,"playtime":1187,"items_purged":["Doubt","beaked:Defend_Y"],"score":197,"play_id":"6bf6e411-e7e6-48b2-9c20-47d9341ceb59","local_time":"20210103225326","is_ascension_mode":false,"campfire_choices":[{"floor":8,"key":"REST"},{"floor":12,"key":"REST"},{"data":"Transmutation","floor":15,"key":"SMITH"}],"circlet_count":0,"master_deck":["beaked:Strike_Y","beaked:Strike_Y","beaked:Strike_Y","beaked:Strike_Y","beaked:Strike_Y","beaked:Strike_Y","beaked:Defend_Y","beaked:Defend_Y","beaked:Defend_Y","beaked:Ceremony","beaked:Ceremony","beaked:Ceremony","beaked:DigDeep","beaked:WarriorSpirit","beaked:Insight","hubris:NaturalOne","beaked:HuntressSpirit","beaked:Evade","beaked:DigDeep","Transmutation+1","beaked:WildInstinct","beaked:MachineSpirit"],"relics":["beaked:MendingPlumage","hubris:Icosahedron","infinitespire:ShieldingShard","Toy Ornithopter","ReplayTheSpireMod:TigerMarble","Omamori","Replay:Bottled Flurry","conspire:RoyalGoblet"],"acts_visited":["Exordium","TheCity"],"potions_floor_usage":[16,16,23],"damage_taken":[{"damage":5,"enemies":"2 Louse","floor":1,"turns":2},{"damage":11,"enemies":"Small Slimes","floor":2,"turns":4},{"damage":52,"enemies":"Gremlin Nob","floor":6,"turns":6},{"damage":10,"enemies":"Jaw Worm","floor":7,"turns":6},{"damage":4,"enemies":"Exordium Thugs","floor":9,"turns":9},{"damage":35,"enemies":"Lagavulin","floor":10,"turns":8},{"damage":43,"enemies":"Exordium Thugs","floor":13,"turns":7},{"damage":34,"enemies":"Hexaghost","floor":16,"turns":8},{"damage":54,"enemies":"Shell Parasite","floor":18,"turns":8},{"damage":42,"enemies":"3 Byrds","floor":21,"turns":6},{"damage":52,"enemies":"Slavers","floor":23,"turns":3}],"seed_played":"-1152119130700367337","potions_obtained":[{"floor":1,"key":"Toxic Potion"},{"floor":13,"key":"SteroidPotion"},{"floor":16,"key":"Dexterity Potion"}],"is_trial":false,"path_per_floor":["M","M","?","?","$","E","M","R","MIM","E","$","R","M","?","R","B",null,"M","$","?","M","$","E"],"character_chosen":"BEAKED_THE_CULTIST","items_purchased":["infinitespire:ShieldingShard","beaked:Insight","Replay:Bottled Flurry","beaked:MachineSpirit"],"campfire_rested":2,"item_purchase_floors":[5,5,11,22],"current_hp_per_floor":[53,49,49,49,49,17,21,37,55,33,33,49,43,43,43,49,55,37,37,37,23,23,0,0],"gold":27,"neow_bonus":"TEN_PERCENT_HP_BONUS","is_daily":false,"chose_seed":false,"campfire_upgraded":1,"win_rate":0.0,"timestamp":1609714406,"path_taken":["M","M","?","?","$","E","M","R","MIM","E","?","R","?","?","R","BOSS","M","$","?","M","$","E"],"items_purchased_type":["Relic","Card","Relic","Card"],"build_version":"2020-12-22","purchased_purges":2,"victory":false,"max_hp_per_floor":[55,55,55,55,55,55,55,55,55,55,55,55,55,55,55,55,55,55,55,55,55,55,55,55],"card_choices":[{"not_picked":["beaked:CursingBlood","beaked:TuckingFeathers"],"picked":"beaked:DigDeep","floor":1},{"not_picked":["ReplayTheSpireMod:RavenHex","beaked:Brace"],"picked":"beaked:WarriorSpirit","floor":2},{"not_picked":["beaked:Windmill","beaked:RitualOfBody","beaked:StunningBlow"],"picked":"SKIP","floor":6},{"not_picked":["beaked:VigorBurst","beaked:Resilience"],"picked":"beaked:HuntressSpirit","floor":7},{"not_picked":["beaked:DigDeep","beaked:Daydream"],"picked":"beaked:Evade","floor":9},{"not_picked":["beaked:Negation","beaked:Cower","beaked:Windmill"],"picked":"SKIP","floor":10},{"not_picked":["beaked:Replenish","beaked:Tweet"],"picked":"beaked:DigDeep","floor":13},{"not_picked":["Replay:Dark Deal","expansioncontent:ManipulateTime"],"picked":"Transmutation","floor":14},{"not_picked":["beaked:SacrificialScars","beaked:DarkTribute"],"picked":"beaked:WildInstinct","floor":16},{"not_picked":["beaked:Cower+1","beaked:Daydream","beaked:Flinch"],"picked":"SKIP","floor":18},{"not_picked":["beaked:Redirect","beaked:Pecker","beaked:Tradeoff"],"picked":"SKIP","floor":21}],"player_experience":114580,"relics_obtained":[{"floor":6,"key":"Toy Ornithopter"},{"floor":9,"key":"ReplayTheSpireMod:TigerMarble"},{"floor":10,"key":"Omamori"}],"event_choices":[{"damage_healed":0,"gold_gain":175,"player_choice":"AGREE","damage_taken":122,"max_hp_gain":0,"max_hp_loss":0,"event_name":"betterThird:BetterSerpent","floor":4,"gold_loss":0},{"damage_healed":0,"gold_gain":1,"player_choice":"1","damage_taken":0,"max_hp_gain":0,"max_hp_loss":0,"event_name":"betterStone:BetterStone","floor":14,"gold_loss":0},{"damage_healed":0,"gold_gain":100,"player_choice":"Pray","damage_taken":0,"max_hp_gain":0,"max_hp_loss":0,"event_name":"Golden Shrine","floor":20,"gold_loss":0}],"is_beta":false,"boss_relics":[{"not_picked":["infinitespire:Cupcake","Philosopher\u0027s Stone"],"picked":"conspire:RoyalGoblet"}],"items_purged_floors":[19,22],"is_endless":false,"potions_floor_spawned":[1,13,16],"killed_by":"Slavers","ascension_level":0}}