{"host":"uoq8e77duj6rs50g","time":1609689454,"event":{"mods":["BaseMod","Better Match","Better Note","Better Third Choice","BetterRewards","Block Reminder","ChefMod","Curses Come First","Hermit","Hubris","Ironclad Rager","Minty Spire (QoL Compilation)","Relic Stats","Replay The Spire","Shade Mod","StSLib","The Blue Laboratory","The Cursed","The Dragon Tamer","The Exalted","The Judge","The Runesmith","The Servant 0.9.4"],"gold_per_floor":[135,159,182,182,202,202,202],"floor_reached":6,"playtime":393,"items_purged":[],"score":40,"play_id":"4e518204-ac2d-473a-85b9-ecd591a8169c","local_time":"20210103105734","is_ascension_mode":true,"campfire_choices":[],"circlet_count":0,"master_deck":["Strike_S","Strike_S","Strike_S","Strike_S","Defend_S","Defend_S","Defend_S","Defend_S","KidneyShot","Exchange","Regret","SpecialFormula","SilverBlades","Defy","BottledTime"],"relics":["Uniform","CeramicFish","hubris:Icosahedron"],"acts_visited":["Exordium"],"potions_floor_usage":[6],"damage_taken":[{"damage":0.0,"enemies":"Cultist","floor":1.0,"turns":3.0},{"damage":9.0,"enemies":"Small Slimes","floor":2.0,"turns":4.0},{"damage":1.0,"enemies":"2 Louse","floor":3.0,"turns":2.0},{"damage":7,"enemies":"Blue Slaver","floor":5,"turns":5},{"damage":52,"enemies":"3 Sentries","floor":6,"turns":9}],"seed_played":"5737063809722436974","potions_obtained":[{"floor":1.0,"key":"blueLaboratory:LouseDecoction"}],"is_trial":false,"path_per_floor":["M","M","M","?","M","E"],"character_chosen":"THE_SERVANT","items_purchased":[],"campfire_rested":0,"item_purchase_floors":[],"current_hp_per_floor":[65,61,60,60,58,6,6],"gold":202,"neow_bonus":"RANDOM_EVENT","is_daily":false,"chose_seed":false,"campfire_upgraded":0,"win_rate":0.0,"timestamp":1609689454,"path_taken":["M","?","M","?","M","E"],"items_purchased_type":[],"build_version":"2020-12-22","purchased_purges":0,"victory":false,"max_hp_per_floor":[65,65,65,65,65,65,65],"relic_stats":{"counters":[5,23],"CeramicFish":45,"obtain_stats":[{"hubris:Icosahedron":4,"CeramicFish":0,"Uniform":0},{"hubris:Icosahedron":3,"CeramicFish":0,"Uniform":0},{"hubris:Icosahedron":9,"CeramicFish":0,"Uniform":0}]},"card_choices":[{"not_picked":["Rearm","Revamp"],"picked":"SpecialFormula","floor":1.0},{"not_picked":["Sabotage","ShiftingGears"],"picked":"SilverBlades","floor":2.0},{"not_picked":["Starlight","Manipulate"],"picked":"Defy","floor":3.0},{"not_picked":["Alleviate","Deny"],"picked":"BottledTime","floor":5}],"player_experience":363345,"relics_obtained":[],"event_choices":[{"damage_healed":0.0,"max_hp_gain":0.0,"max_hp_loss":0.0,"gold_gain":0.0,"event_name":"Big Fish","player_choice":"Box","floor":0.0,"gold_loss":0.0,"damage_taken":0.0,"relics_obtained":["CeramicFish"],"cards_obtained":["Regret"]}],"is_beta":false,"boss_relics":[],"items_purged_floors":[],"is_endless":false,"potions_floor_spawned":[1],"killed_by":"3 Sentries","ascension_level":1}}