{"host":"p4v0hquynnreu717","time":1609694639,"event":{"mods":["BaseMod","Better Vampires","DeckTracker","Googly Eyes","Minty Spire (QoL Compilation)","Quick Restart","StSLib","SuperFastMode"],"gold_per_floor":[117,117,117,117,137,137,149,184,184,204,204,55,55,55,55,55,55],"floor_reached":16,"playtime":368,"items_purged":["Defend_P"],"score":172,"play_id":"ebc29bcd-611a-4f51-a7f2-f2633411a2d8","local_time":"20210104012359","is_ascension_mode":true,"campfire_choices":[{"data":"Eruption","floor":6.0,"key":"SMITH"},{"floor":13,"key":"REST"},{"data":"TalkToTheHand","floor":15,"key":"SMITH"}],"circlet_count":0,"master_deck":["AscendersBane","Strike_P","Strike_P","Strike_P","Strike_P","Defend_P","Defend_P","Eruption+1","Vigilance","Fasting2","InnerPeace","EmptyMind","MasterReality","BowlingBash","Establishment","TalkToTheHand+1"],"relics":["Sozu","Darkstone Periapt","Centennial Puzzle","StrikeDummy"],"acts_visited":["Exordium"],"potions_floor_usage":[],"damage_taken":[{"damage":8.0,"enemies":"Small Slimes","floor":1.0,"turns":4.0},{"damage":0.0,"enemies":"Jaw Worm","floor":5.0,"turns":3.0},{"damage":4.0,"enemies":"2 Louse","floor":7.0,"turns":2.0},{"damage":29,"enemies":"3 Sentries","floor":8,"turns":10},{"damage":12,"enemies":"Lots of Slimes","floor":10,"turns":3},{"damage":18,"enemies":"Hexaghost","floor":16,"turns":9}],"seed_played":"-2059932099953572127","potions_obtained":[],"is_trial":false,"path_per_floor":["M","?","?","?","M","R","M","E","T","M","?","$","R","$","R","B"],"character_chosen":"WATCHER","items_purchased":["TalkToTheHand"],"campfire_rested":1,"item_purchase_floors":[12],"current_hp_per_floor":[53,48,48,48,48,48,44,15,15,3,3,3,23,23,23,5,5],"gold":55,"neow_bonus":"BOSS_RELIC","is_daily":false,"chose_seed":false,"campfire_upgraded":2,"win_rate":0.0,"timestamp":1609694639,"path_taken":["M","?","?","?","M","R","M","E","T","?","?","$","R","?","R","BOSS"],"items_purchased_type":["Card"],"build_version":"2020-12-22","purchased_purges":1,"victory":false,"max_hp_per_floor":[68,68,68,68,68,68,68,68,68,68,68,68,68,68,68,68,68],"card_choices":[{"not_picked":["Nirvana","CrushJoints"],"picked":"Fasting2","floor":1.0},{"not_picked":["CrushJoints","SashWhip","JustLucky"],"picked":"SKIP","floor":5.0},{"not_picked":["SashWhip","EmptyBody","EmptyFist"],"picked":"SKIP","floor":7.0},{"not_picked":["Worship","ThirdEye"],"picked":"BowlingBash","floor":8},{"not_picked":["FlurryOfBlows","Prostrate"],"picked":"Establishment","floor":10}],"player_experience":751292,"relics_obtained":[{"floor":8,"key":"Centennial Puzzle"},{"floor":9,"key":"StrikeDummy"}],"event_choices":[{"damage_healed":0.0,"max_hp_gain":0.0,"max_hp_loss":0.0,"gold_gain":0.0,"event_name":"Scrap Ooze","player_choice":"Success","floor":2.0,"gold_loss":0.0,"damage_taken":5.0,"relics_obtained":["Darkstone Periapt"]},{"damage_healed":0.0,"max_hp_gain":0.0,"max_hp_loss":0.0,"gold_gain":0.0,"cards_transformed":["Defend_P"],"event_name":"Living Wall","player_choice":"Change","floor":3.0,"gold_loss":0.0,"damage_taken":0.0,"cards_obtained":["InnerPeace"]},{"damage_healed":0.0,"max_hp_gain":0.0,"max_hp_loss":0.0,"gold_gain":0.0,"event_name":"Match and Keep!","player_choice":"2 cards matched","floor":4.0,"gold_loss":0.0,"damage_taken":0.0,"cards_obtained":["EmptyMind","MasterReality"]},{"damage_healed":0,"gold_gain":0,"player_choice":"Searched \u00270\u0027 times","damage_taken":0,"max_hp_gain":0,"max_hp_loss":0,"event_name":"Dead Adventurer","floor":11,"gold_loss":0}],"is_beta":false,"boss_relics":[],"items_purged_floors":[12],"is_endless":false,"potions_floor_spawned":[1,10],"killed_by":"Hexaghost","ascension_level":15}}