{"host":"jksa5rawk3m4gilz","time":1609672348,"event":{"mods":["BaseMod","Colored Map","Highlight Path","Minty Spire (QoL Compilation)","Quick Restart"],"gold_per_floor":[114,125,125,141,159,190,190,204,204,216,233,243,243,257,257,333,333,347,362,372,386,586,586,586],"floor_reached":23,"playtime":1256,"items_purged":[],"score":352,"play_id":"0543517e-20f3-49d0-8167-bb97e4624b60","local_time":"20210103121228","is_ascension_mode":true,"campfire_choices":[{"floor":7,"key":"REST"},{"data":"Buffer","floor":13,"key":"SMITH"},{"floor":15,"key":"REST"}],"circlet_count":0,"master_deck":["AscendersBane","Strike_B","Strike_B","Strike_B","Strike_B","Defend_B","Defend_B","Defend_B","Defend_B","Zap","Dualcast","Steam","Steam","Sunder","Buffer+1","BootSequence","Coolheaded","Genetic Algorithm","Cold Snap","Core Surge","White Noise","FTL","Reinforced Body","Redo+1"],"relics":["Cracked Core","NeowsBlessing","FaceOfCleric","Omamori","Potion Belt","Calling Bell","MealTicket","InkBottle","Torii"],"acts_visited":["Exordium","TheCity"],"potions_floor_usage":[6,14,18,20,21],"damage_taken":[{"damage":0,"enemies":"2 Louse","floor":1,"turns":1},{"damage":0,"enemies":"Cultist","floor":2,"turns":1},{"damage":0,"enemies":"Jaw Worm","floor":4,"turns":1},{"damage":3,"enemies":"Red Slaver","floor":5,"turns":4},{"damage":34,"enemies":"3 Sentries","floor":6,"turns":8},{"damage":0,"enemies":"2 Fungi Beasts","floor":8,"turns":4},{"damage":4,"enemies":"Lots of Slimes","floor":10,"turns":5},{"damage":6,"enemies":"Blue Slaver","floor":11,"turns":4},{"damage":2,"enemies":"Gremlin Gang","floor":12,"turns":6},{"damage":6,"enemies":"Exordium Thugs","floor":14,"turns":3},{"damage":46,"enemies":"Slime Boss","floor":16,"turns":17},{"damage":43,"enemies":"3 Byrds","floor":18,"turns":8},{"damage":0,"enemies":"Spheric Guardian","floor":19,"turns":5},{"damage":6,"enemies":"Shelled Parasite and Fungi","floor":20,"turns":14},{"damage":0,"enemies":"Snecko","floor":21,"turns":5},{"damage":25,"enemies":"Slavers","floor":23,"turns":2}],"seed_played":"3079995648302005102","potions_obtained":[{"floor":4,"key":"ColorlessPotion"},{"floor":5,"key":"GamblersBrew"},{"floor":6,"key":"PotionOfCapacity"},{"floor":11,"key":"Weak Potion"},{"floor":12,"key":"Explosive Potion"},{"floor":18,"key":"Block Potion"},{"floor":20,"key":"SmokeBomb"}],"is_trial":false,"path_per_floor":["M","M","?","M","M","E","R","M","T","M","M","M","R","M","R","B",null,"M","M","M","M","?","E"],"character_chosen":"DEFECT","items_purchased":[],"campfire_rested":2,"item_purchase_floors":[],"current_hp_per_floor":[64,64,64,65,63,30,52,53,53,50,45,44,44,39,62,17,64,22,23,18,19,19,0,0],"gold":586,"neow_bonus":"THREE_ENEMY_KILL","is_daily":false,"chose_seed":false,"campfire_upgraded":1,"win_rate":0.0,"timestamp":1609672348,"path_taken":["M","M","?","M","M","E","R","M","T","M","?","M","R","M","R","BOSS","M","M","M","M","?","E"],"items_purchased_type":[],"build_version":"2020-12-22","purchased_purges":0,"victory":false,"max_hp_per_floor":[71,71,71,72,73,74,74,75,75,76,77,78,78,79,79,80,80,81,82,83,84,84,84,84],"card_choices":[{"not_picked":["Beam Cell","Coolheaded"],"picked":"Steam","floor":1},{"not_picked":["Beam Cell","Coolheaded"],"picked":"Steam","floor":1},{"not_picked":["Ball Lightning","Aggregate"],"picked":"Sunder","floor":2},{"not_picked":["Hologram","Skim"],"picked":"Buffer","floor":4},{"not_picked":["Sweeping Beam","Recycle"],"picked":"BootSequence","floor":5},{"not_picked":["Hello World","Streamline"],"picked":"Coolheaded","floor":6},{"not_picked":["Gash","Conserve Battery","Stack"],"picked":"SKIP","floor":8},{"not_picked":["Chaos","Ball Lightning","Blizzard"],"picked":"SKIP","floor":10},{"not_picked":["Leap","Sweeping Beam"],"picked":"Genetic Algorithm","floor":11},{"not_picked":["Gash","Sweeping Beam"],"picked":"Cold Snap","floor":12},{"not_picked":["Static Discharge","Streamline","Sweeping Beam"],"picked":"SKIP","floor":14},{"not_picked":["Multi-Cast","Biased Cognition"],"picked":"Core Surge","floor":16},{"not_picked":["Compile Driver","Barrage"],"picked":"White Noise","floor":18},{"not_picked":["Steam","Tempest"],"picked":"FTL","floor":19},{"not_picked":["Lockon","Redo"],"picked":"Reinforced Body","floor":20},{"not_picked":["Conserve Battery+1","Leap"],"picked":"Redo+1","floor":21}],"player_experience":2111822,"relics_obtained":[{"floor":6,"key":"Omamori"},{"floor":9,"key":"Potion Belt"},{"floor":17,"key":"MealTicket"},{"floor":17,"key":"InkBottle"},{"floor":17,"key":"Torii"}],"event_choices":[{"damage_healed":0,"gold_gain":0,"player_choice":"Trade","damage_taken":0,"relics_obtained":["FaceOfCleric"],"max_hp_gain":0,"max_hp_loss":0,"event_name":"FaceTrader","floor":3,"gold_loss":0},{"damage_healed":0,"gold_gain":250,"player_choice":"Bet on Owner","damage_taken":0,"max_hp_gain":0,"max_hp_loss":0,"event_name":"The Joust","floor":22,"gold_loss":50}],"is_beta":false,"boss_relics":[{"not_picked":["Runic Pyramid","FrozenCore"],"picked":"Calling Bell"}],"items_purged_floors":[],"is_endless":false,"potions_floor_spawned":[4,5,6,8,11,12,18,20],"killed_by":"Slavers","ascension_level":15}}