{"host":"wjjo3y19ggvj12sc","time":1609709376,"event":{"mods":["2.2 Compatiblity","AchievementEnabler","Ascension Unlocker","Bard","BaseMod","Beaked The Cultist","BetterRewards","Conspire","Downfall","Duelist Mod","Evolution","GifTheSpireLib","Googly Eyes","Gremlin Mod","Hermit","Hubris","Infinite Spire","Jorbs\u0027s Wanderer Trilogy","Mad Scientist","Marisa????????","Minty Spire (QoL Compilation)","Random Character Button","Random Character Mod","Relic Sorter","Relic Stats","Remilia??????","Replay The Spire","Spicy Shops","StSLib","Td1madao Mod","The Bladedancer","The Bug Knight","The Construct","The Cursed","The Disciple","The Gatherer","The Hierophant","The Mystic","The Necromancer","The Poker Player","The Runesmith","The Servant 0.9.4"],"gold_per_floor":[114,133,133,3,53,80,80,92,92,117,117,130,149,149,149,251,251,268,287,287,305,316,316,316],"floor_reached":23,"playtime":1546,"items_purged":[],"score":228,"play_id":"66a3d365-6750-4b51-a596-ef25c503bba9","local_time":"20210103162936","is_ascension_mode":false,"campfire_choices":[{"data":"ReplayTheSpireMod:Muscle Training","floor":7.0,"key":"SMITH"},{"data":"Bloodletting","floor":11.0,"key":"SMITH"},{"data":"Pummel","floor":15.0,"key":"SMITH"}],"circlet_count":0,"master_deck":["Thunderclap","Twin Strike","Thunderclap","Twin Strike","Strike_R","Defend_R","Defend_R","Defend_R","Defend_R","Bash","Sword Boomerang","Thunderclap","ReplayTheSpireMod:Muscle Training+1","Pummel+1","Bloodletting+1","Reaper","Feed","Languid","Guardian:CurlUp","Feed","expansioncontent:ChargeUp","infinitespire:Starlight","Offering","Iron Wave+1"],"relics":["Burning Blood","EVO:Axolotl","NeowsBlessing","MealTicket","White Beast Statue","infinitespire:WardingShard","Replay:Bottled Steam","Sundial","ReplayTheSpireMod:SealedPack"],"acts_visited":["Exordium","TheCity"],"potions_floor_usage":[19,21,21,22,22],"damage_taken":[{"damage":0.0,"enemies":"Cultist","floor":1.0,"turns":1.0},{"damage":0.0,"enemies":"2 Louse","floor":2.0,"turns":1.0},{"damage":0.0,"enemies":"Lagavulin","floor":6.0,"turns":1.0},{"damage":0.0,"enemies":"Jaw Worm","floor":8.0,"turns":2.0},{"damage":15.0,"enemies":"3 Sentries","floor":10.0,"turns":5.0},{"damage":24.0,"enemies":"Exordium Thugs","floor":12.0,"turns":5.0},{"damage":5.0,"enemies":"3 Louse","floor":13.0,"turns":3.0},{"damage":21.0,"enemies":"Fading Forest","floor":16.0,"turns":11.0},{"damage":36,"enemies":"2 Thieves","floor":18,"turns":4},{"damage":28,"enemies":"Chosen","floor":19,"turns":7},{"damage":11,"enemies":"Centurion and Healer","floor":21,"turns":6},{"damage":79,"enemies":"Chosen and Byrds","floor":22,"turns":9},{"damage":41,"enemies":"Book of Stabbing","floor":23,"turns":4}],"seed_played":"8071958224508753836","potions_obtained":[{"floor":2.0,"key":"Energy Potion"},{"floor":5.0,"key":"Languid Potion"},{"floor":6.0,"key":"Swift Potion"},{"floor":8.0,"key":"LiquidMemories"},{"floor":10.0,"key":"FearPotion"},{"floor":12.0,"key":"Elixir"},{"floor":13.0,"key":"LifebloodPotion"},{"floor":16.0,"key":"AttackPotion"},{"floor":18,"key":"LiquidMemories"},{"floor":19,"key":"infinitespire:BlackPotion"},{"floor":21,"key":"Swift Potion"},{"floor":22,"key":"Fruit Juice"}],"is_trial":false,"path_per_floor":["M","M","?","$","?","E","R","M","T","E","R","M","M","?","R","B",null,"M","M","?","M","M","E"],"character_chosen":"IRONCLAD","items_purchased":["MealTicket","Thunderclap"],"campfire_rested":0,"item_purchase_floors":[4,4],"current_hp_per_floor":[80,80,80,80,60,66,66,72,72,63,63,45,46,46,46,56,80,70,64,64,83,27,0,0],"gold":316,"neow_bonus":"THREE_ENEMY_KILL","is_daily":false,"chose_seed":false,"campfire_upgraded":3,"win_rate":0.0,"timestamp":1609709376,"path_taken":["M","M","?","$","?","E","R","?","T","E","R","M","M","?","R","BOSS","M","?","?","M","M","E"],"items_purchased_type":["Relic","Card"],"build_version":"2020-12-22","purchased_purges":0,"victory":false,"max_hp_per_floor":[80,80,80,80,80,80,80,80,80,80,80,80,80,80,80,80,80,80,83,83,83,88,88,88],"relic_stats":{"counters":[13,59],"Sundial":[4],"MealTicket":0,"obtain_stats":[{"NeowsBlessing":0,"infinitespire:WardingShard":6,"Sundial":10,"MealTicket":4,"ReplayTheSpireMod:SealedPack":17,"EVO:Axolotl":0,"Burning Blood":0,"White Beast Statue":5,"Replay:Bottled Steam":9},{"NeowsBlessing":0,"infinitespire:WardingShard":3,"Sundial":5,"MealTicket":2,"ReplayTheSpireMod:SealedPack":8,"EVO:Axolotl":0,"Burning Blood":0,"White Beast Statue":2,"Replay:Bottled Steam":4},{"NeowsBlessing":0,"infinitespire:WardingShard":3,"Sundial":10,"MealTicket":2,"ReplayTheSpireMod:SealedPack":29,"EVO:Axolotl":0,"Burning Blood":0,"White Beast Statue":2,"Replay:Bottled Steam":5}],"Burning Blood":59},"card_choices":[{"not_picked":["Headbutt","Replay:Undeath\u0027s Touch"],"picked":"Sword Boomerang","floor":1.0},{"not_picked":["Body Slam","Fire Breathing","Warcry"],"picked":"SKIP","floor":2.0},{"not_picked":["Armaments","Shrug It Off"],"picked":"ReplayTheSpireMod:Muscle Training","floor":6.0},{"not_picked":["Fire Breathing","Havoc"],"picked":"Pummel","floor":8.0},{"not_picked":["Evolve","Massacre"],"picked":"Bloodletting","floor":10.0},{"not_picked":["Havoc","Sword Boomerang","Life Link"],"picked":"SKIP","floor":12.0},{"not_picked":["conspire:Charge","Run Through"],"picked":"Reaper","floor":13.0},{"not_picked":["Eclipse","conspire:Purge"],"picked":"Feed","floor":16.0},{"not_picked":["theDuelist:RainbowKuribohBasic","theDuelist:FinalFlame"],"picked":"Guardian:CurlUp","floor":17.0},{"not_picked":["Eclipse","conspire:HitWhereItHurts"],"picked":"Feed","floor":17.0},{"not_picked":["expansioncontent:BronzeBeam","expansioncontent:Sear"],"picked":"expansioncontent:ChargeUp","floor":17.0},{"not_picked":["infinitespire:Fortify","infinitespire:NeuralNetwork"],"picked":"infinitespire:Starlight","floor":17.0},{"not_picked":["ReplayTheSpireMod:Strike From Hell","Pommel Strike","Replay:Undeath\u0027s Touch"],"picked":"SKIP","floor":18},{"not_picked":["conspire:ExplosiveBarrier+1","Run Through+1"],"picked":"Offering","floor":19},{"not_picked":["Anger","Massacre","ReplayTheSpireMod:Strike From Hell+1"],"picked":"SKIP","floor":21},{"not_picked":["Perfected Strike","Hemokinesis"],"picked":"Iron Wave+1","floor":22}],"player_experience":393644,"relics_obtained":[{"floor":5.0,"key":"White Beast Statue"},{"floor":6.0,"key":"infinitespire:WardingShard"},{"floor":9.0,"key":"Replay:Bottled Steam"},{"floor":10.0,"key":"Sundial"}],"event_choices":[{"damage_healed":0.0,"max_hp_gain":0.0,"max_hp_loss":0.0,"gold_gain":0.0,"event_name":"Match and Keep!","player_choice":"0 cards matched","floor":14.0,"gold_loss":0.0,"damage_taken":0.0,"cards_obtained":[]}],"is_beta":false,"boss_relics":[{"not_picked":["Replay:Drink Me","infinitespire:Burning Sword"],"picked":"ReplayTheSpireMod:SealedPack"}],"items_purged_floors":[],"is_endless":false,"potions_floor_spawned":[2,6,8,10,12,13,16,18,19,21,22],"killed_by":"Book of Stabbing","ascension_level":0}}