{"host":"2tgyrzvaa7l04o2e","time":1609700966,"event":{"mods":["BaseMod","Highlight Path","Minty Spire (QoL Compilation)","Permanent Neow","Relic Stats"],"gold_per_floor":[118,136,136,152,152,152,181,181,235,262,262,273,303,323,323,426,426,439,472,482,102,119,119,149,161,173,211,223,271,283,404,416,428,428],"floor_reached":33,"playtime":1870,"items_purged":["Strike_R"],"score":465,"play_id":"4c312a4b-de90-4f3b-b8fa-b87fefc54fc0","local_time":"20210103200926","is_ascension_mode":true,"campfire_choices":[{"data":"Carnage","floor":6,"key":"SMITH"},{"data":"Inflame","floor":8,"key":"SMITH"},{"data":"Clothesline","floor":11,"key":"SMITH"},{"data":"Disarm","floor":15,"key":"SMITH"},{"floor":23,"key":"RECALL"},{"data":"Inflame","floor":25,"key":"SMITH"},{"data":"Warcry","floor":28,"key":"SMITH"},{"data":"Warcry","floor":30,"key":"SMITH"},{"data":"Reaper","floor":32,"key":"SMITH"}],"circlet_count":0,"master_deck":["Strike_R","Strike_R","Strike_R","Strike_R","Defend_R","Defend_R","Defend_R","Defend_R","Bash+1","Carnage+1","Warcry+1","Warcry+1","Inflame+1","Clothesline+1","Disarm+1","Inflame+1","Reaper+1","Pommel Strike+1","Cleave+1"],"relics":["Burning Blood","Strawberry","Red Skull","Anchor","Orichalcum","Regal Pillow","Matryoshka","Velvet Choker","Red Mask","Magic Flower","MawBank","CeramicFish","Meat on the Bone","Du-Vu Doll","Tiny Chest","Ginger","Self Forming Clay"],"acts_visited":["Exordium","TheCity"],"potions_floor_usage":[12,13,14,19,31],"damage_taken":[{"damage":9,"enemies":"Jaw Worm","floor":1,"turns":4},{"damage":0,"enemies":"Small Slimes","floor":2,"turns":3},{"damage":1,"enemies":"Cultist","floor":4,"turns":4},{"damage":16,"enemies":"Gremlin Nob","floor":7,"turns":3},{"damage":8,"enemies":"3 Sentries","floor":10,"turns":6},{"damage":1,"enemies":"3 Louse","floor":12,"turns":2},{"damage":10,"enemies":"Gremlin Nob","floor":13,"turns":3},{"damage":1,"enemies":"Lots of Slimes","floor":14,"turns":4},{"damage":8,"enemies":"The Guardian","floor":16,"turns":11},{"damage":35,"enemies":"3 Byrds","floor":18,"turns":5},{"damage":23,"enemies":"Masked Bandits","floor":19,"turns":5},{"damage":21,"enemies":"Spheric Guardian","floor":20,"turns":4},{"damage":19,"enemies":"3 Cultists","floor":22,"turns":5},{"damage":33,"enemies":"Book of Stabbing","floor":24,"turns":6},{"damage":30,"enemies":"Slavers","floor":27,"turns":5},{"damage":30,"enemies":"Book of Stabbing","floor":29,"turns":5},{"damage":18,"enemies":"Colosseum Slavers","floor":31,"turns":4},{"damage":10,"enemies":"Colosseum Nobs","floor":31,"turns":6},{"damage":118,"enemies":"Collector","floor":33,"turns":7}],"seed_played":"-682350012311306629","potions_obtained":[{"floor":1,"key":"Explosive Potion"},{"floor":7,"key":"Block Potion"},{"floor":10,"key":"DuplicationPotion"},{"floor":18,"key":"Ancient Potion"},{"floor":27,"key":"SpeedPotion"},{"floor":29,"key":"GamblersBrew"}],"is_trial":false,"path_per_floor":["M","M","?","M","?","R","E","R","T","E","R","M","E","M","R","B",null,"M","?","M","$","M","R","E","R","T","E","R","E","R","?","R","B"],"character_chosen":"IRONCLAD","items_purchased":["Magic Flower"],"campfire_rested":0,"item_purchase_floors":[21],"current_hp_per_floor":[76,82,82,87,54,54,44,44,44,42,42,47,43,48,48,46,77,48,49,34,34,77,77,53,53,53,67,67,57,57,67,67,0,0],"gold":428,"neow_bonus":"RANDOM_COMMON_RELIC","is_daily":false,"chose_seed":false,"campfire_upgraded":8,"win_rate":0.0,"timestamp":1609700966,"path_taken":["M","M","?","M","?","R","E","R","T","E","R","M","E","M","R","BOSS","M","?","M","$","M","R","E","R","T","E","R","E","R","?","R","BOSS"],"items_purchased_type":["Relic"],"build_version":"2020-12-22","purchased_purges":1,"victory":false,"max_hp_per_floor":[87,87,87,87,87,87,87,87,87,87,87,87,87,87,87,87,87,87,87,87,87,87,87,87,87,87,87,87,87,87,87,87,87,87],"relic_stats":{"Regal Pillow":0,"counters":[19,92],"Self Forming Clay":[24],"CeramicFish":18,"Magic Flower":[67],"Tiny Chest":0,"Ginger":[3],"Orichalcum":[228],"MawBank":108,"obtain_stats":[{"Regal Pillow":10,"Self Forming Clay":31,"CeramicFish":26,"Velvet Choker":17,"Magic Flower":21,"Ginger":31,"Orichalcum":9,"MawBank":24,"Burning Blood":0,"Du-Vu Doll":27,"Anchor":7,"Matryoshka":13,"Strawberry":0,"Tiny Chest":29,"Red Mask":19,"Red Skull":5,"Meat on the Bone":26},{"Regal Pillow":5,"Self Forming Clay":18,"CeramicFish":14,"Velvet Choker":9,"Magic Flower":12,"Ginger":18,"Orichalcum":4,"MawBank":14,"Burning Blood":0,"Du-Vu Doll":15,"Anchor":4,"Matryoshka":7,"Strawberry":0,"Tiny Chest":16,"Red Mask":11,"Red Skull":3,"Meat on the Bone":14},{"Regal Pillow":20,"Self Forming Clay":85,"CeramicFish":65,"Velvet Choker":40,"Magic Flower":54,"Ginger":85,"Orichalcum":14,"MawBank":65,"Burning Blood":0,"Du-Vu Doll":70,"Anchor":14,"Matryoshka":25,"Strawberry":0,"Tiny Chest":75,"Red Mask":50,"Red Skull":11,"Meat on the Bone":65}],"Burning Blood":126,"Meat on the Bone":0},"card_choices":[{"not_picked":["Hemokinesis","Twin Strike"],"picked":"Carnage","floor":1},{"not_picked":["Entrench","Twin Strike"],"picked":"Warcry","floor":2},{"not_picked":["Pommel Strike","Metallicize"],"picked":"Warcry","floor":4},{"not_picked":["Armaments","Headbutt"],"picked":"Inflame","floor":7},{"not_picked":["Anger","Dual Wield"],"picked":"Clothesline","floor":10},{"not_picked":["Double Tap","Flex","True Grit"],"picked":"SKIP","floor":12},{"not_picked":["True Grit","Ghostly Armor"],"picked":"Disarm","floor":13},{"not_picked":["Clash","Twin Strike"],"picked":"Inflame","floor":14},{"not_picked":["Double Tap","Juggernaut"],"picked":"Reaper","floor":16},{"not_picked":["Sentinel","Metallicize","Combust"],"picked":"SKIP","floor":18},{"not_picked":["Clash+1","Clothesline+1","Thunderclap"],"picked":"SKIP","floor":20},{"not_picked":["Carnage+1","Iron Wave+1","Bloodletting+1"],"picked":"SKIP","floor":22},{"not_picked":["Carnage","True Grit","Havoc"],"picked":"SKIP","floor":24},{"not_picked":["Rupture","Wild Strike","Perfected Strike+1"],"picked":"SKIP","floor":27},{"not_picked":["Battle Trance","Twin Strike+1"],"picked":"Pommel Strike+1","floor":29},{"not_picked":["Iron Wave","Double Tap"],"picked":"Cleave+1","floor":31}],"player_experience":550069,"relics_obtained":[{"floor":7,"key":"Anchor"},{"floor":9,"key":"Orichalcum"},{"floor":10,"key":"Regal Pillow"},{"floor":13,"key":"Matryoshka"},{"floor":19,"key":"Red Mask"},{"floor":24,"key":"MawBank"},{"floor":26,"key":"CeramicFish"},{"floor":26,"key":"Meat on the Bone"},{"floor":27,"key":"Du-Vu Doll"},{"floor":29,"key":"Tiny Chest"},{"floor":31,"key":"Ginger"},{"floor":31,"key":"Self Forming Clay"}],"event_choices":[{"damage_healed":0,"gold_gain":0,"player_choice":"Grow","damage_taken":0,"max_hp_gain":0,"max_hp_loss":0,"event_name":"Living Wall","floor":3,"gold_loss":0,"cards_upgraded":["Bash"]},{"damage_healed":0,"gold_gain":0,"player_choice":"Success","damage_taken":33,"relics_obtained":["Red Skull"],"max_hp_gain":0,"max_hp_loss":0,"event_name":"Scrap Ooze","floor":5,"gold_loss":0},{"damage_healed":0,"gold_gain":0,"player_choice":"Fought Bandits","damage_taken":0,"max_hp_gain":0,"max_hp_loss":0,"event_name":"Masked Bandits","floor":19,"gold_loss":0},{"damage_healed":0,"gold_gain":0,"player_choice":"Fight","damage_taken":0,"max_hp_gain":0,"max_hp_loss":0,"event_name":"Colosseum","floor":31,"gold_loss":0},{"damage_healed":0,"gold_gain":0,"player_choice":"Fought Nobs","damage_taken":0,"max_hp_gain":0,"max_hp_loss":0,"event_name":"Colosseum","floor":31,"gold_loss":0}],"is_beta":false,"boss_relics":[{"not_picked":["Cursed Key","Runic Dome"],"picked":"Velvet Choker"}],"items_purged_floors":[21],"is_endless":false,"potions_floor_spawned":[1,7,10,18,27,29],"killed_by":"Collector","ascension_level":9}}