{"host":"esx1hwjnbftf3eqj","time":1609636342,"event":{"mods":["BaseMod","Colored Map","Minty Spire (QoL Compilation)","StSLib","The Jungle"],"gold_per_floor":[110,123,298,318,318,351,351,102,102,102,128,143,143,155,155,253,253,263,281,380,380,305,305,330,330,330,330,330],"floor_reached":27,"playtime":1827,"items_purged":["Doubt"],"score":347,"play_id":"1e6719ec-3033-42dd-88cb-956a758fb73e","local_time":"20210102171222","is_ascension_mode":true,"campfire_choices":[{"data":"Double Tap","floor":7,"key":"SMITH"},{"data":"Bludgeon","floor":10,"key":"SMITH"},{"data":"Armaments","floor":13,"key":"SMITH"},{"data":"Clothesline","floor":15,"key":"SMITH"},{"floor":23,"key":"REST"},{"data":"Berserk","floor":25,"key":"SMITH"}],"circlet_count":0,"master_deck":["Strike_R","Strike_R+1","Defend_R","Defend_R","Defend_R","Defend_R","Bash","Burning Pact+1","Double Tap+1","Heavy Blade","Thunderclap","Juggernaut","Bludgeon+1","Pommel Strike","Juggernaut","Armaments+1","Clothesline+1","Berserk+1","CurseOfTheBell","Iron Wave","Flame Barrier+1"],"relics":["Burning Blood","Bottled Lightning","Lee\u0027s Waffle","HornCleat","Blue Candle","Calling Bell","Pen Nib","Kunai","Ginger","TungstenRod","Pear"],"acts_visited":["Exordium","TheCity"],"potions_floor_usage":[16,24,24,24,27],"damage_taken":[{"damage":1,"enemies":"Cultist","floor":1,"turns":3},{"damage":7,"enemies":"Small Slimes","floor":2,"turns":3},{"damage":14,"enemies":"Jaw Worm","floor":4,"turns":3},{"damage":38,"enemies":"Gremlin Nob","floor":6,"turns":5},{"damage":11,"enemies":"3 Sentries","floor":11,"turns":5},{"damage":0,"enemies":"Large Slime","floor":12,"turns":4},{"damage":1,"enemies":"2 Fungi Beasts","floor":14,"turns":4},{"damage":37,"enemies":"Hexaghost","floor":16,"turns":11},{"damage":35,"enemies":"Shell Parasite","floor":18,"turns":6},{"damage":21,"enemies":"Chosen","floor":19,"turns":5},{"damage":46,"enemies":"Book of Stabbing","floor":24,"turns":6},{"damage":47,"enemies":"Gremlin Leader","floor":27,"turns":6}],"seed_played":"6223532028332067613","potions_obtained":[{"floor":6,"key":"Block Potion"},{"floor":11,"key":"Regen Potion"},{"floor":14,"key":"LiquidBronze"},{"floor":16,"key":"BlessingOfTheForge"},{"floor":24,"key":"Regen Potion"}],"is_trial":false,"path_per_floor":["M","M","?","M","?","E","R","$","T","R","E","M","R","M","R","B",null,"M","M","?","?","?","R","E","R","T","E"],"character_chosen":"IRONCLAD","items_purchased":["Lee\u0027s Waffle","Pommel Strike"],"campfire_rested":1,"item_purchase_floors":[8,8],"current_hp_per_floor":[72,71,71,63,49,17,17,79,79,79,74,79,79,79,79,48,71,42,27,27,12,12,37,12,12,22,0,0],"gold":330,"neow_bonus":"TRANSFORM_TWO_CARDS","is_daily":false,"chose_seed":false,"campfire_upgraded":5,"win_rate":0.0,"timestamp":1609636342,"path_taken":["M","?","?","M","?","E","R","?","T","R","E","M","R","M","R","BOSS","M","M","?","?","?","R","E","R","T","E"],"items_purchased_type":["Relic","Card"],"build_version":"2020-12-22","purchased_purges":1,"victory":false,"max_hp_per_floor":[72,72,72,72,72,72,72,79,79,79,79,79,79,79,79,79,79,79,79,79,84,84,84,84,84,94,94,94],"card_choices":[{"not_picked":["Headbutt","Blood for Blood"],"picked":"Heavy Blade","floor":1},{"not_picked":["Burning Pact","Pommel Strike"],"picked":"Thunderclap","floor":2},{"not_picked":["Dual Wield","Body Slam"],"picked":"Juggernaut","floor":4},{"not_picked":["Clash","Fire Breathing"],"picked":"Bludgeon","floor":6},{"not_picked":["Heavy Blade","Perfected Strike"],"picked":"Juggernaut","floor":11},{"not_picked":["Sentinel","Iron Wave"],"picked":"Armaments","floor":12},{"not_picked":["Havoc","Dropkick"],"picked":"Clothesline","floor":14},{"not_picked":["Bludgeon","Feed"],"picked":"Berserk","floor":16},{"not_picked":["Twin Strike","Perfected Strike","Body Slam"],"picked":"SKIP","floor":18},{"not_picked":["Clash","Havoc"],"picked":"Iron Wave","floor":19},{"not_picked":["Pommel Strike+1","Headbutt"],"picked":"Flame Barrier+1","floor":24}],"player_experience":617766,"relics_obtained":[{"floor":6,"key":"Bottled Lightning"},{"floor":9,"key":"HornCleat"},{"floor":11,"key":"Blue Candle"},{"floor":17,"key":"Pen Nib"},{"floor":17,"key":"Kunai"},{"floor":17,"key":"Ginger"},{"floor":24,"key":"TungstenRod"},{"floor":26,"key":"Pear"}],"event_choices":[{"damage_healed":0,"gold_gain":175,"player_choice":"AGREE","damage_taken":0,"max_hp_gain":0,"max_hp_loss":0,"event_name":"Liars Game","floor":3,"gold_loss":0,"cards_obtained":["Doubt"]},{"damage_healed":0,"gold_gain":0,"player_choice":"Entered Light","damage_taken":14,"max_hp_gain":0,"max_hp_loss":0,"event_name":"Shining Light","floor":5,"gold_loss":0,"cards_upgraded":["Burning Pact","Strike_R"]},{"damage_healed":0,"gold_gain":99,"player_choice":"Stole From Cult","damage_taken":0,"max_hp_gain":0,"max_hp_loss":0,"event_name":"Nest","floor":20,"gold_loss":0},{"damage_healed":0,"gold_gain":0,"player_choice":"Shed Blood","damage_taken":20,"max_hp_gain":5,"max_hp_loss":0,"event_name":"Forgotten Altar","floor":21,"gold_loss":0},{"cards_removed":["Strike_R"],"damage_healed":0,"gold_gain":0,"player_choice":"Gave Gold","damage_taken":0,"max_hp_gain":0,"max_hp_loss":0,"event_name":"Beggar","floor":22,"gold_loss":75}],"is_beta":false,"boss_relics":[{"not_picked":["Runic Dome","Ectoplasm"],"picked":"Calling Bell"}],"items_purged_floors":[8],"is_endless":false,"potions_floor_spawned":[6,11,14,16,24],"killed_by":"Gremlin Leader","ascension_level":9}}