{"host":"pi8b3ffzwvxqztac","time":1609650044,"event":{"mods":["BaseMod","Colored Map","Downfall","Minty Spire (QoL Compilation)","StSLib"],"gold_per_floor":[99,118,175,175,189,339,365,380,230,240,272,272,272,285,302,407,407,407,425,438,438,638,638,638,638],"floor_reached":23,"playtime":1374,"items_purged":[],"score":321,"play_id":"5262acb7-be22-48fa-aa51-2a7eb4f7dac3","local_time":"20210103180043","is_ascension_mode":true,"campfire_choices":[{"floor":1,"key":"RECALL"},{"floor":9,"key":"REST"},{"data":"hexamod:Float","floor":13,"key":"SMITH"},{"data":"hexamod:GhostflameInferno","floor":18,"key":"SMITH"}],"circlet_count":0,"master_deck":["AscendersBane","hexamod:Strike","hexamod:Strike","hexamod:Strike","hexamod:Defend","hexamod:Defend","hexamod:Defend","hexamod:Defend","hexamod:Sear","hexamod:Float+1","hexamod:FirstSeal","hexamod:AdvancingGuard","hexamod:SpectersWail","hexamod:Hexaguard","hexamod:HauntingEcho","hexamod:SkipABeat","hexamod:GhostflameInferno+1","hexamod:EmpoweredFlame","hexamod:ThermalTransfer","hexamod:FastForward"],"relics":["hexamod:SpiritBrand","Pear","downfall:HeartBlessingBlue","downfall:HeartBlessingRed","Centennial Puzzle","hexamod:IceCube"],"acts_visited":["Exordium","TheCity"],"potions_floor_usage":[16,16,23],"damage_taken":[{"damage":0,"enemies":"Cultist","floor":2,"turns":3},{"damage":51,"enemies":"Lagavulin Event","floor":3,"turns":7},{"damage":0,"enemies":"Small Slimes","floor":5,"turns":3},{"damage":3,"enemies":"2 Louse","floor":8,"turns":3},{"damage":1,"enemies":"2 Fungi Beasts","floor":10,"turns":4},{"damage":28,"enemies":"3 Sentries","floor":11,"turns":9},{"damage":0,"enemies":"3 Louse","floor":14,"turns":3},{"damage":0,"enemies":"Blue Slaver","floor":15,"turns":3},{"damage":80,"enemies":"downfall:Defect","floor":16,"turns":13},{"damage":0,"enemies":"Chosen","floor":19,"turns":4},{"damage":12,"enemies":"Centurion and Healer","floor":20,"turns":5},{"damage":3,"enemies":"Centurion and Healer","floor":22,"turns":5},{"damage":93,"enemies":"Gremlin Leader","floor":23,"turns":7}],"seed_played":"-5072559285561321137","potions_obtained":[{"floor":3,"key":"Explosive Potion"},{"floor":5,"key":"ColorlessPotion"},{"floor":10,"key":"BlessingOfTheForge"},{"floor":19,"key":"Fire Potion"}],"is_trial":false,"path_per_floor":["R","M","?","?","M","?","T","M","R","M","E","?","R","M","M","B",null,"R","M","M","?","?","E"],"character_chosen":"THE_SPIRIT","items_purchased":[],"campfire_rested":1,"item_purchase_floors":[],"current_hp_per_floor":[70,70,36,36,43,43,43,47,86,92,71,71,71,78,85,12,76,76,83,78,78,82,0,0,0],"gold":638,"neow_bonus":"TEN_PERCENT_HP_BONUS","is_daily":false,"chose_seed":false,"campfire_upgraded":2,"win_rate":0.0,"timestamp":1609650043,"path_taken":["R","M","?","?","M","?","T","M","R","M","E","?","R","M","M","BOSS","R","M","M","?","?","E"],"items_purchased_type":[],"build_version":"2020-12-22","purchased_purges":0,"victory":false,"max_hp_per_floor":[77,77,87,87,87,87,87,87,97,97,97,97,97,97,97,97,97,97,97,97,97,97,97,97,97],"card_choices":[{"not_picked":["hexamod:HauntingEcho","hexamod:Incineration"],"picked":"hexamod:FirstSeal","floor":2},{"not_picked":["hexamod:RetreatToShadows","hexamod:InspiringFlames"],"picked":"hexamod:AdvancingGuard","floor":3},{"not_picked":["hexamod:RainOfEmbers","hexamod:ShieldOfDarkness"],"picked":"hexamod:SpectersWail","floor":5},{"not_picked":["hexamod:PhantomFireball","hexamod:Firestarter","hexamod:RadiantFlame"],"picked":"SKIP","floor":8},{"not_picked":["hexamod:GhostShield","hexamod:HexaLevel","hexamod:GhostOfSpireFuture"],"picked":"SKIP","floor":10},{"not_picked":["hexamod:HeatShield","hexamod:PhantomFireball"],"picked":"hexamod:Hexaguard","floor":11},{"not_picked":["hexamod:AdvancingGuard","hexamod:PowerFromBeyond"],"picked":"hexamod:HauntingEcho","floor":14},{"not_picked":["hexamod:PhantomCloak","hexamod:RadiantFlame"],"picked":"hexamod:SkipABeat","floor":15},{"not_picked":["hexamod:FifthSeal","hexamod:SixthSeal"],"picked":"hexamod:GhostflameInferno","floor":16},{"not_picked":["hexamod:Rewind+1","hexamod:RainOfEmbers+1"],"picked":"hexamod:EmpoweredFlame","floor":19},{"not_picked":["hexamod:ShieldOfDarkness","hexamod:Firestarter"],"picked":"hexamod:ThermalTransfer","floor":20}],"player_experience":467919,"relics_obtained":[{"floor":3,"key":"Pear"},{"floor":11,"key":"Centennial Puzzle"}],"event_choices":[{"cards_removed":["Slimebound:Icky"],"damage_healed":0,"gold_gain":0,"player_choice":"Card Removal","damage_taken":0,"max_hp_gain":0,"max_hp_loss":0,"event_name":"The Cleric","floor":12,"gold_loss":0},{"damage_healed":0,"gold_gain":0,"player_choice":"Read","damage_taken":0,"max_hp_gain":0,"max_hp_loss":0,"event_name":"The Library","floor":21,"gold_loss":0,"cards_obtained":["hexamod:FastForward"]}],"is_beta":false,"boss_relics":[{"not_picked":["Snecko Eye","SlaversCollar"],"picked":"hexamod:IceCube"}],"items_purged_floors":[],"is_endless":false,"potions_floor_spawned":[3,5,10,19],"killed_by":"Gremlin Leader","ascension_level":11}}