{"host":"w3q5ijqu8eoknil3","time":1609635057,"event":{"mods":["AchievementEnabler","BaseMod","Block Reminder","Colored Powertips","Minty Spire (QoL Compilation)","Quick Restart","Relic Stats","ojb\u0027s Better Paths Mod","ojb\u0027s Info Mod","slay the spire mod where everything is the same but ironclad has a cowboy hat"],"gold_per_floor":[117,129,129,147,147,175,193,221,221,238,256,271,271,271,271,271,271],"floor_reached":16,"playtime":604,"items_purged":[],"score":200,"play_id":"3cb9def8-9207-4435-bda0-40efecffae0d","local_time":"20210103005057","is_ascension_mode":true,"campfire_choices":[{"floor":13,"key":"REST"},{"data":"Bouncing Flask","floor":15,"key":"SMITH"}],"circlet_count":0,"master_deck":["AscendersBane","Strike_G","Strike_G","Strike_G","Strike_G","Defend_G","Defend_G","Defend_G","Defend_G","Defend_G","Survivor","Neutralize","Bouncing Flask+1","Acrobatics","Acrobatics","Dagger Spray","Skewer","Dash","Backflip","Slice","Leg Sweep"],"relics":["Ring of the Snake","NeowsBlessing","Anchor","Calipers","White Beast Statue","Golden Idol"],"acts_visited":["Exordium"],"potions_floor_usage":[6,6,7,8,12,16,16],"damage_taken":[{"damage":0,"enemies":"Jaw Worm","floor":1,"turns":1},{"damage":0,"enemies":"Cultist","floor":2,"turns":1},{"damage":0,"enemies":"2 Louse","floor":4,"turns":1},{"damage":12,"enemies":"Lagavulin","floor":6,"turns":6},{"damage":0,"enemies":"Exordium Wildlife","floor":7,"turns":3},{"damage":23,"enemies":"Gremlin Nob","floor":8,"turns":4},{"damage":20,"enemies":"Exordium Thugs","floor":10,"turns":6},{"damage":3,"enemies":"Large Slime","floor":11,"turns":5},{"damage":0,"enemies":"Looter","floor":12,"turns":4},{"damage":35,"enemies":"The Guardian","floor":16,"turns":11}],"seed_played":"480862851829987579","potions_obtained":[{"floor":1,"key":"EntropicBrew"},{"floor":6,"key":"ColorlessPotion"},{"floor":7,"key":"SpeedPotion"},{"floor":10,"key":"Block Potion"},{"floor":12,"key":"Fire Potion"}],"is_trial":false,"path_per_floor":["M","M","?","M","$","E","M","E","T","M","M","M","R","?","R","B"],"character_chosen":"THE_SILENT","items_purchased":[],"campfire_rested":1,"item_purchase_floors":[],"current_hp_per_floor":[59,59,59,59,59,47,47,24,24,4,1,1,20,20,20,0,0],"gold":271,"neow_bonus":"THREE_ENEMY_KILL","is_daily":false,"chose_seed":false,"campfire_upgraded":1,"win_rate":0.0,"timestamp":1609635057,"path_taken":["M","M","?","?","$","E","M","E","T","M","?","M","R","?","R","BOSS"],"items_purchased_type":[],"build_version":"2020-12-22","purchased_purges":0,"victory":false,"max_hp_per_floor":[66,66,66,66,66,66,66,66,66,66,66,66,66,60,60,60,60],"relic_stats":{"counters":[10,42],"Golden Idol":0,"obtain_stats":[{"Anchor":6,"Calipers":8,"NeowsBlessing":0,"Golden Idol":14,"White Beast Statue":9,"Ring of the Snake":0},{"Anchor":4,"Calipers":6,"NeowsBlessing":0,"Golden Idol":9,"White Beast Statue":6,"Ring of the Snake":0},{"Anchor":9,"Calipers":16,"NeowsBlessing":0,"Golden Idol":31,"White Beast Statue":16,"Ring of the Snake":0}],"Ring of the Snake":[20]},"card_choices":[{"not_picked":["Tactician","Concentrate"],"picked":"Bouncing Flask","floor":1},{"not_picked":["Terror","Bane"],"picked":"Acrobatics","floor":2},{"not_picked":["Cloak And Dagger","Heel Hook"],"picked":"Dagger Spray","floor":4},{"not_picked":["Dodge and Roll","Prepared","Bane"],"picked":"SKIP","floor":6},{"not_picked":["Blade Dance","PiercingWail"],"picked":"Skewer","floor":7},{"not_picked":["Footwork","Dagger Spray"],"picked":"Dash","floor":8},{"not_picked":["Outmaneuver","Unload"],"picked":"Backflip","floor":10},{"not_picked":["Dagger Throw","Cloak And Dagger"],"picked":"Slice","floor":11},{"not_picked":["Poisoned Stab","Skewer"],"picked":"Leg Sweep","floor":12}],"player_experience":975275,"relics_obtained":[{"floor":6,"key":"Anchor"},{"floor":8,"key":"Calipers"},{"floor":9,"key":"White Beast Statue"}],"event_choices":[{"damage_healed":0,"gold_gain":0,"cards_transformed":["Strike_G"],"player_choice":"Transformed","damage_taken":0,"max_hp_gain":0,"max_hp_loss":0,"event_name":"Transmorgrifier","floor":3,"gold_loss":0,"cards_obtained":["Acrobatics"]},{"damage_healed":0,"gold_gain":0,"player_choice":"Lose Max HP","damage_taken":0,"relics_obtained":["Golden Idol"],"max_hp_gain":0,"max_hp_loss":6,"event_name":"Golden Idol","floor":14,"gold_loss":0}],"is_beta":false,"boss_relics":[],"items_purged_floors":[],"is_endless":false,"potions_floor_spawned":[1,6,7,10,11,12],"killed_by":"The Guardian","ascension_level":15}}