{"host":"kh6fvhxn285ncg0o","time":1609660893,"event":{"mods":["Act Like it!","BaseMod","Colored Map","Friendly Minions","Keyboard Shortcuts","Minty Spire (QoL Compilation)","Quick Restart","Relic Stats","StSLib","SuperFastMode"],"gold_per_floor":[109,109,128,128,143,184,184,207,230,16,49,49,49,49],"floor_reached":13,"playtime":243,"items_purged":[],"score":186,"play_id":"d8b3b27a-1868-4656-8421-fdc4cea164e0","local_time":"20210103170133","is_ascension_mode":true,"campfire_choices":[{"data":"Eruption","floor":7,"key":"SMITH"}],"circlet_count":0,"master_deck":["AscendersBane","Strike_P","Strike_P","Strike_P","Strike_P","Defend_P","Defend_P","Defend_P","Eruption+1","Vigilance","BowlingBash","Adaptation","FlurryOfBlows","MentalFortress"],"relics":["PureWater","Golden Idol","Happy Flower","TheAbacus","Oddly Smooth Stone"],"acts_visited":["Exordium"],"potions_floor_usage":[5,11,13],"damage_taken":[{"damage":10,"enemies":"Small Slimes","floor":1,"turns":4},{"damage":0,"enemies":"Cultist","floor":3,"turns":2},{"damage":0,"enemies":"Jaw Worm","floor":5,"turns":3},{"damage":56,"enemies":"Gremlin Nob","floor":6,"turns":5},{"damage":11,"enemies":"3 Louse","floor":8,"turns":3},{"damage":1,"enemies":"Lagavulin","floor":11,"turns":4},{"damage":17,"enemies":"Gremlin Nob","floor":13,"turns":3}],"seed_played":"-5100440217478102127","potions_obtained":[{"floor":3,"key":"FairyPotion"},{"floor":4,"key":"Regen Potion"},{"floor":5,"key":"StancePotion"}],"is_trial":false,"path_per_floor":["M","?","M","?","M","E","R","M","T","$","E","$","E"],"character_chosen":"WATCHER","items_purchased":["TheAbacus","Strength Potion"],"campfire_rested":0,"item_purchase_floors":[10,10],"current_hp_per_floor":[51,51,51,51,60,4,4,12,12,12,11,11,0,0],"gold":49,"neow_bonus":"REMOVE_CARD","is_daily":false,"chose_seed":false,"campfire_upgraded":1,"win_rate":0.0,"timestamp":1609660893,"path_taken":["M","?","M","?","M","E","R","?","T","$","E","?","E"],"items_purchased_type":["Relic","Potion"],"build_version":"2020-12-22","purchased_purges":0,"victory":false,"max_hp_per_floor":[68,62,62,62,62,62,62,62,62,62,62,62,62,62],"relic_stats":{"TheAbacus":[12],"Happy Flower":[3],"counters":[7,24],"Golden Idol":27,"obtain_stats":[{"TheAbacus":10,"Happy Flower":6,"Golden Idol":2,"Oddly Smooth Stone":11,"PureWater":0},{"TheAbacus":5,"Happy Flower":4,"Golden Idol":1,"Oddly Smooth Stone":6,"PureWater":0},{"TheAbacus":17,"Happy Flower":14,"Golden Idol":4,"Oddly Smooth Stone":21,"PureWater":0}]},"card_choices":[{"not_picked":["EmptyBody","Evaluate","CrushJoints"],"picked":"SKIP","floor":1},{"not_picked":["JustLucky","WindmillStrike","Consecrate"],"picked":"SKIP","floor":3},{"not_picked":["Consecrate","EmptyBody"],"picked":"BowlingBash","floor":5},{"not_picked":["JustLucky","DeusExMachina"],"picked":"Adaptation","floor":6},{"not_picked":["Crescendo","Weave"],"picked":"FlurryOfBlows","floor":8},{"not_picked":["Prostrate","FollowUp"],"picked":"MentalFortress","floor":11}],"player_experience":3352378,"relics_obtained":[{"floor":6,"key":"Happy Flower"},{"floor":11,"key":"Oddly Smooth Stone"}],"event_choices":[{"damage_healed":0,"gold_gain":0,"player_choice":"Lose Max HP","damage_taken":0,"relics_obtained":["Golden Idol"],"max_hp_gain":0,"max_hp_loss":6,"event_name":"Golden Idol","floor":2,"gold_loss":0},{"damage_healed":0,"gold_gain":0,"player_choice":"Got Potions","damage_taken":0,"max_hp_gain":0,"max_hp_loss":0,"event_name":"Lab","floor":4,"gold_loss":0}],"is_beta":false,"boss_relics":[],"items_purged_floors":[],"is_endless":false,"potions_floor_spawned":[3,5],"killed_by":"Gremlin Nob","ascension_level":20}}