{"host":"akjsb4vg7478j4ls","time":1609650291,"event":{"mods":["BaseMod","Colored Powertips","Minty Spire (QoL Compilation)","Rare Cards Sparkle"],"gold_per_floor":[365,21,34,34,48,77,93,108,133,133,156,156,174,174,174,277,277,295,295,25,38,48,48,67,67,67,67,87,118,217,236,236,236,236],"floor_reached":33,"playtime":2222,"items_purged":[],"score":294,"play_id":"ee0c5651-b5c9-4724-8a2a-27b90d20bb94","local_time":"20210103030451","is_ascension_mode":false,"campfire_choices":[{"floor":10,"key":"REST"},{"floor":12,"key":"REST"},{"data":"Zap","floor":15,"key":"SMITH"},{"floor":23,"key":"REST"},{"floor":25,"key":"REST"},{"floor":32,"key":"REST"}],"circlet_count":0,"master_deck":["Zap+1","Dualcast","Coolheaded","Beam Cell+1","Melter","Fission","Rip and Tear","Beam Cell","Hologram","All For One","BootSequence","Double Energy","Fission","Cold Snap","Darkness","Genetic Algorithm","Beam Cell","Steam","Ball Lightning","Thunder Strike","Steam+1","Reinforced Body+1","Leap+1","Heatsinks+1","Beam Cell+1","Ball Lightning","Aggregate+1","Capacitor+1"],"relics":["Cracked Core","Membership Card","Frozen Egg 2","Boot","Orichalcum","MealTicket","Whetstone","Omamori","Pandora\u0027s Box","Enchiridion","Toxic Egg 2","Strange Spoon","Bottled Tornado","Strawberry"],"acts_visited":["Exordium","TheCity"],"potions_floor_usage":[6,29,29,33,33],"damage_taken":[{"damage":0,"enemies":"Cultist","floor":1,"turns":3},{"damage":0,"enemies":"Jaw Worm","floor":3,"turns":4},{"damage":0,"enemies":"2 Louse","floor":5,"turns":3},{"damage":10,"enemies":"Gremlin Nob","floor":6,"turns":4},{"damage":9,"enemies":"Exordium Thugs","floor":7,"turns":4},{"damage":6,"enemies":"Large Slime","floor":8,"turns":5},{"damage":8,"enemies":"Red Slaver","floor":13,"turns":2},{"damage":35,"enemies":"Slime Boss","floor":16,"turns":12},{"damage":2,"enemies":"Spheric Guardian","floor":18,"turns":3},{"damage":16,"enemies":"3 Byrds","floor":21,"turns":3},{"damage":6,"enemies":"Shelled Parasite and Fungi","floor":22,"turns":4},{"damage":13,"enemies":"Cultist and Chosen","floor":24,"turns":7},{"damage":2,"enemies":"Snecko","floor":28,"turns":4},{"damage":31,"enemies":"Gremlin Leader","floor":29,"turns":6},{"damage":15,"enemies":"Snake Plant","floor":31,"turns":4},{"damage":68,"enemies":"Collector","floor":33,"turns":7}],"seed_played":"-1404609525527985323","potions_obtained":[{"floor":3,"key":"GamblersBrew"},{"floor":5,"key":"ColorlessPotion"},{"floor":16,"key":"DistilledChaos"},{"floor":21,"key":"Explosive Potion"},{"floor":29,"key":"AttackPotion"}],"is_trial":false,"path_per_floor":["M","$","M","?","M","E","M","M","T","R","T","R","M","?","R","B",null,"M","?","$","M","M","R","M","R","T","?","M","E","?","M","R","B"],"character_chosen":"DEFECT","items_purchased":["Membership Card","Frozen Egg 2","Boot","Toxic Egg 2","Strange Spoon","Thunder Strike","Steam+1"],"campfire_rested":5,"item_purchase_floors":[2,2,2,20,20,20,20],"current_hp_per_floor":[75,75,75,50,50,40,31,25,25,47,47,69,61,61,61,26,75,73,57,72,56,50,72,59,75,75,75,73,49,49,34,58,0,0],"gold":236,"neow_bonus":"TWO_FIFTY_GOLD","is_daily":false,"chose_seed":false,"campfire_upgraded":1,"win_rate":0.0,"timestamp":1609650291,"path_taken":["M","$","M","?","M","E","M","M","T","R","?","R","M","?","R","BOSS","M","?","$","M","M","R","M","R","T","?","?","E","?","M","R","BOSS"],"items_purchased_type":["Relic","Relic","Relic","Relic","Relic","Card","Card"],"build_version":"2020-12-22","purchased_purges":0,"victory":false,"max_hp_per_floor":[75,75,75,75,75,75,75,75,75,75,75,75,75,75,75,75,75,75,75,75,75,75,75,75,75,75,75,75,82,82,82,82,82,82],"card_choices":[{"not_picked":["Stack","Leap"],"picked":"Coolheaded","floor":1},{"not_picked":["Compile Driver","Genetic Algorithm"],"picked":"Beam Cell","floor":3},{"not_picked":["Go for the Eyes","Lockon"],"picked":"Melter","floor":5},{"not_picked":["Conserve Battery","Capacitor+1"],"picked":"Fission","floor":6},{"not_picked":["Beam Cell","Sweeping Beam"],"picked":"Rip and Tear","floor":7},{"not_picked":["Coolheaded","Steam"],"picked":"Beam Cell","floor":8},{"not_picked":["Chill","Conserve Battery"],"picked":"Hologram","floor":13},{"not_picked":["Thunder Strike","Electrodynamics+1"],"picked":"All For One","floor":16},{"not_picked":["Chill","Lockon+1"],"picked":"Ball Lightning","floor":18},{"not_picked":["Compile Driver","Beam Cell"],"picked":"Reinforced Body+1","floor":21},{"not_picked":["Hologram+1","Lockon"],"picked":"Leap+1","floor":22},{"not_picked":["Genetic Algorithm+1","Lockon"],"picked":"Heatsinks+1","floor":24},{"not_picked":["Sweeping Beam","Gash"],"picked":"Ball Lightning","floor":28},{"not_picked":["Steam+1","Ball Lightning"],"picked":"Aggregate+1","floor":29},{"not_picked":["Cold Snap","Stack+1"],"picked":"Capacitor+1","floor":31}],"player_experience":90729,"relics_obtained":[{"floor":6,"key":"MealTicket"},{"floor":9,"key":"Whetstone"},{"floor":11,"key":"Omamori"},{"floor":19,"key":"Enchiridion"},{"floor":26,"key":"Bottled Tornado"},{"floor":29,"key":"Strawberry"}],"event_choices":[{"damage_healed":0,"gold_gain":0,"player_choice":"Success","damage_taken":25,"relics_obtained":["Orichalcum"],"max_hp_gain":0,"max_hp_loss":0,"event_name":"Scrap Ooze","floor":4,"gold_loss":0},{"cards_removed":["Clumsy"],"damage_healed":0,"gold_gain":0,"player_choice":"Removed Curses","damage_taken":0,"max_hp_gain":0,"max_hp_loss":0,"event_name":"Fountain of Cleansing","floor":14,"gold_loss":0},{"damage_healed":0,"gold_gain":0,"player_choice":"Obtained Book","damage_taken":16,"max_hp_gain":0,"max_hp_loss":0,"event_name":"Cursed Tome","floor":19,"gold_loss":0},{"damage_healed":0,"gold_gain":0,"player_choice":"Copied","damage_taken":0,"max_hp_gain":0,"max_hp_loss":0,"event_name":"Duplicator","floor":27,"gold_loss":0,"cards_obtained":["Beam Cell"]},{"damage_healed":0,"gold_gain":99,"player_choice":"Stole From Cult","damage_taken":0,"max_hp_gain":0,"max_hp_loss":0,"event_name":"Nest","floor":30,"gold_loss":0}],"is_beta":false,"boss_relics":[{"not_picked":["Astrolabe","SacredBark"],"picked":"Pandora\u0027s Box"}],"items_purged_floors":[],"is_endless":false,"potions_floor_spawned":[3,5,16,21,22,29],"killed_by":"Collector","ascension_level":0}}