{"host":"qgrlfjrqk9z96gfi","time":1609708604,"event":{"mods":["BaseMod","Block Reminder","Colored Map","DeckTracker","Minty Spire (QoL Compilation)"],"gold_per_floor":[117,127,0,75,75,75,87,120,147,147,157,167,198,198,198,275,275,294,6,60,60,60],"floor_reached":21,"playtime":683,"items_purged":["Strike_G"],"score":378,"play_id":"60ebd993-7dac-4f65-8822-d54675172015","local_time":"20210103111644","is_ascension_mode":true,"campfire_choices":[{"data":"Poisoned Stab","floor":6,"key":"SMITH"},{"floor":10,"key":"REST"},{"floor":15,"key":"REST"}],"circlet_count":0,"master_deck":["AscendersBane","Strike_G","Strike_G","Strike_G","Strike_G","Defend_G","Defend_G","Defend_G","Defend_G","Defend_G","Survivor","Neutralize+1","Bane","Poisoned Stab+1","Infinite Blades","Backstab","Terror","PiercingWail","Deadly Poison","Venomology","HandOfGreed","Sucker Punch+1"],"relics":["Ring of the Snake","Toy Ornithopter","Oddly Smooth Stone","Boot","Gremlin Horn","SlaversCollar"],"acts_visited":["Exordium","TheCity"],"potions_floor_usage":[16,16,20,21,21],"damage_taken":[{"damage":1.0,"enemies":"Cultist","floor":1.0,"turns":4.0},{"damage":10,"enemies":"Small Slimes","floor":2,"turns":4},{"damage":2,"enemies":"Jaw Worm","floor":7,"turns":3},{"damage":24,"enemies":"Gremlin Nob","floor":8,"turns":4},{"damage":0,"enemies":"3 Louse","floor":11,"turns":3},{"damage":1,"enemies":"Blue Slaver","floor":12,"turns":3},{"damage":19,"enemies":"Lagavulin","floor":13,"turns":5},{"damage":42,"enemies":"Slime Boss","floor":16,"turns":10},{"damage":27,"enemies":"Shell Parasite","floor":18,"turns":5},{"damage":3,"enemies":"3 Byrds","floor":20,"turns":6},{"damage":42,"enemies":"Masked Bandits","floor":21,"turns":4}],"seed_played":"3957860616380579829","potions_obtained":[{"floor":8,"key":"GamblersBrew"},{"floor":12,"key":"LiquidBronze"},{"floor":13,"key":"Explosive Potion"},{"floor":16,"key":"Ancient Potion"},{"floor":18,"key":"DistilledChaos"}],"is_trial":false,"path_per_floor":["M","M","$","?","?","R","M","E","T","R","M","M","E","?","R","B",null,"M","$","M","?"],"character_chosen":"THE_SILENT","items_purchased":["Infinite Blades","Backstab","HandOfGreed"],"campfire_rested":2,"item_purchase_floors":[3,3,19],"current_hp_per_floor":[58,48,48,37,59,59,57,33,33,52,52,51,32,21,40,8,52,25,25,27,0,0],"gold":60,"neow_bonus":"UPGRADE_CARD","is_daily":false,"chose_seed":false,"campfire_upgraded":1,"win_rate":0.0,"timestamp":1609708604,"path_taken":["M","M","$","?","?","R","M","E","T","R","M","?","E","?","R","BOSS","M","$","M","?"],"items_purchased_type":["Card","Card","Card"],"build_version":"2020-12-22","purchased_purges":1,"victory":false,"max_hp_per_floor":[66,66,66,66,66,66,66,66,66,66,66,66,66,66,66,66,66,66,66,66,66,66],"card_choices":[{"not_picked":["Backflip","Blur"],"picked":"Bane","floor":1.0},{"not_picked":["Prepared","Dagger Spray"],"picked":"Poisoned Stab","floor":2},{"not_picked":["Flying Knee","Slice","Choke"],"picked":"SKIP","floor":7},{"not_picked":["Acrobatics","Quick Slash","Doppelganger"],"picked":"SKIP","floor":8},{"not_picked":["Acrobatics","Flechettes"],"picked":"Terror","floor":11},{"not_picked":["Heel Hook","Bane"],"picked":"PiercingWail","floor":12},{"not_picked":["Masterful Stab","Flying Knee"],"picked":"Deadly Poison","floor":13},{"not_picked":["Doppelganger","Night Terror"],"picked":"Venomology","floor":16},{"not_picked":["Backstab","Deadly Poison","Quick Slash"],"picked":"SKIP","floor":18},{"not_picked":["Concentrate","Choke+1"],"picked":"Sucker Punch+1","floor":20}],"player_experience":963187,"relics_obtained":[{"floor":8,"key":"Toy Ornithopter"},{"floor":9,"key":"Oddly Smooth Stone"},{"floor":13,"key":"Boot"}],"event_choices":[{"damage_healed":0,"gold_gain":75,"player_choice":"Gather Gold","damage_taken":11,"max_hp_gain":0,"max_hp_loss":0,"event_name":"World of Goop","floor":4,"gold_loss":0},{"damage_healed":22,"gold_gain":0,"player_choice":"Banana","damage_taken":0,"max_hp_gain":0,"max_hp_loss":0,"event_name":"Big Fish","floor":5,"gold_loss":0},{"damage_healed":0,"gold_gain":0,"player_choice":"Success","damage_taken":11,"relics_obtained":["Gremlin Horn"],"max_hp_gain":0,"max_hp_loss":0,"event_name":"Scrap Ooze","floor":14,"gold_loss":0},{"damage_healed":0,"gold_gain":0,"player_choice":"Fought Bandits","damage_taken":0,"max_hp_gain":0,"max_hp_loss":0,"event_name":"Masked Bandits","floor":21,"gold_loss":0}],"is_beta":false,"boss_relics":[{"not_picked":["Ectoplasm","HoveringKite"],"picked":"SlaversCollar"}],"items_purged_floors":[19],"is_endless":false,"potions_floor_spawned":[8,12,13,16,18],"killed_by":"Masked Bandits","ascension_level":20}}