{"host":"z9grmtg2w0nmz8n1","time":1609656118,"event":{"mods":["Aspiration","Bard","BaseMod","Beaked The Cultist","Better Altar","Better Match","Better Note","Better Sensory Stone","Better Skull","Better Third Choice","BetterRewards","CCEM","Colored Map","Conspire","Downfall","GifTheSpireLib","Googly Eyes","Halation","Hermit","Highlight Path","Hubris","Hunter ??","Jedi Mod","Jorbs\u0027s Wanderer Trilogy","Mad Scientist","Marisa????????","Minty Spire (QoL Compilation)","Permanent Neow","Replay The Spire","Shade Mod","Shop Mod","Spicy Shops","StSLib","Stuff the Spire","The Bug Knight","The Construct","The Necromancer","The Runesmith","The Witch"],"gold_per_floor":[111,36,36,50,62,88,88,104,179,199,199,199],"floor_reached":11,"playtime":434,"items_purged":[],"score":79,"play_id":"7d647d85-9b1a-4d62-9ba9-4ad34f7d9415","local_time":"20210103044158","is_ascension_mode":true,"campfire_choices":[{"floor":7,"key":"RECALL"}],"circlet_count":0,"master_deck":["Defragment+1","Strike_B","Strike_B","Strike_B","Strike_B","Defend_B","Defend_B","Defend_B","Defend_B","Zap","Dualcast","Madness","Defragment","ReplayTheSpireMod:Calculation Training","StuffTheSpire:Plugnplay"],"relics":["Cracked Core","Prayer Wheel","Blue Doll","Mummified Hand"],"acts_visited":["Exordium"],"potions_floor_usage":[11,11],"damage_taken":[{"damage":3,"enemies":"Jaw Worm","floor":1,"turns":3},{"damage":0,"enemies":"Cultist","floor":4,"turns":4},{"damage":5,"enemies":"Small Slimes","floor":5,"turns":4},{"damage":25,"enemies":"3 Sentries","floor":6,"turns":6},{"damage":7,"enemies":"Looter","floor":8,"turns":4},{"damage":7,"enemies":"Blue Slaver","floor":10,"turns":2},{"damage":30,"enemies":"Lagavulin","floor":11,"turns":4}],"seed_played":"-7339945763029161607","potions_obtained":[{"floor":1,"key":"sneckomod:MuddlingPotion"},{"floor":8,"key":"SteroidPotion"},{"floor":10,"key":"Reflective Coating"}],"is_trial":false,"path_per_floor":["M","?","$","M","M","E","R","M","T","M","E"],"character_chosen":"DEFECT","items_purchased":[],"campfire_rested":0,"item_purchase_floors":[],"current_hp_per_floor":[72,72,72,72,67,42,42,35,35,28,0,0],"gold":199,"neow_bonus":"RANDOM_COLORLESS","is_daily":false,"chose_seed":false,"campfire_upgraded":0,"win_rate":0.0,"timestamp":1609656118,"path_taken":["M","?","$","?","?","E","R","M","T","M","E"],"items_purchased_type":[],"build_version":"2020-12-22","purchased_purges":0,"victory":false,"max_hp_per_floor":[75,75,75,75,75,75,75,75,75,75,75,75],"card_choices":[{"not_picked":["jedi:BurstFrost","Go for the Eyes","Turbo"],"picked":"SKIP","floor":1},{"not_picked":["jedi:darknesscall","StuffTheSpire:LaunchingStrike"],"picked":"ReplayTheSpireMod:Fabricate Wheel","floor":2},{"not_picked":["Panacea","expansioncontent:ChargeUp"],"picked":"Madness","floor":2},{"not_picked":["Self Repair","StuffTheSpire:SnapShoot"],"picked":"Defragment","floor":2},{"not_picked":["Seek","Beam Cell","ReplayTheSpireMod:Dual Polarity"],"picked":"SKIP","floor":4},{"not_picked":["Storm","Recycle"],"picked":"ReplayTheSpireMod:Calculation Training","floor":5},{"not_picked":["Stack","Sweeping Beam","Barrage"],"picked":"SKIP","floor":5},{"not_picked":["Cold Snap","Steam Power","Go for the Eyes"],"picked":"SKIP","floor":6},{"not_picked":["Crystallizer","jedi:sharpshooter"],"picked":"StuffTheSpire:Plugnplay","floor":8},{"not_picked":["aspiration:Polymerization","Turbo","Hologram"],"picked":"SKIP","floor":8},{"not_picked":["Rip and Tear","StuffTheSpire:LoadUp","jedi:BurstFrost"],"picked":"SKIP","floor":10},{"not_picked":["jedi:BurstFrost","Hologram","Streamline"],"picked":"SKIP","floor":10}],"player_experience":760990,"relics_obtained":[{"floor":6,"key":"Blue Doll"},{"floor":9,"key":"Mummified Hand"}],"event_choices":[{"damage_healed":0,"gold_gain":0,"player_choice":"1","damage_taken":0,"max_hp_gain":0,"max_hp_loss":0,"event_name":"betterMatch:BetterMatch","floor":2,"gold_loss":0,"cards_obtained":["betterMatch:CommonCard","betterMatch:RareCard","betterMatch:ColorlessUncommonCard","betterMatch:UncommonCard"]}],"is_beta":false,"boss_relics":[],"items_purged_floors":[],"is_endless":false,"potions_floor_spawned":[1,8,10],"killed_by":"Lagavulin","ascension_level":1}}