{"host":"bczg3e1yq3rp3pkk","time":1609645111,"event":{"mods":["BaseMod","Hermit","Marisa£®ÏF”Í°°ƒß¿Ì…≥£©","Minty Spire (QoL Compilation)","Quick Restart","Replay The Spire","StSLib","The Runesmith","The Servant 0.9.4","vexMod"],"gold_per_floor":[119,131,150,1,21,37,48,48,102,102,135,145,145,166,166,270,370,389,389,389,405,504,518,518,518,518,543,558,588,607,607,607,607,607],"floor_reached":33,"playtime":3139,"items_purged":["Pain"],"score":314,"play_id":"35cd227b-3815-428d-9176-76c80a23830b","local_time":"20210103113831","is_ascension_mode":false,"campfire_choices":[{"data":"Armaments","floor":8.0,"key":"SMITH"},{"data":"ReplayTheSpireMod:Muscle Training","floor":13.0,"key":"SMITH"},{"data":"Whirlwind","floor":15.0,"key":"SMITH"},{"data":"Heavy Blade","floor":24.0,"key":"SMITH"},{"data":"Infernal Blade","floor":32.0,"key":"SMITH"}],"circlet_count":0,"master_deck":["Strike_R+1","Strike_R+1","Strike_R+1","Strike_R+1","Defend_R+1","Defend_R+1","Defend_R+1","Defend_R+1","Bash","Sword Boomerang","Spot Weakness","Armaments+1","Whirlwind+1","ReplayTheSpireMod:Muscle Training+1","Intimidate","Demon Form","Demonic Infusion","Pommel Strike","Heavy Blade+1","Ghostly","Ghostly","Ghostly","Ghostly","Ghostly","Infernal Blade+1","Pummel","Dark Embrace","Second Wind","Demonic Infusion"],"relics":["Ring of Chaos","ReplayTheSpireMod:CursedCoin","Boot","Blue Doll","Omamori","Odd Mushroom","Replay:Wanted Poster","PreservedInsect","vexMod:BerryBomb","Letter Opener","Replay:Mystery Machine"],"acts_visited":["Exordium","TheCity"],"potions_floor_usage":[33,33],"damage_taken":[{"damage":1.0,"enemies":"Cultist","floor":1.0,"turns":3.0},{"damage":0.0,"enemies":"2 Louse","floor":2.0,"turns":3.0},{"damage":3.0,"enemies":"Small Slimes","floor":3.0,"turns":3.0},{"damage":0.0,"enemies":"Exordium Wildlife","floor":5.0,"turns":3.0},{"damage":1.0,"enemies":"2 Fungi Beasts","floor":6.0,"turns":3.0},{"damage":14.0,"enemies":"3 Louse","floor":7.0,"turns":3.0},{"damage":17.0,"enemies":"Gremlin Nob","floor":11.0,"turns":4.0},{"damage":11.0,"enemies":"Exordium Thugs","floor":12.0,"turns":4.0},{"damage":4.0,"enemies":"The Mushroom Lair","floor":14.0,"turns":3.0},{"damage":38.0,"enemies":"The Guardian","floor":16.0,"turns":9.0},{"damage":12.0,"enemies":"Shell Parasite","floor":18.0,"turns":5.0},{"damage":13.0,"enemies":"Spheric Guardian","floor":21.0,"turns":4.0},{"damage":6.0,"enemies":"Cultist and Chosen","floor":23.0,"turns":4.0},{"damage":27.0,"enemies":"Book of Stabbing","floor":27.0,"turns":7.0},{"damage":2.0,"enemies":"Centurion and Healer","floor":28.0,"turns":5.0},{"damage":3.0,"enemies":"Slavers","floor":29.0,"turns":5.0},{"damage":4.0,"enemies":"Snake Plant","floor":30.0,"turns":3.0},{"damage":28,"enemies":"Automaton","floor":33,"turns":6}],"seed_played":"-5425437379683706006","potions_obtained":[{"floor":5.0,"key":"BloodPotion"},{"floor":6.0,"key":"BlessingOfTheForge"},{"floor":7.0,"key":"SkillPotion"},{"floor":11.0,"key":"Reflective Coating"},{"floor":12.0,"key":"Block Potion"},{"floor":14.0,"key":"AttackPotion"},{"floor":18.0,"key":"LiquidBronze"},{"floor":28.0,"key":"BloodPotion"},{"floor":30.0,"key":"Block Potion"}],"is_trial":false,"path_per_floor":["M","M","M","$","M","M","M","R","T","?","E","M","R","?","R","B",null,"M","?","T","M","?","M","R","?","T","E","M","E","M","?","R","B"],"character_chosen":"IRONCLAD","items_purchased":["ReplayTheSpireMod:CursedCoin","Whirlwind","Boot"],"campfire_rested":0,"item_purchase_floors":[4,4,4],"current_hp_per_floor":[79,79,76,76,76,75,61,61,61,61,44,33,33,29,29,7,80,68,68,68,55,55,49,49,40,46,19,17,14,10,10,10,0,0],"gold":607,"neow_bonus":"BOSS_RELIC","is_daily":false,"chose_seed":false,"campfire_upgraded":5,"win_rate":0.0,"timestamp":1609645111,"path_taken":["M","M","M","?","M","M","M","R","T","?","E","M","R","?","R","BOSS","M","?","?","M","?","M","R","?","T","E","M","E","?","?","R","BOSS"],"items_purchased_type":["Relic","Card","Relic"],"build_version":"2020-12-22","purchased_purges":1,"victory":false,"max_hp_per_floor":[80,80,80,80,80,80,80,80,80,80,80,80,80,80,80,80,80,80,80,80,80,80,80,80,40,46,46,46,46,46,46,46,46,46],"card_choices":[{"not_picked":["Flex","Thunderclap"],"picked":"Sword Boomerang","floor":1.0},{"not_picked":["ReplayTheSpireMod:Strike From Hell","Havoc"],"picked":"Spot Weakness","floor":2.0},{"not_picked":["Blood for Blood","Flame Barrier"],"picked":"Armaments","floor":3.0},{"not_picked":["Ghostly Armor","Iron Wave","Flex"],"picked":"SKIP","floor":5.0},{"not_picked":["Shrug It Off","ReplayTheSpireMod:Strike From Hell"],"picked":"ReplayTheSpireMod:Muscle Training","floor":6.0},{"not_picked":["Corruption","Rage"],"picked":"Intimidate","floor":7.0},{"not_picked":["ReplayTheSpireMod:Strike From Hell","Havoc","Headbutt"],"picked":"SKIP","floor":11.0},{"not_picked":["Anger","Warcry","Dark Embrace"],"picked":"SKIP","floor":12.0},{"not_picked":["Pummel","Feel No Pain"],"picked":"Demon Form","floor":14.0},{"not_picked":["Exhume","Fiend Fire"],"picked":"Demonic Infusion","floor":16.0},{"not_picked":["ReplayReversal+1","Perfected Strike"],"picked":"Pommel Strike","floor":18.0},{"not_picked":["ReplayTheSpireMod:LeadingStrike+1","Twin Strike"],"picked":"Heavy Blade","floor":21.0},{"not_picked":["Rage+1","Havoc+1","Armaments"],"picked":"SKIP","floor":23.0},{"not_picked":["Burning Pact","Armaments"],"picked":"Infernal Blade","floor":27.0},{"not_picked":["ReplayTheSpireMod:Strike From Hell+1","Second Wind"],"picked":"Pummel","floor":28.0},{"not_picked":["Body Slam","Clothesline"],"picked":"Dark Embrace","floor":29.0},{"not_picked":["True Grit","Fire Breathing"],"picked":"Second Wind","floor":30.0}],"player_experience":324763,"relics_obtained":[{"floor":9.0,"key":"Blue Doll"},{"floor":11.0,"key":"Omamori"},{"floor":14.0,"key":"Odd Mushroom"},{"floor":20.0,"key":"PreservedInsect"},{"floor":26.0,"key":"vexMod:BerryBomb"},{"floor":27.0,"key":"Letter Opener"},{"floor":29.0,"key":"Replay:Mystery Machine"}],"event_choices":[{"damage_healed":0.0,"max_hp_gain":0.0,"max_hp_loss":0.0,"gold_gain":0.0,"event_name":"Mushrooms","player_choice":"Fought Mushrooms","floor":14.0,"gold_loss":0.0,"damage_taken":0.0},{"damage_healed":0.0,"max_hp_gain":0.0,"max_hp_loss":0.0,"gold_gain":0.0,"event_name":"Back to Basics","player_choice":"Simplicity","floor":19.0,"gold_loss":0.0,"damage_taken":0.0,"cards_upgraded":["Strike_R","Strike_R","Strike_R","Strike_R","Defend_R","Defend_R","Defend_R","Defend_R"]},{"damage_healed":0.0,"max_hp_gain":0.0,"max_hp_loss":0.0,"gold_gain":99.0,"event_name":"Nest","player_choice":"Stole From Cult","floor":22.0,"gold_loss":0.0,"damage_taken":0.0},{"damage_healed":0.0,"max_hp_gain":0.0,"max_hp_loss":40.0,"gold_gain":0.0,"event_name":"Ghosts","player_choice":"Became a Ghost","floor":25.0,"gold_loss":0.0,"damage_taken":0.0,"cards_obtained":["Ghostly","Ghostly","Ghostly","Ghostly","Ghostly"]},{"damage_healed":0.0,"max_hp_gain":0.0,"max_hp_loss":0.0,"gold_gain":0.0,"event_name":"Duplicator","player_choice":"Copied","floor":31.0,"gold_loss":0.0,"damage_taken":0.0,"cards_obtained":["Demonic Infusion"]}],"is_beta":false,"boss_relics":[{"not_picked":["Runic Pyramid","Empty Cage"],"picked":"Replay:Wanted Poster"}],"items_purged_floors":[4],"is_endless":false,"potions_floor_spawned":[5,6,7,11,12,14,18,28,30],"killed_by":"Automaton","ascension_level":0}}