{"host":"3a1ypf1irl30q4k8","time":1609669344,"event":{"mods":["AchievementEnabler","BaseMod","Bestiary","Colored Map","Minty Spire (QoL Compilation)","Relic Stats"],"gold_per_floor":[366,176,176,187,204,232,232,267,315,315,348,348,348,363,363,363,363],"floor_reached":16,"playtime":1022,"items_purged":[],"score":124,"play_id":"26e982db-9f63-4e13-af46-3f283d0e447f","local_time":"20210103102224","is_ascension_mode":true,"campfire_choices":[{"floor":10,"key":"REST"},{"floor":12,"key":"REST"},{"data":"WaveOfTheHand","floor":15,"key":"SMITH"}],"circlet_count":0,"master_deck":["Strike_P","Strike_P","Strike_P","Strike_P","Defend_P+1","Defend_P","Defend_P","Defend_P","Eruption+1","Vigilance","WindmillStrike","Forethought","Conclude","Consecrate","EmptyFist","FollowUp","Fasting2+1","WaveOfTheHand+1","Collect","Parasite"],"relics":["PureWater","Frozen Egg 2","Bag of Marbles","Pen Nib","Tiny Chest"],"acts_visited":["Exordium"],"potions_floor_usage":[11],"damage_taken":[{"damage":2,"enemies":"2 Louse","floor":1,"turns":2},{"damage":0,"enemies":"Small Slimes","floor":4,"turns":2},{"damage":0,"enemies":"Jaw Worm","floor":5,"turns":2},{"damage":14,"enemies":"3 Sentries","floor":6,"turns":5},{"damage":32,"enemies":"Gremlin Nob","floor":8,"turns":3},{"damage":4,"enemies":"Lagavulin","floor":11,"turns":4},{"damage":13,"enemies":"Red Slaver","floor":14,"turns":4},{"damage":45,"enemies":"The Guardian","floor":16,"turns":8}],"seed_played":"3077345812971569832","potions_obtained":[{"floor":5,"key":"SpeedPotion"},{"floor":8,"key":"ColorlessPotion"},{"floor":14,"key":"SteroidPotion"}],"is_trial":false,"path_per_floor":["M","$","?","M","M","E","?","E","T","R","E","R","?","M","R","B"],"character_chosen":"WATCHER","items_purchased":["Forethought","Conclude","Consecrate"],"campfire_rested":2,"item_purchase_floors":[2,2,2],"current_hp_per_floor":[63,63,50,50,50,36,36,4,4,23,19,38,54,41,41,0,0],"gold":363,"neow_bonus":"TWO_FIFTY_GOLD","is_daily":false,"chose_seed":false,"campfire_upgraded":1,"win_rate":0.0,"timestamp":1609669344,"path_taken":["M","$","?","M","M","E","?","E","T","R","E","R","?","M","R","BOSS"],"items_purchased_type":["Card","Card","Card"],"build_version":"2020-12-22","purchased_purges":0,"victory":false,"max_hp_per_floor":[65,65,65,65,65,65,65,65,65,65,65,65,65,65,65,65,65],"relic_stats":{"counters":[8,30],"Tiny Chest":0,"Pen Nib":[2],"obtain_stats":[{"Tiny Chest":11,"Pen Nib":9,"Bag of Marbles":8,"PureWater":0,"Frozen Egg 2":6},{"Tiny Chest":6,"Pen Nib":5,"Bag of Marbles":5,"PureWater":0,"Frozen Egg 2":4},{"Tiny Chest":18,"Pen Nib":14,"Bag of Marbles":14,"PureWater":0,"Frozen Egg 2":11}]},"card_choices":[{"not_picked":["Protect","EmptyMind"],"picked":"WindmillStrike","floor":1},{"not_picked":["ClearTheMind","WreathOfFlame"],"picked":"EmptyFist","floor":4},{"not_picked":["EmptyBody","Consecrate"],"picked":"FollowUp","floor":5},{"not_picked":["SashWhip","Prostrate"],"picked":"Fasting2+1","floor":6},{"not_picked":["Prostrate","SandsOfTime"],"picked":"WaveOfTheHand","floor":8},{"not_picked":["SignatureMove","Wireheading+1"],"picked":"Collect","floor":11},{"not_picked":["FollowUp","Indignation","Protect"],"picked":"SKIP","floor":14}],"player_experience":961839,"relics_obtained":[{"floor":6,"key":"Frozen Egg 2"},{"floor":8,"key":"Bag of Marbles"},{"floor":9,"key":"Pen Nib"},{"floor":11,"key":"Tiny Chest"}],"event_choices":[{"damage_healed":0,"gold_gain":0,"player_choice":"Entered Light","damage_taken":13,"max_hp_gain":0,"max_hp_loss":0,"event_name":"Shining Light","floor":3,"gold_loss":0,"cards_upgraded":["Defend_P","Eruption"]},{"damage_healed":0,"gold_gain":0,"player_choice":"Searched \u00271\u0027 times","damage_taken":0,"max_hp_gain":0,"max_hp_loss":0,"event_name":"Dead Adventurer","floor":7,"gold_loss":0},{"damage_healed":16,"gold_gain":0,"player_choice":"Healed and dodged fight","damage_taken":0,"max_hp_gain":0,"max_hp_loss":0,"event_name":"Mushrooms","floor":13,"gold_loss":0,"cards_obtained":["Parasite"]}],"is_beta":false,"boss_relics":[],"items_purged_floors":[],"is_endless":false,"potions_floor_spawned":[5,8,14],"killed_by":"The Guardian","ascension_level":1}}