{"host":"bg8va46pgqgvtzim","time":1609670405,"event":{"mods":["BaseMod","Minty Spire (QoL Compilation)","Quick Restart","StSLib","SuperFastMode"],"gold_per_floor":[14,34,51,71,83,83,113,131,155,188,188,188,247,258,258,354,354,370,380,398,205,222,251,351,383,410,454,454,176,176,190,190,303,303,322,66,86,13,35,35,58,91,91,122,132,143,143,187,187,187,187,187,33,67,67],"floor_reached":56,"playtime":1825,"items_purged":["CarveReality","ReachHeaven","Swivel","Vengeance"],"score":1753,"play_id":"5351deb5-44e7-4e27-8518-0341ebf1c2d9","local_time":"20210103184005","is_ascension_mode":true,"campfire_choices":[{"data":"Eruption","floor":6.0,"key":"SMITH"},{"data":"Scrawl","floor":12.0,"key":"SMITH"},{"data":"TalkToTheHand","floor":15.0,"key":"SMITH"},{"data":"MentalFortress","floor":28.0,"key":"SMITH"},{"data":"Vault","floor":30.0,"key":"SMITH"},{"data":"Devotion","floor":32.0,"key":"SMITH"},{"data":"Pray","floor":40.0,"key":"SMITH"},{"data":"Wallop","floor":47.0,"key":"SMITH"},{"floor":49.0,"key":"RECALL"},{"data":"Tantrum","floor":52,"key":"SMITH"}],"circlet_count":0,"master_deck":["Eruption+1","Vigilance","Consecrate","Indignation+1","FlurryOfBlows","Scrawl+1","TalkToTheHand+1","Pray+1","FearNoEvil","Vault+1","Indignation","Vault","Devotion+1","FearNoEvil","InnerPeace+1","Sanctity+1","Perseverance+1","MentalFortress+1","Tantrum+1","Vault","Vault+1","Prostrate","Wallop+1","Prostrate+1"],"relics":["PureWater","Anchor","Smiling Mask","Bronze Scales","Ancient Tea Set","Pandora\u0027s Box","Orrery","Bag of Preparation","Centennial Puzzle","CeramicFish","Damaru","Runic Dome","Membership Card","Medical Kit","War Paint","Thread and Needle","Calipers","Darkstone Periapt","Happy Flower","Eternal Feather"],"acts_visited":["Exordium","TheCity","TheBeyond","TheEnding"],"potions_floor_usage":[50,55,55,55],"damage_taken":[{"damage":0.0,"enemies":"Cultist","floor":1.0,"turns":2.0},{"damage":3.0,"enemies":"Small Slimes","floor":2.0,"turns":2.0},{"damage":6.0,"enemies":"Jaw Worm","floor":3.0,"turns":3.0},{"damage":8.0,"enemies":"Exordium Wildlife","floor":4.0,"turns":3.0},{"damage":1.0,"enemies":"Lots of Slimes","floor":5.0,"turns":2.0},{"damage":5.0,"enemies":"3 Sentries","floor":7.0,"turns":3.0},{"damage":0.0,"enemies":"3 Louse","floor":8.0,"turns":2.0},{"damage":0.0,"enemies":"Gremlin Nob","floor":10.0,"turns":2.0},{"damage":0.0,"enemies":"Lagavulin Event","floor":13.0,"turns":2.0},{"damage":0.0,"enemies":"Exordium Wildlife","floor":14.0,"turns":1.0},{"damage":0.0,"enemies":"Slime Boss","floor":16.0,"turns":3.0},{"damage":2.0,"enemies":"Chosen","floor":18.0,"turns":4.0},{"damage":0.0,"enemies":"3 Byrds","floor":19.0,"turns":2.0},{"damage":12.0,"enemies":"3 Cultists","floor":20.0,"turns":3.0},{"damage":1.0,"enemies":"Sentry and Sphere","floor":22.0,"turns":4.0},{"damage":10.0,"enemies":"Slavers","floor":23.0,"turns":5.0},{"damage":0.0,"enemies":"Gremlin Leader","floor":25.0,"turns":3.0},{"damage":4.0,"enemies":"Slavers","floor":27.0,"turns":3.0},{"damage":0.0,"enemies":"Shelled Parasite and Fungi","floor":31.0,"turns":3.0},{"damage":0.0,"enemies":"Collector","floor":33.0,"turns":5.0},{"damage":0.0,"enemies":"3 Darklings","floor":35.0,"turns":3.0},{"damage":0.0,"enemies":"3 Shapes","floor":37.0,"turns":3.0},{"damage":0.0,"enemies":"Transient","floor":39.0,"turns":9.0},{"damage":0.0,"enemies":"Writhing Mass","floor":41.0,"turns":4.0},{"damage":0.0,"enemies":"Reptomancer","floor":42.0,"turns":5.0},{"damage":0.0,"enemies":"Nemesis","floor":44.0,"turns":5.0},{"damage":0.0,"enemies":"Jaw Worm Horde","floor":45.0,"turns":3.0},{"damage":0.0,"enemies":"Transient","floor":46.0,"turns":6.0},{"damage":0.0,"enemies":"Reptomancer","floor":48.0,"turns":4.0},{"damage":0,"enemies":"Time Eater","floor":50,"turns":13},{"damage":0,"enemies":"Shield and Spear","floor":54,"turns":5},{"damage":0,"enemies":"The Heart","floor":55,"turns":10}],"seed_played":"3796591771806390772","potions_obtained":[{"floor":1.0,"key":"Ancient Potion"},{"floor":2.0,"key":"BottledMiracle"},{"floor":4.0,"key":"SkillPotion"},{"floor":8.0,"key":"PowerPotion"},{"floor":27.0,"key":"Swift Potion"}],"is_trial":false,"path_per_floor":["M","M","M","M","M","R","E","M","T","E","?","R","?","M","R","B",null,"M","M","M","$","M","E","?","E","T","E","R","$","R","M","R","B",null,"M","$","M","$","M","R","M","E","T","E","M","M","R","E","R","B",null,"R","$","E","B",null],"character_chosen":"WATCHER","items_purchased":["Orrery","Damaru","Tantrum","Membership Card","Vault","Medical Kit","Happy Flower","Block Potion"],"campfire_rested":0,"item_purchase_floors":[21,29,29,36,36,38,53,53],"current_hp_per_floor":[72,69,63,55,54,54,49,49,49,49,49,49,49,49,49,49,72,70,70,58,58,57,47,47,47,47,43,43,43,43,43,43,43,72,72,72,72,72,72,72,72,72,72,72,72,72,72,72,72,72,72,72,72,72,72],"gold":67,"neow_bonus":"TRANSFORM_TWO_CARDS","is_daily":false,"chose_seed":false,"campfire_upgraded":9,"win_rate":0.0,"timestamp":1609670405,"path_taken":["M","M","M","M","M","R","E","M","T","E","?","R","?","M","R","BOSS","M","M","M","$","M","E","?","E","T","E","R","$","R","M","R","BOSS","M","$","M","$","M","R","M","E","T","E","M","M","R","E","R","BOSS","R","$","E","BOSS"],"items_purchased_type":["Relic","Relic","Card","Relic","Card","Relic","Relic","Potion"],"build_version":"2020-12-22","purchased_purges":4,"victory":true,"max_hp_per_floor":[72,72,72,72,72,72,72,72,72,72,72,72,72,72,72,72,72,72,72,72,72,72,72,72,72,72,72,72,72,72,72,72,72,72,72,72,72,72,72,72,72,72,72,72,72,72,72,72,72,72,72,72,72,72,72],"card_choices":[{"not_picked":["Fasting2","Worship"],"picked":"ReachHeaven","floor":1.0},{"not_picked":["EmptyMind","ThirdEye"],"picked":"Consecrate","floor":2.0},{"not_picked":["ReachHeaven","FlyingSleeves"],"picked":"Indignation","floor":3.0},{"not_picked":["ForeignInfluence","Crescendo","CrushJoints"],"picked":"SKIP","floor":4.0},{"not_picked":["CrushJoints","CarveReality"],"picked":"FlurryOfBlows","floor":5.0},{"not_picked":["EmptyBody","JustLucky"],"picked":"Scrawl","floor":7.0},{"not_picked":["ClearTheMind","Nirvana"],"picked":"TalkToTheHand","floor":8.0},{"not_picked":["WheelKick","CrushJoints","EmptyFist"],"picked":"SKIP","floor":10.0},{"not_picked":["BattleHymn","BowlingBash"],"picked":"FearNoEvil","floor":13.0},{"not_picked":["Perseverance","Consecrate","FlurryOfBlows"],"picked":"SKIP","floor":14.0},{"not_picked":["Judgement","Establishment"],"picked":"Vault","floor":16.0},{"not_picked":["EmptyBody","Protect","Worship"],"picked":"SKIP","floor":18.0},{"not_picked":["ThirdEye","FollowUp+1","CutThroughFate"],"picked":"SKIP","floor":19.0},{"not_picked":["ForeignInfluence","Wireheading","WheelKick"],"picked":"SKIP","floor":20.0},{"not_picked":["JustLucky+1","CarveReality"],"picked":"InnerPeace+1","floor":21.0},{"not_picked":["JustLucky","FlyingSleeves+1"],"picked":"Sanctity+1","floor":21.0},{"not_picked":["ThirdEye","Wish","Crescendo"],"picked":"SKIP","floor":22.0},{"not_picked":["DeceiveReality","BowlingBash"],"picked":"Perseverance+1","floor":23.0},{"not_picked":["BowlingBash","Fasting2","SandsOfTime+1"],"picked":"SKIP","floor":25.0},{"not_picked":["ForeignInfluence+1","Crescendo"],"picked":"MentalFortress","floor":27.0},{"not_picked":["BowlingBash","FlyingSleeves+1","SandsOfTime"],"picked":"SKIP","floor":31.0},{"not_picked":["Establishment","Scrawl"],"picked":"Vault","floor":33.0},{"not_picked":["EmptyBody+1","EmptyFist","Halt"],"picked":"SKIP","floor":35.0},{"not_picked":["PathToVictory+1","BattleHymn+1","Halt"],"picked":"SKIP","floor":37.0},{"not_picked":["CutThroughFate","Ragnarok"],"picked":"Prostrate","floor":39.0},{"not_picked":["Prostrate+1","Fasting2"],"picked":"Wallop","floor":41.0},{"not_picked":["FollowUp+1","WaveOfTheHand","Indignation"],"picked":"SKIP","floor":42.0},{"not_picked":["JustLucky","Halt+1","PathToVictory+1"],"picked":"SKIP","floor":44.0},{"not_picked":["Indignation+1","Protect+1","WaveOfTheHand+1"],"picked":"SKIP","floor":45.0},{"not_picked":["Indignation","LikeWater+1","Sanctity+1"],"picked":"SKIP","floor":46.0},{"not_picked":["InnerPeace+1","DeceiveReality+1"],"picked":"Prostrate+1","floor":48.0},{"not_picked":["SashWhip","Conclude","PathToVictory"],"picked":"SKIP","floor":54}],"player_experience":2228724,"relics_obtained":[{"floor":7.0,"key":"Anchor"},{"floor":9.0,"key":"Smiling Mask"},{"floor":10.0,"key":"Bronze Scales"},{"floor":13.0,"key":"Ancient Tea Set"},{"floor":23.0,"key":"Bag of Preparation"},{"floor":25.0,"key":"Centennial Puzzle"},{"floor":27.0,"key":"CeramicFish"},{"floor":42.0,"key":"War Paint"},{"floor":43.0,"key":"Thread and Needle"},{"floor":44.0,"key":"Calipers"},{"floor":48.0,"key":"Darkstone Periapt"},{"floor":54,"key":"Eternal Feather"}],"event_choices":[{"damage_healed":0.0,"max_hp_gain":0.0,"max_hp_loss":0.0,"gold_gain":0.0,"cards_transformed":["Strike_P"],"event_name":"Living Wall","player_choice":"Change","floor":11.0,"gold_loss":0.0,"damage_taken":0.0,"cards_obtained":["Pray"]},{"damage_healed":0.0,"max_hp_gain":0.0,"max_hp_loss":0.0,"gold_gain":30.0,"event_name":"Dead Adventurer","player_choice":"Searched \u00273\u0027 times","floor":13.0,"gold_loss":0.0,"damage_taken":0.0},{"damage_healed":0.0,"max_hp_gain":0.0,"max_hp_loss":0.0,"gold_gain":100.0,"event_name":"Golden Shrine","player_choice":"Pray","floor":24.0,"gold_loss":0.0,"damage_taken":0.0}],"is_beta":false,"boss_relics":[{"not_picked":["Empty Cage","Philosopher\u0027s Stone"],"picked":"Pandora\u0027s Box"},{"not_picked":["Busted Crown","Sozu"],"picked":"Runic Dome"}],"items_purged_floors":[21,29,36,53],"is_endless":false,"potions_floor_spawned":[1,2,4,7,8,23,27,33,39,41,42,46,54],"ascension_level":1}}