{"host":"9l4mw5jqza9qz9hr","time":1609655867,"event":{"mods":["AchievementEnabler","Always Whale","BaseMod","Colored Map","Minty Spire (QoL Compilation)","StSLib","SuperFastMode"],"gold_per_floor":[109,109,135,135,152,184,184,184,184,184,225,225,175,214,214,214,214],"floor_reached":16,"playtime":384,"items_purged":[],"score":143,"play_id":"505862df-68ca-4227-8595-d39680e37d6a","local_time":"20210103153747","is_ascension_mode":true,"campfire_choices":[{"data":"Heavy Blade","floor":7,"key":"SMITH"},{"data":"Heavy Blade","floor":10,"key":"SMITH"},{"floor":12,"key":"REST"},{"data":"Battle Trance","floor":15,"key":"SMITH"}],"circlet_count":0,"master_deck":["Strike_R","Strike_R","Defend_R","Defend_R","Defend_R","Defend_R","Bash","Battle Trance+1","Heavy Blade+1","Carnage","Shrug It Off","Heavy Blade+1","Evolve"],"relics":["Burning Blood","Juzu Bracelet","Vajra","Golden Idol","Pear","Regal Pillow","Question Card"],"acts_visited":["Exordium"],"potions_floor_usage":[11,16,16],"damage_taken":[{"damage":17,"enemies":"Small Slimes","floor":1,"turns":4},{"damage":7,"enemies":"Jaw Worm","floor":5,"turns":3},{"damage":43,"enemies":"Gremlin Nob","floor":6,"turns":5},{"damage":25,"enemies":"3 Sentries","floor":11,"turns":6},{"damage":44,"enemies":"Lagavulin","floor":14,"turns":5},{"damage":18,"enemies":"Hexaghost","floor":16,"turns":9}],"seed_played":"5055078949013145049","potions_obtained":[{"floor":5,"key":"Fire Potion"},{"floor":6,"key":"Block Potion"},{"floor":11,"key":"DuplicationPotion"}],"is_trial":false,"path_per_floor":["M","?","T","?","M","E","R","?","T","R","E","R","?","E","R","B"],"character_chosen":"IRONCLAD","items_purchased":[],"campfire_rested":1,"item_purchase_floors":[],"current_hp_per_floor":[69,62,62,62,61,24,24,24,34,34,15,55,55,17,17,0,0],"gold":214,"neow_bonus":"TRANSFORM_TWO_CARDS","is_daily":false,"chose_seed":false,"campfire_upgraded":3,"win_rate":0.0,"timestamp":1609655867,"path_taken":["M","?","?","?","M","E","R","?","T","R","E","R","?","E","R","BOSS"],"items_purchased_type":[],"build_version":"2020-12-22","purchased_purges":0,"victory":false,"max_hp_per_floor":[80,80,80,80,80,80,80,74,84,84,84,84,84,84,84,84,84],"card_choices":[{"not_picked":["Wild Strike","Combust"],"picked":"Carnage","floor":1},{"not_picked":["Searing Blow","Wild Strike"],"picked":"Shrug It Off","floor":5},{"not_picked":["Dropkick","Twin Strike"],"picked":"Heavy Blade","floor":6},{"not_picked":["Burning Pact","Second Wind","Corruption"],"picked":"SKIP","floor":11},{"not_picked":["Havoc","Perfected Strike"],"picked":"Evolve","floor":14}],"player_experience":141663,"relics_obtained":[{"floor":3,"key":"Juzu Bracelet"},{"floor":6,"key":"Vajra"},{"floor":9,"key":"Pear"},{"floor":11,"key":"Regal Pillow"},{"floor":14,"key":"Question Card"}],"event_choices":[{"cards_removed":["Pain"],"damage_healed":0,"gold_gain":0,"player_choice":"Card Removal","damage_taken":7,"max_hp_gain":0,"max_hp_loss":0,"event_name":"Golden Wing","floor":2,"gold_loss":0},{"damage_healed":0,"gold_gain":0,"player_choice":"Ignored","damage_taken":0,"max_hp_gain":0,"max_hp_loss":0,"event_name":"Liars Game","floor":4,"gold_loss":0},{"damage_healed":0,"gold_gain":0,"player_choice":"Lose Max HP","damage_taken":0,"relics_obtained":["Golden Idol"],"max_hp_gain":0,"max_hp_loss":6,"event_name":"Golden Idol","floor":8,"gold_loss":0},{"cards_removed":["Strike_R"],"damage_healed":0,"gold_gain":0,"player_choice":"Card Removal","damage_taken":0,"max_hp_gain":0,"max_hp_loss":0,"event_name":"The Cleric","floor":13,"gold_loss":50}],"is_beta":false,"boss_relics":[],"items_purged_floors":[],"is_endless":false,"potions_floor_spawned":[5,6,11],"killed_by":"Hexaghost","ascension_level":5}}