{"host":"480qzmvu0s2e3e6w","time":1609676241,"event":{"mods":["BaseMod","Colored Map","DeckTracker","Minty Spire (QoL Compilation)","StSLib","SuperFastMode"],"gold_per_floor":[110,121,121,121,133,143,176,176,244,244,263,263,273,8,8,103,103,117,117,129,129,129],"floor_reached":21,"playtime":1158,"items_purged":["Strike_B"],"score":262,"play_id":"597dd56d-8184-44ff-a4ef-04cb5e8bb2c4","local_time":"20210103211721","is_ascension_mode":true,"campfire_choices":[{"data":"Creative AI","floor":8,"key":"SMITH"},{"floor":10,"key":"REST"},{"data":"Coolheaded","floor":12,"key":"SMITH"},{"data":"Darkness","floor":15,"key":"SMITH"}],"circlet_count":0,"master_deck":["Strike_B","Strike_B","Defend_B","Defend_B","Defend_B","Defend_B","Zap","Dualcast","Creative AI+1","Genetic Algorithm","Darkness+1","Rebound","Coolheaded+1","Conserve Battery","Recycle","Reinforced Body","Chill","Reboot","Coolheaded","Reinforced Body","BootSequence"],"relics":["Cracked Core","Turnip","Sundial","Membership Card","Sozu"],"acts_visited":["Exordium","TheCity"],"potions_floor_usage":[2,11,16,16],"damage_taken":[{"damage":0,"enemies":"Small Slimes","floor":1,"turns":3},{"damage":7,"enemies":"2 Louse","floor":2,"turns":4},{"damage":0,"enemies":"Cultist","floor":5,"turns":4},{"damage":9,"enemies":"Blue Slaver","floor":6,"turns":4},{"damage":42,"enemies":"Gremlin Nob","floor":7,"turns":5},{"damage":0,"enemies":"2 Fungi Beasts","floor":11,"turns":2},{"damage":2,"enemies":"Large Slime","floor":13,"turns":6},{"damage":30,"enemies":"The Guardian","floor":16,"turns":13},{"damage":16,"enemies":"3 Byrds","floor":18,"turns":5},{"damage":2,"enemies":"Shell Parasite","floor":20,"turns":7},{"damage":77,"enemies":"Cultist and Chosen","floor":21,"turns":6}],"seed_played":"-3118483785482822925","potions_obtained":[{"floor":1,"key":"Regen Potion"},{"floor":2,"key":"Explosive Potion"},{"floor":11,"key":"Block Potion"},{"floor":13,"key":"SteroidPotion"}],"is_trial":false,"path_per_floor":["M","M","?","?","M","M","E","R","T","R","M","R","M","$","R","B",null,"M","?","M","M"],"character_chosen":"DEFECT","items_purchased":["Membership Card","Reinforced Body","Chill"],"campfire_rested":1,"item_purchase_floors":[14,14,14],"current_hp_per_floor":[68,73,73,78,78,69,27,27,27,51,51,51,49,49,49,19,65,49,49,47,0,0],"gold":129,"neow_bonus":"ONE_RANDOM_RARE_CARD","is_daily":false,"chose_seed":false,"campfire_upgraded":3,"win_rate":0.0,"timestamp":1609676241,"path_taken":["M","M","?","?","M","M","E","R","T","R","M","R","M","$","R","BOSS","M","?","M","M"],"items_purchased_type":["Relic","Card","Card"],"build_version":"2020-12-22","purchased_purges":1,"victory":false,"max_hp_per_floor":[75,75,75,80,80,80,80,80,80,80,80,80,80,80,80,80,80,80,80,80,80,80],"card_choices":[{"not_picked":["Stack","Ball Lightning"],"picked":"Genetic Algorithm","floor":1},{"not_picked":["Hello World","Rebound"],"picked":"Darkness","floor":2},{"not_picked":["Stack","Storm"],"picked":"Rebound","floor":5},{"not_picked":["Stack","Conserve Battery"],"picked":"Coolheaded","floor":6},{"not_picked":["Storm","Stack"],"picked":"Conserve Battery","floor":7},{"not_picked":["Beam Cell","Conserve Battery","Undo"],"picked":"SKIP","floor":11},{"not_picked":["Gash","Cold Snap"],"picked":"Recycle","floor":13},{"not_picked":["Creative AI","Buffer"],"picked":"Reboot","floor":16},{"not_picked":["Conserve Battery","White Noise"],"picked":"Coolheaded","floor":18},{"not_picked":["Force Field","Undo+1"],"picked":"BootSequence","floor":20}],"player_experience":669590,"relics_obtained":[{"floor":7,"key":"Turnip"},{"floor":9,"key":"Sundial"}],"event_choices":[{"damage_healed":0,"gold_gain":0,"player_choice":"Ignored","damage_taken":0,"max_hp_gain":0,"max_hp_loss":0,"event_name":"Liars Game","floor":3,"gold_loss":0},{"damage_healed":0,"gold_gain":0,"player_choice":"Donut","damage_taken":0,"max_hp_gain":5,"max_hp_loss":0,"event_name":"Big Fish","floor":4,"gold_loss":0},{"damage_healed":0,"gold_gain":0,"cards_transformed":["Strike_B"],"player_choice":"Transformed","damage_taken":0,"max_hp_gain":0,"max_hp_loss":0,"event_name":"Transmorgrifier","floor":19,"gold_loss":0,"cards_obtained":["Reinforced Body"]}],"is_beta":false,"boss_relics":[{"not_picked":["Fusion Hammer","SacredBark"],"picked":"Sozu"}],"items_purged_floors":[14],"is_endless":false,"potions_floor_spawned":[1,2,11,13],"killed_by":"Cultist and Chosen","ascension_level":9}}