{"host":"bczg3e1yq3rp3pkk","time":1609649173,"event":{"mods":["BaseMod","Hermit","Marisa£®ÏF”Í°°ƒß¿Ì…≥£©","Minty Spire (QoL Compilation)","Quick Restart","Replay The Spire","StSLib","The Runesmith","The Servant 0.9.4","vexMod"],"gold_per_floor":[111,111,121,137,147,166,166,185,185,213,223,223,223,243,243,341,341,353,373,389,389,389],"floor_reached":21,"playtime":1427,"items_purged":[],"score":187,"play_id":"067456f5-76ed-4139-bc17-e52b233aef32","local_time":"20210103124613","is_ascension_mode":false,"campfire_choices":[{"data":"hermit:WideOpen","floor":7,"key":"SMITH"},{"data":"hermit:Misfire","floor":12,"key":"SMITH"},{"data":"hermit:SprayPray","floor":15,"key":"SMITH"}],"circlet_count":0,"master_deck":["hermit:Strike_Hermit+1","hermit:Strike_Hermit+1","hermit:Strike_Hermit+1","hermit:Strike_Hermit+1","hermit:Defend_Hermit","hermit:Defend_Hermit","hermit:Snapshot","hermit:Covet","hermit:Quickdraw","hermit:ShadowCloak","hermit:WideOpen+1","hermit:Feint","hermit:SprayPray+1","hermit:Misfire+1","hermit:Quickdraw","hermit:SprayPray","hermit:Magnum","hermit:Coalescence","hermit:FlashPowder"],"relics":["hermit:Momento","NeowsBlessing","Bronze Scales","Replay:Bottled Eggs","Philosopher\u0027s Stone"],"acts_visited":["Exordium","TheCity"],"potions_floor_usage":[10,16,18,20],"damage_taken":[{"damage":0,"enemies":"2 Louse","floor":1,"turns":1},{"damage":0,"enemies":"Jaw Worm","floor":3,"turns":1},{"damage":0,"enemies":"Cultist","floor":4,"turns":1},{"damage":9,"enemies":"Blue Slaver","floor":5,"turns":4},{"damage":7,"enemies":"Red Slaver","floor":6,"turns":3},{"damage":5,"enemies":"Looter","floor":8,"turns":3},{"damage":1,"enemies":"Gremlin Nob","floor":10,"turns":3},{"damage":4,"enemies":"Blue Slaver","floor":11,"turns":2},{"damage":4,"enemies":"3 Louse","floor":14,"turns":2},{"damage":29,"enemies":"The Guardian","floor":16,"turns":7},{"damage":10,"enemies":"Shell Parasite","floor":18,"turns":3},{"damage":17,"enemies":"2 Thieves","floor":19,"turns":3},{"damage":32,"enemies":"3 Cultists","floor":20,"turns":6},{"damage":16,"enemies":"Chosen and Byrds","floor":21,"turns":4}],"seed_played":"-711042330465860039","potions_obtained":[{"floor":3,"key":"SteroidPotion"},{"floor":10,"key":"Strength Potion"},{"floor":16,"key":"AttackPotion"},{"floor":19,"key":"Flashbang"}],"is_trial":false,"path_per_floor":["M","?","M","M","M","M","R","M","T","E","M","R","?","M","R","B",null,"M","M","M","M"],"character_chosen":"HERMIT","items_purchased":[],"campfire_rested":0,"item_purchase_floors":[],"current_hp_per_floor":[75,75,75,75,66,59,59,54,54,53,49,49,49,45,45,16,75,65,48,16,0,0],"gold":389,"neow_bonus":"THREE_ENEMY_KILL","is_daily":false,"chose_seed":false,"campfire_upgraded":3,"win_rate":0.0,"timestamp":1609649173,"path_taken":["M","?","M","M","M","M","R","M","T","E","M","R","?","M","R","BOSS","M","M","M","M"],"items_purchased_type":[],"build_version":"2020-12-22","purchased_purges":0,"victory":false,"max_hp_per_floor":[75,75,75,75,75,75,75,75,75,75,75,75,75,75,75,75,75,75,75,75,75,75],"card_choices":[{"not_picked":["hermit:CalledShot","hermit:Feint"],"picked":"hermit:Quickdraw","floor":1},{"not_picked":["hermit:NoHoldsBarred","hermit:Ricochet"],"picked":"hermit:ShadowCloak","floor":3},{"not_picked":["hermit:Enervate","hermit:LowProfile","hermit:Headshot"],"picked":"SKIP","floor":4},{"not_picked":["hermit:Dive","hermit:Enervate"],"picked":"hermit:WideOpen","floor":5},{"not_picked":["hermit:GhostlyPresence","hermit:Virtue"],"picked":"hermit:Feint","floor":6},{"not_picked":["hermit:Roulette","hermit:Manifest"],"picked":"hermit:SprayPray","floor":8},{"not_picked":["hermit:FullyLoaded","hermit:Enervate"],"picked":"hermit:Misfire","floor":10},{"not_picked":["hermit:Brawl","hermit:EternalForm","hermit:Snipe"],"picked":"SKIP","floor":11},{"not_picked":["hermit:Headshot","hermit:WideOpen"],"picked":"hermit:SprayPray","floor":14},{"not_picked":["hermit:FromBeyond","hermit:Gambit"],"picked":"hermit:Magnum","floor":16},{"not_picked":["hermit:Desperado+1","hermit:Feint+1","hermit:WideOpen"],"picked":"SKIP","floor":18},{"not_picked":["hermit:BodyArmor","hermit:Snipe+1"],"picked":"hermit:Coalescence","floor":19},{"not_picked":["hermit:EyeOfTheStorm","hermit:Snipe"],"picked":"hermit:FlashPowder","floor":20}],"player_experience":329737,"relics_obtained":[{"floor":9,"key":"Bronze Scales"},{"floor":10,"key":"Replay:Bottled Eggs"}],"event_choices":[{"damage_healed":0,"gold_gain":0,"cards_transformed":["hermit:Defend_Hermit"],"player_choice":"Transformed","damage_taken":0,"max_hp_gain":0,"max_hp_loss":0,"event_name":"Transmorgrifier","floor":13,"gold_loss":0,"cards_obtained":["hermit:Quickdraw"]}],"is_beta":false,"boss_relics":[{"not_picked":["vexMod:BigBerry","Runesmith:UraniumAnvil"],"picked":"Philosopher\u0027s Stone"}],"items_purged_floors":[],"is_endless":false,"potions_floor_spawned":[3,10,16,19],"killed_by":"Chosen and Byrds","ascension_level":0}}