{"host":"e4hse1vg61zltgzv","time":1609637207,"event":{"mods":["AchievementEnabler","BaseMod","Block Reminder","Colored Map","DeckTracker","GifTheSpireLib","Minty Spire (QoL Compilation)","Rare Cards Sparkle","StSLib","SuperFastMode","everything is the same but u backflip on backflip"],"gold_per_floor":[119,34,47,47,47,73,90,107,107,140,59,59,71,91,91,162,162,182,97,116,41,41,41,68,68,140,190,223,223,237,250,250,250,250],"floor_reached":33,"playtime":684,"items_purged":["Strike_B"],"score":815,"play_id":"67f9ba0c-4022-43af-a8d9-6c3f45cfd61b","local_time":"20210103102647","is_ascension_mode":true,"campfire_choices":[{"data":"Storm","floor":12,"key":"SMITH"},{"data":"Dualcast","floor":15,"key":"SMITH"},{"data":"Heatsinks","floor":23,"key":"SMITH"},{"data":"White Noise","floor":25,"key":"SMITH"},{"data":"Capacitor","floor":32,"key":"SMITH"}],"circlet_count":0,"master_deck":["AscendersBane","Defend_B","Defend_B","Defend_B","Zap+1","Dualcast+1","Storm+1","Storm","Loop+1","Storm","Conserve Battery","Chill","Storm","Core Surge","White Noise+1","Heatsinks+1","Capacitor+1","Ball Lightning"],"relics":["Cracked Core","NeowsBlessing","Bag of Preparation","StrikeDummy","Empty Cage","White Beast Statue","Gremlin Horn","Bottled Tornado","Dream Catcher","Mummified Hand"],"acts_visited":["Exordium","TheCity"],"potions_floor_usage":[10,16,24,33],"damage_taken":[{"damage":0.0,"enemies":"2 Louse","floor":1.0,"turns":1.0},{"damage":0,"enemies":"Small Slimes","floor":3,"turns":1},{"damage":0,"enemies":"Lagavulin","floor":6,"turns":1},{"damage":12,"enemies":"Jaw Worm","floor":7,"turns":3},{"damage":5,"enemies":"Large Slime","floor":8,"turns":3},{"damage":10,"enemies":"Gremlin Nob","floor":10,"turns":3},{"damage":0,"enemies":"2 Fungi Beasts","floor":13,"turns":2},{"damage":6,"enemies":"Blue Slaver","floor":14,"turns":3},{"damage":0,"enemies":"Slime Boss","floor":16,"turns":6},{"damage":6,"enemies":"Spheric Guardian","floor":18,"turns":3},{"damage":39,"enemies":"2 Thieves","floor":20,"turns":3},{"damage":24,"enemies":"Gremlin Leader","floor":24,"turns":4},{"damage":0,"enemies":"Slavers","floor":28,"turns":1},{"damage":0,"enemies":"Centurion and Healer","floor":30,"turns":7},{"damage":0,"enemies":"Snake Plant","floor":31,"turns":2},{"damage":10,"enemies":"Champ","floor":33,"turns":3}],"seed_played":"-8115018737491733630","potions_obtained":[{"floor":1.0,"key":"FairyPotion"},{"floor":6,"key":"GamblersBrew"},{"floor":14,"key":"DistilledChaos"},{"floor":16,"key":"EssenceOfSteel"},{"floor":24,"key":"PotionOfCapacity"},{"floor":28,"key":"LiquidBronze"},{"floor":30,"key":"GamblersBrew"}],"is_trial":false,"path_per_floor":["M","$","M","?","?","E","M","M","T","E","$","R","M","M","R","B",null,"M","?","M","$","?","R","E","R","T","?","E","?","M","M","R","B"],"character_chosen":"DEFECT","items_purchased":["Storm","Storm"],"campfire_rested":0,"item_purchase_floors":[2,11],"current_hp_per_floor":[64,64,64,43,36,36,24,19,19,9,9,9,9,3,3,3,54,48,48,9,9,9,9,10,10,10,10,10,10,10,10,10,0,0],"gold":250,"neow_bonus":"THREE_ENEMY_KILL","is_daily":false,"chose_seed":false,"campfire_upgraded":5,"win_rate":0.0,"timestamp":1609637207,"path_taken":["M","$","M","?","?","E","M","M","T","E","$","R","?","M","R","BOSS","M","?","M","$","?","R","E","R","T","?","E","?","?","M","R","BOSS"],"items_purchased_type":["Card","Card"],"build_version":"2020-12-22","purchased_purges":1,"victory":false,"max_hp_per_floor":[71,71,71,71,71,71,71,71,71,71,71,71,71,71,71,71,71,71,71,71,71,71,71,71,71,71,71,71,71,71,71,71,71,71],"card_choices":[{"not_picked":["Recycle","Rebound"],"picked":"Storm","floor":1.0},{"not_picked":["Stack","Compile Driver"],"picked":"Loop","floor":3},{"not_picked":["Hologram","Go for the Eyes"],"picked":"Storm","floor":6},{"not_picked":["Coolheaded","Loop"],"picked":"Conserve Battery","floor":7},{"not_picked":["Multi-Cast","Steam","Fusion"],"picked":"SKIP","floor":8},{"not_picked":["Cold Snap","Streamline"],"picked":"Chill","floor":10},{"not_picked":["Chaos","Stack","Darkness"],"picked":"SKIP","floor":13},{"not_picked":["Stack","Reprogram","Leap"],"picked":"SKIP","floor":14},{"not_picked":["Reboot","All For One"],"picked":"Core Surge","floor":16},{"not_picked":["Stack+1","Redo+1"],"picked":"White Noise","floor":18},{"not_picked":["Barrage","Fusion"],"picked":"Heatsinks","floor":20},{"not_picked":["Redo","Recycle","Gash+1"],"picked":"SKIP","floor":24},{"not_picked":["Auto Shields","Gash"],"picked":"Capacitor","floor":28},{"not_picked":["Consume","Rip and Tear"],"picked":"Ball Lightning","floor":30},{"not_picked":["Meteor Strike","Stack","Cold Snap"],"picked":"SKIP","floor":31}],"player_experience":771387,"relics_obtained":[{"floor":6,"key":"Bag of Preparation"},{"floor":10,"key":"StrikeDummy"},{"floor":24,"key":"Gremlin Horn"},{"floor":26,"key":"Bottled Tornado"},{"floor":28,"key":"Dream Catcher"}],"event_choices":[{"damage_healed":0,"gold_gain":0,"player_choice":"Entered Light","damage_taken":21,"max_hp_gain":0,"max_hp_loss":0,"event_name":"Shining Light","floor":4,"gold_loss":0,"cards_upgraded":["Zap","Loop"]},{"cards_removed":["Strike_B"],"damage_healed":0,"gold_gain":0,"player_choice":"Card Removal","damage_taken":7,"max_hp_gain":0,"max_hp_loss":0,"event_name":"Golden Wing","floor":5,"gold_loss":0},{"damage_healed":0,"gold_gain":0,"player_choice":"Obtained Relic","damage_taken":0,"relics_obtained":["White Beast Statue"],"max_hp_gain":0,"max_hp_loss":0,"event_name":"Addict","floor":19,"gold_loss":85},{"damage_healed":0,"gold_gain":0,"player_choice":"Ignored","damage_taken":0,"max_hp_gain":0,"max_hp_loss":0,"event_name":"Vampires","floor":22,"gold_loss":0},{"damage_healed":0,"gold_gain":50,"player_choice":"Stole From Cult","damage_taken":0,"max_hp_gain":0,"max_hp_loss":0,"event_name":"Nest","floor":27,"gold_loss":0},{"cards_removed":["Strike_B"],"damage_healed":0,"gold_gain":0,"player_choice":"Elegance","damage_taken":0,"max_hp_gain":0,"max_hp_loss":0,"event_name":"Back to Basics","floor":29,"gold_loss":0}],"is_beta":false,"boss_relics":[{"not_picked":["Velvet Choker","Snecko Eye"],"picked":"Empty Cage"}],"items_purged_floors":[21],"is_endless":false,"potions_floor_spawned":[1,6,7,14,16,20,24,28,30,31],"killed_by":"Champ","ascension_level":20}}