{"host":"sh8ot41fo7a0kahq","time":1609672590,"event":{"mods":["ATMod(°¢èªMod)","BaseMod","Better Third Choice","Colored Powertips","Displayed Cursed Tome","Minty Spire (QoL Compilation)","Quick Restart","Spicy Shops","StSLib","UnlockEverythingMod","¡¾ÒÅÎï¿¨ÅÆ¡¿REMEMod"],"gold_per_floor":[114,130,130,130,141,175,175,192,241,252,252,252,252],"floor_reached":12,"playtime":308,"items_purged":[],"score":108,"play_id":"f5270768-46ed-40b7-92dd-b131b011c0d2","local_time":"20210103191630","is_ascension_mode":true,"campfire_choices":[{"data":"AT_ManFootWork","floor":7.0,"key":"SMITH"}],"circlet_count":0,"master_deck":["Strike_R","Strike_R","Strike_R","Defend_R","Defend_R","Defend_R","Defend_R","Bash","AT_ManFootWork+1","AT_EmpoweredMortalDraw","Shame","Barricade","Ghostly Armor","Shrug It Off","Armaments","Apotheosis+1","Sword Boomerang","Pommel Strike"],"relics":["Burning Blood","AT_ATBox","REME_ComplimentaryCards","AT_ArchangelStaff"],"acts_visited":["Exordium"],"potions_floor_usage":[12],"damage_taken":[{"damage":0.0,"enemies":"2 Louse","floor":1.0,"turns":2.0},{"damage":11.0,"enemies":"Jaw Worm","floor":2.0,"turns":4.0},{"damage":0.0,"enemies":"Cultist","floor":5.0,"turns":3.0},{"damage":80.0,"enemies":"Gremlin Nob","floor":6.0,"turns":7.0},{"damage":0.0,"enemies":"3 Louse","floor":8.0,"turns":2.0},{"damage":3.0,"enemies":"Red Slaver","floor":10.0,"turns":6.0},{"damage":19,"enemies":"3 Sentries","floor":12,"turns":6}],"seed_played":"-2453277529922592311","potions_obtained":[{"floor":2.0,"key":"GamblersBrew"},{"floor":6.0,"key":"SneckoOil"},{"floor":8.0,"key":"ElixirPotion"}],"is_trial":false,"path_per_floor":["M","M","?","?","M","E","R","M","T","M","?","E"],"character_chosen":"IRONCLAD","items_purchased":[],"campfire_rested":0,"item_purchase_floors":[],"current_hp_per_floor":[78,73,73,78,84,10,10,16,16,19,19,0,0],"gold":252,"neow_bonus":"TRANSFORM_TWO_CARDS","is_daily":false,"chose_seed":false,"campfire_upgraded":1,"win_rate":0.0,"timestamp":1609672590,"path_taken":["M","M","?","?","M","E","R","M","T","M","?","E"],"items_purchased_type":[],"build_version":"2020-12-22","purchased_purges":0,"victory":false,"max_hp_per_floor":[80,80,80,85,85,85,85,85,85,85,85,85,85],"card_choices":[{"not_picked":["Thunderclap","Cleave"],"picked":"Shrug It Off","floor":1.0},{"not_picked":["Havoc","Headbutt"],"picked":"Armaments","floor":2.0},{"not_picked":["Iron Wave","Searing Blow"],"picked":"Sword Boomerang","floor":5.0},{"not_picked":["REME_TheLastStrike","Clothesline","Seeing Red"],"picked":"SKIP","floor":6.0},{"not_picked":["Warcry","True Grit"],"picked":"Pommel Strike","floor":8.0},{"not_picked":["Clash","Whirlwind","Flex"],"picked":"SKIP","floor":10.0}],"player_experience":314430,"relics_obtained":[{"floor":9.0,"key":"AT_ArchangelStaff"}],"event_choices":[{"damage_healed":73.0,"max_hp_gain":0.0,"max_hp_loss":80.0,"gold_gain":0.0,"event_name":"betterThird:BetterShining","player_choice":"Embrace","floor":3.0,"gold_loss":0.0,"damage_taken":0.0},{"damage_healed":0.0,"max_hp_gain":5.0,"max_hp_loss":0.0,"gold_gain":0.0,"event_name":"Big Fish","player_choice":"Donut","floor":4.0,"gold_loss":0.0,"damage_taken":0.0},{"damage_healed":0.0,"max_hp_gain":0.0,"max_hp_loss":0.0,"gold_gain":0.0,"event_name":"Dead Adventurer","player_choice":"Searched \u00270\u0027 times","floor":11.0,"gold_loss":0.0,"damage_taken":0.0}],"is_beta":false,"boss_relics":[],"items_purged_floors":[],"is_endless":false,"potions_floor_spawned":[2,6,8],"killed_by":"3 Sentries","ascension_level":7}}