{"host":"40f49r155zsx8eqk","time":1609639169,"event":{"mods":["AchievementEnabler","Aspiration","BaseMod","Curses Come First","Dota2Spire","Evolution","Googly Eyes","Minty Spire (QoL Compilation)","Relic Sorter","Replay The Spire","StSLib","The Gatherer","[IsaacMod]????"],"gold_per_floor":[110,144,144,144,144,144,180,198,198,198,229,257,0,89,89,220,220,233,233,233,233],"floor_reached":19,"playtime":689,"items_purged":[],"score":207,"play_id":"319e9370-2551-467b-b815-be4acf4aec84","local_time":"20210103045929","is_ascension_mode":true,"metric_token":864,"campfire_choices":[{"floor":6,"key":"REST"}],"circlet_count":0,"master_deck":["Gatherer:Strike_Gatherer","Gatherer:Strike_Gatherer","Gatherer:Strike_Gatherer","Gatherer:Strike_Gatherer","Gatherer:Strike_Gatherer","Gatherer:Defend_Gatherer","Gatherer:Defend_Gatherer","Gatherer:Defend_Gatherer","Gatherer:Defend_Gatherer","Gatherer:Defend_Gatherer","Gatherer:Centralize","Gatherer:FlowerWhip","BettingIsNotGood","Gatherer:CarefulStrike","Gatherer:EnergyBasket","Gatherer:Enchant","Gatherer:AlchemyTrial","Gatherer:FlowerBeam","Ragnarok+1","Gatherer:HeartToFruit","SuicideKing","Gatherer:WoolGloves"],"relics":["Gatherer:AlchemyBag","EVO:Axolotl","HushsDoor","TheBean","aspiration:Nostalgia","Replay:M_SmolderingBlood","Golden Idol","MealTicket","Dota2Spire:MantaStyle","Dota2Spire:Vanguard","Black Star","Damocles","GnawedLeaf"],"acts_visited":["Exordium","TheCity"],"potions_floor_usage":[14,16,16,17,18,18],"damage_taken":[{"damage":36,"enemies":"Jaw Worm","floor":1,"turns":7},{"damage":0,"enemies":"Small Slimes","floor":2,"turns":3},{"damage":0,"enemies":"Cultist","floor":7,"turns":4},{"damage":2,"enemies":"Looter","floor":8,"turns":4},{"damage":14,"enemies":"Large Slime","floor":11,"turns":6},{"damage":34,"enemies":"Exordium Thugs","floor":12,"turns":5},{"damage":0,"enemies":"Gremlin Nob","floor":14,"turns":2},{"damage":40,"enemies":"Hexaghost","floor":16,"turns":7},{"damage":0,"enemies":"Spheric Guardian","floor":18,"turns":1},{"damage":2,"enemies":"3 Byrds","floor":19,"turns":1}],"seed_played":"-7002778980113612355","potions_obtained":[{"floor":2,"key":"FearPotion"},{"floor":7,"key":"BottledMiracle"},{"floor":14,"key":"FearPotion"},{"floor":18,"key":"LiquidMemories"}],"is_trial":false,"path_per_floor":["M","M","?","?","?","R","M","M","T","?","M","M","$","?","R","B",null,"M","M"],"character_chosen":"THE_GATHERER","items_purchased":["Dota2Spire:MantaStyle","Damocles","SuicideKing","EntropicBrew"],"campfire_rested":1,"item_purchase_floors":[13,17,17,17],"current_hp_per_floor":[46,46,28,28,33,56,56,59,59,67,53,19,34,34,57,17,48,48,0,0,0],"gold":233,"neow_bonus":"NOSTALGIA","is_daily":false,"chose_seed":false,"campfire_upgraded":0,"win_rate":0.0,"timestamp":1609639169,"path_taken":["M","M","?","?","?","R","M","?","T","?","M","M","$","?","R","BOSS","M","M"],"items_purchased_type":["Relic","Relic","Card","Potion"],"build_version":"2020-12-22","purchased_purges":0,"victory":false,"max_hp_per_floor":[72,72,72,72,77,77,77,77,77,77,77,77,77,77,77,77,58,58,58,58,58],"card_choices":[{"not_picked":[],"picked":"BettingIsNotGood","floor":0},{"not_picked":["BowlingBash","FollowUp"],"picked":"Gatherer:CarefulStrike","floor":1},{"not_picked":["Gatherer:TreeGrowth","Gatherer:Uplift"],"picked":"Gatherer:EnergyBasket","floor":2},{"not_picked":["Headbutt","Clash"],"picked":"Gatherer:Enchant","floor":7},{"not_picked":["Gatherer:EnergyBasket","Gatherer:Uplift"],"picked":"Gatherer:AlchemyTrial","floor":8},{"not_picked":["Gatherer:FruitForce","Infernal Blade"],"picked":"Gatherer:FlowerBeam","floor":11},{"not_picked":["Clash","Gatherer:AromaProtection"],"picked":"Bomb","floor":12},{"not_picked":["Gatherer:OddSpoils","FollowUp"],"picked":"Ragnarok","floor":14},{"not_picked":["Gatherer:CursedBlade","Gatherer:FinishingStrike"],"picked":"Gatherer:HeartToFruit","floor":16},{"not_picked":["Gatherer:TreeGrowth","Gatherer:EchoOfNature"],"picked":"Gatherer:WoolGloves","floor":18}],"player_experience":126645,"relics_obtained":[{"floor":9,"key":"MealTicket"},{"floor":18,"key":"GnawedLeaf"}],"event_choices":[{"damage_healed":0,"gold_gain":0,"player_choice":"Take Damage","damage_taken":18,"relics_obtained":["Golden Idol"],"max_hp_gain":0,"max_hp_loss":0,"event_name":"Golden Idol","floor":3,"gold_loss":0},{"damage_healed":0,"gold_gain":0,"player_choice":"Donut","damage_taken":0,"max_hp_gain":5,"max_hp_loss":0,"event_name":"Big Fish","floor":5,"gold_loss":0},{"damage_healed":0,"gold_gain":0,"player_choice":"Searched \u00273\u0027 times","damage_taken":0,"relics_obtained":["Dota2Spire:Vanguard"],"max_hp_gain":0,"max_hp_loss":0,"event_name":"Dead Adventurer","floor":14,"gold_loss":0}],"is_beta":false,"boss_relics":[{"not_picked":["Replay:Bronze Core","SlaversCollar"],"picked":"Black Star"},{"not_picked":[]}],"items_purged_floors":[],"is_endless":false,"potions_floor_spawned":[2,7,14,18],"killed_by":"3 Byrds","ascension_level":6}}