{"host":"6pgtslebjnyv5xmi","time":1609680663,"event":{"mods":["AchievementEnabler","BaseMod","Colored Map","Minty Spire (QoL Compilation)","Rare Cards Sparkle","StSLib","SuperFastMode","everything is the same but u backflip on backflip"],"gold_per_floor":[12,12,32,45,45,45,74,74,74,89,107,117,117,130,130,232,232,232],"floor_reached":17,"playtime":449,"items_purged":[],"score":159,"play_id":"deb61cea-c96e-44d7-827c-c7c47854335b","local_time":"20210103223103","is_ascension_mode":false,"campfire_choices":[{"data":"Intimidate","floor":6,"key":"SMITH"},{"data":"Rampage","floor":8,"key":"SMITH"},{"data":"Searing Blow","floor":13,"key":"SMITH"},{"data":"Searing Blow+1","floor":15,"key":"SMITH"}],"circlet_count":0,"master_deck":["Strike_R","Strike_R","Strike_R","Defend_R","Defend_R","Defend_R","Defend_R","Bash","Rampage+1","Intimidate+1","Searing Blow+2","Shockwave","Impervious"],"relics":["Burning Blood","Blue Candle","Ancient Tea Set","Mark of Pain"],"acts_visited":["Exordium","TheCity"],"potions_floor_usage":[7,7,12,16,16],"damage_taken":[{"damage":6,"enemies":"Jaw Worm","floor":1,"turns":4},{"damage":4,"enemies":"Cultist","floor":3,"turns":3},{"damage":0,"enemies":"Small Slimes","floor":4,"turns":3},{"damage":16,"enemies":"Gremlin Nob","floor":7,"turns":4},{"damage":13,"enemies":"2 Fungi Beasts","floor":10,"turns":4},{"damage":13,"enemies":"3 Louse","floor":11,"turns":4},{"damage":20,"enemies":"Exordium Thugs","floor":12,"turns":6},{"damage":0,"enemies":"Large Slime","floor":14,"turns":4},{"damage":18,"enemies":"Hexaghost","floor":16,"turns":8}],"seed_played":"4444043391734527476","potions_obtained":[{"floor":1,"key":"HeartOfIron"},{"floor":5,"key":"SteroidPotion"},{"floor":5,"key":"Fire Potion"},{"floor":10,"key":"LiquidMemories"},{"floor":11,"key":"Weak Potion"},{"floor":16,"key":"SteroidPotion"}],"is_trial":false,"path_per_floor":["M","$","M","M","?","R","E","R","T","M","M","M","R","M","R","B",null],"character_chosen":"IRONCLAD","items_purchased":[],"campfire_rested":0,"item_purchase_floors":[],"current_hp_per_floor":[80,80,80,80,80,80,70,70,70,63,56,42,42,48,48,36,80,80],"gold":232,"neow_bonus":"TRANSFORM_TWO_CARDS","is_daily":false,"chose_seed":false,"campfire_upgraded":4,"win_rate":0.0,"timestamp":1609680663,"path_taken":["M","$","M","M","?","R","E","R","T","M","M","?","R","M","R","BOSS"],"items_purchased_type":[],"build_version":"2020-12-22","purchased_purges":0,"victory":false,"max_hp_per_floor":[80,80,80,80,80,80,80,80,80,80,80,80,80,80,80,80,80,80],"card_choices":[{"not_picked":["Intimidate","True Grit","Reckless Charge"],"picked":"SKIP","floor":1},{"not_picked":["Metallicize","Shrug It Off","Perfected Strike"],"picked":"SKIP","floor":3},{"not_picked":["Clash","Entrench","Brutality"],"picked":"SKIP","floor":4},{"not_picked":["Shrug It Off","Anger","Wild Strike"],"picked":"SKIP","floor":7},{"not_picked":["Clash","Entrench"],"picked":"Searing Blow","floor":10},{"not_picked":["Second Wind","Infernal Blade","Thunderclap"],"picked":"SKIP","floor":11},{"not_picked":["Sentinel","Fiend Fire","Shrug It Off"],"picked":"SKIP","floor":12},{"not_picked":["Disarm","Flex"],"picked":"Shockwave","floor":14},{"not_picked":["Brutality","Berserk"],"picked":"Impervious","floor":16}],"player_experience":676769,"relics_obtained":[{"floor":7,"key":"Blue Candle"},{"floor":9,"key":"Ancient Tea Set"}],"event_choices":[{"damage_healed":0,"gold_gain":0,"player_choice":"Got Potions","damage_taken":0,"max_hp_gain":0,"max_hp_loss":0,"event_name":"Lab","floor":5,"gold_loss":0}],"is_beta":false,"boss_relics":[{"not_picked":["Velvet Choker","Empty Cage"],"picked":"Mark of Pain"}],"items_purged_floors":[],"is_endless":false,"potions_floor_spawned":[1,10,11,16],"ascension_level":0}}