{"host":"p6y17sixyu8q9v1f","time":1609678935,"event":{"mods":["BaseMod","Colored Map","Minty Spire (QoL Compilation)"],"gold_per_floor":[114,64,78,78,98,98,112,43,43,43,43,53,53,66,66,168,218,236,236,246,17,32,32,62,62,85,85,85],"floor_reached":27,"playtime":1108,"items_purged":[],"score":279,"play_id":"40548994-a882-4f76-a3fb-6c106ec6900e","local_time":"20210103070215","is_ascension_mode":true,"campfire_choices":[{"data":"Perfected Strike","floor":6,"key":"SMITH"},{"data":"Battle Trance","floor":10,"key":"SMITH"},{"data":"Flex","floor":13,"key":"SMITH"},{"data":"Rage","floor":15,"key":"SMITH"},{"data":"Infernal Blade","floor":23,"key":"SMITH"},{"floor":25,"key":"REST"}],"circlet_count":0,"master_deck":["Strike_R","Strike_R","Strike_R","Strike_R","Strike_R","Defend_R+1","Defend_R","Bash","Flex+1","Perfected Strike+1","Pommel Strike","Cleave","Battle Trance+1","Rage+1","Juggernaut","Infernal Blade+1","Headbutt","Flex","Pommel Strike","Thunderclap+1","Flex"],"relics":["Burning Blood","NeowsBlessing","Ornamental Fan","Tiny House","FaceOfCleric","PreservedInsect","Pantograph","Dream Catcher"],"acts_visited":["Exordium","TheCity"],"potions_floor_usage":[16,18,20,20,20,24],"damage_taken":[{"damage":0,"enemies":"Jaw Worm","floor":1,"turns":1},{"damage":0,"enemies":"2 Louse","floor":3,"turns":1},{"damage":0,"enemies":"Cultist","floor":5,"turns":1},{"damage":6,"enemies":"Looter","floor":7,"turns":2},{"damage":9,"enemies":"Red Slaver","floor":12,"turns":2},{"damage":0,"enemies":"Exordium Thugs","floor":14,"turns":2},{"damage":44,"enemies":"The Guardian","floor":16,"turns":10},{"damage":20,"enemies":"Spheric Guardian","floor":18,"turns":4},{"damage":11,"enemies":"2 Thieves","floor":20,"turns":3},{"damage":42,"enemies":"Cultist and Chosen","floor":22,"turns":6},{"damage":17,"enemies":"Slavers","floor":24,"turns":5},{"damage":44,"enemies":"Snake Plant","floor":27,"turns":2}],"seed_played":"-767564001547159075","potions_obtained":[{"floor":3,"key":"ColorlessPotion"},{"floor":12,"key":"Swift Potion"},{"floor":16,"key":"Swift Potion"},{"floor":17,"key":"Swift Potion"},{"floor":18,"key":"Energy Potion"},{"floor":22,"key":"SkillPotion"}],"is_trial":false,"path_per_floor":["M","?","M","?","M","R","M","$","T","R","$","M","R","M","R","B",null,"M","?","M","$","M","R","E","R","T","M"],"character_chosen":"IRONCLAD","items_purchased":["Battle Trance","Flex","Pommel Strike","PreservedInsect"],"campfire_rested":1,"item_purchase_floors":[8,21,21,21],"current_hp_per_floor":[80,80,80,73,79,79,79,79,79,79,79,76,76,80,80,42,76,62,62,58,58,23,23,13,39,39,0,0],"gold":85,"neow_bonus":"THREE_ENEMY_KILL","is_daily":false,"chose_seed":false,"campfire_upgraded":5,"win_rate":0.0,"timestamp":1609678935,"path_taken":["M","?","M","?","M","R","M","$","T","R","?","?","R","M","R","BOSS","M","?","M","$","M","R","E","R","T","M"],"items_purchased_type":["Card","Card","Card","Relic"],"build_version":"2020-12-22","purchased_purges":0,"victory":false,"max_hp_per_floor":[80,80,80,80,80,80,80,80,80,80,80,80,80,80,80,80,85,85,85,86,86,87,87,88,88,88,88,88],"card_choices":[{"not_picked":["True Grit","Clothesline"],"picked":"Flex","floor":1},{"not_picked":["True Grit","Feel No Pain"],"picked":"Perfected Strike","floor":3},{"not_picked":["Anger","Wild Strike"],"picked":"Pommel Strike","floor":5},{"not_picked":["Body Slam","Sever Soul"],"picked":"Cleave","floor":7},{"not_picked":["Sword Boomerang","Burning Pact","Sever Soul"],"picked":"SKIP","floor":12},{"not_picked":["Evolve","Armaments"],"picked":"Rage","floor":14},{"not_picked":["Corruption","Exhume"],"picked":"Juggernaut","floor":16},{"not_picked":["Body Slam","Heavy Blade"],"picked":"Infernal Blade","floor":17},{"not_picked":["Ghostly Armor","Sever Soul"],"picked":"Headbutt","floor":18},{"not_picked":["Whirlwind","Dual Wield","Heavy Blade+1"],"picked":"SKIP","floor":20},{"not_picked":["Dual Wield","Headbutt"],"picked":"Thunderclap+1","floor":22},{"not_picked":["Reckless Charge","Intimidate"],"picked":"Flex","floor":24}],"player_experience":889215,"relics_obtained":[{"floor":9,"key":"Ornamental Fan"},{"floor":24,"key":"Pantograph"},{"floor":26,"key":"Dream Catcher"}],"event_choices":[{"cards_removed":["Defend_R"],"damage_healed":0,"gold_gain":0,"player_choice":"Card Removal","damage_taken":0,"max_hp_gain":0,"max_hp_loss":0,"event_name":"The Cleric","floor":2,"gold_loss":50},{"cards_removed":["Defend_R"],"damage_healed":0,"gold_gain":0,"player_choice":"Card Removal","damage_taken":7,"max_hp_gain":0,"max_hp_loss":0,"event_name":"Golden Wing","floor":4,"gold_loss":0},{"damage_healed":0,"gold_gain":0,"player_choice":"Trade","damage_taken":0,"relics_obtained":["FaceOfCleric"],"max_hp_gain":0,"max_hp_loss":0,"event_name":"FaceTrader","floor":19,"gold_loss":0}],"is_beta":false,"boss_relics":[{"not_picked":["Coffee Dripper","Calling Bell"],"picked":"Tiny House"}],"items_purged_floors":[],"is_endless":false,"potions_floor_spawned":[3,12,16,18,22],"killed_by":"Snake Plant","ascension_level":5}}