{"host":"30p6vp5e6xgjixv6","time":1609716074,"event":{"mods":["AchievementEnabler","BaseMod","Better Match","Better Note","BetterRewards","Colored Map","Colored Powertips","Downfall","Gremlin Skip","Minty Spire (QoL Compilation)","Quick Restart","Rare Cards Sparkle","Relic Filter","StSLib","The IronCluck"],"gold_per_floor":[99,112,122,179,190,190,190,204,654,685,703,182,182,205,226,226,226,226],"floor_reached":16,"playtime":819,"items_purged":["Slimebound:Icky"],"score":104,"play_id":"f87c2b53-077a-4f18-a4e2-77b8aea30bd2","local_time":"20210103182114","is_ascension_mode":false,"campfire_choices":[{"data":"hexamod:Float","floor":1.0,"key":"SMITH"},{"data":"hexamod:Firestarter","floor":6,"key":"SMITH"}],"circlet_count":0,"master_deck":["hexamod:Strike","hexamod:Strike","hexamod:Strike","hexamod:Strike","hexamod:Defend","hexamod:Defend","hexamod:Defend","hexamod:Defend","hexamod:Sear","hexamod:Float+1","hexamod:ShieldOfDarkness","hexamod:ChargedBarrage","hexamod:RadiantFlame","hexamod:Firestarter+1","hexamod:DynamicBlow","Slimebound:Icky","Slimebound:Icky","hexamod:SecondSeal","hexamod:TimeOfNeed","hexamod:ParanormalForm","hexamod:HexaLevel","hexamod:AdvancingGuard"],"relics":["hexamod:SpiritBrand","Anchor","Mummified Hand","Medical Kit","Oddly Smooth Stone"],"acts_visited":["Exordium"],"potions_floor_usage":[16,16],"damage_taken":[{"damage":4.0,"enemies":"Small Slimes","floor":2.0,"turns":3.0},{"damage":0.0,"enemies":"Cultist","floor":3.0,"turns":3.0},{"damage":21.0,"enemies":"Gremlin Nob","floor":4.0,"turns":4.0},{"damage":0,"enemies":"Jaw Worm","floor":5,"turns":5},{"damage":0,"enemies":"Large Slime","floor":8,"turns":6},{"damage":5,"enemies":"Lagavulin","floor":10,"turns":6},{"damage":0,"enemies":"Red Slaver","floor":11,"turns":5},{"damage":0,"enemies":"downfall:FleeingMerchant","floor":12,"turns":4},{"damage":7,"enemies":"2 Fungi Beasts","floor":14,"turns":3},{"damage":4,"enemies":"Exordium Thugs","floor":15,"turns":4},{"damage":39,"enemies":"downfall:Silent","floor":16,"turns":8}],"seed_played":"-2075970448379438369","potions_obtained":[{"floor":3.0,"key":"Fire Potion"},{"floor":10,"key":"SkillPotion"},{"floor":14,"key":"sneckomod:MuddlingPotion"}],"is_trial":false,"path_per_floor":["R","M","M","?","M","R","T","M","?","E","M","$","?","M","M","B"],"character_chosen":"THE_SPIRIT","items_purchased":["hexamod:TimeOfNeed","Medical Kit","Oddly Smooth Stone"],"campfire_rested":0,"item_purchase_floors":[12,12,12],"current_hp_per_floor":[70,66,66,45,45,45,45,45,45,47,47,47,47,40,36,0,0,0],"gold":226,"neow_bonus":"RANDOM_COMMON_RELIC","is_daily":false,"chose_seed":false,"campfire_upgraded":2,"win_rate":0.0,"timestamp":1609716074,"path_taken":["R","M","M","?","M","R","T","M","?","E","M","$","?","M","M","BOSS"],"items_purchased_type":["Card","Relic","Relic"],"build_version":"2020-12-22","purchased_purges":1,"victory":false,"max_hp_per_floor":[70,70,70,70,70,70,70,70,70,77,77,77,77,77,77,77,77,77],"card_choices":[{"not_picked":["hexamod:AdvancingGuard","hexamod:Rewind"],"picked":"hexamod:ShieldOfDarkness","floor":2.0},{"not_picked":["hexamod:PhantomFireball","hexamod:NightmareStrike"],"picked":"hexamod:ChargedBarrage","floor":3.0},{"not_picked":["hexamod:FastForward","hexamod:StepThrough"],"picked":"hexamod:RadiantFlame","floor":4.0},{"not_picked":["hexamod:Hexaguard","hexamod:SpectralAdrenaline"],"picked":"hexamod:Firestarter","floor":5},{"not_picked":["hexamod:PhantomCloak","hexamod:ThermalTransfer"],"picked":"hexamod:DynamicBlow","floor":8},{"not_picked":["hexamod:NightmareStrike","hexamod:ShieldOfDarkness","hexamod:Firestarter"],"picked":"SKIP","floor":10},{"not_picked":["hexamod:GhostShield","hexamod:SuperheatedStrike"],"picked":"hexamod:SecondSeal","floor":11},{"not_picked":["hexamod:Haunt","hexamod:RainOfEmbers","hexamod:Hexaguard"],"picked":"SKIP","floor":12},{"not_picked":["hexamod:BurningTouch","hexamod:ThermalTransfer"],"picked":"hexamod:HexaLevel","floor":14},{"not_picked":["hexamod:ShieldOfDarkness","hexamod:RainOfEmbers"],"picked":"hexamod:AdvancingGuard","floor":15}],"player_experience":189854,"relics_obtained":[{"floor":4.0,"key":"Mummified Hand"},{"floor":10,"key":"Strawberry"}],"event_choices":[],"is_beta":false,"boss_relics":[],"items_purged_floors":[12],"is_endless":false,"potions_floor_spawned":[3,10,14],"killed_by":"downfall:Silent","ascension_level":0}}