{"host":"ek3xvuouaw6vk9if","time":1609641623,"event":{"mods":["BaseMod","BetterRewards","Minty Spire (QoL Compilation)","Permanent Neow","Quick Restart","Relic Stats","Replay The Spire","StSLib","The Disciple"],"gold_per_floor":[116,116,116,130,143,143,174,188,188,188,188,188,188,68,68,83,83,213,276,315,67,111,153,69,69,69,69],"floor_reached":26,"playtime":916,"items_purged":["Strike_Br","Strike_Br"],"score":216,"play_id":"100e07cb-c5aa-412b-ae94-a55467c46e0f","local_time":"20210102214023","is_ascension_mode":true,"campfire_choices":[{"data":"LockedScales","floor":6,"key":"SMITH"},{"data":"Goo","floor":6,"key":"SMITH"},{"data":"Engulf","floor":10,"key":"SMITH"},{"data":"ReapSow","floor":10,"key":"SMITH"},{"data":"LockedScales","floor":15,"key":"SMITH"},{"data":"PatternShift","floor":15,"key":"SMITH"},{"data":"Strike_Br","floor":17,"key":"SMITH"},{"data":"LockedMawBank","floor":17,"key":"SMITH"},{"data":"Trip","floor":25,"key":"SMITH"},{"data":"Echonomics","floor":25,"key":"SMITH"}],"circlet_count":0,"master_deck":["Strike_Br","Strike_Br+1","Defend_Br","Defend_Br","Defend_Br","SecondHand+1","PatternShift+1","ShortSighted+1","Goo+12","LockedScales+1","Engulf+1","ReapSow+7","LockedScales+1","LockedMawBank+1","Echonomics+1","BiteCommand","LockedMawBank","ResonantCall+1","Trip+1"],"relics":["Chronometer","Replay:Arrowhead","Golden Idol","WingedGreaves","Pantograph","Tiny House","ReplayTheSpireMod:TigerMarble"],"acts_visited":["Exordium","TheCity"],"potions_floor_usage":[20,22],"damage_taken":[{"damage":3,"enemies":"Jaw Worm","floor":1,"turns":6},{"damage":13,"enemies":"Cultist","floor":4,"turns":5},{"damage":3,"enemies":"Small Slimes","floor":5,"turns":3},{"damage":13,"enemies":"Gremlin Nob","floor":7,"turns":6},{"damage":0,"enemies":"Looter","floor":8,"turns":2},{"damage":0,"enemies":"Large Slime","floor":16,"turns":5},{"damage":11,"enemies":"Slime Boss","floor":18,"turns":10},{"damage":25,"enemies":"Spheric Guardian","floor":20,"turns":4},{"damage":0,"enemies":"3 Byrds","floor":22,"turns":3},{"damage":25,"enemies":"Shelled Parasite and Fungi","floor":23,"turns":5}],"seed_played":"2539822684566181538","potions_obtained":[{"floor":7,"key":"Energy Potion"},{"floor":16,"key":"Toxic Potion"},{"floor":19,"key":"PowerPotion"},{"floor":20,"key":"BlessingOfTheForge"},{"floor":23,"key":"Dexterity Potion"}],"is_trial":false,"path_per_floor":["M","?","?","M","M","R","E","M","T","R","PTL","PTL","?","$","R","M","R","B",null,"M","$","M","M","$","R","?"],"character_chosen":"CHRONO_CLASS","items_purchased":["LockedScales","ReplayTheSpireMod:TigerMarble","Trip"],"campfire_rested":0,"item_purchase_floors":[14,21,24],"current_hp_per_floor":[44,37,37,42,45,45,38,38,38,38,38,38,38,38,38,44,44,49,65,40,40,40,25,25,25,0,0],"gold":69,"neow_bonus":"ONE_RARE_RELIC","is_daily":false,"chose_seed":false,"campfire_upgraded":10,"win_rate":0.0,"timestamp":1609641623,"path_taken":["M","?","?","M","?","R","E","M","T","R","PTL","PTL","?","$","R","M","R","BOSS","M","$","?","M","$","R","?"],"items_purchased_type":["Card","Relic","Card"],"build_version":"2020-12-22","purchased_purges":2,"victory":false,"max_hp_per_floor":[65,65,60,60,60,60,60,60,60,60,60,60,60,60,60,60,60,60,65,65,65,65,65,65,65,65,65],"relic_stats":{"counters":[10,49],"Golden Idol":68,"Pantograph":16,"obtain_stats":[{"Tiny House":19,"Chronometer":0,"Golden Idol":3,"Pantograph":9,"WingedGreaves":7,"ReplayTheSpireMod:TigerMarble":21,"Replay:Arrowhead":0},{"Tiny House":7,"Chronometer":0,"Golden Idol":1,"Pantograph":5,"WingedGreaves":4,"ReplayTheSpireMod:TigerMarble":8,"Replay:Arrowhead":0},{"Tiny House":37,"Chronometer":0,"Golden Idol":6,"Pantograph":22,"WingedGreaves":20,"ReplayTheSpireMod:TigerMarble":41,"Replay:Arrowhead":0}]},"card_choices":[{"not_picked":["Parity","WindUp"],"picked":"ShortSighted","floor":1},{"not_picked":["TickedOff","WindUp"],"picked":"Goo","floor":4},{"not_picked":["WindUp","LockedMedicine"],"picked":"LockedScales","floor":5},{"not_picked":["Tempo","BlueShift"],"picked":"Engulf","floor":7},{"not_picked":["OverTime","LockedMedicine"],"picked":"ReapSow","floor":8},{"not_picked":["CrunchTime","LockedAnchor"],"picked":"LockedMawBank","floor":16},{"not_picked":["LockedCalendar","BackFourSeconds"],"picked":"Echonomics","floor":18},{"not_picked":["Echoward","LockedOrichalcum"],"picked":"BiteCommand","floor":19},{"not_picked":["Break+1","BlueShift+1"],"picked":"LockedMawBank","floor":20},{"not_picked":["LockedUrn","LockedPlans"],"picked":"ResonantCall+1","floor":22},{"not_picked":["LockedBlood","LockedAnchor","CrunchTime"],"picked":"SKIP","floor":23}],"player_experience":522909,"relics_obtained":[{"floor":7,"key":"WingedGreaves"},{"floor":9,"key":"Pantograph"}],"event_choices":[{"cards_removed":["Defend_Br"],"damage_healed":0,"gold_gain":0,"player_choice":"Card Removal","damage_taken":7,"max_hp_gain":0,"max_hp_loss":0,"event_name":"Golden Wing","floor":2,"gold_loss":0},{"damage_healed":0,"gold_gain":0,"player_choice":"Lose Max HP","damage_taken":0,"relics_obtained":["Golden Idol"],"max_hp_gain":0,"max_hp_loss":5,"event_name":"Golden Idol","floor":3,"gold_loss":0},{"damage_healed":0,"gold_gain":0,"player_choice":"Upgraded","damage_taken":0,"max_hp_gain":0,"max_hp_loss":0,"event_name":"Upgrade Shrine","floor":13,"gold_loss":0,"cards_upgraded":["SecondHand"]}],"is_beta":false,"boss_relics":[{"not_picked":["Runic Pyramid","Replay:Ancient Bell"],"picked":"Tiny House"}],"items_purged_floors":[14,21],"is_endless":false,"potions_floor_spawned":[7,16,20,23],"ascension_level":1}}