{"host":"yvlk1m4foro8gl4v","time":1609641613,"event":{"mods":["AchievementEnabler","Act Like it!","BaseMod","Minty Spire (QoL Compilation)","Relic Stats","StSLib","The Servant 0.9.4","Uncapped"],"gold_per_floor":[115,135,153,153,15,15,15],"floor_reached":6,"playtime":385,"items_purged":[],"score":50,"play_id":"7bbd544d-6f12-4ece-8211-d208639768cc","local_time":"20210103024013","is_ascension_mode":true,"campfire_choices":[],"circlet_count":0,"master_deck":["Strike_R","Strike_R","Strike_R","Strike_R","Strike_R","Defend_R","Defend_R","Defend_R","Defend_R","Bash","Reaper","Sword Boomerang","Flame Barrier","Regret"],"relics":["Burning Blood","Dream Catcher","Toxic Egg 2"],"acts_visited":["Exordium"],"potions_floor_usage":[3],"damage_taken":[{"damage":5,"enemies":"Small Slimes","floor":1,"turns":4},{"damage":13,"enemies":"Jaw Worm","floor":2,"turns":4},{"damage":1,"enemies":"Cultist","floor":3,"turns":3},{"damage":87,"enemies":"3 Sentries","floor":6,"turns":12}],"seed_played":"6784786816145174134","potions_obtained":[{"floor":1,"key":"Fire Potion"}],"is_trial":false,"path_per_floor":["M","M","M","?","?","E"],"character_chosen":"IRONCLAD","items_purchased":[],"campfire_rested":0,"item_purchase_floors":[],"current_hp_per_floor":[58,57,68,68,68,0,0],"gold":15,"neow_bonus":"THREE_RARE_CARDS","is_daily":false,"chose_seed":false,"campfire_upgraded":0,"win_rate":0.0,"timestamp":1609641613,"path_taken":["M","M","M","?","?","E"],"items_purchased_type":[],"build_version":"2020-12-22","purchased_purges":0,"victory":false,"max_hp_per_floor":[80,80,80,80,80,80,80],"relic_stats":{"Dream Catcher":0,"counters":[4,23],"obtain_stats":[{"Dream Catcher":4,"Toxic Egg 2":5,"Burning Blood":0},{"Dream Catcher":3,"Toxic Egg 2":3,"Burning Blood":0},{"Dream Catcher":11,"Toxic Egg 2":11,"Burning Blood":0}],"Burning Blood":18},"card_choices":[{"not_picked":["Impervious","Limit Break"],"picked":"Reaper","floor":0},{"not_picked":["Evolve","Shrug It Off"],"picked":"Sword Boomerang","floor":1},{"not_picked":["Power Through","True Grit","Clothesline"],"picked":"SKIP","floor":2},{"not_picked":["Wild Strike","Intimidate"],"picked":"Flame Barrier","floor":3}],"player_experience":708213,"relics_obtained":[],"event_choices":[{"damage_healed":0,"gold_gain":0,"player_choice":"Box","damage_taken":0,"relics_obtained":["Dream Catcher"],"max_hp_gain":0,"max_hp_loss":0,"event_name":"Big Fish","floor":4,"gold_loss":0,"cards_obtained":["Regret"]},{"damage_healed":0,"gold_gain":0,"player_choice":"Paid Gold","damage_taken":0,"relics_obtained":["Toxic Egg 2"],"max_hp_gain":0,"max_hp_loss":0,"event_name":"WeMeetAgain","floor":5,"gold_loss":138}],"is_beta":false,"boss_relics":[],"items_purged_floors":[],"is_endless":false,"potions_floor_spawned":[1],"killed_by":"3 Sentries","ascension_level":8}}