{"host":"yi49lbnhh35mzi7n","time":1609665265,"event":{"mods":["BaseMod","Bestiary","BetterRewards","Colored Map","Conspire","Downfall","Googly Eyes","Hermit","Hubris","Infinite Spire","Minty Spire (QoL Compilation)","Quick Restart","Replay The Spire","StSLib","The Bladedancer","The Construct","The Jungle","The Necromancer","Yuri Mod"],"gold_per_floor":[218,125,138,148,118,118,150,150,196,196,212,212,243,254,254,357,357,375,391,391,411,422,422,452,452,452,465,498,513,531,531,531,670,720,781,849,920,920,992,1088,1088,1171,1198,406,450,450,495,547,547,547,547],"floor_reached":50,"playtime":1959,"items_purged":["Strike_R","Strike_R"],"score":789,"play_id":"9fc8e345-18cd-412e-9492-5ef4e163d6e2","local_time":"20210103101425","is_ascension_mode":true,"campfire_choices":[{"data":"Armaments","floor":6.0,"key":"SMITH"},{"data":"Body Slam","floor":8.0,"key":"SMITH"},{"data":"Bash","floor":10.0,"key":"SMITH"},{"data":"Clothesline","floor":12.0,"key":"SMITH"},{"data":"Havoc","floor":15.0,"key":"SMITH"},{"floor":23.0,"key":"REST"},{"floor":25.0,"key":"REST"},{"floor":32,"key":"REST"},{"floor":41,"key":"REST"},{"data":"Juggernaut","floor":46,"key":"SMITH"},{"data":"Blood for Blood","floor":49,"key":"SMITH"}],"circlet_count":0,"master_deck":["Strike_R","Strike_R","Strike_R","Defend_R","Defend_R","Defend_R","Defend_R","Bash+1","Armaments+1","Wild Strike","Clothesline+1","Body Slam+1","Defy Death+1","Havoc+1","Fire Breathing","Feed+1","Cleave","Shrug It Off","Metallicize","Iron Wave+1","Shrug It Off","True Grit","Metallicize","Body Slam+1","Metallicize","Hemogenesis+1","Evolve","Blood for Blood+1","Shrug It Off","Juggernaut+1","Bloodletting","Sword Boomerang","Twin Strike+1"],"relics":["Burning Blood","Toy Ornithopter","hubris:SlimyHat","ReplayTheSpireMod:Lightbulb","Art of War","Replay:Grab Bag","conspire:SlowCooker","construct:ClawGrip","Enchiridion","Kunai","hubris:GlazedTorus","Snack Pack","infinitespire:EvilPickle","Tiny House","Guide Book","Pen Nib","Vajra","Lee\u0027s Waffle","Potion Belt","infinitespire:Beetle Shell"],"acts_visited":["Exordium","TheCity","TheBeyond"],"potions_floor_usage":[30,33,35,40,40,40,45,45,50],"damage_taken":[{"damage":3.0,"enemies":"Jaw Worm","floor":1.0,"turns":5.0},{"damage":6.0,"enemies":"Cultist","floor":3.0,"turns":3.0},{"damage":8.0,"enemies":"Small Slimes","floor":4.0,"turns":3.0},{"damage":12.0,"enemies":"Replay:BlueRogue","floor":7.0,"turns":5.0},{"damage":10.0,"enemies":"Gremlin Gang","floor":11.0,"turns":4.0},{"damage":22.0,"enemies":"3 Sentries","floor":13.0,"turns":10.0},{"damage":7.0,"enemies":"conspire:2 RoseBushes","floor":14.0,"turns":4.0},{"damage":63.0,"enemies":"The Guardian","floor":16.0,"turns":10.0},{"damage":34.0,"enemies":"2 Thieves","floor":18.0,"turns":5.0},{"damage":10.0,"enemies":"Chosen","floor":19.0,"turns":3.0},{"damage":21.0,"enemies":"Snake Plant","floor":21.0,"turns":5.0},{"damage":22.0,"enemies":"Centurion and Healer","floor":22.0,"turns":6.0},{"damage":33.0,"enemies":"Replay:Snechameleon","floor":24.0,"turns":6.0},{"damage":21.0,"enemies":"Sentry and Sphere","floor":27.0,"turns":6.0},{"damage":15.0,"enemies":"Nightmare","floor":28.0,"turns":6.0},{"damage":16.0,"enemies":"Snake Plant","floor":29.0,"turns":5.0},{"damage":15,"enemies":"Chosen and Byrds","floor":30,"turns":7},{"damage":29,"enemies":"Pondfish","floor":33,"turns":12},{"damage":19,"enemies":"Orb Walker","floor":35,"turns":4},{"damage":11,"enemies":"3 Shapes","floor":36,"turns":5},{"damage":47,"enemies":"Jaw Worm Horde","floor":37,"turns":6},{"damage":35,"enemies":"Transient","floor":39,"turns":5},{"damage":74,"enemies":"Nemesis","floor":40,"turns":11},{"damage":20,"enemies":"3 Darklings","floor":42,"turns":5},{"damage":7,"enemies":"4 Shapes","floor":45,"turns":6},{"damage":32,"enemies":"Spire Growth","floor":47,"turns":4},{"damage":23,"enemies":"Transient","floor":48,"turns":5},{"damage":120,"enemies":"conspire:OrnateMirror","floor":50,"turns":7}],"seed_played":"-3567054233314966727","potions_obtained":[{"floor":4.0,"key":"Swift Potion"},{"floor":5.0,"key":"ElixirPotion"},{"floor":5.0,"key":"SpeedPotion"},{"floor":7.0,"key":"Swift Potion"},{"floor":14.0,"key":"LiquidBronze"},{"floor":16.0,"key":"DistilledChaos"},{"floor":19.0,"key":"LiquidMemories"},{"floor":21.0,"key":"Elixir"},{"floor":24.0,"key":"PowerPotion"},{"floor":30,"key":"champ:CounterPotion"},{"floor":33,"key":"AttackPotion"},{"floor":34,"key":"GamblersBrew"},{"floor":35,"key":"BloodPotion"},{"floor":37,"key":"DuplicationPotion"},{"floor":48,"key":"PowerPotion"}],"is_trial":false,"path_per_floor":["M","?","M","M","?","R","E","R","T","R","M","R","E","M","R","B",null,"M","M","?","M","M","R","E","R","T","M","NM","M","M","?","R","B",null,"M","M","M","AVR","M","E","R","M","T","$","M","R","M","M","R","B"],"character_chosen":"IRONCLAD","items_purchased":["Lee\u0027s Waffle","Potion Belt","infinitespire:Beetle Shell","Bloodletting","Adrenaline Potion","sneckomod:MuddlingPotion","conspire:TimeTravelPotion"],"campfire_rested":4,"item_purchase_floors":[44,44,44,44,44,44,44],"current_hp_per_floor":[80,80,80,78,78,78,72,72,72,72,78,78,67,66,66,19,80,55,54,38,33,20,46,19,45,45,34,34,24,24,24,53,45,102,101,102,80,80,55,28,61,51,51,117,121,121,97,90,90,0,0],"gold":547,"neow_bonus":"HUNDRED_GOLD","is_daily":false,"chose_seed":false,"campfire_upgraded":7,"win_rate":0.0,"timestamp":1609665265,"path_taken":["M","?","?","M","?","R","E","R","T","R","M","R","E","M","R","BOSS","M","?","?","M","M","R","E","R","T","M","NM","M","M","?","R","BOSS","M","?","M","AVR","M","E","R","M","T","$","M","R","M","M","R","BOSS"],"items_purchased_type":["Relic","Relic","Relic","Card","Potion","Potion","Potion"],"build_version":"2020-12-22","purchased_purges":2,"victory":false,"max_hp_per_floor":[80,80,80,80,80,80,80,80,80,80,80,80,80,80,80,80,80,83,86,86,86,89,89,89,89,89,93,97,97,97,97,97,97,102,102,106,110,110,110,110,110,110,110,117,121,121,121,121,121,121,121],"card_choices":[{"not_picked":["hubris:ReadiedAction","Replay:Undeath\u0027s Touch"],"picked":"Armaments","floor":1.0},{"not_picked":["Rupture","Hemokinesis"],"picked":"Wild Strike","floor":3.0},{"not_picked":["Warcry","Armaments"],"picked":"Clothesline","floor":4.0},{"not_picked":["Run Through","Sword Boomerang"],"picked":"Body Slam","floor":7.0},{"not_picked":["Armaments","hubris:ReadiedAction"],"picked":"Defy Death","floor":11.0},{"not_picked":["Armaments","Clothesline"],"picked":"Havoc","floor":13.0},{"not_picked":["Life Link","infinitespire:OneForAll"],"picked":"Fire Breathing","floor":14.0},{"not_picked":["Brutality","Reaper"],"picked":"Feed","floor":16.0},{"not_picked":["Defy Death+1","Warcry"],"picked":"Cleave","floor":18.0},{"not_picked":["Cleave","Thunderclap+1"],"picked":"Shrug It Off","floor":19.0},{"not_picked":["Evolve+1","Feed"],"picked":"Metallicize","floor":21.0},{"not_picked":["Anger","Rupture"],"picked":"Iron Wave+1","floor":22.0},{"not_picked":["Run Through","infinitespire:OneForAll+1"],"picked":"Shrug It Off","floor":24.0},{"not_picked":["Dual Wield+1","ReplayTheSpireMod:Corrosion Curse"],"picked":"True Grit","floor":27.0},{"not_picked":["Armaments","Heavy Blade","Anger"],"picked":"SKIP","floor":28.0},{"not_picked":["Clothesline+1","ReplayReversal"],"picked":"Metallicize","floor":29.0},{"not_picked":["True Grit","Eclipse"],"picked":"Body Slam+1","floor":30},{"not_picked":["Brutality","Replay:Many Hands"],"picked":"Hemogenesis","floor":33},{"not_picked":["Searing Blow","Flex"],"picked":"Evolve","floor":34},{"not_picked":["Clothesline","Carnage"],"picked":"Blood for Blood","floor":35},{"not_picked":["Wild Strike","Pommel Strike","Headbutt+1"],"picked":"SKIP","floor":36},{"not_picked":["Inflame","hubris:ReadiedAction+1"],"picked":"Shrug It Off","floor":37},{"not_picked":["Havoc","Wild Strike"],"picked":"Juggernaut","floor":39},{"not_picked":["Rupture","Fire Breathing+1","Demon Form"],"picked":"SKIP","floor":40},{"not_picked":["Pommel Strike","Infernal Blade+1","Run Through"],"picked":"SKIP","floor":42},{"not_picked":["Armaments+1","Clothesline+1"],"picked":"Sword Boomerang","floor":45},{"not_picked":["Thunderclap+1","Armaments+1"],"picked":"Twin Strike+1","floor":47},{"not_picked":["Body Slam+1","Iron Wave","Warcry+1"],"picked":"SKIP","floor":48}],"player_experience":558581,"relics_obtained":[{"floor":7.0,"key":"hubris:SlimyHat"},{"floor":9.0,"key":"ReplayTheSpireMod:Lightbulb"},{"floor":13.0,"key":"Art of War"},{"floor":20.0,"key":"Enchiridion"},{"floor":24.0,"key":"Kunai"},{"floor":26.0,"key":"hubris:GlazedTorus"},{"floor":28.0,"key":"Snack Pack"},{"floor":40,"key":"Pen Nib"},{"floor":43,"key":"Vajra"}],"event_choices":[{"damage_healed":0.0,"max_hp_gain":0.0,"max_hp_loss":0.0,"gold_gain":0.0,"event_name":"WeMeetAgain","player_choice":"Paid Gold","floor":2.0,"gold_loss":93.0,"damage_taken":0.0,"relics_obtained":["Toy Ornithopter"]},{"damage_healed":0.0,"max_hp_gain":0.0,"max_hp_loss":0.0,"gold_gain":0.0,"event_name":"The Woman in Blue","player_choice":"Bought 2 Potions","floor":5.0,"gold_loss":0.0,"damage_taken":0.0},{"damage_healed":0.0,"max_hp_gain":0.0,"max_hp_loss":0.0,"gold_gain":0.0,"event_name":"Cursed Tome","player_choice":"Obtained Book","floor":20.0,"gold_loss":0.0,"damage_taken":16.0},{"damage_healed":0,"gold_gain":0,"player_choice":"Copied","damage_taken":0,"max_hp_gain":0,"max_hp_loss":0,"event_name":"Duplicator","floor":31,"gold_loss":0,"cards_obtained":["Metallicize"]}],"is_beta":false,"boss_relics":[{"not_picked":["conspire:SeveredTorchhead","Runic Dome"],"picked":"Replay:Grab Bag"},{"not_picked":["hubris:GrandSneckoEye","Busted Crown"],"picked":"conspire:SlowCooker"},{"not_picked":["ReplayTheSpireMod:SealedPack","construct:WeddingRing"],"picked":"construct:ClawGrip"},{"not_picked":["Painkiller Herb","hubris:HollowSoul"],"picked":"Tiny House"}],"items_purged_floors":[38,44],"is_endless":true,"potions_floor_spawned":[4,7,14,16,19,21,24,30,33,35,37,48],"killed_by":"conspire:OrnateMirror","ascension_level":1}}