{"host":"TheHustler","time":1609670373,"event":{"mods":["BaseMod","Block Reminder","Colored Map","Colored Powertips","Minty Spire (QoL Compilation)","Quick Restart","StSLib","SuperFastMode","Unceasing Turn Reminder"],"gold_per_floor":[114,64,164,179,194,224,239,314,314,314,329,29,59,74,74,174,174,189,189,204,204,219,219,249,249,274,289,289,304,319,334,334,434,434,449,449,464,464,165,180,180,210,210,210,210],"floor_reached":44,"playtime":1396,"items_purged":[],"score":572,"play_id":"10feb724-0d55-45e2-b983-91c272a5577a","local_time":"20210103113933","daily_mods":["Allstar","Hoarder","Terminal"],"is_ascension_mode":false,"campfire_choices":[{"data":"Thinking Ahead","floor":10.0,"key":"SMITH"},{"data":"Thinking Ahead","floor":15.0,"key":"SMITH"},{"data":"Entrench","floor":23,"key":"SMITH"},{"data":"Entrench","floor":25,"key":"SMITH"},{"data":"Entrench","floor":28,"key":"SMITH"},{"data":"Chrysalis","floor":32,"key":"SMITH"},{"data":"Chrysalis","floor":41,"key":"SMITH"}],"circlet_count":0,"master_deck":["Strike_R","Strike_R","Strike_R","Strike_R","Strike_R","Defend_R","Defend_R","Defend_R","Defend_R","Bash","Thinking Ahead","Thinking Ahead+1","Thinking Ahead+1","The Bomb","The Bomb","The Bomb","PanicButton","Secret Weapon","Secret Weapon","Secret Weapon","Good Instincts","Good Instincts","Good Instincts","Perfected Strike","Perfected Strike","Infernal Blade","Infernal Blade","Infernal Blade","Dropkick","Dropkick","Dropkick","Entrench+1","Entrench+1","Entrench+1","True Grit","True Grit","True Grit","Juggernaut","Juggernaut","Juggernaut","Metallicize+1","Metallicize+1","Metallicize+1","Chrysalis+1","Chrysalis","Chrysalis+1","Power Through+1","Power Through+1","Power Through+1","Anger+1","Anger+1","Anger+1","Shrug It Off","Shrug It Off","Shrug It Off"],"relics":["Burning Blood","Thread and Needle","Anchor","CaptainsWheel","Kunai","Busted Crown","Omamori","Strawberry","Black Star","Pear","Mercury Hourglass","Dead Branch","Incense Burner"],"acts_visited":["Exordium","TheCity","TheBeyond"],"potions_floor_usage":[24,27],"damage_taken":[{"damage":0.0,"enemies":"Small Slimes","floor":1.0,"turns":3.0},{"damage":5.0,"enemies":"2 Louse","floor":4.0,"turns":3.0},{"damage":1.0,"enemies":"Cultist","floor":5.0,"turns":3.0},{"damage":2.0,"enemies":"3 Sentries","floor":6.0,"turns":3.0},{"damage":0.0,"enemies":"Gremlin Gang","floor":7.0,"turns":3.0},{"damage":0.0,"enemies":"2 Fungi Beasts","floor":11.0,"turns":2.0},{"damage":0.0,"enemies":"Gremlin Nob","floor":13.0,"turns":1.0},{"damage":0.0,"enemies":"Exordium Wildlife","floor":14.0,"turns":2.0},{"damage":24.0,"enemies":"Hexaghost","floor":16.0,"turns":10.0},{"damage":0.0,"enemies":"3 Byrds","floor":18.0,"turns":4.0},{"damage":0,"enemies":"Spheric Guardian","floor":20,"turns":3},{"damage":0,"enemies":"Shelled Parasite and Fungi","floor":22,"turns":8},{"damage":0,"enemies":"Slavers","floor":24,"turns":4},{"damage":7,"enemies":"3 Cultists","floor":27,"turns":6},{"damage":8,"enemies":"Snecko","floor":29,"turns":6},{"damage":4,"enemies":"Chosen and Byrds","floor":30,"turns":7},{"damage":0,"enemies":"Snake Plant","floor":31,"turns":6},{"damage":30,"enemies":"Collector","floor":33,"turns":10},{"damage":0,"enemies":"3 Shapes","floor":35,"turns":5},{"damage":0,"enemies":"Orb Walker","floor":37,"turns":4},{"damage":13,"enemies":"Spire Growth","floor":40,"turns":5},{"damage":24,"enemies":"Nemesis","floor":42,"turns":7},{"damage":54,"enemies":"Reptomancer","floor":44,"turns":2}],"seed_played":"4251252283042701915","potions_obtained":[{"floor":1.0,"key":"GamblersBrew"},{"floor":7.0,"key":"SteroidPotion"},{"floor":11.0,"key":"FearPotion"},{"floor":13.0,"key":"Explosive Potion"},{"floor":18.0,"key":"Strength Potion"},{"floor":20,"key":"AttackPotion"},{"floor":35,"key":"Dexterity Potion"},{"floor":42,"key":"Ancient Potion"}],"is_trial":false,"path_per_floor":["M","?","?","M","M","E","M","?","T","R","M","$","E","M","R","B",null,"M","?","M","?","M","R","E","R","T","M","R","M","M","M","R","B",null,"M","?","M","?","$","M","R","E","T","E"],"character_chosen":"IRONCLAD","items_purchased":["CaptainsWheel","Pear","Shrug It Off"],"campfire_rested":0,"item_purchase_floors":[12,39,39],"current_hp_per_floor":[78,77,76,75,74,73,72,61,61,61,67,67,66,65,64,46,62,61,60,59,58,57,56,55,54,60,59,58,56,56,55,54,30,52,51,50,49,48,57,50,50,32,32,0,0],"gold":210,"neow_bonus":"","is_daily":true,"chose_seed":false,"campfire_upgraded":7,"win_rate":0.0,"timestamp":1609670373,"path_taken":["M","?","?","M","?","E","?","?","T","R","M","?","E","M","R","BOSS","M","?","M","?","M","R","E","R","T","M","R","M","M","?","R","BOSS","M","?","M","?","$","M","R","E","T","E"],"items_purchased_type":["Relic","Relic","Card"],"build_version":"2020-12-18","purchased_purges":0,"victory":false,"max_hp_per_floor":[78,77,76,75,74,73,72,71,70,69,68,67,66,65,64,63,62,61,60,59,58,57,56,55,54,60,59,58,57,56,55,54,53,52,51,50,49,48,57,56,55,54,53,53,53],"card_choices":[{"not_picked":["Hemokinesis","Iron Wave","Twin Strike"],"picked":"SKIP","floor":1.0},{"not_picked":["Armaments","Anger"],"picked":"Perfected Strike","floor":4.0},{"not_picked":["Flex","Combust","Burning Pact"],"picked":"SKIP","floor":5.0},{"not_picked":["Brutality","Combust","Sword Boomerang"],"picked":"SKIP","floor":6.0},{"not_picked":["Sword Boomerang","Clash"],"picked":"Infernal Blade","floor":7.0},{"not_picked":["Clash","Flex"],"picked":"Dropkick","floor":11.0},{"not_picked":["Headbutt","Combust"],"picked":"Entrench","floor":13.0},{"not_picked":["Intimidate","Sword Boomerang"],"picked":"True Grit","floor":14.0},{"not_picked":["Bludgeon","Exhume"],"picked":"Juggernaut","floor":16.0},{"not_picked":["Wild Strike"],"picked":"SKIP","floor":18.0},{"not_picked":[],"picked":"Metallicize+1","floor":20},{"not_picked":["Cleave"],"picked":"SKIP","floor":22},{"not_picked":["True Grit+1"],"picked":"SKIP","floor":24},{"not_picked":[],"picked":"Power Through+1","floor":27},{"not_picked":["Iron Wave"],"picked":"SKIP","floor":29},{"not_picked":["Anger+1"],"picked":"SKIP","floor":30},{"not_picked":[],"picked":"Anger+1","floor":30},{"not_picked":["True Grit+1"],"picked":"SKIP","floor":31},{"not_picked":["Battle Trance"],"picked":"SKIP","floor":35},{"not_picked":["Wild Strike"],"picked":"SKIP","floor":37},{"not_picked":["Anger+1"],"picked":"SKIP","floor":40},{"not_picked":["True Grit"],"picked":"SKIP","floor":42}],"player_experience":616074,"relics_obtained":[{"floor":6.0,"key":"Thread and Needle"},{"floor":9.0,"key":"Anchor"},{"floor":13.0,"key":"Kunai"},{"floor":24,"key":"Omamori"},{"floor":26,"key":"Strawberry"},{"floor":42,"key":"Mercury Hourglass"},{"floor":42,"key":"Dead Branch"},{"floor":43,"key":"Incense Burner"}],"event_choices":[{"cards_removed":["PanicButton"],"damage_healed":0.0,"max_hp_gain":0.0,"max_hp_loss":0.0,"gold_gain":0.0,"event_name":"The Cleric","player_choice":"Card Removal","floor":2.0,"gold_loss":50.0,"damage_taken":0.0},{"damage_healed":0.0,"max_hp_gain":0.0,"max_hp_loss":0.0,"gold_gain":100.0,"event_name":"Golden Shrine","player_choice":"Pray","floor":3.0,"gold_loss":0.0,"damage_taken":0.0},{"damage_healed":0.0,"max_hp_gain":0.0,"max_hp_loss":0.0,"gold_gain":75.0,"event_name":"World of Goop","player_choice":"Gather Gold","floor":8.0,"gold_loss":0.0,"damage_taken":11.0},{"damage_healed":0,"gold_gain":0,"player_choice":"Ignored","damage_taken":0,"max_hp_gain":0,"max_hp_loss":0,"event_name":"The Mausoleum","floor":19,"gold_loss":0},{"damage_healed":0,"gold_gain":0,"cards_transformed":["PanicButton"],"player_choice":"Transformed","damage_taken":0,"max_hp_gain":0,"max_hp_loss":0,"event_name":"Transmorgrifier","floor":21,"gold_loss":0,"cards_obtained":["Chrysalis"]},{"cards_removed":["Perfected Strike"],"damage_healed":0,"gold_gain":0,"player_choice":"Removed Attack","damage_taken":0,"max_hp_gain":0,"max_hp_loss":0,"event_name":"Falling","floor":36,"gold_loss":0},{"damage_healed":0,"gold_gain":0,"player_choice":"Ignored","damage_taken":0,"max_hp_gain":0,"max_hp_loss":0,"event_name":"Tomb of Lord Red Mask","floor":38,"gold_loss":0}],"is_beta":true,"boss_relics":[{"not_picked":["Fusion Hammer","SacredBark"],"picked":"Busted Crown"},{"not_picked":["Sozu","Tiny House"],"picked":"Black Star"}],"items_purged_floors":[],"is_endless":false,"potions_floor_spawned":[1,7,11,13,18,20,35,42],"killed_by":"Reptomancer","ascension_level":0}}