{"host":"sqkk9o2m8hbeeiah","time":1609682384,"event":{"mods":["AchievementEnabler","Astrologer","BaseMod","Better Note","Minty Spire (QoL Compilation)","Permanent Neow","Quick Restart","Replay The Spire","Somnambulant","StSLib","The Construct","Trackpad","Waifu the Spire"],"gold_per_floor":[117,117,60,60,71,71,81,91,91,103,127,166,190,202,214,327,339,366,378,62,62,75,103,103,113,113,88,103,123,123,143,143,245,245,256,216,233,82,101,101,44,55,55,55,55,0,0,15,15,15],"floor_reached":51,"playtime":2991,"items_purged":["Normality"],"score":934,"play_id":"44c433c8-faeb-46f6-a310-178b0223a3f2","local_time":"20210104005944","daily_mods":["Cursed Run","Diverse","Night Terrors"],"is_ascension_mode":false,"campfire_choices":[{"data":"construct:SuppressiveFire","floor":6.0,"key":"SMITH"},{"data":"Draining Mist","floor":10.0,"key":"SMITH"},{"data":"Overencumbered","floor":15.0,"key":"PURGE"},{"data":"Sweeping Beam","floor":24.0,"key":"SMITH"},{"data":"Replay:BluntJabs","floor":30.0,"key":"SMITH"},{"floor":32.0,"key":"REST"},{"data":"Blasphemy","floor":40,"key":"SMITH"},{"data":"Atom Bomb","floor":49,"key":"SMITH"}],"circlet_count":0,"master_deck":["Strike_P+1","Strike_P+1","Strike_P+1","Strike_P+1","Defend_P","Defend_P+1","Defend_P","Defend_P","Eruption","Vigilance","Massacre+1","construct:SuppressiveFire+1","Draining Mist+1","Sweeping Beam+1","DevaForm+1","Writhe","somnambulantmod: Sleepyhead","Replay:Undeath\u0027s Touch","Blasphemy+1","Violence+1","astrologer:ShootingStar+1","construct:ShiftStrike+1","astrologer:SpaceDust","ReplayTheSpireMod:IOU","ReplayTheSpireMod:IOU","ReplayTheSpireMod:IOU","ReplayTheSpireMod:IOU","somnambulantmod: ShowerThought","ReplayTheSpireMod:Restless Dread","Meditate+1","Wallop+1","Conserve Battery+1","Pain","Cleave","Replay:BluntJabs+1","construct:VentSteam+1","somnambulantmod: SnuggleUp","ReplayTheSpireMod:IOU","ReplayTheSpireMod:From All Sides","Dagger Spray+1","Spot Weakness+1","Parasite","Double Energy+1","construct:CripplingShot","ReplayTheSpireMod:IOU","Atom Bomb+1","construct:Impenetrable","Replay:Hysterical Blindness","Bandage Up","Writhe","Thunderclap","Parasite"],"relics":["Cursed Key","Darkstone Periapt","Du-Vu Doll","ReplayTheSpireMod:Ring of Collecting","MawBank","Replay:Wax Seal","Astrolabe","Onion Ring","Letter Opener","Incense Burner","Blood Vial","Ring of Hypnosis","Replay:Bottled Eggs","trackpad:Coffee","Vajra","Replay:Kaleidoscope","Red Mask"],"acts_visited":["Exordium","TheCity","TheBeyond"],"potions_floor_usage":[39,50,50],"damage_taken":[{"damage":0.0,"enemies":"Cultist","floor":1.0,"turns":4.0},{"damage":1.0,"enemies":"2 Louse","floor":5.0,"turns":2.0},{"damage":0.0,"enemies":"Small Slimes","floor":7.0,"turns":4.0},{"damage":4.0,"enemies":"Blue Slaver","floor":8.0,"turns":3.0},{"damage":6.0,"enemies":"Looter","floor":11.0,"turns":3.0},{"damage":18.0,"enemies":"Lots of Slimes","floor":13.0,"turns":2.0},{"damage":33.0,"enemies":"Fading Forest","floor":16.0,"turns":11.0},{"damage":29.0,"enemies":"Spheric Guardian","floor":18.0,"turns":6.0},{"damage":0.0,"enemies":"3 Byrds","floor":22.0,"turns":3.0},{"damage":11.0,"enemies":"Gremlin Leader","floor":23.0,"turns":3.0},{"damage":21.0,"enemies":"Snake Plant","floor":25.0,"turns":4.0},{"damage":4.0,"enemies":"Shelled Parasite and Fungi","floor":28.0,"turns":4.0},{"damage":21.0,"enemies":"3 Cultists","floor":29.0,"turns":4.0},{"damage":13.0,"enemies":"Snecko","floor":31.0,"turns":4.0},{"damage":26,"enemies":"Automaton","floor":33,"turns":11},{"damage":0,"enemies":"Orb Walker","floor":35,"turns":2},{"damage":0,"enemies":"3 Shapes","floor":37,"turns":2},{"damage":1,"enemies":"Writhing Mass","floor":39,"turns":3},{"damage":0,"enemies":"Jaw Worm Horde","floor":42,"turns":1},{"damage":0,"enemies":"Maw","floor":48,"turns":3},{"damage":22,"enemies":"Time Eater","floor":50,"turns":8}],"seed_played":"3909503409450640945","potions_obtained":[{"floor":5.0,"key":"SkillPotion"},{"floor":8.0,"key":"LiquidBronze"},{"floor":13.0,"key":"Energy Potion"},{"floor":16.0,"key":"Dexterity Potion"},{"floor":22.0,"key":"EntropicBrew"},{"floor":25.0,"key":"Strength Potion"},{"floor":33,"key":"SkillPotion"},{"floor":39,"key":"DuplicationPotion"},{"floor":42,"key":"Flashbang"},{"floor":48,"key":"Strength Potion"}],"is_trial":true,"path_per_floor":["M","?","$","?","M","R","M","M","T","R","M","T","M","?","R","B",null,"M","?","$","T","M","E","R","M","T","$","M","M","R","M","R","B",null,"M","?","M","$","M","R","$","M","T","?","?","?","$","M","R","B",null],"character_chosen":"WATCHER","items_purchased":["Massacre+1","Onion Ring","Letter Opener","somnambulantmod: ShowerThought","SkillPotion","Weak Potion","Cleave","Vajra","construct:CripplingShot","Atom Bomb"],"campfire_rested":1,"item_purchase_floors":[3,20,20,20,20,20,27,38,41,41],"current_hp_per_floor":[72,72,72,72,71,71,71,67,73,73,67,73,55,83,83,56,90,61,61,85,91,91,80,80,61,67,67,65,46,46,35,121,101,127,127,127,127,127,132,132,138,139,145,145,151,151,151,151,151,135],"gold":15,"neow_bonus":"","is_daily":false,"chose_seed":false,"campfire_upgraded":6,"win_rate":0.0,"timestamp":1609682384,"path_taken":["M","?","$","?","M","R","?","M","T","R","M","?","?","?","R","BOSS","M","?","$","?","M","E","R","M","T","?","?","M","R","M","R","BOSS","M","?","M","$","M","R","$","?","T","?","?","?","?","M","R","BOSS"],"items_purchased_type":["Card","Relic","Relic","Card","Potion","Potion","Card","Relic","Card","Card"],"build_version":"2020-12-22","purchased_purges":1,"victory":true,"max_hp_per_floor":[72,72,72,72,72,72,72,72,78,78,78,84,84,84,84,90,90,90,90,114,120,120,120,120,120,126,126,126,126,126,126,121,127,127,127,127,127,127,133,133,139,139,145,145,151,151,151,151,151,157],"card_choices":[{"not_picked":["JustLucky","astrologer:Stardust"],"picked":"astrologer:StarOfCourage","floor":1.0},{"not_picked":["Dropkick","Collect"],"picked":"Draining Mist","floor":5.0},{"not_picked":["Perfected Strike","construct:Chainstrike"],"picked":"Sweeping Beam","floor":7.0},{"not_picked":["Blade Dance","ReplayTheSpireMod:Muscle Training"],"picked":"DevaForm","floor":8.0},{"not_picked":["construct:Autoturret","construct:FocusedBeam"],"picked":"somnambulantmod: Sleepyhead","floor":11.0},{"not_picked":["CutThroughFate","Deflect"],"picked":"Replay:Undeath\u0027s Touch","floor":13.0},{"not_picked":["Omniscience","MasterReality"],"picked":"Blasphemy","floor":16.0},{"not_picked":["somnambulantmod: RecurringDream","construct:Reinforce+1"],"picked":"astrologer:SpaceDust","floor":18.0},{"not_picked":["astrologer:ReadTheStars","Replay:ManipulateFuture"],"picked":"Meditate+1","floor":22.0},{"not_picked":["astrologer:Eclipse","Life Link+1"],"picked":"Wallop+1","floor":23.0},{"not_picked":["Go for the Eyes","somnambulantmod: Repression+1"],"picked":"Conserve Battery+1","floor":25.0},{"not_picked":["construct:Reinforce+1","Masterful Stab"],"picked":"Replay:BluntJabs","floor":28.0},{"not_picked":["Cloak And Dagger","CarveReality"],"picked":"construct:VentSteam+1","floor":29.0},{"not_picked":["construct:Reserves","Pommel Strike"],"picked":"somnambulantmod: SnuggleUp","floor":31.0},{"not_picked":["Offering","Wraith Form v2"],"picked":"ReplayTheSpireMod:From All Sides","floor":33},{"not_picked":["ThirdEye+1","Hologram+1"],"picked":"Dagger Spray+1","floor":35},{"not_picked":["astrologer:Stardust+1","Outmaneuver+1"],"picked":"Spot Weakness+1","floor":37},{"not_picked":["construct:Antimatter+1","somnambulantmod: LayeredDefense+1"],"picked":"Double Energy+1","floor":39},{"not_picked":["Dual Wield","ReplayTheSpireMod:Necrosis"],"picked":"construct:Impenetrable","floor":42},{"not_picked":["Purity","Replay:Parry"],"picked":"Bandage Up","floor":44},{"not_picked":["somnambulantmod: HeavyLids+1","Hologram"],"picked":"Thunderclap","floor":48}],"player_experience":795343,"relics_obtained":[{"floor":2.0,"key":"ReplayTheSpireMod:Ring of Collecting"},{"floor":9.0,"key":"MawBank"},{"floor":12.0,"key":"Replay:Wax Seal"},{"floor":21.0,"key":"Incense Burner"},{"floor":23.0,"key":"Blood Vial"},{"floor":26.0,"key":"Ring of Hypnosis"},{"floor":26.0,"key":"Replay:Bottled Eggs"},{"floor":43,"key":"Replay:Kaleidoscope"}],"event_choices":[{"damage_healed":0.0,"max_hp_gain":0.0,"max_hp_loss":0.0,"gold_gain":0.0,"event_name":"Match and Keep!","player_choice":"3 cards matched","floor":4.0,"gold_loss":0.0,"damage_taken":0.0,"cards_obtained":["construct:Dampening","construct:SuppressiveFire","Specialist"]},{"damage_healed":28.0,"max_hp_gain":0.0,"max_hp_loss":0.0,"gold_gain":0.0,"event_name":"Big Fish","player_choice":"Banana","floor":14.0,"gold_loss":0.0,"damage_taken":0.0},{"damage_healed":0.0,"max_hp_gain":0.0,"max_hp_loss":0.0,"gold_gain":0.0,"event_name":"Transmorgrifier","player_choice":"Ignored","floor":19.0,"gold_loss":0.0,"damage_taken":0.0},{"damage_healed":0,"gold_gain":0,"player_choice":"Upgraded Two","damage_taken":0,"max_hp_gain":0,"max_hp_loss":0,"event_name":"Designer","floor":36,"gold_loss":40,"cards_upgraded":["Defend_P","DevaForm"]},{"damage_healed":0,"gold_gain":0,"player_choice":"Memory 1","damage_taken":0,"max_hp_gain":0,"max_hp_loss":0,"event_name":"SensoryStone","floor":44,"gold_loss":0},{"damage_healed":36,"gold_gain":0,"player_choice":"Writhe","damage_taken":0,"max_hp_gain":0,"max_hp_loss":0,"event_name":"Winding Halls","floor":45,"gold_loss":0,"cards_obtained":["Writhe"]},{"damage_healed":0,"gold_gain":0,"player_choice":"Paid","damage_taken":0,"relics_obtained":["Red Mask"],"max_hp_gain":0,"max_hp_loss":0,"event_name":"Tomb of Lord Red Mask","floor":46,"gold_loss":55}],"is_beta":false,"boss_relics":[{"not_picked":["Replay:Drink Me","Coffee Dripper"],"picked":"Astrolabe"},{"not_picked":["Runic Dome","Pandora\u0027s Box"],"picked":"trackpad:Coffee"}],"items_purged_floors":[20],"is_endless":false,"potions_floor_spawned":[5,8,13,16,22,25,33,39,42,48],"ascension_level":0}}