{"host":"f9ntswufr8mq3t4y","time":1609698300,"event":{"mods":["AchievementEnabler","BaseMod","Best Route Mod","Block Reminder","Colored Map","Colored Powertips","DeckTracker","Highlight Path","Minty Spire (QoL Compilation)","Permanent Neow","Quick Restart"],"gold_per_floor":[114,114,64,84,84,84,112,112,112,143,143,161,161,194,194,194,194],"floor_reached":16,"playtime":2568,"items_purged":[],"score":139,"play_id":"30e24967-ceef-4532-bc70-b024ec157c28","local_time":"20210103212500","is_ascension_mode":true,"campfire_choices":[{"data":"SpiritShield","floor":6,"key":"SMITH"},{"floor":11,"key":"REST"},{"data":"Consecrate","floor":13,"key":"SMITH"},{"data":"DeusExMachina","floor":15,"key":"SMITH"}],"circlet_count":0,"master_deck":["Strike_P","Strike_P","Strike_P","Defend_P","Defend_P","Eruption+1","Vigilance+1","DeceiveReality+1","SpiritShield+1","Consecrate+1","DeusExMachina+1"],"relics":["PureWater","Meat on the Bone","Vajra","Darkstone Periapt","PreservedInsect"],"acts_visited":[],"potions_floor_usage":[],"damage_taken":[{"damage":0,"enemies":"Jaw Worm","floor":1,"turns":3},{"damage":0,"enemies":"Small Slimes","floor":4,"turns":3},{"damage":1,"enemies":"Gremlin Nob","floor":7,"turns":4},{"damage":11,"enemies":"3 Sentries","floor":10,"turns":8},{"damage":0,"enemies":"2 Louse","floor":12,"turns":3},{"damage":19,"enemies":"Lagavulin","floor":14,"turns":5},{"damage":47,"enemies":"Hexaghost","floor":16,"turns":14}],"seed_played":"3959695933945331555","potions_obtained":[{"floor":7,"key":"Strength Potion"},{"floor":10,"key":"Energy Potion"}],"is_trial":false,"path_per_floor":["M","?","?","M","?","R","E","?","T","E","R","M","R","E","R","B"],"character_chosen":"WATCHER","items_purchased":[],"campfire_rested":1,"item_purchase_floors":[],"current_hp_per_floor":[65,65,65,65,52,52,51,51,51,40,59,59,59,40,40,0,0],"gold":194,"neow_bonus":"TRANSFORM_TWO_CARDS","is_daily":false,"chose_seed":false,"campfire_upgraded":3,"win_rate":0.0,"timestamp":1609698300,"path_taken":["M","?","?","M","?","R","E","?","T","E","R","?","R","E","R","BOSS"],"items_purchased_type":[],"build_version":"2020-12-22","purchased_purges":0,"victory":false,"max_hp_per_floor":[65,65,65,65,65,65,65,65,65,65,65,65,65,65,65,65,65],"card_choices":[{"not_picked":["EmptyFist","BowlingBash"],"picked":"Consecrate","floor":1},{"not_picked":["Evaluate","Consecrate","Halt"],"picked":"SKIP","floor":4},{"not_picked":["FollowUp","Wallop","Collect"],"picked":"SKIP","floor":7},{"not_picked":["Protect","CutThroughFate","ForeignInfluence"],"picked":"SKIP","floor":10},{"not_picked":["Halt","WheelKick","Crescendo"],"picked":"SKIP","floor":12},{"not_picked":["Consecrate","Devotion"],"picked":"DeusExMachina","floor":14}],"player_experience":332604,"relics_obtained":[{"floor":7,"key":"Meat on the Bone"},{"floor":9,"key":"Vajra"},{"floor":10,"key":"Darkstone Periapt"},{"floor":14,"key":"PreservedInsect"}],"event_choices":[{"damage_healed":0,"gold_gain":0,"player_choice":"Grow","damage_taken":0,"max_hp_gain":0,"max_hp_loss":0,"event_name":"Living Wall","floor":2,"gold_loss":0,"cards_upgraded":["Eruption"]},{"cards_removed":["Defend_P"],"damage_healed":0,"gold_gain":0,"player_choice":"Card Removal","damage_taken":0,"max_hp_gain":0,"max_hp_loss":0,"event_name":"The Cleric","floor":3,"gold_loss":50},{"damage_healed":0,"gold_gain":0,"player_choice":"Entered Light","damage_taken":13,"max_hp_gain":0,"max_hp_loss":0,"event_name":"Shining Light","floor":5,"gold_loss":0,"cards_upgraded":["DeceiveReality","Vigilance"]},{"damage_healed":0,"gold_gain":0,"player_choice":"Ignored","damage_taken":0,"max_hp_gain":0,"max_hp_loss":0,"event_name":"Liars Game","floor":8,"gold_loss":0}],"is_beta":false,"boss_relics":[],"items_purged_floors":[],"is_endless":false,"potions_floor_spawned":[7,10],"killed_by":"Hexaghost","ascension_level":4}}