{"host":"svjtl4dki9uqj609","time":1609682798,"event":{"mods":["BaseMod","Colored Map","Keyboard Shortcuts","Minty Spire (QoL Compilation)","StSLib","SuperFastMode"],"gold_per_floor":[365,9,84,98,46,46,74,74,74,74,89,89,89,150,150,247,247,262,19,69,119,137,164,164,192,192,220,195,217,241,320,332,440,452,482,594,620,507,557,557,577,606,606,50,85,135,151,169,169,169],"floor_reached":51,"playtime":1317,"items_purged":["Strike_R","Strike_R","Strike_R"],"score":1001,"play_id":"99ecd596-42eb-4cc5-909a-e8eb6cd08428","local_time":"20210103230638","is_ascension_mode":true,"campfire_choices":[{"data":"Whirlwind","floor":6.0,"key":"SMITH"},{"data":"Flex","floor":10.0,"key":"SMITH"},{"data":"Master of Strategy","floor":12.0,"key":"SMITH"},{"data":"Battle Trance","floor":15.0,"key":"SMITH"},{"data":"Double Tap","floor":24.0,"key":"SMITH"},{"data":"Bash","floor":32.0,"key":"SMITH"},{"data":"Bludgeon","floor":40.0,"key":"SMITH"},{"floor":49,"key":"REST"}],"circlet_count":0,"master_deck":["Strike_R","Defend_R","Defend_R","Defend_R","Defend_R","Bash+1","Cleave","Whirlwind+1","Flex+1","Master of Strategy+1","Double Tap+1","Thunderclap","Battle Trance+1","Bludgeon+1","Ghostly Armor+1","Feel No Pain+1","Impervious","Inflame+1","Dark Embrace+1"],"relics":["Burning Blood","Unceasing Top","Eternal Feather","SsserpentHead","Sozu","Happy Flower","Oddly Smooth Stone","Sundial","Pantograph","MawBank","Ornamental Fan","Cursed Key","Prayer Wheel","Calipers","Paper Frog","Mango","Potion Belt"],"acts_visited":["Exordium","TheCity","TheBeyond"],"potions_floor_usage":[50,50],"damage_taken":[{"damage":12.0,"enemies":"Small Slimes","floor":1.0,"turns":4.0},{"damage":0.0,"enemies":"2 Louse","floor":4.0,"turns":2.0},{"damage":0.0,"enemies":"3 Sentries","floor":7.0,"turns":2.0},{"damage":0.0,"enemies":"Cultist","floor":11.0,"turns":2.0},{"damage":10.0,"enemies":"Looter","floor":14.0,"turns":2.0},{"damage":79.0,"enemies":"The Guardian","floor":16.0,"turns":15.0},{"damage":15.0,"enemies":"Shell Parasite","floor":18.0,"turns":3.0},{"damage":0.0,"enemies":"Spheric Guardian","floor":22.0,"turns":1.0},{"damage":0.0,"enemies":"Slavers","floor":23.0,"turns":1.0},{"damage":15.0,"enemies":"Gremlin Leader","floor":25.0,"turns":3.0},{"damage":15.0,"enemies":"Book of Stabbing","floor":27.0,"turns":4.0},{"damage":0.0,"enemies":"Chosen and Byrds","floor":29.0,"turns":3.0},{"damage":0.0,"enemies":"3 Cultists","floor":30.0,"turns":1.0},{"damage":0.0,"enemies":"Sentry and Sphere","floor":31.0,"turns":2.0},{"damage":60.0,"enemies":"Champ","floor":33.0,"turns":8.0},{"damage":19.0,"enemies":"3 Shapes","floor":35.0,"turns":3.0},{"damage":0.0,"enemies":"Mind Bloom Boss Battle","floor":36.0,"turns":3.0},{"damage":5.0,"enemies":"3 Darklings","floor":37.0,"turns":3.0},{"damage":6.0,"enemies":"Maw","floor":41.0,"turns":5.0},{"damage":45.0,"enemies":"Giant Head","floor":42.0,"turns":6.0},{"damage":47,"enemies":"Nemesis","floor":45,"turns":7},{"damage":12,"enemies":"4 Shapes","floor":47,"turns":2},{"damage":0,"enemies":"Spire Growth","floor":48,"turns":3},{"damage":59,"enemies":"Awakened One","floor":50,"turns":9}],"seed_played":"1794509737966594598","potions_obtained":[{"floor":1.0,"key":"Energy Potion"},{"floor":7.0,"key":"Explosive Potion"},{"floor":16.0,"key":"Weak Potion"}],"is_trial":false,"path_per_floor":["M","$","?","M","$","R","E","?","T","R","M","R","?","M","R","B",null,"M","$","?","?","M","E","R","E","T","E","?","M","M","M","R","B",null,"M","?","M","$","?","R","M","E","T","$","E","?","M","M","R","B",null],"character_chosen":"IRONCLAD","items_purchased":["Whirlwind","Flex","Master of Strategy","Strength Potion","Happy Flower","Paper Frog","Mango"],"campfire_rested":1,"item_purchase_floors":[2,2,2,5,19,44,44],"current_hp_per_floor":[50,50,39,45,45,45,51,56,56,62,68,77,77,73,82,9,85,76,76,76,76,82,85,85,76,76,67,67,73,79,85,85,31,85,72,85,85,85,85,85,85,46,46,60,19,19,13,19,57,29],"gold":169,"neow_bonus":"TWO_FIFTY_GOLD","is_daily":false,"chose_seed":false,"campfire_upgraded":7,"win_rate":0.0,"timestamp":1609682798,"path_taken":["M","$","?","M","$","R","E","?","T","R","M","R","?","?","R","BOSS","M","$","?","?","M","E","R","E","T","E","?","M","M","?","R","BOSS","M","?","M","$","?","R","M","E","T","$","E","?","M","M","R","BOSS"],"items_purchased_type":["Card","Card","Card","Potion","Relic","Relic","Relic"],"build_version":"2020-12-22","purchased_purges":3,"victory":true,"max_hp_per_floor":[80,80,80,80,80,80,80,85,85,85,85,85,85,85,85,85,85,85,85,85,85,85,85,85,85,85,85,85,85,85,85,85,85,85,85,85,85,85,85,85,85,85,85,99,99,99,99,99,99,99],"card_choices":[{"not_picked":["Metallicize","Pummel"],"picked":"Cleave","floor":1.0},{"not_picked":["Rampage","Anger","Warcry"],"picked":"SKIP","floor":4.0},{"not_picked":["Double Tap","Iron Wave","Whirlwind"],"picked":"SKIP","floor":7.0},{"not_picked":["Iron Wave","Whirlwind"],"picked":"Double Tap","floor":7.0},{"not_picked":["Body Slam","Clothesline"],"picked":"Thunderclap","floor":11.0},{"not_picked":["Clothesline","Juggernaut"],"picked":"Battle Trance","floor":14.0},{"not_picked":["Berserk","Limit Break"],"picked":"Bludgeon","floor":16.0},{"not_picked":["Combust","Heavy Blade","Body Slam+1"],"picked":"SKIP","floor":18.0},{"not_picked":["Ghostly Armor","Rampage","Reckless Charge"],"picked":"SKIP","floor":22.0},{"not_picked":["Searing Blow+1","Rupture+1","Pummel"],"picked":"SKIP","floor":23.0},{"not_picked":["Bloodletting","Sword Boomerang","Ghostly Armor+1"],"picked":"SKIP","floor":25.0},{"not_picked":["Bloodletting","Sword Boomerang"],"picked":"Ghostly Armor+1","floor":25.0},{"not_picked":["Juggernaut","Pommel Strike","Reckless Charge"],"picked":"SKIP","floor":27.0},{"not_picked":["Thunderclap","Whirlwind","Dual Wield+1"],"picked":"SKIP","floor":29.0},{"not_picked":["Second Wind","Infernal Blade"],"picked":"Feel No Pain+1","floor":30.0},{"not_picked":["Clash+1","Headbutt","Fire Breathing"],"picked":"SKIP","floor":31.0},{"not_picked":["Fiend Fire","Bludgeon"],"picked":"Impervious","floor":33.0},{"not_picked":["Iron Wave","Anger","Sword Boomerang"],"picked":"SKIP","floor":35.0},{"not_picked":["Thunderclap","Clothesline+1"],"picked":"Inflame+1","floor":36.0},{"not_picked":["Iron Wave+1","Perfected Strike+1","Armaments+1"],"picked":"SKIP","floor":37.0},{"not_picked":["Headbutt+1","Cleave","Armaments"],"picked":"SKIP","floor":37.0},{"not_picked":["Juggernaut","Body Slam","Whirlwind+1"],"picked":"SKIP","floor":41.0},{"not_picked":["Thunderclap+1","Rampage+1","Warcry+1"],"picked":"SKIP","floor":41.0},{"not_picked":["Power Through","Flame Barrier"],"picked":"Dark Embrace+1","floor":42.0},{"not_picked":["Flame Barrier","Juggernaut","Combust+1"],"picked":"SKIP","floor":45},{"not_picked":["Sword Boomerang","Twin Strike+1","True Grit"],"picked":"SKIP","floor":47},{"not_picked":["Flex+1","Thunderclap","Barricade"],"picked":"SKIP","floor":47},{"not_picked":["Sword Boomerang","Warcry","Seeing Red"],"picked":"SKIP","floor":48},{"not_picked":["Headbutt","Pummel+1","Flex+1"],"picked":"SKIP","floor":48}],"player_experience":10002,"relics_obtained":[{"floor":7.0,"key":"Unceasing Top"},{"floor":9.0,"key":"Eternal Feather"},{"floor":23.0,"key":"Oddly Smooth Stone"},{"floor":25.0,"key":"Sundial"},{"floor":26.0,"key":"Pantograph"},{"floor":27.0,"key":"MawBank"},{"floor":36.0,"key":"Prayer Wheel"},{"floor":42.0,"key":"Calipers"},{"floor":45,"key":"Potion Belt"}],"event_choices":[{"damage_healed":0.0,"max_hp_gain":0.0,"max_hp_loss":0.0,"gold_gain":75.0,"event_name":"World of Goop","player_choice":"Gather Gold","floor":3.0,"gold_loss":0.0,"damage_taken":11.0},{"damage_healed":0.0,"max_hp_gain":5.0,"max_hp_loss":0.0,"gold_gain":0.0,"event_name":"Big Fish","player_choice":"Donut","floor":8.0,"gold_loss":0.0,"damage_taken":0.0},{"damage_healed":0.0,"max_hp_gain":0.0,"max_hp_loss":0.0,"gold_gain":0.0,"event_name":"FaceTrader","player_choice":"Trade","floor":13.0,"gold_loss":0.0,"damage_taken":0.0,"relics_obtained":["SsserpentHead"]},{"cards_removed":["Strike_R"],"damage_healed":0.0,"max_hp_gain":0.0,"max_hp_loss":0.0,"gold_gain":0.0,"event_name":"Back to Basics","player_choice":"Elegance","floor":20.0,"gold_loss":0.0,"damage_taken":0.0},{"damage_healed":0.0,"max_hp_gain":0.0,"max_hp_loss":0.0,"gold_gain":0.0,"event_name":"Ghosts","player_choice":"Ignored","floor":21.0,"gold_loss":0.0,"damage_taken":0.0},{"damage_healed":0.0,"max_hp_gain":0.0,"max_hp_loss":0.0,"gold_gain":0.0,"event_name":"WeMeetAgain","player_choice":"Paid Gold","floor":28.0,"gold_loss":87.0,"damage_taken":0.0,"relics_obtained":["Ornamental Fan"]},{"damage_healed":0.0,"max_hp_gain":0.0,"max_hp_loss":0.0,"gold_gain":0.0,"event_name":"MindBloom","player_choice":"Fight","floor":36.0,"gold_loss":0.0,"damage_taken":0.0},{"damage_healed":0.0,"max_hp_gain":0.0,"max_hp_loss":0.0,"gold_gain":0.0,"event_name":"Tomb of Lord Red Mask","player_choice":"Ignored","floor":39.0,"gold_loss":0.0,"damage_taken":0.0},{"damage_healed":0,"gold_gain":0,"player_choice":"0 cards matched","damage_taken":0,"max_hp_gain":0,"max_hp_loss":0,"event_name":"Match and Keep!","floor":46,"gold_loss":0,"cards_obtained":[]}],"is_beta":false,"boss_relics":[{"not_picked":["Calling Bell","Tiny House"],"picked":"Sozu"},{"not_picked":["Busted Crown","Velvet Choker"],"picked":"Cursed Key"}],"items_purged_floors":[2,19,38],"is_endless":false,"potions_floor_spawned":[1,7,16,22,25,29,33,35,41,45,47],"ascension_level":1}}