{"host":"a1eatafr7pisesky","time":1609669717,"event":{"mods":["BaseMod","Colored Map","DeckTracker","Highlight Path","Keyboard Shortcuts","Minty Spire (QoL Compilation)","Permanent Neow","Random Character Button","StSLib","SuperFastMode","everything is the same but u backflip on backflip"],"gold_per_floor":[117,132,152,152,152,179,192,192,210,210,210,210],"floor_reached":11,"playtime":217,"items_purged":[],"score":115,"play_id":"13a48a86-a848-487a-a43a-1655f1b2cc50","local_time":"20210103192837","is_ascension_mode":true,"campfire_choices":[{"data":"Sunder","floor":8,"key":"SMITH"}],"circlet_count":0,"master_deck":["Strike_B","Strike_B","Strike_B","Defend_B","Defend_B","Defend_B","Defend_B","Zap","Dualcast","Skim","Lockon","Biased Cognition","Sunder+1","Ball Lightning","Go for the Eyes"],"relics":["Coffee Dripper","StrikeDummy","Turnip","Gremlin Horn"],"acts_visited":["Exordium"],"potions_floor_usage":[11],"damage_taken":[{"damage":13.0,"enemies":"2 Louse","floor":1.0,"turns":3.0},{"damage":7.0,"enemies":"Jaw Worm","floor":2.0,"turns":4.0},{"damage":10,"enemies":"Small Slimes","floor":3,"turns":3},{"damage":25,"enemies":"3 Sentries","floor":6,"turns":5},{"damage":6,"enemies":"Looter","floor":7,"turns":2},{"damage":0,"enemies":"3 Louse","floor":9,"turns":2},{"damage":0,"enemies":"Lagavulin","floor":11,"turns":3},{"damage":0,"enemies":"Lagavulin","floor":11,"turns":1}],"seed_played":"5496648669270228665","potions_obtained":[{"floor":1.0,"key":"FocusPotion"},{"floor":7,"key":"SmokeBomb"}],"is_trial":false,"path_per_floor":["M","M","M","?","T","E","M","R","M","T","E"],"character_chosen":"DEFECT","items_purchased":[],"campfire_rested":0,"item_purchase_floors":[],"current_hp_per_floor":[55,48,38,38,38,13,7,7,7,7,7,7],"gold":210,"neow_bonus":"BOSS_RELIC","is_daily":false,"chose_seed":false,"campfire_upgraded":1,"win_rate":0.0,"timestamp":1609669717,"path_taken":["M","M","M","?","?","E","M","R","M","T","E"],"items_purchased_type":[],"build_version":"2020-12-22","purchased_purges":0,"victory":false,"max_hp_per_floor":[75,75,75,75,75,75,75,75,75,75,75,75],"card_choices":[{"not_picked":["Steam","Beam Cell"],"picked":"Skim","floor":1.0},{"not_picked":["Stack","Steam"],"picked":"Lockon","floor":2},{"not_picked":["Conserve Battery","Double Energy"],"picked":"Biased Cognition","floor":3},{"not_picked":["Steam","Cold Snap"],"picked":"Sunder","floor":6},{"not_picked":["Rebound","Compile Driver"],"picked":"Ball Lightning","floor":7},{"not_picked":["Gash","Darkness"],"picked":"Go for the Eyes","floor":9}],"player_experience":281952,"relics_obtained":[{"floor":5,"key":"StrikeDummy"},{"floor":6,"key":"Turnip"},{"floor":10,"key":"Gremlin Horn"}],"event_choices":[{"cards_removed":["Strike_B"],"damage_healed":0,"gold_gain":0,"player_choice":"Forget","damage_taken":0,"max_hp_gain":0,"max_hp_loss":0,"event_name":"Living Wall","floor":4,"gold_loss":0}],"is_beta":false,"boss_relics":[],"items_purged_floors":[],"is_endless":false,"potions_floor_spawned":[1,7,11],"killed_by":"Lagavulin","ascension_level":7}}