{"host":"4sl6z5xrlou33vwc","time":1609704468,"event":{"mods":["AchievementEnabler","BaseMod","Colored Powertips","DeckTracker","Downfall","Marisa????????","Minty Spire (QoL Compilation)","StSLib"],"gold_per_floor":[16,29,49,67,83,83,102,116,169,169,183,208,208,208,208,304,304],"floor_reached":16,"playtime":883,"items_purged":[],"score":146,"play_id":"4f2323b7-872f-44ac-95b1-f242e6188e8b","local_time":"20210103210748","is_ascension_mode":false,"campfire_choices":[{"data":"UpSweep","floor":6,"key":"SMITH"},{"data":"GalacticHalo","floor":10,"key":"SMITH"},{"data":"MagicAbsorber","floor":13,"key":"SMITH"},{"data":"OneTimeOff","floor":15,"key":"SMITH"}],"circlet_count":0,"master_deck":["Strike_MRS","Strike_MRS","Strike_MRS","Strike_MRS","Defend_MRS","Defend_MRS","Defend_MRS","UpSweep+1","AlicesGift","GasGiant","EarthLightRay","SuperPerseids","LuminesStrike","OneTimeOff+1","GalacticHalo+1","MagicAbsorber+1","Parasite","Parasite","BinaryStars"],"relics":["MiniHakkero","ShroomBag","Mercury Hourglass"],"acts_visited":["Exordium"],"potions_floor_usage":[11,11,12,12],"damage_taken":[{"damage":3,"enemies":"Jaw Worm","floor":1,"turns":4},{"damage":0,"enemies":"2 Louse","floor":2,"turns":2},{"damage":5,"enemies":"Small Slimes","floor":3,"turns":3},{"damage":15,"enemies":"Exordium Wildlife","floor":4,"turns":6},{"damage":10,"enemies":"Large Slime","floor":5,"turns":7},{"damage":0,"enemies":"Looter","floor":7,"turns":3},{"damage":6,"enemies":"3 Louse","floor":8,"turns":4},{"damage":0,"enemies":"Blue Slaver","floor":11,"turns":4},{"damage":14,"enemies":"The Mushroom Lair","floor":12,"turns":5},{"damage":37,"enemies":"Slime Boss","floor":16,"turns":10}],"seed_played":"1980849367696655109","potions_obtained":[{"floor":2,"key":"SpeedPotion"},{"floor":7,"key":"BlessingOfTheForge"},{"floor":8,"key":"DistilledChaos"},{"floor":11,"key":"BottledSpark"}],"is_trial":false,"path_per_floor":["M","M","M","M","M","R","M","M","T","R","M","?","R","?","R","B"],"character_chosen":"MARISA","items_purchased":[],"campfire_rested":0,"item_purchase_floors":[],"current_hp_per_floor":[72,72,70,59,53,53,57,55,55,55,59,49,49,37,37,8,8],"gold":304,"neow_bonus":"TRANSFORM_TWO_CARDS","is_daily":false,"chose_seed":false,"campfire_upgraded":4,"win_rate":0.0,"timestamp":1609704468,"path_taken":["M","M","M","M","M","R","M","M","T","R","M","?","R","?","R","BOSS"],"items_purchased_type":[],"build_version":"2020-12-22","purchased_purges":0,"victory":false,"max_hp_per_floor":[75,75,75,75,75,75,75,75,75,75,75,75,75,75,75,75,75],"card_choices":[{"not_picked":["UnstableBomb","FairyDestructionRay","MilkyWay"],"picked":"SKIP","floor":1},{"not_picked":["DC","6A"],"picked":"EarthLightRay","floor":2},{"not_picked":["AsteroidBelt","LuminesStrike"],"picked":"SuperPerseids","floor":3},{"not_picked":["FairyDestructionRay","6A","Acceleration"],"picked":"SKIP","floor":4},{"not_picked":["UnstableBomb","Robbery"],"picked":"LuminesStrike","floor":5},{"not_picked":["FairyDestructionRay","DC"],"picked":"OneTimeOff","floor":7},{"not_picked":["6A","Acceleration"],"picked":"GalacticHalo","floor":8},{"not_picked":["WitchLeyline","GravityBeat"],"picked":"MagicAbsorber","floor":11},{"not_picked":["PowerUp","ShootingEcho"],"picked":"BinaryStars","floor":12}],"player_experience":367228,"relics_obtained":[{"floor":12,"key":"ShroomBag"}],"event_choices":[{"damage_healed":0,"gold_gain":0,"player_choice":"Fought Mushrooms","damage_taken":0,"max_hp_gain":0,"max_hp_loss":0,"event_name":"Mushrooms_MRS","floor":12,"gold_loss":0},{"damage_healed":0,"gold_gain":0,"player_choice":"Success","damage_taken":12,"relics_obtained":["Mercury Hourglass"],"max_hp_gain":0,"max_hp_loss":0,"event_name":"Scrap Ooze","floor":14,"gold_loss":0}],"is_beta":false,"boss_relics":[],"items_purged_floors":[],"is_endless":false,"potions_floor_spawned":[2,7,8,11],"killed_by":"Slime Boss","ascension_level":0}}