{"host":"nzm1i0l8mrsm8hd2","time":1609685230,"event":{"mods":["Act Like it!","Aspiration","BaseMod","CapriCore","Challenge The Spire","Conspire","Gensokyo","Minty Spire (QoL Compilation)","Pale of the Ancients","Quick Restart","RumiaBox-露米娅的神秘盒子","Spicy Shops","StSLib","The Immortal","The Jungle","The Mystic","Wandering Minibosses","Yakumo Yukari mod"],"gold_per_floor":[111,211,227,227,67,101,101,144,144,69,0,14,14,43,43,144,144,106,125,125,25,38,73,73,23,23],"floor_reached":25,"playtime":1268,"items_purged":["mysticmod:Strike_Mystic","mysticmod:Strike_Mystic"],"score":302,"play_id":"9fe82925-16b7-4272-be22-304d6014a007","local_time":"20210103224710","is_ascension_mode":false,"campfire_choices":[{"data":"mysticmod:Sideswipe","floor":7,"key":"SMITH"},{"data":"mysticmod:FiveFootStep","floor":13,"key":"SMITH"},{"data":"mysticmod:ArcaneAccuracy","floor":15,"key":"SMITH"},{"data":"mysticmod:Momentum","floor":24,"key":"SMITH"}],"circlet_count":0,"master_deck":["mysticmod:Strike_Mystic","mysticmod:Strike_Mystic","mysticmod:Defend_Mystic","mysticmod:Defend_Mystic","mysticmod:Defend_Mystic","mysticmod:ArcaneDodge","mysticmod:ShockingGrasp","mysticmod:Sideswipe+1","mysticmod:FiveFootStep+1","mysticmod:ArcaneAccuracy+1","mysticmod:ComboCaster","mysticmod:ComboCaster+1","mysticmod:Momentum+1","mysticmod:ComboCaster","mysticmod:EnergizedRift","mysticmod:Flourish","mysticmod:Grapple"],"relics":["mysticmod:BlessedBook","NeowsBlessing","Gensokyo:BookOfSpecters","MagicDraw4","LastBattle","Potion Belt","Baka2","Art of War"],"acts_visited":["Exordium","Gensokyo:Gensokyo"],"potions_floor_usage":[8,22,22,22,25,25],"damage_taken":[{"damage":0,"enemies":"Gensokyo:Gryphon","floor":1,"turns":1},{"damage":4,"enemies":"Gensokyo:3_Fairies","floor":3,"turns":2},{"damage":0,"enemies":"Gensokyo:Aya","floor":6,"turns":1},{"damage":3,"enemies":"conspire:MimicChest","floor":8,"turns":8},{"damage":0,"enemies":"Gensokyo:Python","floor":12,"turns":2},{"damage":9,"enemies":"Gensokyo:Mamizou","floor":14,"turns":6},{"damage":13,"enemies":"Gensokyo:Yukari","floor":16,"turns":7},{"damage":0,"enemies":"Gensokyo:2_Gloops","floor":18,"turns":6},{"damage":17,"enemies":"Gensokyo:CosmicMonolith","floor":19,"turns":6},{"damage":24,"enemies":"Gensokyo:3_Gloops","floor":22,"turns":4},{"damage":15,"enemies":"Gensokyo:Koishi","floor":23,"turns":4},{"damage":83,"enemies":"Gensokyo:Mirror_and_Dog","floor":25,"turns":4}],"seed_played":"-1241792801538441536","potions_obtained":[{"floor":3,"key":"AttackPotion"},{"floor":8,"key":"Energy Potion"},{"floor":12,"key":"Swift Potion"},{"floor":16,"key":"Weak Potion"},{"floor":19,"key":"AttackPotion"},{"floor":23,"key":"AttackPotion"}],"is_trial":false,"path_per_floor":["M","?","M","?","?","E","R","?","T","$","?","M","R","E","R","B",null,"M","M","?","$","M","E","R","M"],"character_chosen":"MYSTIC_CLASS","items_purchased":[],"campfire_rested":0,"item_purchase_floors":[],"current_hp_per_floor":[77,77,73,83,83,83,83,80,80,80,114,114,114,105,105,92,117,117,100,100,100,76,61,61,0,0],"gold":23,"neow_bonus":"THREE_ENEMY_KILL","is_daily":false,"chose_seed":false,"campfire_upgraded":4,"win_rate":0.0,"timestamp":1609685230,"path_taken":["M","?","M","?","?","E","R","?","T","?","?","M","R","E","R","BOSS","M","M","?","$","?","E","R","M"],"items_purchased_type":[],"build_version":"2020-12-22","purchased_purges":2,"victory":false,"max_hp_per_floor":[77,77,107,117,117,117,117,117,117,117,117,117,117,117,117,117,117,117,117,117,117,117,117,117,117,117],"card_choices":[{"not_picked":["mysticmod:TomeOfSpells","mysticmod:Riposte","mysticmod:BulkUp"],"picked":"SKIP","floor":1},{"not_picked":["mysticmod:BladedDash","mysticmod:PureInstinct","mysticmod:TomeOfSpells"],"picked":"SKIP","floor":3},{"not_picked":["mysticmod:Disintegrate","mysticmod:ChargedParry"],"picked":"mysticmod:Sideswipe","floor":6},{"not_picked":["mysticmod:Shield","mysticmod:ChargedParry"],"picked":"mysticmod:FiveFootStep","floor":12},{"not_picked":["mysticmod:BulkUp","mysticmod:TomeOfSpells"],"picked":"mysticmod:ComboCaster","floor":14},{"not_picked":["mysticmod:MysticalShield","mysticmod:Disintegrate"],"picked":"mysticmod:Momentum","floor":16},{"not_picked":["mysticmod:Disengage","mysticmod:DiviningBlow"],"picked":"mysticmod:ComboCaster","floor":18},{"not_picked":["mysticmod:HunkerDown","mysticmod:MirrorStrike"],"picked":"mysticmod:EnergizedRift","floor":19},{"not_picked":["mysticmod:Riposte+1","mysticmod:Disengage"],"picked":"mysticmod:Flourish","floor":22},{"not_picked":["mysticmod:BladedDash","mysticmod:CorrosiveTouch","mysticmod:Snowball"],"picked":"SKIP","floor":22},{"not_picked":["mysticmod:Discipline","mysticmod:LightningBolt","mysticmod:ComponentsPouch"],"picked":"SKIP","floor":22},{"not_picked":["mysticmod:Snowball+1","mysticmod:Dedication","mysticmod:Riposte"],"picked":"SKIP","floor":22},{"not_picked":["mysticmod:CorrosiveTouch","mysticmod:StyleChange"],"picked":"mysticmod:Grapple","floor":23}],"player_experience":577475,"relics_obtained":[{"floor":1,"key":"Baka"},{"floor":6,"key":"MagicDraw4"},{"floor":8,"key":"LastBattle"},{"floor":9,"key":"Dead Branch"},{"floor":14,"key":"Potion Belt"},{"floor":22,"key":"Baka2"},{"floor":23,"key":"Art of War"}],"event_choices":[],"is_beta":false,"boss_relics":[{"not_picked":["Runic Dome","Tiny House"],"picked":"mysticmod:BlessedBook"}],"items_purged_floors":[10,21],"is_endless":false,"potions_floor_spawned":[3,8,12,16,19,23],"killed_by":"Gensokyo:Mirror_and_Dog","ascension_level":0}}