{"host":"jzjaw782v8gfe8gb","time":1609702330,"event":{"mods":["BaseMod","Better Altar","Better Match","Better Note","Better Sensory Stone","Better Skull","Better Third Choice","Koishi","Minty Spire (QoL Compilation)","StSLib"],"gold_per_floor":[112,122,122,138,154,154,188,207,207,218,247,247,264,277,277,379,379,392,408,426,443,462,493,493,493,493,263,263,263],"floor_reached":28,"playtime":4842,"items_purged":["Koishi:BasicStrike"],"score":256,"play_id":"0f81e1c3-0725-46a8-bc15-b63555a48992","local_time":"20210103113210","is_ascension_mode":false,"campfire_choices":[{"data":"Koishi:PhilosophyOfTheDespised","floor":6,"key":"SMITH"},{"data":"Koishi:EmbryosDream","floor":12,"key":"SMITH"},{"data":"Koishi:FidgetySnatcher","floor":15,"key":"SMITH"},{"data":"Koishi:SilentAndRestless","floor":25,"key":"SMITH"}],"circlet_count":0,"master_deck":["Koishi:BasicStrike","Koishi:BasicStrike","Koishi:BasicDefend","Koishi:BasicDefend","Koishi:BasicDefend","Koishi:BasicDefend","Koishi:Provoke","Koishi:HauntingSlash","Koishi:EmbryosDream+1","Koishi:JumpScare","Koishi:CatchAndRose","Koishi:PhilosophyOfTheDespised+1","Koishi:FidgetySnatcher+1","Koishi:EmbryosDream+1","Koishi:UnconsciousUrges","Koishi:BramblyRoseGarden+1","Koishi:SilentAndRestless+1"],"relics":["Koishi:ImaginaryFriend","Ginger","Meat on the Bone","Pantograph","Black Star","HornCleat","InkBottle","PreservedInsect"],"acts_visited":["Exordium","TheCity"],"potions_floor_usage":[5,8,16,18,21,23],"damage_taken":[{"damage":0,"enemies":"Cultist","floor":1,"turns":6},{"damage":0,"enemies":"2 Louse","floor":2,"turns":4},{"damage":1,"enemies":"Jaw Worm","floor":4,"turns":6},{"damage":4,"enemies":"2 Fungi Beasts","floor":5,"turns":2},{"damage":10,"enemies":"Lagavulin","floor":7,"turns":9},{"damage":3,"enemies":"Exordium Wildlife","floor":8,"turns":7},{"damage":0,"enemies":"Looter","floor":10,"turns":6},{"damage":7,"enemies":"Gremlin Nob","floor":11,"turns":9},{"damage":2,"enemies":"Red Slaver","floor":13,"turns":6},{"damage":0,"enemies":"3 Louse","floor":14,"turns":6},{"damage":15,"enemies":"Hexaghost","floor":16,"turns":12},{"damage":20,"enemies":"Spheric Guardian","floor":18,"turns":9},{"damage":17,"enemies":"Shell Parasite","floor":19,"turns":12},{"damage":21,"enemies":"Snake Plant","floor":20,"turns":7},{"damage":6,"enemies":"Centurion and Healer","floor":21,"turns":9},{"damage":9,"enemies":"Shelled Parasite and Fungi","floor":22,"turns":12},{"damage":18,"enemies":"Book of Stabbing","floor":23,"turns":7},{"damage":44,"enemies":"Masked Bandits","floor":28,"turns":3}],"seed_played":"2963733173828024885","potions_obtained":[{"floor":2,"key":"Fire Potion"},{"floor":4,"key":"Dexterity Potion"},{"floor":10,"key":"Explosive Potion"},{"floor":13,"key":"SkillPotion"},{"floor":14,"key":"Fire Potion"},{"floor":20,"key":"Block Potion"},{"floor":22,"key":"Energy Potion"}],"is_trial":false,"path_per_floor":["M","M","?","M","M","R","E","M","T","M","E","R","M","M","R","B",null,"M","M","M","M","M","E","?","R","T","$","?"],"character_chosen":"KOISHI","items_purchased":["PreservedInsect"],"campfire_rested":0,"item_purchase_floors":[27],"current_hp_per_floor":[60,60,60,60,56,56,51,52,52,57,55,55,57,60,60,49,60,41,41,35,33,41,38,38,38,38,38,0,0],"gold":263,"neow_bonus":"REMOVE_CARD","is_daily":false,"chose_seed":false,"campfire_upgraded":4,"win_rate":0.0,"timestamp":1609702330,"path_taken":["M","M","?","M","M","R","E","M","T","M","E","R","?","?","R","BOSS","M","M","M","M","?","E","?","R","T","$","?"],"items_purchased_type":["Relic"],"build_version":"2020-12-22","purchased_purges":1,"victory":false,"max_hp_per_floor":[60,60,60,60,60,60,60,60,60,60,60,60,60,60,60,60,60,60,60,60,60,60,60,60,60,60,60,60,60],"card_choices":[{"not_picked":["Koishi:SpiritedAway","Koishi:Catatonia"],"picked":"Koishi:EmbryosDream","floor":1},{"not_picked":["Koishi:ReleaseOfTheId","Koishi:BloodcurdlingScream"],"picked":"Koishi:JumpScare","floor":2},{"not_picked":["Koishi:HeartfeltFancy","Koishi:SubterraneanRose"],"picked":"Koishi:CatchAndRose","floor":4},{"not_picked":["Koishi:JumpScare","Koishi:StingingMind"],"picked":"Koishi:PhilosophyOfTheDespised","floor":5},{"not_picked":["Koishi:UnconsciousUprising","Koishi:UnansweredLove","Koishi:Possession"],"picked":"SKIP","floor":7},{"not_picked":["Koishi:FleetingPhantom","Koishi:HeartAttack","Koishi:JumpScare"],"picked":"SKIP","floor":8},{"not_picked":["Koishi:HeartfeltFancy","Koishi:ReflexRadar","Koishi:FreudianInstinct"],"picked":"SKIP","floor":10},{"not_picked":["Koishi:Possession","Koishi:RorschachInDanmaku","Koishi:BloodcurdlingScream"],"picked":"SKIP","floor":11},{"not_picked":["Koishi:UnansweredLove","Koishi:DreadfulBlow"],"picked":"Koishi:FidgetySnatcher","floor":13},{"not_picked":["Koishi:StingingMind","Koishi:UnconsciousUprising","Koishi:CatchAndRose"],"picked":"SKIP","floor":14},{"not_picked":["Koishi:SpiritedAway","Koishi:MassHysteria","Koishi:Jaunt+1"],"picked":"SKIP","floor":18},{"not_picked":["Koishi:HeartfeltFancy","Koishi:DreadfulBlow"],"picked":"Koishi:EmbryosDream+1","floor":19},{"not_picked":["Koishi:ApparitionsStalkTheNight","Koishi:ParalyzingFear","Koishi:FleetingPhantom"],"picked":"SKIP","floor":20},{"not_picked":["Koishi:StingingMind+1","Koishi:FidgetySnatcher"],"picked":"Koishi:UnconsciousUrges","floor":21},{"not_picked":["Koishi:EmbryosDream","Koishi:Whimsy"],"picked":"Koishi:BramblyRoseGarden+1","floor":22},{"not_picked":["Koishi:SubconsciousSweep+1","Koishi:GeneticsOfTheUnconscious"],"picked":"Koishi:SilentAndRestless","floor":23}],"player_experience":2053716,"relics_obtained":[{"floor":7,"key":"Ginger"},{"floor":9,"key":"Meat on the Bone"},{"floor":11,"key":"Pantograph"},{"floor":23,"key":"HornCleat"},{"floor":26,"key":"InkBottle"}],"event_choices":[{"damage_healed":0,"gold_gain":0,"player_choice":"Bought 0 Potions","damage_taken":0,"max_hp_gain":0,"max_hp_loss":0,"event_name":"The Woman in Blue","floor":3,"gold_loss":0},{"damage_healed":0,"gold_gain":0,"player_choice":"Ignored","damage_taken":0,"max_hp_gain":0,"max_hp_loss":0,"event_name":"betterNote:BetterNote","floor":24,"gold_loss":0,"cards_obtained":["Ragnarok"]},{"damage_healed":0,"gold_gain":0,"player_choice":"Fought Bandits","damage_taken":0,"max_hp_gain":0,"max_hp_loss":0,"event_name":"Masked Bandits","floor":28,"gold_loss":0}],"is_beta":false,"boss_relics":[{"not_picked":["SlaversCollar","Sozu"],"picked":"Black Star"}],"items_purged_floors":[27],"is_endless":false,"potions_floor_spawned":[2,4,10,13,14,20,22],"killed_by":"Masked Bandits","ascension_level":0}}