{"host":"tw4sg9io217sih45","time":1609657725,"event":{"mods":["AchievementEnabler","BaseMod","Colored Map","Highlight Path","Minty Spire (QoL Compilation)"],"gold_per_floor":[114,124,124,138,23,54,54,66,66,66,78,95,95,95,95],"floor_reached":14,"playtime":792,"items_purged":["Strike_B"],"score":97,"play_id":"dbbccd49-21eb-4a28-9953-9a6e3db167d1","local_time":"20210103150845","is_ascension_mode":true,"campfire_choices":[{"data":"Conserve Battery","floor":7,"key":"SMITH"},{"data":"Redo","floor":10,"key":"SMITH"}],"circlet_count":0,"master_deck":["Strike_B","Strike_B","Strike_B","Defend_B","Defend_B","Defend_B","Defend_B","Zap","Dualcast","Forethought","Capacitor","Conserve Battery+1","Capacitor","Storm","BootSequence","Redo+1","Glacier"],"relics":["Cracked Core","Gremlin Horn","Ornamental Fan","The Courier"],"acts_visited":["Exordium"],"potions_floor_usage":[6,14,14],"damage_taken":[{"damage":0,"enemies":"Small Slimes","floor":1,"turns":3},{"damage":1,"enemies":"Cultist","floor":2,"turns":4},{"damage":1,"enemies":"2 Louse","floor":4,"turns":3},{"damage":13,"enemies":"Lagavulin","floor":6,"turns":8},{"damage":0,"enemies":"Looter","floor":8,"turns":3},{"damage":4,"enemies":"2 Fungi Beasts","floor":11,"turns":4},{"damage":0,"enemies":"Exordium Wildlife","floor":12,"turns":2},{"damage":77,"enemies":"Gremlin Nob","floor":14,"turns":5}],"seed_played":"9002044955379661694","potions_obtained":[{"floor":1,"key":"ColorlessPotion"},{"floor":3,"key":"EssenceOfDarkness"},{"floor":3,"key":"LiquidMemories"},{"floor":8,"key":"SteroidPotion"},{"floor":12,"key":"BlessingOfTheForge"}],"is_trial":false,"path_per_floor":["M","M","?","M","$","E","R","M","T","R","M","M","?","E"],"character_chosen":"DEFECT","items_purchased":["Storm"],"campfire_rested":0,"item_purchase_floors":[5],"current_hp_per_floor":[75,74,74,73,73,60,60,60,60,60,56,56,56,0,0],"gold":95,"neow_bonus":"RANDOM_COLORLESS","is_daily":false,"chose_seed":false,"campfire_upgraded":2,"win_rate":0.0,"timestamp":1609657725,"path_taken":["M","M","?","?","$","E","R","M","T","R","M","M","?","E"],"items_purchased_type":["Card"],"build_version":"2020-12-22","purchased_purges":1,"victory":false,"max_hp_per_floor":[75,75,75,75,75,75,75,75,75,75,75,75,75,75,75],"card_choices":[{"not_picked":["Madness","Purity"],"picked":"Forethought","floor":0},{"not_picked":["Streamline","Barrage"],"picked":"Capacitor","floor":1},{"not_picked":["Stack","Auto Shields"],"picked":"Conserve Battery","floor":2},{"not_picked":["Go for the Eyes","Doom and Gloom"],"picked":"Capacitor","floor":4},{"not_picked":["FTL","Skim"],"picked":"BootSequence","floor":6},{"not_picked":["Heatsinks","Steam"],"picked":"Redo","floor":8},{"not_picked":["Barrage","Ball Lightning"],"picked":"Glacier","floor":11},{"not_picked":["Force Field","Aggregate","Doom and Gloom"],"picked":"SKIP","floor":12}],"player_experience":193989,"relics_obtained":[{"floor":6,"key":"Gremlin Horn"},{"floor":9,"key":"Ornamental Fan"}],"event_choices":[{"damage_healed":0,"gold_gain":0,"player_choice":"Got Potions","damage_taken":0,"max_hp_gain":0,"max_hp_loss":0,"event_name":"Lab","floor":3,"gold_loss":0},{"damage_healed":0,"gold_gain":0,"player_choice":"Searched \u00271\u0027 times","damage_taken":0,"relics_obtained":["The Courier"],"max_hp_gain":0,"max_hp_loss":0,"event_name":"Dead Adventurer","floor":13,"gold_loss":0}],"is_beta":false,"boss_relics":[],"items_purged_floors":[5],"is_endless":false,"potions_floor_spawned":[1,4,8,12],"killed_by":"Gremlin Nob","ascension_level":1}}