{"host":"i0avyit1s6jb1siw","time":1609652880,"event":{"mods":["BaseMod","DeckTracker","Dota2Spire","Highlight Path","Minty Spire (QoL Compilation)","Quick Restart","StSLib","SuperFastMode"],"gold_per_floor":[109,34,34,47,47,47,47,86,110,146,159,78,91,116,116,116,116],"floor_reached":16,"playtime":253,"items_purged":["Defend_P"],"score":320,"play_id":"f2d7baca-5a84-4c78-8a22-d7589f743833","local_time":"20210103064800","is_ascension_mode":true,"campfire_choices":[{"data":"Eruption","floor":6,"key":"SMITH"},{"data":"Scrawl","floor":15,"key":"SMITH"}],"circlet_count":0,"master_deck":["AscendersBane","Strike_P","Strike_P","Strike_P","Defend_P","Defend_P","Defend_P","Eruption+1","Vigilance","TalkToTheHand+1","Scrawl+1","WreathOfFlame+1","EmptyFist","InnerPeace+1","WheelKick","Perseverance+1"],"relics":["PureWater","NeowsBlessing","Golden Idol","Art of War","Boot","Toxic Egg 2"],"acts_visited":["Exordium"],"potions_floor_usage":[16,16],"damage_taken":[{"damage":0,"enemies":"Jaw Worm","floor":1,"turns":1},{"damage":0,"enemies":"2 Louse","floor":4,"turns":2},{"damage":0,"enemies":"Lagavulin","floor":8,"turns":1},{"damage":0,"enemies":"Gremlin Nob","floor":10,"turns":3},{"damage":9,"enemies":"Small Slimes","floor":11,"turns":3},{"damage":5,"enemies":"Gremlin Gang","floor":13,"turns":5},{"damage":10,"enemies":"Exordium Wildlife","floor":14,"turns":2},{"damage":30,"enemies":"Slime Boss","floor":16,"turns":8}],"seed_played":"1434306393149746498","potions_obtained":[{"floor":1,"key":"SkillPotion"},{"floor":10,"key":"Swift Potion"},{"floor":11,"key":"FearPotion"}],"is_trial":false,"path_per_floor":["M","$","?","M","?","R","?","E","T","E","M","$","M","M","R","B"],"character_chosen":"WATCHER","items_purchased":["InnerPeace+1"],"campfire_rested":0,"item_purchase_floors":[12],"current_hp_per_floor":[61,61,61,61,54,54,54,54,54,54,45,45,40,30,30,0,0],"gold":116,"neow_bonus":"THREE_ENEMY_KILL","is_daily":false,"chose_seed":false,"campfire_upgraded":2,"win_rate":0.0,"timestamp":1609652880,"path_taken":["M","$","?","M","?","R","?","E","T","E","M","$","M","M","R","BOSS"],"items_purchased_type":["Card"],"build_version":"2020-12-22","purchased_purges":1,"victory":false,"max_hp_per_floor":[68,68,62,62,62,62,62,62,62,62,62,62,62,62,62,62,62],"card_choices":[{"not_picked":["Swivel","WreathOfFlame"],"picked":"TalkToTheHand","floor":1},{"not_picked":["ClearTheMind","ThirdEye","SashWhip"],"picked":"SKIP","floor":4},{"not_picked":["Crescendo","FlyingSleeves"],"picked":"Scrawl","floor":8},{"not_picked":["Conclude","SignatureMove"],"picked":"WreathOfFlame+1","floor":10},{"not_picked":["FlyingSleeves","ThirdEye+1"],"picked":"EmptyFist","floor":11},{"not_picked":["BowlingBash","Crescendo+1"],"picked":"WheelKick","floor":13},{"not_picked":["EmptyBody+1","CutThroughFate"],"picked":"Perseverance+1","floor":14}],"player_experience":2171214,"relics_obtained":[{"floor":8,"key":"Art of War"},{"floor":9,"key":"Boot"},{"floor":10,"key":"Toxic Egg 2"}],"event_choices":[{"damage_healed":0,"gold_gain":0,"player_choice":"Lose Max HP","damage_taken":0,"relics_obtained":["Golden Idol"],"max_hp_gain":0,"max_hp_loss":6,"event_name":"Golden Idol","floor":3,"gold_loss":0},{"cards_removed":["Strike_P"],"damage_healed":0,"gold_gain":0,"player_choice":"Card Removal","damage_taken":7,"max_hp_gain":0,"max_hp_loss":0,"event_name":"Golden Wing","floor":5,"gold_loss":0},{"damage_healed":0,"gold_gain":0,"player_choice":"Grow","damage_taken":0,"max_hp_gain":0,"max_hp_loss":0,"event_name":"Living Wall","floor":7,"gold_loss":0,"cards_upgraded":["TalkToTheHand"]}],"is_beta":false,"boss_relics":[],"items_purged_floors":[2],"is_endless":false,"potions_floor_spawned":[1,10,11,14],"killed_by":"Slime Boss","ascension_level":20}}