{"host":"8fjsnt81u6xsmhji","time":1609661146,"event":{"mods":["BaseMod","Beaked The Cultist","Colored Powertips","Downfall","Glutton Mod","Hermit","Minty Spire (QoL Compilation)","Quick Restart","StSLib","The Bug Knight","The Forsaken","The Hierophant","The Runesmith"],"gold_per_floor":[111,129,129,142,142,177,177,190,190,190,207,218,250,169,169,265,265,278,278,296,312,322,349,349,374,374,374,387,387,312,332,332,432,432,449,449,72,88,106,106,138,155,155,179,179,179],"floor_reached":45,"playtime":3662,"items_purged":[],"score":601,"play_id":"ee6585d2-b770-45f5-9bc7-de66c1681b3a","local_time":"20210103020546","is_ascension_mode":true,"campfire_choices":[{"floor":7.0,"key":"REST"},{"floor":10.0,"key":"REST"},{"floor":15.0,"key":"REST"},{"floor":24.0,"key":"REST"},{"data":"1","floor":27.0,"key":"LIFT"},{"floor":29.0,"key":"REST"},{"floor":32.0,"key":"REST"},{"floor":40,"key":"REST"}],"circlet_count":0,"master_deck":["Runesmith:Strike_RS","Runesmith:Strike_RS","Runesmith:Strike_RS","Runesmith:Defend_RS","Runesmith:Defend_RS","Runesmith:Fortify","Runesmith:EarthShield","Runesmith:Firestorm","Runesmith:Grindstone","Runesmith:CraftMagma","Runesmith:OneForEveryone","Runesmith:CraftProtectio","Runesmith:CreatorForm","Runesmith:PoweredAnvil","Runesmith:CraftIndustria","Runesmith:BackupBattery+1","Runesmith:CraftSpiculum+1","Runesmith:Terraform+1","Runesmith:ShiftingStrike+1","Runesmith:FrozenChisel","Runesmith:Permafrost","Runesmith:FissionHammer","Runesmith:Firestorm","Runesmith:LithiumIon","Runesmith:RunicBlueprint+1","Parasite"],"relics":["Runesmith:BrokenRuby","Mummified Hand","Matryoshka","White Beast Statue","Astrolabe","Girya","Singing Bowl","HollowMod:LifeEnderRelic","StoneCalendar","SlaversCollar","Blue Candle","Toolbox","Bag of Preparation","Akabeko","CeramicFish","Blood Vial"],"acts_visited":["Exordium","TheCity","TheBeyond"],"potions_floor_usage":[39,42,42,45],"damage_taken":[{"damage":3.0,"enemies":"Jaw Worm","floor":1.0,"turns":5.0},{"damage":1.0,"enemies":"2 Louse","floor":2.0,"turns":3.0},{"damage":3.0,"enemies":"Cultist","floor":4.0,"turns":5.0},{"damage":31.0,"enemies":"3 Sentries","floor":6.0,"turns":11.0},{"damage":13.0,"enemies":"2 Fungi Beasts","floor":8.0,"turns":5.0},{"damage":3.0,"enemies":"Exordium Wildlife","floor":11.0,"turns":7.0},{"damage":12.0,"enemies":"Exordium Thugs","floor":12.0,"turns":7.0},{"damage":0.0,"enemies":"Lagavulin","floor":13.0,"turns":8.0},{"damage":26.0,"enemies":"Hexaghost","floor":16.0,"turns":11.0},{"damage":6.0,"enemies":"3 Byrds","floor":18.0,"turns":5.0},{"damage":2.0,"enemies":"Shell Parasite","floor":20.0,"turns":8.0},{"damage":10.0,"enemies":"Sentry and Sphere","floor":21.0,"turns":8.0},{"damage":7.0,"enemies":"Shelled Parasite and Fungi","floor":22.0,"turns":6.0},{"damage":11.0,"enemies":"Gremlin Leader","floor":23.0,"turns":10.0},{"damage":2.0,"enemies":"Book of Stabbing","floor":25.0,"turns":6.0},{"damage":29.0,"enemies":"Snake Plant","floor":28.0,"turns":5.0},{"damage":13.0,"enemies":"Chosen and Byrds","floor":31.0,"turns":7.0},{"damage":16.0,"enemies":"Champ","floor":33.0,"turns":10.0},{"damage":0.0,"enemies":"3 Darklings","floor":35.0,"turns":7.0},{"damage":10.0,"enemies":"Orb Walker","floor":38.0,"turns":5.0},{"damage":35,"enemies":"Spire Growth","floor":39,"turns":7},{"damage":22,"enemies":"Reptomancer","floor":41,"turns":5},{"damage":22,"enemies":"3 Darklings","floor":42,"turns":5},{"damage":14,"enemies":"Writhing Mass","floor":44,"turns":7},{"damage":46,"enemies":"Transient","floor":45,"turns":3}],"seed_played":"2635617752973279160","potions_obtained":[{"floor":1.0,"key":"SkillPotion"},{"floor":2.0,"key":"Dexterity Potion"},{"floor":11.0,"key":"Energy Potion"},{"floor":13.0,"key":"FairyPotion"},{"floor":16.0,"key":"SkillPotion"},{"floor":18.0,"key":"Fire Potion"},{"floor":20.0,"key":"EssenceOfSteel"},{"floor":21.0,"key":"Weak Potion"},{"floor":22.0,"key":"Explosive Potion"},{"floor":23.0,"key":"DistilledChaos"},{"floor":25.0,"key":"CultistPotion"},{"floor":28.0,"key":"EssenceOfSteel"},{"floor":33.0,"key":"EntropicBrew"},{"floor":35.0,"key":"Fruit Juice"},{"floor":38.0,"key":"BlessingOfTheForge"},{"floor":39,"key":"DistilledChaos"},{"floor":41,"key":"Regen Potion"},{"floor":42,"key":"GamblersBrew"},{"floor":44,"key":"Block Potion"}],"is_trial":false,"path_per_floor":["M","M","?","M","?","E","R","M","T","R","M","M","E","$","R","B",null,"M","?","M","M","M","E","R","E","T","R","M","R","?","M","R","B",null,"M","?","$","M","M","R","E","M","T","M","M"],"character_chosen":"RUNESMITH_CLASS","items_purchased":["Runesmith:PoweredAnvil","Toolbox","Bag of Preparation","Runesmith:LithiumIon"],"campfire_rested":7,"item_purchase_floors":[14,37,37,37],"current_hp_per_floor":[67,66,71,68,68,37,59,46,46,68,65,53,53,53,75,49,75,69,69,67,57,50,39,61,61,61,61,34,57,57,46,70,54,81,86,86,86,76,43,69,49,41,41,31,0,0],"gold":179,"neow_bonus":"ONE_RANDOM_RARE_CARD","is_daily":false,"chose_seed":false,"campfire_upgraded":0,"win_rate":0.0,"timestamp":1609661146,"path_taken":["M","M","?","M","?","E","R","?","T","R","M","M","E","$","R","BOSS","M","?","M","M","M","E","R","E","T","R","M","R","?","M","R","BOSS","M","?","?","M","M","R","E","M","T","M","M"],"items_purchased_type":["Card","Relic","Relic","Card"],"build_version":"2020-12-22","purchased_purges":0,"victory":false,"max_hp_per_floor":[70,70,75,75,75,75,75,75,75,75,75,75,75,75,75,75,75,75,75,75,75,75,75,75,77,77,77,79,79,79,81,81,81,81,86,86,86,86,88,88,90,92,92,94,94,94],"card_choices":[{"not_picked":["Runesmith:OneForEveryone","Runesmith:ChiselStab"],"picked":"Runesmith:EarthShield","floor":1.0},{"not_picked":["Runesmith:CraftProtectio","Runesmith:CraftMagma"],"picked":"Runesmith:Firestorm","floor":2.0},{"not_picked":["Runesmith:Overpower","Runesmith:ShiftingStrike"],"picked":"Runesmith:Grindstone","floor":4.0},{"not_picked":["Runesmith:Repurpose","Runesmith:Grindstone"],"picked":"Runesmith:CraftMagma","floor":6.0},{"not_picked":["Runesmith:Firewall","Runesmith:MakeshiftArmor"],"picked":"Runesmith:OneForEveryone","floor":8.0},{"not_picked":["Runesmith:EnergizedChisel","Runesmith:Grindstone","Runesmith:EarthShield"],"picked":"SKIP","floor":11.0},{"not_picked":["Runesmith:NanitesCloud","Runesmith:ElementalConversion"],"picked":"Runesmith:CraftProtectio","floor":12.0},{"not_picked":["Runesmith:Discharge","Runesmith:StaticCage"],"picked":"Runesmith:CreatorForm","floor":13.0},{"not_picked":["Runesmith:Supernova","Runesmith:FissionHammer"],"picked":"Runesmith:CraftIndustria","floor":16.0},{"not_picked":["Runesmith:Repurpose","Runesmith:DoubleUp"],"picked":"Runesmith:ShiftingStrike+1","floor":18.0},{"not_picked":["Runesmith:UnstableHammer+1","Runesmith:DoubleUp","Runesmith:OneForEveryone+1"],"picked":"SKIP","floor":20.0},{"not_picked":["Runesmith:ShiftingStrike+1","Runesmith:Overpower+1","Runesmith:NegativeSpace+1"],"picked":"SKIP","floor":21.0},{"not_picked":["Runesmith:RunicBlueprint","Runesmith:Terraform"],"picked":"Runesmith:FrozenChisel","floor":22.0},{"not_picked":["Runesmith:ChiselStab","Runesmith:CraftReservo"],"picked":"Runesmith:Permafrost","floor":23.0},{"not_picked":["Runesmith:CraftMagma+1","Runesmith:ShiftingStrike+1","Runesmith:EnergizedChisel"],"picked":"Singing Bowl","floor":25.0},{"not_picked":["Runesmith:CraftProtectio","Runesmith:EarthShield","Runesmith:Terraform"],"picked":"Singing Bowl","floor":28.0},{"not_picked":["Runesmith:Overpower","Runesmith:CraftSpiculum","Runesmith:Firewall"],"picked":"Singing Bowl","floor":31.0},{"not_picked":["Runesmith:CraftPrismatica","Runesmith:CraftMedicinae"],"picked":"Runesmith:FissionHammer","floor":33.0},{"not_picked":["Runesmith:HeatedChisel+1","Runesmith:UnstableHammer+1"],"picked":"Runesmith:Firestorm","floor":35.0},{"not_picked":["Runesmith:HammerThrow","Runesmith:Repurpose+1"],"picked":"Runesmith:RunicBlueprint+1","floor":38.0},{"not_picked":["Runesmith:Permafrost","Runesmith:WhiteBalance","Runesmith:MakeshiftArmor+1"],"picked":"Singing Bowl","floor":39},{"not_picked":["Runesmith:Grindstone+1","Runesmith:Retool","Runesmith:HammerThrow+1"],"picked":"Singing Bowl","floor":41},{"not_picked":["Runesmith:EnergizedChisel","Runesmith:Grindstone+1","Runesmith:ChiselStab+1"],"picked":"Singing Bowl","floor":42},{"not_picked":["Runesmith:Retool+1","Runesmith:ChiselStab","Runesmith:RuneHurl"],"picked":"Singing Bowl","floor":44}],"player_experience":690032,"relics_obtained":[{"floor":6.0,"key":"Mummified Hand"},{"floor":9.0,"key":"Matryoshka"},{"floor":13.0,"key":"White Beast Statue"},{"floor":23.0,"key":"Girya"},{"floor":25.0,"key":"Singing Bowl"},{"floor":26.0,"key":"HollowMod:LifeEnderRelic"},{"floor":26.0,"key":"StoneCalendar"},{"floor":41,"key":"Akabeko"},{"floor":43,"key":"CeramicFish"},{"floor":43,"key":"Blood Vial"}],"event_choices":[{"damage_healed":0.0,"max_hp_gain":5.0,"max_hp_loss":0.0,"gold_gain":0.0,"event_name":"Big Fish","player_choice":"Donut","floor":3.0,"gold_loss":0.0,"damage_taken":0.0},{"damage_healed":0.0,"max_hp_gain":0.0,"max_hp_loss":0.0,"gold_gain":0.0,"event_name":"Match and Keep!","player_choice":"0 cards matched","floor":5.0,"gold_loss":0.0,"damage_taken":0.0,"cards_obtained":[]},{"cards_removed":["Runesmith:Defend_RS"],"damage_healed":0.0,"max_hp_gain":0.0,"max_hp_loss":0.0,"gold_gain":0.0,"event_name":"Back to Basics","player_choice":"Elegance","floor":19.0,"gold_loss":0.0,"damage_taken":0.0},{"cards_removed":["Runesmith:Strike_RS"],"damage_healed":0.0,"max_hp_gain":0.0,"max_hp_loss":0.0,"gold_gain":0.0,"event_name":"Beggar","player_choice":"Gave Gold","floor":30.0,"gold_loss":75.0,"damage_taken":0.0},{"damage_healed":0.0,"max_hp_gain":0.0,"max_hp_loss":0.0,"gold_gain":0.0,"event_name":"WeMeetAgain","player_choice":"Gave Potion","floor":36.0,"gold_loss":0.0,"damage_taken":0.0,"relics_obtained":["Blue Candle"]}],"is_beta":false,"boss_relics":[{"not_picked":["Pandora\u0027s Box","theForsaken:PaleLantern"],"picked":"Astrolabe"},{"not_picked":["Calling Bell","Runic Pyramid"],"picked":"SlaversCollar"}],"items_purged_floors":[],"is_endless":false,"potions_floor_spawned":[1,2,11,13,16,18,20,21,22,23,25,28,31,33,35,38,39,41,42,44],"killed_by":"Transient","ascension_level":2}}