{"host":"doxo6v3vhswwfk80","time":1609634976,"event":{"mods":["2.2 Compatiblity","Act Like it!","BaseMod","Better Altar","Better Match","Better Note","Better Sensory Stone","Better Skull","Better Third Choice","Curses Come First","Hermit","Minty Spire (QoL Compilation)","Quick Restart","Relic Stats","Spicy Shops","StSLib","The Hierophant","The Runesmith"],"gold_per_floor":[114,114,39,4,4,29,41,52,78,78,88,88,106,206,206,307,307,217,217,97,115,40,40,40,40],"floor_reached":24,"playtime":1442,"items_purged":["Runesmith:Strike_RS"],"score":192,"play_id":"4be48df1-fa60-4729-a053-aae2b296d902","local_time":"20210102184936","is_ascension_mode":false,"campfire_choices":[{"floor":10,"key":"REST"},{"floor":12,"key":"REST"},{"floor":15,"key":"REST"},{"floor":23,"key":"REST"}],"circlet_count":0,"master_deck":["Runesmith:Strike_RS","Runesmith:Defend_RS","Runesmith:Defend_RS","Runesmith:Defend_RS","Runesmith:Defend_RS","Runesmith:CraftFirestone","Runesmith:Fortify","Runesmith:ArcReactor","Runesmith:Attraction","Runesmith:LithiumIon","Runesmith:Firestorm+1","Runesmith:Attraction","Runesmith:Repurpose","Runesmith:CraftIndustria","Runesmith:Firestorm+1","Runesmith:ReplicatingBarrier+1","Runesmith:HammerThrow","Runesmith:BackupBattery","Runesmith:Empowerment","Runesmith:FrozenChisel"],"relics":["Runesmith:BrokenRuby","Runesmith:EmergencyProvisions","Frozen Egg 2","Runesmith:AutoHammer","SlaversCollar"],"acts_visited":["Exordium","TheCity"],"potions_floor_usage":[11,16,24],"damage_taken":[{"damage":4,"enemies":"Small Slimes","floor":1,"turns":3},{"damage":22,"enemies":"3 Sentries","floor":6,"turns":6},{"damage":3,"enemies":"Jaw Worm","floor":7,"turns":4},{"damage":0,"enemies":"2 Louse","floor":8,"turns":3},{"damage":17,"enemies":"Gremlin Gang","floor":11,"turns":5},{"damage":4,"enemies":"Looter","floor":13,"turns":3},{"damage":50,"enemies":"Slime Boss","floor":16,"turns":9},{"damage":30,"enemies":"2 Thieves","floor":18,"turns":5},{"damage":32,"enemies":"Spheric Guardian","floor":21,"turns":6},{"damage":37,"enemies":"Shelled Parasite and Fungi","floor":24,"turns":2}],"seed_played":"-3416399530033097834","potions_obtained":[{"floor":6,"key":"Strength Potion"},{"floor":8,"key":"EssenceOfSteel"},{"floor":11,"key":"Energy Potion"},{"floor":21,"key":"LiquidBronze"}],"is_trial":false,"path_per_floor":["M","?","$","?","?","E","M","M","T","R","M","R","M","?","R","B",null,"M","?","$","M","$","R","M"],"character_chosen":"RUNESMITH_CLASS","items_purchased":["Runesmith:LithiumIon","Runesmith:BackupBattery","Runesmith:Empowerment"],"campfire_rested":4,"item_purchase_floors":[3,20,20],"current_hp_per_floor":[66,24,24,41,41,19,16,16,16,37,20,41,37,37,58,8,70,40,44,44,12,12,33,0,0],"gold":40,"neow_bonus":"TRANSFORM_CARD","is_daily":false,"chose_seed":false,"campfire_upgraded":0,"win_rate":0.0,"timestamp":1609634976,"path_taken":["M","?","$","?","?","E","M","M","T","R","?","R","M","?","R","BOSS","M","?","$","?","$","R","M"],"items_purchased_type":["Card","Card","Card"],"build_version":"2020-12-22","purchased_purges":1,"victory":false,"max_hp_per_floor":[70,70,70,70,70,70,70,70,70,70,70,70,70,70,70,70,70,70,70,70,70,70,70,70,70],"relic_stats":{"counters":[10,46],"obtain_stats":[{"SlaversCollar":17,"Runesmith:BrokenRuby":0,"Runesmith:AutoHammer":9,"Runesmith:EmergencyProvisions":2,"Frozen Egg 2":6},{"SlaversCollar":7,"Runesmith:BrokenRuby":0,"Runesmith:AutoHammer":4,"Runesmith:EmergencyProvisions":1,"Frozen Egg 2":2},{"SlaversCollar":33,"Runesmith:BrokenRuby":0,"Runesmith:AutoHammer":16,"Runesmith:EmergencyProvisions":3,"Frozen Egg 2":9}]},"card_choices":[{"not_picked":["Runesmith:HammerThrow","Runesmith:Discharge"],"picked":"Runesmith:Attraction","floor":1},{"not_picked":["Runesmith:CraftObretio","Runesmith:NanitesCloud"],"picked":"Runesmith:Firestorm+1","floor":6},{"not_picked":["Runesmith:Overpower","Runesmith:PoweredAnvil+1"],"picked":"Runesmith:Attraction","floor":7},{"not_picked":["Runesmith:HammerAndChisel","Runesmith:MakeshiftArmor"],"picked":"Runesmith:Repurpose","floor":8},{"not_picked":["Runesmith:Overpower","Runesmith:CraftReservo"],"picked":"Runesmith:CraftIndustria","floor":11},{"not_picked":["Runesmith:ChiselStab","Runesmith:EarthShield"],"picked":"Runesmith:Firestorm+1","floor":13},{"not_picked":["Runesmith:LightningRod","Runesmith:GenerateForcefield"],"picked":"Runesmith:ReplicatingBarrier+1","floor":16},{"not_picked":["Runesmith:ShiftingStrike","Runesmith:MakeshiftArmor"],"picked":"Runesmith:HammerThrow","floor":18},{"not_picked":["Runesmith:NegativeSpace","Runesmith:MakeshiftArmor"],"picked":"Runesmith:FrozenChisel","floor":21}],"player_experience":112210,"relics_obtained":[{"floor":6,"key":"Frozen Egg 2"},{"floor":9,"key":"Runesmith:AutoHammer"}],"event_choices":[{"damage_healed":0,"gold_gain":0,"player_choice":"Relic ","damage_taken":42,"max_hp_gain":0,"max_hp_loss":0,"event_name":"betterThird:BetterScrap","floor":2,"gold_loss":0,"cards_obtained":["Dash"]},{"damage_healed":17,"gold_gain":0,"player_choice":"Healed","damage_taken":0,"max_hp_gain":0,"max_hp_loss":0,"event_name":"The Cleric","floor":4,"gold_loss":35},{"cards_removed":["Runesmith:Strike_RS"],"damage_healed":0,"gold_gain":0,"player_choice":"Purged","damage_taken":0,"max_hp_gain":0,"max_hp_loss":0,"event_name":"Purifier","floor":5,"gold_loss":0},{"damage_healed":0,"gold_gain":100,"player_choice":"Pray","damage_taken":0,"max_hp_gain":0,"max_hp_loss":0,"event_name":"Golden Shrine","floor":14,"gold_loss":0},{"damage_healed":4,"gold_gain":0,"player_choice":"LEAVE ","damage_taken":0,"relics_obtained":[],"max_hp_gain":0,"max_hp_loss":0,"event_name":"betterSkull:BetterSkull","floor":19,"gold_loss":0,"cards_upgraded":[]}],"is_beta":false,"boss_relics":[{"not_picked":["Snecko Eye","Tiny House"],"picked":"SlaversCollar"}],"items_purged_floors":[22],"is_endless":false,"potions_floor_spawned":[6,8,11,21],"killed_by":"Shelled Parasite and Fungi","ascension_level":0}}