{"host":"2820e8i2y38gm4bp","time":1609697895,"event":{"mods":["2.2 Compatiblity","Act Like it!","BaseMod","Better Note","BetterRewards","Downfall","Elementarium","GungeonMod","Hubris","Marisa????????","Minty Spire (QoL Compilation)","Rare Cards Sparkle","Replay The Spire","Shop Mod","StSLib","The Cursed","The Jungle"],"gold_per_floor":[113,126,11,103,113,113,125,125,176,19,53,63,63,96,96,193,193,211,211,62,62,62,95,95,95,118,118,144,158,169,12,12,108,108,128,128,128],"floor_reached":36,"playtime":1991,"items_purged":["Pain","Strike_R"],"score":586,"play_id":"b4d65817-65a0-4fc9-aea3-f784b427999b","local_time":"20210103131815","is_ascension_mode":true,"campfire_choices":[{"data":"Replay:Many Hands","floor":6,"key":"SMITH"},{"floor":15,"key":"DIG"},{"data":"Barricade","floor":24,"key":"SMITH"},{"data":"Berserk","floor":27,"key":"SMITH"}],"circlet_count":0,"master_deck":["Strike_R+1","Defend_R+1","Defend_R","Defend_R","Bash","Strike_P","champ:Defend","Replay:Many Hands+1","Entrench+1","Replay:Undeath\u0027s Touch","Iron Wave","Cleave","True Grit","Battle Trance","ReplayTheSpireMod:Limb From Limb","Replay:Undeath\u0027s Touch","DemoMod:WhiteBlade","DemoMod:BlackBlade","Berserk+1","Thunderclap","Barricade+1","ReplayTheSpireMod:Faulty Equipment","Fire Breathing","Feel No Pain","Body Slam","DemoMod:BlackBlade","DemoMod:BlackBlade","Demonic Infusion","Brutality+1","Replay:Undeath\u0027s Touch+1","Hemogenesis+1"],"relics":["Burning Blood","DemoMod:GnawedKey","WarpedTongs","Tiny Chest","Bronze Scales","hubris:CrystalStatue","DemoMod:Relodestone","Mark of Pain","Lee\u0027s Waffle","Garlic","Simple Rune","DemoMod:ClearGuonStone","Replay:Mystery Machine","Incense Burner","Astrolabe"],"acts_visited":["Exordium","TheCity","TheBeyond"],"potions_floor_usage":[14,23,23,30,33],"damage_taken":[{"damage":6,"enemies":"Jaw Worm","floor":1,"turns":5},{"damage":7,"enemies":"Small Slimes","floor":2,"turns":4},{"damage":11,"enemies":"Cultist","floor":5,"turns":5},{"damage":13,"enemies":"2 Fungi Beasts","floor":7,"turns":5},{"damage":23,"enemies":"3 Sentries","floor":11,"turns":7},{"damage":6,"enemies":"Large Slime","floor":12,"turns":7},{"damage":3,"enemies":"Replay:BlueRogue","floor":14,"turns":2},{"damage":26,"enemies":"Hexaghost","floor":16,"turns":7},{"damage":34,"enemies":"3 Byrds","floor":18,"turns":4},{"damage":42,"enemies":"Slavers","floor":23,"turns":6},{"damage":4,"enemies":"Replay:Snechameleon","floor":28,"turns":5},{"damage":0,"enemies":"Shell Parasite","floor":29,"turns":3},{"damage":21,"enemies":"Centurion and Healer","floor":30,"turns":6},{"damage":41,"enemies":"Pondfish","floor":33,"turns":12},{"damage":13,"enemies":"Orb Walker","floor":35,"turns":5},{"damage":0,"enemies":"3 Shapes","floor":36,"turns":1}],"seed_played":"1393215241593639868","potions_obtained":[{"floor":2,"key":"Swift Potion"},{"floor":7,"key":"SpeedPotion"},{"floor":11,"key":"sneckomod:MuddlingPotion"},{"floor":12,"key":"Fire Potion"},{"floor":23,"key":"Explosive Potion"},{"floor":29,"key":"SkillPotion"},{"floor":35,"key":"Swift Potion"}],"is_trial":false,"path_per_floor":["M","M","$","?","M","R","M","?","T","$","E","M","$","E","R","B",null,"M","?","$","?","T","E","R","?","T","R","E","M","M","$","R","B",null,"M","M"],"character_chosen":"IRONCLAD","items_purchased":["DemoMod:GnawedKey","Battle Trance","Lee\u0027s Waffle","DemoMod:BlackBlade"],"campfire_rested":0,"item_purchase_floors":[3,10,20,31],"current_hp_per_floor":[80,79,79,79,74,74,67,67,67,67,50,50,50,53,53,33,80,52,52,87,87,87,51,51,51,51,51,53,59,44,44,70,35,87,80,80,80],"gold":128,"neow_bonus":"THREE_RARE_CARDS","is_daily":false,"chose_seed":false,"campfire_upgraded":3,"win_rate":0.0,"timestamp":1609697895,"path_taken":["M","M","$","?","M","R","M","?","T","$","E","?","$","E","R","BOSS","M","?","$","?","?","E","R","?","T","R","E","M","M","$","R","BOSS","M","M"],"items_purchased_type":["Relic","Card","Relic","Card"],"build_version":"2020-12-22","purchased_purges":2,"victory":false,"max_hp_per_floor":[80,80,80,80,80,80,80,80,80,80,80,80,80,80,80,80,80,80,80,87,87,87,87,87,87,87,87,87,87,87,87,87,87,87,87,87,87],"card_choices":[{"not_picked":["Offering","Limit Break"],"picked":"Replay:Many Hands","floor":0},{"not_picked":["Iron Wave","ReplayReversal"],"picked":"Entrench","floor":1},{"not_picked":["Rage","Havoc"],"picked":"Replay:Undeath\u0027s Touch","floor":2},{"not_picked":["Thunderclap","Dropkick"],"picked":"Iron Wave","floor":4},{"not_picked":["Clothesline","Run Through"],"picked":"Cleave","floor":5},{"not_picked":["Clothesline","Run Through"],"picked":"True Grit","floor":7},{"not_picked":["Heavy Blade","Clothesline"],"picked":"ReplayTheSpireMod:Limb From Limb","floor":11},{"not_picked":["Replay:Undeath\u0027s Touch","Cleave","Twin Strike"],"picked":"SKIP","floor":12},{"not_picked":["Cleave","Twin Strike"],"picked":"Replay:Undeath\u0027s Touch","floor":12},{"not_picked":["Seeing Red","Clothesline"],"picked":"DemoMod:WhiteBlade","floor":14},{"not_picked":["Corruption","Demon Form"],"picked":"Berserk","floor":16},{"not_picked":["Headbutt","ReplayTheSpireMod:LeadingStrike"],"picked":"Thunderclap","floor":18},{"not_picked":["Havoc","Iron Wave+1"],"picked":"Barricade","floor":23},{"not_picked":["Cleave","ReplayTheSpireMod:Strike From Hell"],"picked":"Fire Breathing","floor":28},{"not_picked":["Clash","ReplayTheSpireMod:LeadingStrike"],"picked":"Feel No Pain","floor":29},{"not_picked":["Heavy Blade","Carnage"],"picked":"Body Slam","floor":30},{"not_picked":["Barricade","Double Tap"],"picked":"Demonic Infusion","floor":33},{"not_picked":["Rampage+1","Blood for Blood+1","Pommel Strike+1"],"picked":"SKIP","floor":35}],"player_experience":523178,"relics_obtained":[{"floor":9,"key":"Tiny Chest"},{"floor":11,"key":"Bronze Scales"},{"floor":14,"key":"hubris:CrystalStatue"},{"floor":15,"key":"DemoMod:Relodestone"},{"floor":22,"key":"Garlic"},{"floor":23,"key":"Simple Rune"},{"floor":26,"key":"Replay:Mystery Machine"},{"floor":28,"key":"Incense Burner"}],"event_choices":[{"damage_healed":0,"gold_gain":0,"player_choice":"Rummage","damage_taken":0,"relics_obtained":["WarpedTongs"],"max_hp_gain":0,"max_hp_loss":0,"event_name":"Accursed Blacksmith","floor":8,"gold_loss":0,"cards_obtained":["Pain"]},{"cards_removed":["Strike_R"],"damage_healed":0,"gold_gain":0,"player_choice":"Purged","damage_taken":0,"max_hp_gain":0,"max_hp_loss":0,"event_name":"Purifier","floor":19,"gold_loss":0},{"cards_removed":["Strike_R"],"damage_healed":0,"gold_gain":0,"player_choice":"Give","damage_taken":0,"max_hp_gain":0,"max_hp_loss":0,"event_name":"betterNote:BetterNote","floor":21,"gold_loss":0,"cards_obtained":["Strike_G"]}],"is_beta":false,"boss_relics":[{"not_picked":["hubris:RunicObelisk","Sozu"],"picked":"Mark of Pain"},{"not_picked":["Honey Jar","Snecko Eye"],"picked":"Astrolabe"}],"items_purged_floors":[10,31],"is_endless":false,"potions_floor_spawned":[2,7,11,12,23,29,35],"killed_by":"3 Shapes","ascension_level":1}}