{"host":"2461dio7vetlq1z3","time":1609632800,"event":{"mods":["2.2 Compatiblity","AchievementEnabler","Aspiration","BaseMod","Better Third Choice","Friendly Minions","Hubris","Minty Spire (QoL Compilation)","Relic Stats","Replay The Spire","Spicy Shops","StSLib","Waifu the Spire"],"gold_per_floor":[110,127,277,292,15,15,42,42,69,24,55,55,65,76,76,76,76],"floor_reached":16,"playtime":742,"items_purged":["Doubt"],"score":220,"play_id":"fc1268ff-00d5-4e45-a051-2cacaf6fb9c5","local_time":"20210103011320","is_ascension_mode":true,"campfire_choices":[{"data":"Ball Lightning","floor":6,"key":"SMITH"},{"floor":12,"key":"REST"},{"floor":15,"key":"REST"}],"circlet_count":0,"master_deck":["AscendersBane","Strike_B","Strike_B","Strike_B","Strike_B","Defend_B","Defend_B","Defend_B","Defend_B","Zap","Dualcast","Thunder Strike","BootSequence","Ball Lightning+1","Steam","Rainbow+1","Reinforced Body","Capacitor","Leap","EmptyFist"],"relics":["Cracked Core","hubris:DisguiseKit","Pet Ghost","Iron Hammer"],"acts_visited":["Exordium"],"potions_floor_usage":[7,13],"damage_taken":[{"damage":10.0,"enemies":"2 Louse","floor":1.0,"turns":2.0},{"damage":2.0,"enemies":"Jaw Worm","floor":2.0,"turns":3.0},{"damage":1.0,"enemies":"Cultist","floor":4.0,"turns":3.0},{"damage":29,"enemies":"Gremlin Nob","floor":7,"turns":4},{"damage":16,"enemies":"3 Sentries","floor":11,"turns":8},{"damage":0,"enemies":"3 Louse","floor":13,"turns":4},{"damage":0,"enemies":"2 Fungi Beasts","floor":14,"turns":3},{"damage":55,"enemies":"Slime Boss","floor":16,"turns":7}],"seed_played":"-3844660047265914040","potions_obtained":[{"floor":1.0,"key":"BlessingOfTheForge"},{"floor":11,"key":"AttackPotion"}],"is_trial":false,"path_per_floor":["M","M","?","M","$","R","E","?","T","$","E","R","M","M","R","B"],"character_chosen":"DEFECT","items_purchased":["Rainbow+1","Reinforced Body","Capacitor"],"campfire_rested":2,"item_purchase_floors":[5,5,10],"current_hp_per_floor":[54,52,52,51,51,51,22,22,22,22,6,27,27,27,48,0,0],"gold":76,"neow_bonus":"ONE_RANDOM_RARE_CARD","is_daily":false,"chose_seed":false,"campfire_upgraded":1,"win_rate":0.0,"timestamp":1609632800,"path_taken":["M","M","?","M","$","R","E","?","T","?","E","R","?","M","R","BOSS"],"items_purchased_type":["Card","Card","Card"],"build_version":"2020-12-22","purchased_purges":1,"victory":false,"max_hp_per_floor":[71,71,71,71,71,71,71,71,71,71,71,71,71,71,71,71,71],"relic_stats":{"counters":[8,34],"obtain_stats":[{"hubris:DisguiseKit":7,"Iron Hammer":11,"Cracked Core":0,"Pet Ghost":9},{"hubris:DisguiseKit":4,"Iron Hammer":5,"Cracked Core":0,"Pet Ghost":4},{"hubris:DisguiseKit":12,"Iron Hammer":20,"Cracked Core":0,"Pet Ghost":12}]},"card_choices":[{"not_picked":["Stack","Steam Power"],"picked":"BootSequence","floor":1.0},{"not_picked":["Storm","Consume"],"picked":"Ball Lightning","floor":2.0},{"not_picked":["Gash","Go for the Eyes"],"picked":"Steam","floor":4.0},{"not_picked":["Barrage","Streamline","Double Energy"],"picked":"SKIP","floor":7},{"not_picked":["Beam Cell","Auto Shields","Nirvana"],"picked":"Leap","floor":11},{"not_picked":["Turbo","White Noise","Beam Cell"],"picked":"EmptyFist","floor":13},{"not_picked":["Go for the Eyes","Leap","ReplaySort","FollowUp"],"picked":"SKIP","floor":14}],"player_experience":1031157,"relics_obtained":[{"floor":7,"key":"hubris:DisguiseKit"},{"floor":9,"key":"Pet Ghost"},{"floor":11,"key":"Iron Hammer"}],"event_choices":[{"damage_healed":0.0,"max_hp_gain":0.0,"max_hp_loss":0.0,"gold_gain":150.0,"event_name":"betterThird:BetterSerpent","player_choice":"AGREE","floor":3.0,"gold_loss":0.0,"damage_taken":127.0}],"is_beta":false,"boss_relics":[],"items_purged_floors":[5],"is_endless":false,"potions_floor_spawned":[1,11],"killed_by":"Slime Boss","ascension_level":20}}