{"host":"avjwtc49fhlk6kym","time":1609706253,"event":{"mods":["AchievementEnabler","BaseMod","Better Match","Better Note","Better Third Choice","Colored Map","Colored Powertips","Displayed Cursed Tome","Highlight Path","Minty Spire (QoL Compilation)","Permanent Neow","Quick Restart","StSLib"],"gold_per_floor":[118,132,132,146,146,181,24,24,24,53,72,72,88,98,98,196,196,209,227,227,84,99,109,109,143,212,50,50,50],"floor_reached":28,"playtime":1189,"items_purged":[],"score":275,"play_id":"b287527e-2bdb-4b8f-9a5d-e5b86d7f7c4d","local_time":"20210103153733","is_ascension_mode":false,"campfire_choices":[{"floor":12,"key":"REST"},{"data":"CrushJoints","floor":15,"key":"SMITH"},{"data":"Forethought","floor":24,"key":"SMITH"}],"circlet_count":0,"master_deck":["Defend_P","Defend_P","Defend_P","Eruption","Vigilance+1","Forethought+1","FlyingSleeves","Adaptation","FollowUp","PathToVictory","CrushJoints+1","WheelKick","BowlingBash","Scrawl","Judgement","SandsOfTime","Consecrate","ThirdEye","LessonLearned+1","CutThroughFate+1","CrushJoints+1","SandsOfTime","SashWhip","ReachHeaven","Meditate","WindmillStrike","ThirdEye","Prostrate+1","PathToVictory","Perseverance","FearNoEvil"],"relics":["PureWater","InkBottle","Akabeko","Letter Opener","Astrolabe","Nloth\u0027s Gift","Blue Candle"],"acts_visited":["Exordium","TheCity"],"potions_floor_usage":[6,13,18,23,25,25],"damage_taken":[{"damage":1,"enemies":"2 Louse","floor":1,"turns":3},{"damage":0,"enemies":"Small Slimes","floor":2,"turns":3},{"damage":0,"enemies":"Cultist","floor":4,"turns":2},{"damage":0,"enemies":"Lagavulin","floor":6,"turns":4},{"damage":14,"enemies":"Gremlin Nob","floor":10,"turns":3},{"damage":5,"enemies":"Red Slaver","floor":11,"turns":2},{"damage":0,"enemies":"3 Louse","floor":13,"turns":1},{"damage":8,"enemies":"Lots of Slimes","floor":14,"turns":2},{"damage":12,"enemies":"Slime Boss","floor":16,"turns":9},{"damage":12,"enemies":"2 Thieves","floor":18,"turns":3},{"damage":0,"enemies":"Spheric Guardian","floor":19,"turns":2},{"damage":0,"enemies":"Snake Plant","floor":22,"turns":2},{"damage":8,"enemies":"Chosen and Byrds","floor":23,"turns":4},{"damage":44,"enemies":"Book of Stabbing","floor":25,"turns":5},{"damage":15,"enemies":"Shelled Parasite and Fungi","floor":28,"turns":1}],"seed_played":"-8673845328566622985","potions_obtained":[{"floor":2,"key":"SkillPotion"},{"floor":11,"key":"AttackPotion"},{"floor":13,"key":"StancePotion"},{"floor":16,"key":"Swift Potion"},{"floor":22,"key":"AttackPotion"},{"floor":23,"key":"Block Potion"}],"is_trial":false,"path_per_floor":["M","M","?","M","?","E","$","?","T","E","M","R","M","M","R","B",null,"M","M","?","$","M","M","R","E","T","$","M"],"character_chosen":"WATCHER","items_purchased":["Orrery","ReachHeaven","Meditate","PathToVictory","Perseverance","FearNoEvil"],"campfire_rested":1,"item_purchase_floors":[7,21,21,27,27,27],"current_hp_per_floor":[71,71,64,64,69,69,69,69,69,55,50,73,73,65,65,53,77,65,65,65,65,65,57,57,13,13,13,0,0],"gold":50,"neow_bonus":"RANDOM_COLORLESS","is_daily":false,"chose_seed":false,"campfire_upgraded":2,"win_rate":0.0,"timestamp":1609706253,"path_taken":["M","M","?","M","?","E","$","?","T","E","?","R","M","M","R","BOSS","M","M","?","$","M","?","R","E","T","$","M"],"items_purchased_type":["Relic","Card","Card","Card","Card","Card"],"build_version":"2020-12-22","purchased_purges":0,"victory":false,"max_hp_per_floor":[72,72,72,72,77,77,77,77,77,77,77,77,77,77,77,77,77,77,77,77,77,77,77,77,77,77,77,77,77],"card_choices":[{"not_picked":["Dark Shackles","Good Instincts"],"picked":"Forethought","floor":0},{"not_picked":["Halt","ClearTheMind"],"picked":"FlyingSleeves","floor":1},{"not_picked":["Crescendo","ClearTheMind"],"picked":"Adaptation","floor":2},{"not_picked":["ClearTheMind","ThirdEye"],"picked":"FollowUp","floor":4},{"not_picked":["EmptyFist","Vengeance"],"picked":"PathToVictory","floor":6},{"not_picked":["Vault","Weave"],"picked":"CrushJoints","floor":7},{"not_picked":["EmptyFist","Fasting2"],"picked":"WheelKick","floor":7},{"not_picked":["JustLucky","Perseverance"],"picked":"BowlingBash","floor":7},{"not_picked":["Crescendo","Omniscience"],"picked":"Judgement","floor":10},{"not_picked":["CutThroughFate","Evaluate"],"picked":"SandsOfTime","floor":11},{"not_picked":["Protect","Crescendo"],"picked":"Consecrate","floor":13},{"not_picked":["ClearTheMind","SpiritShield"],"picked":"ThirdEye","floor":14},{"not_picked":["FollowUp","Worship"],"picked":"SandsOfTime","floor":18},{"not_picked":["Perseverance","Nirvana"],"picked":"SashWhip","floor":19},{"not_picked":["FlyingSleeves","Prostrate"],"picked":"WindmillStrike","floor":22},{"not_picked":["FlurryOfBlows","DevaForm"],"picked":"ThirdEye","floor":23},{"not_picked":["SignatureMove","Sanctity"],"picked":"Prostrate+1","floor":25}],"player_experience":359868,"relics_obtained":[{"floor":6,"key":"InkBottle"},{"floor":9,"key":"Akabeko"},{"floor":10,"key":"Letter Opener"},{"floor":25,"key":"Blue Candle"}],"event_choices":[{"cards_removed":["Defend_P"],"damage_healed":0,"gold_gain":0,"player_choice":"Card Removal","damage_taken":7,"max_hp_gain":0,"max_hp_loss":0,"event_name":"Golden Wing","floor":3,"gold_loss":0},{"damage_healed":0,"gold_gain":0,"player_choice":"Donut","damage_taken":0,"max_hp_gain":5,"max_hp_loss":0,"event_name":"Big Fish","floor":5,"gold_loss":0},{"damage_healed":0,"gold_gain":0,"cards_transformed":["Strike_P"],"player_choice":"Transformed","damage_taken":0,"max_hp_gain":0,"max_hp_loss":0,"event_name":"Transmorgrifier","floor":8,"gold_loss":0,"cards_obtained":["Scrawl"]},{"damage_healed":0,"gold_gain":0,"player_choice":"Traded Relic","damage_taken":0,"relics_obtained":["Nloth\u0027s Gift"],"max_hp_gain":0,"max_hp_loss":0,"event_name":"N\u0027loth","floor":20,"relics_lost":["Orrery"],"gold_loss":0}],"is_beta":false,"boss_relics":[{"not_picked":["Empty Cage","Cursed Key"],"picked":"Astrolabe"}],"items_purged_floors":[],"is_endless":false,"potions_floor_spawned":[2,11,13,16,22,23],"killed_by":"Shelled Parasite and Fungi","ascension_level":0}}