{"host":"4ftwfwncs88tvnc0","time":1609713206,"event":{"mods":["AchievementEnabler","Arknights The Spire","Aspiration","BaseMod","Beaked The Cultist","Bestiary","Better Altar","Better Match","Better Note","Better Sensory Stone","Better Skull","Better Third Choice","Clawfect","Colored Map","Conspire","Downfall","GifTheSpireLib","Halation","Hubris","Infinite Spire","Mad Scientist","Mimic Mod","Minty Spire (QoL Compilation)","Replay The Spire","Shade Mod","Shop Mod","Spicy Shops","StSLib","Stuff the Spire","The Construct","The Cursed","The Disciple","The Necromancer","The Servant 0.9.4"],"gold_per_floor":[111,125,54,54,54,88,88,108,108,108,108,108],"floor_reached":11,"playtime":367,"items_purged":[],"score":71,"play_id":"70ef9877-b29e-4d24-82e1-b0c19d8b544e","local_time":"20210103223326","is_ascension_mode":false,"campfire_choices":[{"data":"beaked:Hexing","floor":10,"key":"SMITH"}],"circlet_count":0,"master_deck":["beaked:Strike_Y","beaked:Strike_Y","beaked:Strike_Y","beaked:Strike_Y","beaked:Strike_Y","beaked:Strike_Y","beaked:Defend_Y","beaked:Defend_Y","beaked:Defend_Y","beaked:Defend_Y","beaked:Ceremony","beaked:Ceremony","beaked:Ceremony","beaked:Hexing+1","Injury"],"relics":["beaked:MendingPlumage","Toxic Egg 2","infinitespire:FocusingShard"],"acts_visited":["Exordium"],"potions_floor_usage":[11,11],"damage_taken":[{"damage":13,"enemies":"Cultist","floor":1,"turns":5},{"damage":5,"enemies":"Jaw Worm","floor":2,"turns":6},{"damage":29,"enemies":"Gremlin Nob","floor":6,"turns":5},{"damage":12,"enemies":"2 Louse","floor":8,"turns":4},{"damage":48,"enemies":"Lagavulin","floor":11,"turns":6}],"seed_played":"8549342558263513029","potions_obtained":[{"floor":1,"key":"Block Potion"},{"floor":6,"key":"BlessingOfTheForge"}],"is_trial":false,"path_per_floor":["M","M","$","?","$","E","?","M","T","R","E"],"character_chosen":"BEAKED_THE_CULTIST","items_purchased":["beaked:Hexing"],"campfire_rested":0,"item_purchase_floors":[3],"current_hp_per_floor":[45,55,55,55,55,33,38,35,35,35,0,0],"gold":108,"neow_bonus":"TEN_PERCENT_HP_BONUS","is_daily":false,"chose_seed":false,"campfire_upgraded":1,"win_rate":0.0,"timestamp":1609713206,"path_taken":["M","?","$","?","?","E","?","M","T","R","E"],"items_purchased_type":["Card"],"build_version":"2020-12-22","purchased_purges":0,"victory":false,"max_hp_per_floor":[55,55,55,55,55,55,55,55,55,55,55,55],"card_choices":[{"not_picked":["beaked:Struggle","beaked:StickSmack","beaked:Poke"],"picked":"SKIP","floor":1},{"not_picked":["beaked:Pecker","beaked:StunningBlow","beaked:Brace"],"picked":"SKIP","floor":2},{"not_picked":["beaked:Negation+1","beaked:WarriorEssence"],"picked":"beaked:CursingBlood+1","floor":6},{"not_picked":["beaked:Cower+1","beaked:RuinSticks","beaked:Brace+1"],"picked":"SKIP","floor":8}],"player_experience":114213,"relics_obtained":[{"floor":6,"key":"infinitespire:FocusingShard"}],"event_choices":[{"cards_removed":["beaked:CursingBlood"],"damage_healed":5,"gold_gain":0,"player_choice":"Offered Common","damage_taken":0,"max_hp_gain":0,"max_hp_loss":0,"event_name":"Bonfire Elementals","floor":7,"gold_loss":0},{"cards_removed":["beaked:CursingBlood"],"damage_healed":5,"gold_gain":0,"player_choice":"Offered Special","damage_taken":0,"max_hp_gain":0,"max_hp_loss":0,"event_name":"Bonfire Elementals","floor":7,"gold_loss":0}],"is_beta":false,"boss_relics":[],"items_purged_floors":[],"is_endless":false,"potions_floor_spawned":[1,6],"killed_by":"Lagavulin","ascension_level":0}}