{"host":"qzvr69t6v3frb6bz","time":1609690162,"event":{"mods":["Aspiration","BaseMod","Bestiary","Better Altar","Better Match","Better Note","Better Sensory Stone","Better Skull","Better Third Choice","BetterRewards","Colored Map","Colored Powertips","Downfall","Highlight Path","Hubris","Infinite Spire","Minty Spire (QoL Compilation)","Replay The Spire","Shop Mod","StSLib","The Animator","The Bug Knight","The Cursed","The Jungle","The Servant 0.9.4"],"gold_per_floor":[118,118,135,135,152,152,152,152],"floor_reached":7,"playtime":834,"items_purged":[],"score":59,"play_id":"b407180e-35a0-4d09-8d72-1fc39222761b","local_time":"20210103160922","is_ascension_mode":true,"campfire_choices":[{"data":"TheCursedMod:UltimatePain","floor":6,"key":"SMITH"}],"circlet_count":0,"master_deck":["TheCursedMod:CleanUpWorkshop","TheCursedMod:Wield","TheCursedMod:CursedSpellbook","TheCursedMod:CursedBoomerang","TheCursedMod:BlessingInDisguise","TheCursedMod:SpitefulPlan","TheCursedMod:CircleOfAmplification","TheCursedMod:CircleOfAbyss","TheCursedMod:OutForBlood","TheCursedMod:UltimatePain+1"],"relics":["TheCursedMod:BloodyHarpoon","aspiration:Nostalgia","m_GuardianBlood","aspiration:HiddenCompartment"],"acts_visited":["Exordium"],"potions_floor_usage":[7],"damage_taken":[{"damage":0,"enemies":"Cultist","floor":1,"turns":3},{"damage":0,"enemies":"2 Louse","floor":3,"turns":3},{"damage":10,"enemies":"Small Slimes","floor":5,"turns":3},{"damage":34,"enemies":"3 Sentries","floor":7,"turns":8}],"seed_played":"9077184543187725387","potions_obtained":[{"floor":3,"key":"SpeedPotion"},{"floor":5,"key":"Fire Potion"}],"is_trial":false,"path_per_floor":["M","?","M","?","M","R","E"],"character_chosen":"THE_CURSED","items_purchased":[],"campfire_rested":0,"item_purchase_floors":[],"current_hp_per_floor":[74,41,47,47,43,43,9,9],"gold":152,"neow_bonus":"NOSTALGIA","is_daily":false,"chose_seed":false,"campfire_upgraded":1,"win_rate":0.0,"timestamp":1609690162,"path_taken":["M","?","M","?","M","R","E"],"items_purchased_type":[],"build_version":"2020-12-22","purchased_purges":0,"victory":false,"max_hp_per_floor":[75,75,75,75,75,75,75,75],"card_choices":[{"not_picked":["Massacre","TheCursedMod:Torture","TheCursedMod:WearCloak"],"picked":"SKIP","floor":1},{"not_picked":["TheCursedMod:WearCloak","TheCursedMod:Wield","Guardian:GuardianWhirl"],"picked":"SKIP","floor":3},{"not_picked":["TheCursedMod:Wield","Spot Weakness","Body Slam"],"picked":"SKIP","floor":5}],"player_experience":870303,"relics_obtained":[],"event_choices":[{"damage_healed":0,"gold_gain":0,"player_choice":"Relic ","damage_taken":33,"max_hp_gain":0,"max_hp_loss":0,"event_name":"betterThird:BetterScrap","floor":2,"gold_loss":0,"cards_obtained":["TalkToTheHand"]},{"damage_healed":0,"gold_gain":0,"player_choice":"Ignored","damage_taken":0,"max_hp_gain":0,"max_hp_loss":0,"event_name":"Purifier","floor":4,"gold_loss":0}],"is_beta":false,"boss_relics":[],"items_purged_floors":[],"is_endless":false,"potions_floor_spawned":[3,5],"killed_by":"3 Sentries","ascension_level":9}}