{"host":"3vww328me7evlv6h","time":1609672771,"event":{"mods":["BaseMod","BetterRewards","Minty Spire (QoL Compilation)","Relic Stats","StSLib","SuperFastMode"],"gold_per_floor":[114,131,143,158,171,187,215,40,40,104,104,119,44,77,77,154,154,166,6,26,26,36,62,62,91,115,127,127,127,138,155,155,233,233,252,267,267,267,285,320,104,104,129,129,157,176,176,26,26,26],"floor_reached":51,"playtime":2561,"items_purged":["Strike_G","Strike_G","Defend_G","Strike_G","Defend_G","Defend_G","Strike_G","Defend_G","Survivor","Well Laid Plans"],"score":2253,"play_id":"570d006f-b11b-4212-846f-b94ac86cb48e","local_time":"20210103121931","is_ascension_mode":true,"campfire_choices":[{"data":"Burst","floor":11.0,"key":"SMITH"},{"data":"Panache","floor":15.0,"key":"SMITH"},{"data":"Concentrate","floor":24.0,"key":"SMITH"},{"data":"Acrobatics","floor":29.0,"key":"SMITH"},{"data":"Prepared","floor":32.0,"key":"SMITH"},{"data":"Burst","floor":42,"key":"SMITH"},{"data":"Neutralize","floor":44,"key":"SMITH"},{"data":"After Image","floor":49,"key":"SMITH"}],"circlet_count":0,"master_deck":["AscendersBane","Panache+1","Escape Plan","Reflex+1","Burst+1","Acrobatics+1","Escape Plan","Prepared+1","Concentrate+1","After Image+1","Reflex","Escape Plan+1","Burst+1","Panache+1"],"relics":["Ring of the Snake","TheAbacus","Membership Card","Mummified Hand","Dream Catcher","Lantern","OrangePellets","Bag of Marbles","Empty Cage","Kunai","Thread and Needle","Art of War","Black Star","Omamori","WingedGreaves","DollysMirror","Anchor","War Paint","TungstenRod"],"acts_visited":["Exordium","TheCity","TheBeyond"],"potions_floor_usage":[],"damage_taken":[{"damage":0.0,"enemies":"Cultist","floor":1.0,"turns":4.0},{"damage":0.0,"enemies":"2 Louse","floor":2.0,"turns":2.0},{"damage":0.0,"enemies":"Small Slimes","floor":3.0,"turns":2.0},{"damage":2.0,"enemies":"Exordium Thugs","floor":4.0,"turns":3.0},{"damage":0.0,"enemies":"3 Louse","floor":5.0,"turns":3.0},{"damage":0.0,"enemies":"2 Fungi Beasts","floor":6.0,"turns":3.0},{"damage":1.0,"enemies":"Lagavulin","floor":7.0,"turns":8.0},{"damage":0.0,"enemies":"Lagavulin Event","floor":10.0,"turns":3.0},{"damage":0.0,"enemies":"Gremlin Gang","floor":12.0,"turns":1.0},{"damage":0.0,"enemies":"3 Sentries","floor":14.0,"turns":3.0},{"damage":0.0,"enemies":"The Guardian","floor":16.0,"turns":6.0},{"damage":0.0,"enemies":"Chosen","floor":18.0,"turns":1.0},{"damage":0.0,"enemies":"3 Byrds","floor":20.0,"turns":1.0},{"damage":0.0,"enemies":"Centurion and Healer","floor":22.0,"turns":1.0},{"damage":0.0,"enemies":"Book of Stabbing","floor":23.0,"turns":1.0},{"damage":0.0,"enemies":"Gremlin Leader","floor":25.0,"turns":1.0},{"damage":0.0,"enemies":"Shelled Parasite and Fungi","floor":27.0,"turns":3.0},{"damage":0.0,"enemies":"3 Cultists","floor":30.0,"turns":1.0},{"damage":0.0,"enemies":"Snake Plant","floor":31.0,"turns":1.0},{"damage":0.0,"enemies":"Automaton","floor":33.0,"turns":1.0},{"damage":0,"enemies":"Orb Walker","floor":35,"turns":1},{"damage":0,"enemies":"3 Shapes","floor":36,"turns":1},{"damage":0,"enemies":"Transient","floor":39,"turns":5},{"damage":0,"enemies":"Nemesis","floor":40,"turns":3},{"damage":0,"enemies":"Reptomancer","floor":45,"turns":1},{"damage":0,"enemies":"Sphere and 2 Shapes","floor":46,"turns":1},{"damage":0,"enemies":"Awakened One","floor":50,"turns":2}],"seed_played":"-3185269862599566461","potions_obtained":[{"floor":1.0,"key":"SteroidPotion"},{"floor":2.0,"key":"Energy Potion"},{"floor":6.0,"key":"GamblersBrew"},{"floor":14.0,"key":"Energy Potion"}],"is_trial":false,"path_per_floor":["M","M","M","M","M","M","E","$","T","?","R","M","$","E","R","B",null,"M","$","M","?","M","E","R","E","T","M","$","R","M","M","R","B",null,"M","M","?","?","M","E","$","R","T","R","E","M","?","$","R","B",null],"character_chosen":"THE_SILENT","items_purchased":["TheAbacus","Escape Plan","Membership Card","Reflex","Escape Plan","Prepared","OrangePellets","Reflex","DollysMirror"],"campfire_rested":0,"item_purchase_floors":[0,0,0,0,8,8,13,19,41],"current_hp_per_floor":[59,59,59,57,57,57,56,56,56,56,56,56,56,56,56,56,64,64,64,64,64,64,64,64,64,64,64,64,64,64,64,64,64,66,66,66,63,63,63,63,63,63,63,63,63,63,63,63,63,63],"gold":26,"neow_bonus":"","is_daily":false,"chose_seed":false,"campfire_upgraded":8,"win_rate":0.0,"timestamp":1609672771,"path_taken":["M","M","M","M","M","M","E","$","T","?","R","M","$","E","R","BOSS","M","$","M","?","M","E","R","E","T","M","$","R","M","?","R","BOSS","M","M","?","?","?","E","$","R","T","R","E","M","?","$","R","BOSS"],"items_purchased_type":["Relic","Card","Relic","Card","Card","Card","Relic","Card","Relic"],"build_version":"2020-12-22","purchased_purges":10,"victory":true,"max_hp_per_floor":[66,66,66,66,66,66,66,66,66,66,66,66,66,66,66,66,66,66,66,66,66,66,66,66,66,66,66,66,66,66,66,66,66,66,66,66,63,63,63,63,63,63,63,63,63,63,63,63,63,63],"relic_stats":{"OrangePellets":[1],"Dream Catcher":0,"TheAbacus":[1452],"counters":[56,229],"Mummified Hand":[220],"Art of War":[2],"Black Star":2,"Kunai":[6],"War Paint":["Reflex","Escape Plan"],"obtain_stats":[{"Lantern":0,"Singing Bowl":26,"Juzu Bracelet":48,"Boot":44,"Empty Cage":17,"Lizard Tail":10,"Dream Catcher":9,"TheAbacus":0,"Mummified Hand":12,"DollysMirror":41,"Strawberry":40,"WingedGreaves":9,"Red Mask":31,"Kunai":23,"Toxic Egg 2":23,"Ring of the Snake":0,"Astrolabe":17,"Blue Candle":30,"Oddly Smooth Stone":0,"Thread and Needle":45,"Omamori":27,"Letter Opener":13,"War Paint":45,"MawBank":14,"Question Card":28,"Runic Dome":34,"OrangePellets":13,"Anchor":43,"Ornamental Fan":43,"Bag of Marbles":14,"Art of War":26,"Black Star":34,"Membership Card":0,"FossilizedHelix":7,"TungstenRod":45},{"Lantern":0,"Singing Bowl":14,"Juzu Bracelet":28,"Boot":25,"Empty Cage":40,"Lizard Tail":6,"Dream Catcher":36,"TheAbacus":29,"Mummified Hand":8,"DollysMirror":53,"Strawberry":24,"WingedGreaves":5,"Red Mask":18,"Kunai":44,"Toxic Egg 2":14,"Ring of the Snake":0,"Astrolabe":10,"Blue Candle":17,"Oddly Smooth Stone":0,"Thread and Needle":25,"Omamori":15,"Letter Opener":8,"War Paint":54,"MawBank":9,"Question Card":16,"Runic Dome":19,"OrangePellets":38,"Anchor":53,"Ornamental Fan":24,"Bag of Marbles":39,"Art of War":45,"Black Star":49,"Membership Card":0,"FossilizedHelix":4,"TungstenRod":54},{"Lantern":0,"Singing Bowl":74,"Juzu Bracelet":160,"Boot":145,"Empty Cage":204,"Lizard Tail":28,"Dream Catcher":191,"TheAbacus":166,"Mummified Hand":38,"DollysMirror":225,"Strawberry":138,"WingedGreaves":18,"Red Mask":95,"Kunai":208,"Toxic Egg 2":74,"Ring of the Snake":0,"Astrolabe":53,"Blue Candle":92,"Oddly Smooth Stone":0,"Thread and Needle":145,"Omamori":81,"Letter Opener":38,"War Paint":226,"MawBank":44,"Question Card":87,"Runic Dome":110,"OrangePellets":195,"Anchor":225,"Ornamental Fan":138,"Bag of Marbles":198,"Art of War":209,"Black Star":215,"Membership Card":0,"FossilizedHelix":16,"TungstenRod":226}],"TungstenRod":0,"Ring of the Snake":[112]},"card_choices":[{"not_picked":["Deadly Poison","Eviscerate","Dodge and Roll"],"picked":"SKIP","floor":1.0},{"not_picked":["Dagger Spray","Caltrops"],"picked":"Burst","floor":2.0},{"not_picked":["Caltrops","Bane","Footwork"],"picked":"SKIP","floor":3.0},{"not_picked":["Deadly Poison","Endless Agony","Catalyst"],"picked":"SKIP","floor":4.0},{"not_picked":["Dagger Spray","Cloak And Dagger","Setup"],"picked":"SKIP","floor":5.0},{"not_picked":["Deflect","Slice"],"picked":"Quick Slash","floor":6.0},{"not_picked":["Deadly Poison","Quick Slash"],"picked":"Acrobatics","floor":7.0},{"not_picked":["Heel Hook","Dagger Throw"],"picked":"Concentrate","floor":12.0},{"not_picked":["Acrobatics","A Thousand Cuts","Noxious Fumes"],"picked":"SKIP","floor":14.0},{"not_picked":["Die Die Die","Envenom"],"picked":"After Image","floor":16.0},{"not_picked":["Quick Slash","Flying Knee","Dodge and Roll"],"picked":"SKIP","floor":18.0},{"not_picked":["Envenom","Dagger Spray","Flechettes"],"picked":"SKIP","floor":20.0},{"not_picked":["PiercingWail","Bane"],"picked":"Escape Plan","floor":22.0},{"not_picked":["Leg Sweep","Eviscerate+1","Outmaneuver"],"picked":"SKIP","floor":23.0},{"not_picked":["PiercingWail+1","Cloak And Dagger+1","Calculated Gamble"],"picked":"SKIP","floor":25.0},{"not_picked":["Cloak And Dagger","Poisoned Stab","Prepared"],"picked":"SKIP","floor":27.0},{"not_picked":["Finisher+1","Infinite Blades","Sucker Punch+1"],"picked":"SKIP","floor":30.0},{"not_picked":["Bane","Underhanded Strike","Infinite Blades+1"],"picked":"SKIP","floor":31.0},{"not_picked":["Glass Knife","Bullet Time"],"picked":"Burst","floor":33.0},{"not_picked":["Deadly Poison","Cloak And Dagger","Dash"],"picked":"SKIP","floor":35},{"not_picked":["Cloak And Dagger","Bane","Sucker Punch"],"picked":"SKIP","floor":36},{"not_picked":["Skewer","Eviscerate","Dagger Spray"],"picked":"SKIP","floor":39},{"not_picked":["Prepared","Outmaneuver","Quick Slash"],"picked":"SKIP","floor":40},{"not_picked":["Acrobatics","Reflex","Envenom"],"picked":"SKIP","floor":45},{"not_picked":["Poisoned Stab+1","Dagger Spray+1","Dodge and Roll+1"],"picked":"SKIP","floor":46}],"player_experience":307116,"relics_obtained":[{"floor":7.0,"key":"Mummified Hand"},{"floor":9.0,"key":"Dream Catcher"},{"floor":10.0,"key":"Lantern"},{"floor":14.0,"key":"Bag of Marbles"},{"floor":23.0,"key":"Kunai"},{"floor":25.0,"key":"Thread and Needle"},{"floor":26.0,"key":"Art of War"},{"floor":40,"key":"Omamori"},{"floor":40,"key":"WingedGreaves"},{"floor":43,"key":"Anchor"},{"floor":45,"key":"War Paint"},{"floor":45,"key":"TungstenRod"}],"event_choices":[{"damage_healed":0.0,"max_hp_gain":0.0,"max_hp_loss":0.0,"gold_gain":30.0,"event_name":"Dead Adventurer","player_choice":"Searched \u00272\u0027 times","floor":10.0,"gold_loss":0.0,"damage_taken":0.0},{"damage_healed":0.0,"max_hp_gain":0.0,"max_hp_loss":0.0,"gold_gain":0.0,"cards_transformed":["Quick Slash"],"event_name":"Transmorgrifier","player_choice":"Transformed","floor":21.0,"gold_loss":0.0,"damage_taken":0.0,"cards_obtained":["Well Laid Plans"]},{"damage_healed":0,"gold_gain":0,"player_choice":"Max HP","damage_taken":0,"max_hp_gain":0,"max_hp_loss":3,"event_name":"Winding Halls","floor":37,"gold_loss":0},{"damage_healed":0,"gold_gain":0,"player_choice":"Ignored","damage_taken":0,"max_hp_gain":0,"max_hp_loss":0,"event_name":"Tomb of Lord Red Mask","floor":38,"gold_loss":0},{"cards_removed":["Neutralize"],"damage_healed":0,"gold_gain":0,"player_choice":"Removed Attack","damage_taken":0,"max_hp_gain":0,"max_hp_loss":0,"event_name":"Falling","floor":47,"gold_loss":0}],"is_beta":false,"boss_relics":[{"not_picked":["WristBlade","Runic Dome"],"picked":"Empty Cage"},{"not_picked":["SlaversCollar","Calling Bell"],"picked":"Black Star"}],"items_purged_floors":[0,0,0,0,0,0,8,19,41,48],"is_endless":false,"potions_floor_spawned":[1,2,6,14,22,23,30,31,36,39,46],"ascension_level":15}}