{"host":"xcokcv36ugek5kze","time":1609650483,"event":{"mods":["BaseMod","Downfall","Marisa£®ÏF”Í°°ƒß¿Ì…≥£©","Minty Spire (QoL Compilation)","Say the Spire","StSLib"],"gold_per_floor":[99,118,118,118,138,154,178,209,222,254,27,41,41,58,72,72,72,72],"floor_reached":16,"playtime":2549,"items_purged":[],"score":114,"play_id":"7455f4fb-d898-4f16-96bb-3da788a14b21","local_time":"20210103130803","is_ascension_mode":false,"campfire_choices":[{"data":"hexamod:Float","floor":1.0,"key":"SMITH"}],"circlet_count":0,"master_deck":["hexamod:Strike","hexamod:Strike","hexamod:Strike","hexamod:Defend+1","hexamod:Defend","hexamod:Defend","hexamod:Defend","hexamod:Sear","hexamod:Float+1","hexamod:BacktrackSmack","hexamod:Again","hexamod:CatchUp+1","hexamod:CrushingStance","hexamod:BurningTouch","hexamod:VolcanoVisage+1","hexamod:FastForward","hexamod:GhostOfSpirePresent+1","sneckomod:SoulDraw","sneckomod:UnknownClassRED"],"relics":["hexamod:SpiritBrand","Frozen Egg 2","War Paint","Sundial","Pen Nib","PrismaticShard","downfall:BrokenWingStatue"],"acts_visited":["Exordium"],"potions_floor_usage":[14,16,16],"damage_taken":[{"damage":0.0,"enemies":"2 Louse","floor":2.0,"turns":3.0},{"damage":1.0,"enemies":"Cultist","floor":5.0,"turns":3.0},{"damage":0.0,"enemies":"Jaw Worm","floor":6.0,"turns":3.0},{"damage":10.0,"enemies":"Gremlin Nob","floor":8.0,"turns":4.0},{"damage":0.0,"enemies":"Large Slime","floor":9.0,"turns":3.0},{"damage":12.0,"enemies":"3 Sentries","floor":10.0,"turns":6.0},{"damage":0.0,"enemies":"downfall:FleeingMerchant","floor":11.0,"turns":4.0},{"damage":11.0,"enemies":"Exordium Wildlife","floor":12.0,"turns":4.0},{"damage":2,"enemies":"Gremlin Gang","floor":14,"turns":3},{"damage":7,"enemies":"Red Slaver","floor":15,"turns":3},{"damage":47,"enemies":"downfall:Defect","floor":16,"turns":5}],"seed_played":"-5160871586298922965","potions_obtained":[{"floor":2.0,"key":"PowerPotion"},{"floor":9.0,"key":"AttackPotion"},{"floor":10.0,"key":"ColorlessPotion"},{"floor":14,"key":"Fire Potion"}],"is_trial":false,"path_per_floor":["R","M","?","?","M","M","T","E","M","E","$","M","?","M","M","B"],"character_chosen":"THE_SPIRIT","items_purchased":["PrismaticShard","hexamod:GhostOfSpirePresent+1"],"campfire_rested":0,"item_purchase_floors":[11,11],"current_hp_per_floor":[77,77,74,74,73,73,73,63,63,51,51,40,40,38,31,0,0,0],"gold":72,"neow_bonus":"TEN_PERCENT_HP_BONUS","is_daily":false,"chose_seed":false,"campfire_upgraded":1,"win_rate":0.0,"timestamp":1609650483,"path_taken":["R","M","?","?","M","M","T","E","M","E","$","?","?","M","M","BOSS"],"items_purchased_type":["Relic","Card"],"build_version":"2020-12-22","purchased_purges":0,"victory":false,"max_hp_per_floor":[77,77,77,77,77,77,77,77,77,77,77,77,77,77,77,77,77,77],"card_choices":[{"not_picked":["hexamod:SpectersWail","hexamod:SwordOfDarkness"],"picked":"hexamod:BacktrackSmack","floor":2.0},{"not_picked":["hexamod:InspiringFlames","hexamod:EtherealExpedition"],"picked":"hexamod:Again","floor":5.0},{"not_picked":["hexamod:ShieldOfDarkness","hexamod:FastForward"],"picked":"hexamod:CatchUp","floor":6.0},{"not_picked":["hexamod:GhostflameBarrier","hexamod:SwordOfDarkness"],"picked":"hexamod:CrushingStance","floor":8.0},{"not_picked":["hexamod:Firestarter","hexamod:RainOfEmbers"],"picked":"hexamod:BurningTouch","floor":9.0},{"not_picked":["hexamod:GhostOfSpireFuture+1","hexamod:ShieldOfDarkness"],"picked":"hexamod:VolcanoVisage+1","floor":10.0},{"not_picked":["hexamod:Incineration","hexamod:SkipABeat"],"picked":"hexamod:FastForward","floor":11.0},{"not_picked":["Slimebound:DivideAndConquer","expansioncontent:PrepareCrush"],"picked":"sneckomod:SoulDraw","floor":12.0},{"not_picked":["WreathOfFlame","champ:AdrenalArmor","champ:GladiatorStyle+1"],"picked":"SKIP","floor":14},{"not_picked":["Predator","sneckomod:DiceBlock"],"picked":"sneckomod:UnknownClassRED","floor":15}],"player_experience":71937,"relics_obtained":[{"floor":7.0,"key":"War Paint"},{"floor":8.0,"key":"Sundial"},{"floor":10.0,"key":"Pen Nib"}],"event_choices":[{"damage_healed":0.0,"max_hp_gain":0.0,"max_hp_loss":0.0,"gold_gain":0.0,"event_name":"Scrap Ooze","player_choice":"Success","floor":3.0,"gold_loss":0.0,"damage_taken":3.0,"relics_obtained":["Frozen Egg 2"]},{"cards_removed":["hexamod:Strike"],"damage_healed":0.0,"max_hp_gain":0.0,"max_hp_loss":0.0,"gold_gain":0.0,"event_name":"Purifier","player_choice":"Purged","floor":4.0,"gold_loss":0.0,"damage_taken":0.0}],"is_beta":false,"boss_relics":[],"items_purged_floors":[],"is_endless":false,"potions_floor_spawned":[2,9,10,14],"killed_by":"downfall:Defect","ascension_level":0}}