{"host":"y9jgkjnf95sujozk","time":1609710605,"event":{"mods":["2.2 Compatiblity","AchievementEnabler","Act Like it!","BaseMod","Block Reminder","Colored Map","Colored Powertips","Decade(王小明)","Downfall","Friendly Minions","Gensokyo","GifTheSpireLib","Hallownest","Hermit","Highlight Path","HololiveMod","Infinite Spire","Jorbs\u0027s Wanderer Trilogy","Marisa（霧雨　魔理沙）","Minty Spire (QoL Compilation)","Random Character Button","Rare Cards Sparkle","Remilia（蕾米莉?）","Replay The Spire","Shop Mod","StSLib","SuperFastMode","The Animator","The Bug Knight","The Cursed","The Hierophant","The Jungle","The Senshi","The Servant 0.9.4"],"gold_per_floor":[114,194,194,194,48,48,67,12,12,57,57,89,89,80,80,140,140,142,197,227,20,19,19],"floor_reached":22,"playtime":399,"items_purged":[],"score":157,"play_id":"654919af-cc90-40c7-adad-c014ec987d06","local_time":"20210103225005","is_ascension_mode":false,"campfire_choices":[{"data":"hierophant:AuricForm","floor":6,"key":"SMITH"},{"data":"hierophant:Charity","floor":13,"key":"SMITH"},{"floor":15,"key":"REST"}],"circlet_count":0,"master_deck":["hierophant:Strike_Hierophant","hierophant:Strike_Hierophant","hierophant:Strike_Hierophant","hierophant:Strike_Hierophant","hierophant:Punish","hierophant:Defend_Hierophant","hierophant:Defend_Hierophant","hierophant:Defend_Hierophant","hierophant:Defend_Hierophant","hierophant:ChurchCoffers","hierophant:HolyVerse+1","hierophant:AuricForm+1","hierophant:OrnateBuckler","hierophant:Charity","hierophant:Charity","hierophant:Doubloon+1","hierophant:Doubloon+1","hierophant:FieryStrike","hierophant:Doubloon","hierophant:Charity+1","hierophant:FaithHealing","hierophant:AuricForm","hierophant:AuricShield","hierophant:Smite","hierophant:RepressedViolence+1","hierophant:Smite","hierophant:PristineSoul","expansioncontent:ManipulateTime"],"relics":["hierophant:PropheticMaskRelic","NeowsBlessing","infinitespire:CheckeredPen","War Paint","Omamori"],"acts_visited":["Exordium","TheCity"],"potions_floor_usage":[16],"damage_taken":[{"damage":0.0,"enemies":"Small Slimes","floor":1.0,"turns":1.0},{"damage":0,"enemies":"Jaw Worm","floor":7,"turns":1},{"damage":0,"enemies":"Lagavulin","floor":10,"turns":1},{"damage":0,"enemies":"2 Louse","floor":12,"turns":2},{"damage":5,"enemies":"Exordium Thugs","floor":14,"turns":2},{"damage":57,"enemies":"Slime Boss","floor":16,"turns":8},{"damage":47,"enemies":"Chosen","floor":18,"turns":8},{"damage":0,"enemies":"Spheric Guardian","floor":20,"turns":2},{"damage":2,"enemies":"Centurion and Healer","floor":22,"turns":1}],"seed_played":"-7112058170846194420","potions_obtained":[{"floor":12,"key":"FearPotion"},{"floor":18,"key":"BlessingOfTheForge"},{"floor":19,"key":"LiquidBronze"},{"floor":19,"key":"Ancient Potion"}],"is_trial":false,"path_per_floor":["M","?","?","?","$","R","M","$","T","E","?","M","R","M","R","B",null,"M","?","M","$","M"],"character_chosen":"HIEROPHANT","items_purchased":["hierophant:AuricForm","hierophant:Charity","hierophant:Smite","hierophant:PristineSoul","expansioncontent:ManipulateTime"],"campfire_rested":1,"item_purchase_floors":[5,8,21,21,21],"current_hp_per_floor":[75,75,75,75,75,75,75,75,75,75,80,80,80,75,80,23,80,33,1,1,1,0,0],"gold":19,"neow_bonus":"THREE_ENEMY_KILL","is_daily":false,"chose_seed":false,"campfire_upgraded":2,"win_rate":0.0,"timestamp":1609710605,"path_taken":["M","?","?","?","$","R","M","$","T","E","?","?","R","M","R","BOSS","M","?","M","$","M"],"items_purchased_type":["Card","Card","Card","Card","Card"],"build_version":"2020-12-22","purchased_purges":0,"victory":false,"max_hp_per_floor":[75,75,75,75,75,75,75,75,75,75,80,80,80,80,80,80,80,80,80,80,80,80,80],"card_choices":[{"not_picked":["hierophant:RustyCrate","hierophant:ThreeLashes"],"picked":"hierophant:HolyVerse","floor":1.0},{"not_picked":["hierophant:Dazzle","hierophant:Glossolalia"],"picked":"hierophant:OrnateBuckler","floor":7},{"not_picked":["hierophant:LocustPlague","hierophant:Dazzle"],"picked":"hierophant:FieryStrike","floor":10},{"not_picked":["hierophant:ArchangelShield","hierophant:Encroach"],"picked":"hierophant:Charity","floor":12},{"not_picked":["hierophant:ThreeLashes","hierophant:DisplayOfPower"],"picked":"hierophant:FaithHealing","floor":14},{"not_picked":["hierophant:Determination","hierophant:Cornucopia"],"picked":"hierophant:AuricForm","floor":16},{"not_picked":["hierophant:RustyCrate","hierophant:SealAway"],"picked":"hierophant:AuricShield","floor":18},{"not_picked":["hierophant:ArchangelShield","hierophant:SolarFlare"],"picked":"hierophant:Smite","floor":19},{"not_picked":["hierophant:Doomsaying","hierophant:SolarFlare"],"picked":"hierophant:RepressedViolence+1","floor":20}],"player_experience":134284,"relics_obtained":[{"floor":9,"key":"infinitespire:CheckeredPen"},{"floor":10,"key":"War Paint"},{"floor":19,"key":"Omamori"}],"event_choices":[{"damage_healed":0,"gold_gain":0,"player_choice":"Grow","damage_taken":0,"max_hp_gain":0,"max_hp_loss":0,"event_name":"Living Wall","floor":3,"gold_loss":0,"cards_upgraded":["hierophant:HolyVerse"]},{"damage_healed":0,"gold_gain":0,"player_choice":"Leave","damage_taken":0,"max_hp_gain":0,"max_hp_loss":0,"event_name":"The Cleric","floor":4,"gold_loss":0},{"damage_healed":0,"gold_gain":0,"player_choice":"Donut","damage_taken":0,"max_hp_gain":5,"max_hp_loss":0,"event_name":"Big Fish","floor":11,"gold_loss":0}],"is_beta":false,"boss_relics":[{"not_picked":[]}],"items_purged_floors":[],"is_endless":false,"potions_floor_spawned":[12,18],"killed_by":"Centurion and Healer","ascension_level":0}}