{"host":"gsmj583br51y3r1c","time":1609670753,"event":{"mods":["AchievementEnabler","BaseMod","Better Note","Colored Map","Downfall","Hermit","Highlight Path","Hubris","Infinite Spire","Marisa????????","Minty Spire (QoL Compilation)","Quick Restart","StSLib","The Administrix","The Bug Knight","The Cursed","The Disciple","The Hierophant","The Marked","The Necromancer","The Runesmith","The Servant 0.9.4","Unceasing Turn Reminder","everything is the same but u backflip on backflip"],"gold_per_floor":[109,109,109,109,59,99,124,124,124,124,199,219,234,1,1,1,1],"floor_reached":16,"playtime":1015,"items_purged":[],"score":123,"play_id":"32801e9d-fe39-49dd-8b3d-db2b7eb508e8","local_time":"20210103124553","is_ascension_mode":false,"campfire_choices":[{"floor":15,"key":"RECALL"}],"circlet_count":0,"master_deck":["Strike_S","Strike_S","Strike_S","Defend_S","Defend_S","Defend_S","Defend_S","KidneyShot","Exchange","KillingDoll","MoonPhase","GearUp","SurpressingFire"],"relics":["Uniform","NeowsBlessing","Golden Idol","hubris:SlimyHat","infinitespire:Lucky Rock","Eternal Feather","Membership Card","Lantern"],"acts_visited":["Exordium"],"potions_floor_usage":[12],"damage_taken":[{"damage":0,"enemies":"2 Louse","floor":1,"turns":1},{"damage":0,"enemies":"Lagavulin","floor":6,"turns":1},{"damage":0,"enemies":"Jaw Worm","floor":7,"turns":1},{"damage":0,"enemies":"Cultist","floor":12,"turns":3},{"damage":7,"enemies":"3 Louse","floor":13,"turns":6},{"damage":34,"enemies":"The Guardian","floor":16,"turns":4}],"seed_played":"9134702578990063378","potions_obtained":[{"floor":1,"key":"SkillPotion"},{"floor":13,"key":"Explosive Potion"}],"is_trial":false,"path_per_floor":["M","?","?","$","?","E","M","?","T","T","?","M","M","$","R","B"],"character_chosen":"THE_SERVANT","items_purchased":["Membership Card","Lantern"],"campfire_rested":0,"item_purchase_floors":[14,14],"current_hp_per_floor":[65,65,58,58,58,58,58,46,46,46,35,35,28,28,34,0,0],"gold":1,"neow_bonus":"THREE_ENEMY_KILL","is_daily":false,"chose_seed":false,"campfire_upgraded":0,"win_rate":0.0,"timestamp":1609670753,"path_taken":["M","?","?","?","?","E","M","?","T","?","?","M","M","?","R","BOSS"],"items_purchased_type":["Relic","Relic"],"build_version":"2020-12-22","purchased_purges":0,"victory":false,"max_hp_per_floor":[65,65,65,65,65,65,65,65,65,65,65,65,65,65,65,65,65],"card_choices":[{"not_picked":["ShatteredReality","Rewind","Replace"],"picked":"SKIP","floor":1},{"not_picked":["Replace","GearUp"],"picked":"KillingDoll","floor":6},{"not_picked":["WasteNot","TimeWarp"],"picked":"MoonPhase","floor":7},{"not_picked":["Spin","Revamp"],"picked":"GearUp","floor":12},{"not_picked":["Defy","LightFlow"],"picked":"SurpressingFire","floor":13}],"player_experience":284227,"relics_obtained":[{"floor":6,"key":"hubris:SlimyHat"},{"floor":9,"key":"Eternal Feather"}],"event_choices":[{"damage_healed":0,"gold_gain":0,"player_choice":"Take Wound","damage_taken":0,"relics_obtained":["Golden Idol"],"max_hp_gain":0,"max_hp_loss":0,"event_name":"Golden Idol","floor":2,"gold_loss":0,"cards_obtained":["Injury"]},{"cards_removed":["Injury"],"damage_healed":0,"gold_gain":0,"player_choice":"Card Removal","damage_taken":7,"max_hp_gain":0,"max_hp_loss":0,"event_name":"Golden Wing","floor":3,"gold_loss":0},{"cards_removed":["Strike_S"],"damage_healed":0,"gold_gain":0,"player_choice":"Card Removal","damage_taken":0,"max_hp_gain":0,"max_hp_loss":0,"event_name":"The Cleric","floor":5,"gold_loss":50},{"damage_healed":0,"gold_gain":0,"player_choice":"Success","damage_taken":12,"relics_obtained":["infinitespire:Lucky Rock"],"max_hp_gain":0,"max_hp_loss":0,"event_name":"Scrap Ooze","floor":8,"gold_loss":0},{"damage_healed":0,"gold_gain":75,"player_choice":"Gather Gold","damage_taken":11,"max_hp_gain":0,"max_hp_loss":0,"event_name":"World of Goop","floor":11,"gold_loss":0}],"is_beta":false,"boss_relics":[],"items_purged_floors":[],"is_endless":false,"potions_floor_spawned":[1,13],"killed_by":"The Guardian","ascension_level":0}}