{"host":"p7j7o00jacnw7qzt","time":1609661869,"event":{"mods":["BaseMod","Colored Map","Colored Powertips","DeckTracker","Highlight Path","Minty Spire (QoL Compilation)","Relic Stats"],"gold_per_floor":[117,137,137,157,157,157,192,192,262,296,296,36,36,52,52,126,126,136,136,136,136,146,174,192,192,192,220,237,270,170,184,184,257,257,269,100,116,129,129,162,176,195,195,207,235,252,252,277,277,277,277,277,277,25,51,51],"floor_reached":57,"playtime":3263,"items_purged":["Strike_R","Strike_R"],"score":2899,"play_id":"09046268-6f60-4db3-9cd4-a3949f831530","local_time":"20210103031749","is_ascension_mode":true,"campfire_choices":[{"data":"Clothesline","floor":6.0,"key":"SMITH"},{"data":"Evolve","floor":11.0,"key":"SMITH"},{"data":"Apotheosis","floor":13.0,"key":"SMITH"},{"floor":15.0,"key":"RECALL"},{"data":"Second Wind","floor":25.0,"key":"SMITH"},{"data":"Battle Trance","floor":32.0,"key":"SMITH"}],"circlet_count":0,"master_deck":["AscendersBane","Defend_R","Defend_R","Defend_R","Defend_R","Bash","Evolve+1","Clothesline+1","Feed+1","Apotheosis+1","Shrug It Off+1","Reaper","Necronomicurse","Power Through","Second Wind+1","Inflame+1","Battle Trance+1","Body Slam+1","Limit Break","Bloodletting","Burning Pact","Shrug It Off+1","Pommel Strike+1","Feel No Pain","Heavy Blade+1"],"relics":["Coffee Dripper","Blood Vial","Pantograph","Akabeko","Sozu","Necronomicon","Tiny Chest","Self Forming Clay","Molten Egg 2","Fusion Hammer","Brimstone","Gremlin Horn","Shuriken","InkBottle","Letter Opener","Bag of Preparation","Lantern"],"acts_visited":["Exordium","TheCity","TheBeyond","TheEnding"],"potions_floor_usage":[],"damage_taken":[{"damage":3.0,"enemies":"2 Louse","floor":1.0,"turns":3.0},{"damage":7.0,"enemies":"Small Slimes","floor":2.0,"turns":3.0},{"damage":2.0,"enemies":"Cultist","floor":4.0,"turns":4.0},{"damage":20.0,"enemies":"Lagavulin","floor":7.0,"turns":6.0},{"damage":25.0,"enemies":"3 Sentries","floor":10.0,"turns":8.0},{"damage":9.0,"enemies":"Blue Slaver","floor":14.0,"turns":6.0},{"damage":12.0,"enemies":"The Guardian","floor":16.0,"turns":15.0},{"damage":10.0,"enemies":"Shell Parasite","floor":18.0,"turns":5.0},{"damage":3.0,"enemies":"2 Thieves","floor":22.0,"turns":3.0},{"damage":2.0,"enemies":"Book of Stabbing","floor":23.0,"turns":4.0},{"damage":22.0,"enemies":"Shelled Parasite and Fungi","floor":24.0,"turns":6.0},{"damage":0.0,"enemies":"Gremlin Leader","floor":27.0,"turns":6.0},{"damage":11.0,"enemies":"Centurion and Healer","floor":28.0,"turns":6.0},{"damage":13.0,"enemies":"Book of Stabbing","floor":29.0,"turns":5.0},{"damage":3.0,"enemies":"3 Cultists","floor":31.0,"turns":5.0},{"damage":39.0,"enemies":"Champ","floor":33.0,"turns":9.0},{"damage":10.0,"enemies":"Orb Walker","floor":35.0,"turns":3.0},{"damage":7.0,"enemies":"3 Darklings","floor":37.0,"turns":4.0},{"damage":55.0,"enemies":"Jaw Worm Horde","floor":38.0,"turns":6.0},{"damage":8.0,"enemies":"Giant Head","floor":40.0,"turns":5.0},{"damage":5.0,"enemies":"Spire Growth","floor":41.0,"turns":4.0},{"damage":30.0,"enemies":"3 Darklings","floor":42.0,"turns":4.0},{"damage":29.0,"enemies":"Maw","floor":44.0,"turns":7.0},{"damage":18.0,"enemies":"Nemesis","floor":45.0,"turns":3.0},{"damage":10.0,"enemies":"4 Shapes","floor":46.0,"turns":4.0},{"damage":2.0,"enemies":"Giant Head","floor":48.0,"turns":5.0},{"damage":27.0,"enemies":"Time Eater","floor":50.0,"turns":7.0},{"damage":41.0,"enemies":"Donu and Deca","floor":51.0,"turns":5.0},{"damage":24.0,"enemies":"Shield and Spear","floor":55.0,"turns":4.0},{"damage":144,"enemies":"The Heart","floor":56,"turns":7}],"seed_played":"4148764798887505672","potions_obtained":[{"floor":1.0,"key":"EntropicBrew"},{"floor":14.0,"key":"Explosive Potion"},{"floor":16.0,"key":"AttackPotion"}],"is_trial":false,"path_per_floor":["M","M","?","M","?","R","E","?","T","E","R","$","R","M","R","B",null,"M","?","?","?","M","E","M","R","T","E","M","E","$","M","R","B",null,"M","$","M","M","?","E","M","M","T","M","E","M","R","E","R","B","B",null,"R","$","E","B",null],"character_chosen":"IRONCLAD","items_purchased":["Apotheosis","Brimstone","Bag of Preparation","Feel No Pain"],"campfire_rested":0,"item_purchase_floors":[12,36,54,54],"current_hp_per_floor":[65,58,58,56,49,49,29,29,29,10,10,10,10,7,7,26,72,75,54,54,54,77,95,91,91,91,103,103,107,107,112,112,92,112,123,123,127,131,131,127,135,139,139,114,98,147,147,149,149,151,155,155,155,155,159,94],"gold":51,"neow_bonus":"BOSS_RELIC","is_daily":false,"chose_seed":false,"campfire_upgraded":5,"win_rate":0.0,"timestamp":1609661869,"path_taken":["M","M","?","M","?","R","E","?","T","E","R","$","R","M","R","BOSS","M","?","?","?","?","E","M","R","T","E","M","E","$","M","R","BOSS","M","$","M","M","?","E","?","M","T","M","E","M","R","E","R","BOSS","BOSS","R","$","E","BOSS"],"items_purchased_type":["Card","Relic","Relic","Card"],"build_version":"2020-12-22","purchased_purges":2,"victory":true,"max_hp_per_floor":[75,75,75,75,75,75,75,75,75,79,79,79,79,83,83,87,87,91,91,91,91,95,99,103,103,103,103,107,111,111,115,115,119,119,123,123,127,131,131,135,135,139,139,143,143,147,147,151,151,151,155,155,155,155,159,163],"relic_stats":{"Gremlin Horn":[4,7],"counters":[30,162],"Self Forming Clay":[210],"Bag of Preparation":[4],"Letter Opener":[110],"Blood Vial":28,"Sozu":7,"Shuriken":[14],"Pantograph":30,"Tiny Chest":0,"Necronomicon":[68],"obtain_stats":[{"Lantern":55,"Gremlin Horn":40,"Self Forming Clay":27,"Bag of Preparation":54,"Letter Opener":48,"Burning Blood":0,"Akabeko":10,"Blood Vial":7,"Sozu":17,"Brimstone":36,"Shuriken":43,"Pantograph":9,"Tiny Chest":23,"Molten Egg 2":29,"Fusion Hammer":34,"Coffee Dripper":0,"Necronomicon":19,"InkBottle":45},{"Lantern":29,"Gremlin Horn":20,"Self Forming Clay":12,"Bag of Preparation":28,"Letter Opener":26,"Burning Blood":0,"Akabeko":5,"Blood Vial":4,"Sozu":7,"Brimstone":17,"Shuriken":22,"Pantograph":4,"Tiny Chest":10,"Molten Egg 2":14,"Fusion Hammer":16,"Coffee Dripper":0,"Necronomicon":8,"InkBottle":24},{"Lantern":155,"Gremlin Horn":112,"Self Forming Clay":69,"Bag of Preparation":151,"Letter Opener":139,"Burning Blood":0,"Akabeko":24,"Blood Vial":16,"Sozu":45,"Brimstone":97,"Shuriken":120,"Pantograph":16,"Tiny Chest":57,"Molten Egg 2":80,"Fusion Hammer":94,"Coffee Dripper":0,"Necronomicon":50,"InkBottle":130}],"InkBottle":[8]},"card_choices":[{"not_picked":["Disarm","Shrug It Off"],"picked":"Evolve","floor":1.0},{"not_picked":["Thunderclap","Perfected Strike","Ghostly Armor"],"picked":"SKIP","floor":2.0},{"not_picked":["Sword Boomerang","Anger"],"picked":"Clothesline","floor":4.0},{"not_picked":["Power Through","Pommel Strike"],"picked":"Feed","floor":7.0},{"not_picked":["Hemokinesis","Clash","Searing Blow"],"picked":"SKIP","floor":10.0},{"not_picked":["Fire Breathing","Sever Soul"],"picked":"Shrug It Off","floor":14.0},{"not_picked":["Exhume","Feed"],"picked":"Reaper","floor":16.0},{"not_picked":["Body Slam","Searing Blow","Ghostly Armor"],"picked":"SKIP","floor":18.0},{"not_picked":["Wild Strike+1","Anger"],"picked":"Power Through","floor":22.0},{"not_picked":["Armaments","Body Slam+1","Bloodletting"],"picked":"SKIP","floor":23.0},{"not_picked":["True Grit","Flex"],"picked":"Second Wind","floor":24.0},{"not_picked":["Berserk","Clothesline"],"picked":"Inflame+1","floor":27.0},{"not_picked":["Uppercut+1","Clash"],"picked":"Battle Trance","floor":28.0},{"not_picked":["Anger+1","Intimidate"],"picked":"Body Slam+1","floor":29.0},{"not_picked":["Dual Wield","Twin Strike+1","Thunderclap+1"],"picked":"SKIP","floor":31.0},{"not_picked":["Juggernaut","Feed+1"],"picked":"Limit Break","floor":33.0},{"not_picked":["Anger+1","Headbutt+1"],"picked":"Bloodletting","floor":35.0},{"not_picked":["Thunderclap+1","Wild Strike+1","Power Through+1"],"picked":"SKIP","floor":37.0},{"not_picked":["Cleave+1","Thunderclap+1","Clothesline+1"],"picked":"SKIP","floor":38.0},{"not_picked":["Barricade","Infernal Blade+1"],"picked":"Burning Pact","floor":40.0},{"not_picked":["Twin Strike+1","Sword Boomerang+1","Flex"],"picked":"SKIP","floor":41.0},{"not_picked":["Perfected Strike+1","Battle Trance"],"picked":"Shrug It Off+1","floor":42.0},{"not_picked":["Clash+1","Twin Strike+1"],"picked":"Pommel Strike+1","floor":44.0},{"not_picked":["Bloodletting+1","Ghostly Armor","Body Slam+1"],"picked":"SKIP","floor":45.0},{"not_picked":["Bloodletting+1","Ghostly Armor","Body Slam+1"],"picked":"SKIP","floor":45.0},{"not_picked":["Armaments","Flex+1","Infernal Blade"],"picked":"SKIP","floor":46.0},{"not_picked":["Fire Breathing","Thunderclap+1","Armaments+1"],"picked":"SKIP","floor":48.0},{"not_picked":["Power Through","Corruption"],"picked":"Heavy Blade+1","floor":55.0}],"player_experience":958167,"relics_obtained":[{"floor":7.0,"key":"Blood Vial"},{"floor":9.0,"key":"Pantograph"},{"floor":10.0,"key":"Akabeko"},{"floor":19.0,"key":"Necronomicon"},{"floor":23.0,"key":"Tiny Chest"},{"floor":27.0,"key":"Self Forming Clay"},{"floor":29.0,"key":"Molten Egg 2"},{"floor":40.0,"key":"Gremlin Horn"},{"floor":43.0,"key":"Shuriken"},{"floor":45.0,"key":"InkBottle"},{"floor":48.0,"key":"Letter Opener"},{"floor":55.0,"key":"Lantern"}],"event_choices":[{"damage_healed":0.0,"max_hp_gain":0.0,"max_hp_loss":0.0,"gold_gain":0.0,"event_name":"Liars Game","player_choice":"Ignored","floor":3.0,"gold_loss":0.0,"damage_taken":0.0},{"cards_removed":["Strike_R"],"damage_healed":0.0,"max_hp_gain":0.0,"max_hp_loss":0.0,"gold_gain":0.0,"event_name":"Golden Wing","player_choice":"Card Removal","floor":5.0,"gold_loss":0.0,"damage_taken":7.0},{"damage_healed":0.0,"max_hp_gain":0.0,"max_hp_loss":0.0,"gold_gain":0.0,"event_name":"Accursed Blacksmith","player_choice":"Forge","floor":8.0,"gold_loss":0.0,"damage_taken":0.0,"cards_upgraded":["Feed"]},{"damage_healed":0.0,"max_hp_gain":0.0,"max_hp_loss":0.0,"gold_gain":0.0,"event_name":"Cursed Tome","player_choice":"Obtained Book","floor":19.0,"gold_loss":0.0,"damage_taken":21.0},{"cards_removed":["Strike_R"],"damage_healed":0.0,"max_hp_gain":0.0,"max_hp_loss":0.0,"gold_gain":0.0,"event_name":"Back to Basics","player_choice":"Elegance","floor":20.0,"gold_loss":0.0,"damage_taken":0.0},{"damage_healed":0.0,"max_hp_gain":0.0,"max_hp_loss":0.0,"gold_gain":0.0,"event_name":"Upgrade Shrine","player_choice":"Upgraded","floor":21.0,"gold_loss":0.0,"damage_taken":0.0,"cards_upgraded":["Shrug It Off"]},{"cards_removed":["Strike_R"],"damage_healed":0.0,"max_hp_gain":0.0,"max_hp_loss":0.0,"gold_gain":0.0,"event_name":"Bonfire Elementals","player_choice":"Offered Basic","floor":39.0,"gold_loss":0.0,"damage_taken":0.0}],"is_beta":false,"boss_relics":[{"not_picked":["Calling Bell","Tiny House"],"picked":"Sozu"},{"not_picked":["Philosopher\u0027s Stone","Snecko Eye"],"picked":"Fusion Hammer"}],"items_purged_floors":[12,30],"is_endless":false,"potions_floor_spawned":[1,14,16,23,24,29,40,42,44,46],"ascension_level":20}}