{"host":"pgqo2okrcsmr67kt","time":1609660284,"event":{"mods":["BaseMod","Colored Map","Colored Powertips","Downfall","Hermit","Marisa£®ÏF”Í°°ƒß¿Ì…≥£©","Minty Spire (QoL Compilation)","Reimu£®≤©¿ˆ¡È√Œ£©","Remilia£®¿Ÿ√◊¿Ú—«£©","Replay The Spire","Shop Mod","StSLib","SuperFastMode","The Bug Knight","The Cursed","The Poker Player","The Servant 0.9.4"],"gold_per_floor":[99,99,99,99,99,199,199,262,412,423,496,496,563,576,592,592,592],"floor_reached":16,"playtime":1217,"items_purged":[],"score":90,"play_id":"6032b859-8fd6-43fa-a1f6-6f084feed824","local_time":"20210103155124","is_ascension_mode":false,"campfire_choices":[{"data":"Slimebound:Split","floor":1,"key":"SMITH"},{"data":"Slimebound:LivingWall","floor":12,"key":"SMITH"}],"circlet_count":0,"master_deck":["Slimebound:Strike_Slimebound","Slimebound:Strike_Slimebound","Slimebound:Strike_Slimebound","Slimebound:Tackle","Slimebound:Defend_Slimebound","Slimebound:Defend_Slimebound","Slimebound:Defend_Slimebound","Slimebound:Defend_Slimebound","Slimebound:Split+1","Slimebound:CorrosiveSpit","Slimebound:Schlurp","Slimebound:LivingWall+1","Slimebound:ForwardTackle","Slimebound:SpikyOuterGoop","Slimebound:LeechingTouch","Slimebound:SpikyOuterGoop","Slimebound:ViciousTackle","Slimebound:SplitBruiser","Slimebound:FirmFortitude","Slimebound:SplitLeeching"],"relics":["Slimebound:AbsorbEndCombat","downfall:HeartsMalice","downfall:CloakOfManyFaces","CultistMask","FaceOfCleric","NlothsMask","GremlinMask","SsserpentHead","Odd Mushroom"],"acts_visited":["Exordium"],"potions_floor_usage":[13,14,14,16,16],"damage_taken":[{"damage":0,"enemies":"Small Slimes","floor":2,"turns":1},{"damage":0,"enemies":"Jaw Worm","floor":3,"turns":1},{"damage":0,"enemies":"Cultist","floor":5,"turns":1},{"damage":52,"enemies":"downfall:FaceTrader","floor":6,"turns":9},{"damage":27,"enemies":"Exordium Wildlife","floor":8,"turns":7},{"damage":29,"enemies":"Large Slime","floor":10,"turns":7},{"damage":32,"enemies":"The Mushroom Lair","floor":11,"turns":6},{"damage":27,"enemies":"Blue Slaver","floor":13,"turns":3},{"damage":23,"enemies":"3 Louse","floor":14,"turns":2},{"damage":8,"enemies":"Large Slime","floor":15,"turns":5},{"damage":48,"enemies":"downfall:Defect","floor":16,"turns":5}],"seed_played":"174637317077859722","potions_obtained":[{"floor":6,"key":"LiquidBronze"},{"floor":10,"key":"Explosive Potion"},{"floor":11,"key":"FairyPotion"},{"floor":13,"key":"Energy Potion"},{"floor":14,"key":"Death Potion"},{"floor":15,"key":"MagicPotion:ReiMu"}],"is_trial":false,"path_per_floor":["R","M","M","?","M","?","T","M","?","M","?","R","M","M","M","B"],"character_chosen":"SLIMEBOUND","items_purchased":[],"campfire_rested":0,"item_purchase_floors":[],"current_hp_per_floor":[60,60,60,65,65,45,45,39,39,35,28,28,14,25,34,0,0],"gold":592,"neow_bonus":"THREE_ENEMY_KILL","is_daily":false,"chose_seed":false,"campfire_upgraded":2,"win_rate":0.0,"timestamp":1609660284,"path_taken":["R","M","M","?","M","?","T","?","?","M","?","R","?","M","M","BOSS"],"items_purchased_type":[],"build_version":"2020-12-22","purchased_purges":0,"victory":false,"max_hp_per_floor":[60,60,60,65,65,65,65,66,66,67,68,68,69,70,71,71,71,71],"card_choices":[{"not_picked":["Slimebound:FormOfPuddle","Slimebound:TongueLash"],"picked":"Slimebound:Schlurp","floor":2},{"not_picked":["Slimebound:GrowthPunch","Slimebound:FirmFortitude"],"picked":"Slimebound:LivingWall","floor":3},{"not_picked":["Slimebound:Prepare","Slimebound:SlimeSpikes"],"picked":"Slimebound:ForwardTackle","floor":5},{"not_picked":["Slimebound:Repurpose","Slimebound:GrowthPunch"],"picked":"Slimebound:SpikyOuterGoop","floor":6},{"not_picked":["Slimebound:RejuvenatingLick","Slimebound:ComboTackle"],"picked":"Slimebound:LeechingTouch","floor":8},{"not_picked":["Slimebound:SamplingLick","Slimebound:Schlurp"],"picked":"Slimebound:SpikyOuterGoop","floor":10},{"not_picked":["Slimebound:LeechEnergy","Slimebound:RollThrough"],"picked":"Slimebound:ViciousTackle","floor":11},{"not_picked":["Slimebound:RollThrough","Slimebound:ViciousTackle"],"picked":"Slimebound:SplitBruiser","floor":13},{"not_picked":["Slimebound:SplitBruiser","Slimebound:OozeBath"],"picked":"Slimebound:FirmFortitude","floor":14},{"not_picked":["Slimebound:SlimeSpikes","Slimebound:SlimeBarrage"],"picked":"Slimebound:SplitLeeching","floor":15}],"player_experience":5125,"relics_obtained":[{"floor":6,"key":"downfall:CloakOfManyFaces"},{"floor":11,"key":"Odd Mushroom"}],"event_choices":[{"damage_healed":0,"gold_gain":0,"player_choice":"Donut","damage_taken":0,"max_hp_gain":5,"max_hp_loss":0,"event_name":"Big Fish","floor":4,"gold_loss":0},{"damage_healed":0,"gold_gain":0,"player_choice":"Fought Mushrooms","damage_taken":0,"max_hp_gain":0,"max_hp_loss":0,"event_name":"Mushrooms","floor":11,"gold_loss":0}],"is_beta":false,"boss_relics":[],"items_purged_floors":[],"is_endless":false,"potions_floor_spawned":[6,10,11,13,14,15],"killed_by":"downfall:Defect","ascension_level":0}}