{"host":"no7lpkw32q9rsjhi","time":1609652949,"event":{"mods":["BaseMod","Colored Map","Conspire","Infinite Spire","Jorbs\u0027s Wanderer Trilogy","Minty Spire (QoL Compilation)","Replay The Spire","StSLib","The Hierophant"],"gold_per_floor":[118,68,87,87,113,113,113,113],"floor_reached":7,"playtime":374,"items_purged":[],"score":41,"play_id":"acf0c167-5dba-4d4f-b9fe-87301936bc08","local_time":"20210103004909","is_ascension_mode":false,"campfire_choices":[{"floor":6,"key":"RECALL"}],"circlet_count":0,"master_deck":["stsjorbsmod:ForbiddenGrimoire+1","stsjorbsmod:Strike_Wanderer","stsjorbsmod:Strike_Wanderer","stsjorbsmod:Strike_Wanderer","stsjorbsmod:Defend_Wanderer","stsjorbsmod:Defend_Wanderer","stsjorbsmod:Defend_Wanderer","stsjorbsmod:FreshAdventure","stsjorbsmod:EyeOfTheStorm","Bandage Up","stsjorbsmod:HedgeWizard","stsjorbsmod:BookOfTongues","stsjorbsmod:Channel"],"relics":["stsjorbsmod:GrimoireRelic"],"acts_visited":["Exordium"],"potions_floor_usage":[7],"damage_taken":[{"damage":2,"enemies":"Small Slimes","floor":1,"turns":3},{"damage":0,"enemies":"2 Louse","floor":3,"turns":3},{"damage":0,"enemies":"Cultist","floor":5,"turns":4},{"damage":71,"enemies":"Gremlin Nob","floor":7,"turns":6}],"seed_played":"-794573379023566778","potions_obtained":[{"floor":1,"key":"Dexterity Potion"},{"floor":5,"key":"Elixir"}],"is_trial":false,"path_per_floor":["M","?","M","?","M","R","E"],"character_chosen":"WANDERER","items_purchased":[],"campfire_rested":0,"item_purchase_floors":[],"current_hp_per_floor":[68,68,68,68,68,68,0,0],"gold":113,"neow_bonus":"RANDOM_COLORLESS","is_daily":false,"chose_seed":false,"campfire_upgraded":0,"win_rate":0.0,"timestamp":1609652949,"path_taken":["M","?","M","?","?","R","E"],"items_purchased_type":[],"build_version":"2020-12-22","purchased_purges":0,"victory":false,"max_hp_per_floor":[68,68,68,68,68,68,68,68],"card_choices":[{"not_picked":["Madness","Dark Shackles"],"picked":"Bandage Up","floor":0},{"not_picked":["stsjorbsmod:DoubleCheck","stsjorbsmod:RayOfFrost"],"picked":"stsjorbsmod:HedgeWizard","floor":1},{"not_picked":["stsjorbsmod:Firebolt","stsjorbsmod:SchoolsOfMagic"],"picked":"stsjorbsmod:BookOfTongues","floor":3},{"not_picked":["stsjorbsmod:ChatteringStrike","stsjorbsmod:ArcaneWeapon"],"picked":"stsjorbsmod:Channel","floor":5}],"player_experience":66437,"relics_obtained":[],"event_choices":[{"cards_removed":["stsjorbsmod:Strike_Wanderer"],"damage_healed":0,"gold_gain":0,"player_choice":"Card Removal","damage_taken":0,"max_hp_gain":0,"max_hp_loss":0,"event_name":"The Cleric","floor":2,"gold_loss":50},{"cards_removed":["stsjorbsmod:Defend_Wanderer"],"damage_healed":0,"gold_gain":0,"player_choice":"Offered Basic","damage_taken":0,"max_hp_gain":0,"max_hp_loss":0,"event_name":"Bonfire Elementals","floor":4,"gold_loss":0}],"is_beta":false,"boss_relics":[],"items_purged_floors":[],"is_endless":false,"potions_floor_spawned":[1,5],"killed_by":"Gremlin Nob","ascension_level":0}}