{"host":"baymyijz6sxaqj5s","time":1609683194,"event":{"mods":["AchievementEnabler","BaseMod","Colored Map","Colored Powertips","DeckTracker","Highlight Path","KOR Keyword Fix","Keyboard Shortcuts","Minty Spire (QoL Compilation)","Quick Restart","StSLib","SuperFastMode"],"gold_per_floor":[117,133,133,187,187,187,204,221,221,234,245,245,302,312,312,312,312],"floor_reached":16,"playtime":340,"items_purged":[],"score":108,"play_id":"827d3903-0338-4e4b-9f01-7ac034078cd0","local_time":"20210103231314","is_ascension_mode":true,"campfire_choices":[{"data":"Heavy Blade","floor":6,"key":"SMITH"},{"floor":12,"key":"REST"},{"floor":15,"key":"REST"}],"circlet_count":0,"master_deck":["Strike_R","Strike_R","Strike_R","Strike_R","Strike_R","Defend_R","Defend_R","Defend_R","Defend_R","Bash","Heavy Blade+1","Body Slam","Power Through","Ghostly Armor","Body Slam"],"relics":["Burning Blood","Champion Belt","Ice Cream"],"acts_visited":["Exordium"],"potions_floor_usage":[13,13,14],"damage_taken":[{"damage":2,"enemies":"Jaw Worm","floor":1,"turns":5},{"damage":10,"enemies":"Small Slimes","floor":2,"turns":3},{"damage":3,"enemies":"2 Louse","floor":7,"turns":2},{"damage":40,"enemies":"Exordium Thugs","floor":8,"turns":7},{"damage":9,"enemies":"Looter","floor":10,"turns":4},{"damage":16,"enemies":"Large Slime","floor":11,"turns":10},{"damage":49,"enemies":"Gremlin Nob","floor":13,"turns":7},{"damage":5,"enemies":"2 Fungi Beasts","floor":14,"turns":3},{"damage":51,"enemies":"Hexaghost","floor":16,"turns":11}],"seed_played":"210787821743113184","potions_obtained":[{"floor":2,"key":"GamblersBrew"},{"floor":7,"key":"Explosive Potion"},{"floor":11,"key":"EssenceOfSteel"},{"floor":13,"key":"Explosive Potion"}],"is_trial":false,"path_per_floor":["M","M","?","?","?","R","M","M","T","M","M","R","?","M","R","B"],"character_chosen":"IRONCLAD","items_purchased":[],"campfire_rested":2,"item_purchase_floors":[],"current_hp_per_floor":[88,84,84,84,84,84,87,53,53,50,40,66,23,24,50,0,0],"gold":312,"neow_bonus":"TEN_PERCENT_HP_BONUS","is_daily":false,"chose_seed":false,"campfire_upgraded":1,"win_rate":0.0,"timestamp":1609683194,"path_taken":["M","M","?","?","?","R","M","M","T","?","M","R","?","M","R","BOSS"],"items_purchased_type":[],"build_version":"2020-12-22","purchased_purges":0,"victory":false,"max_hp_per_floor":[88,88,88,88,88,88,88,88,88,88,88,88,88,88,88,88,88],"card_choices":[{"not_picked":["Body Slam","Havoc"],"picked":"Heavy Blade","floor":1},{"not_picked":["Reckless Charge","Havoc","Sentinel"],"picked":"SKIP","floor":2},{"not_picked":["Thunderclap","Twin Strike"],"picked":"Body Slam","floor":7},{"not_picked":["Anger","Flex","Perfected Strike"],"picked":"SKIP","floor":8},{"not_picked":["Havoc","Body Slam"],"picked":"Power Through","floor":10},{"not_picked":["Sentinel","Havoc"],"picked":"Ghostly Armor","floor":11},{"not_picked":["Twin Strike","Thunderclap"],"picked":"Body Slam","floor":13},{"not_picked":["Twin Strike","Berserk","True Grit"],"picked":"SKIP","floor":14}],"player_experience":313267,"relics_obtained":[{"floor":9,"key":"Champion Belt"}],"event_choices":[{"damage_healed":0,"gold_gain":0,"player_choice":"Leave","damage_taken":0,"max_hp_gain":0,"max_hp_loss":0,"event_name":"The Cleric","floor":3,"gold_loss":0},{"damage_healed":0,"gold_gain":54,"player_choice":"Gained Gold","damage_taken":0,"max_hp_gain":0,"max_hp_loss":0,"event_name":"Golden Wing","floor":4,"gold_loss":0},{"damage_healed":0,"gold_gain":0,"player_choice":"Ignored","damage_taken":0,"max_hp_gain":0,"max_hp_loss":0,"event_name":"Golden Idol","floor":5,"gold_loss":0},{"damage_healed":0,"gold_gain":0,"player_choice":"Searched \u00272\u0027 times","damage_taken":0,"relics_obtained":["Ice Cream"],"max_hp_gain":0,"max_hp_loss":0,"event_name":"Dead Adventurer","floor":13,"gold_loss":0}],"is_beta":false,"boss_relics":[],"items_purged_floors":[],"is_endless":false,"potions_floor_spawned":[2,7,11,13],"killed_by":"Hexaghost","ascension_level":3}}