{"host":"5e0jz0sn42a2vhx9","time":1609658893,"event":{"mods":["BaseMod","Lobotomy","Minty Spire (QoL Compilation)"],"gold_per_floor":[9999,9063,9080,9099,9114,9114,9140,8202,8229,8263,8263,8263,8292,8311,8311,8410,8410,8428,7388,7400,7500,7512,7547,7561,6176,6176,6176,6176,6176,6176,6189,6189,6290,6290,6302,6262,6273,6213,4999,4999,5025,3843,3894,3894,3894,3894,3925,3965,3965,3965],"floor_reached":51,"playtime":3861,"items_purged":["WallGazer","LittlePrince","Parasite","Rudolta","GalaxyChild"],"score":1020,"play_id":"f4f8404c-154c-405b-a1a2-9aba725cf10b","local_time":"20210103152813","is_ascension_mode":true,"campfire_choices":[{"data":"Armaments","floor":6,"key":"SMITH"},{"data":"Limit Break","floor":12,"key":"SMITH"},{"data":"Metallicize","floor":15,"key":"SMITH"},{"data":"Barricade","floor":28,"key":"SMITH"},{"data":"Offering","floor":32,"key":"SMITH"},{"floor":40,"key":"DIG"},{"floor":44,"key":"DIG"},{"floor":46,"key":"DIG"},{"data":"Metallicize","floor":49,"key":"SMITH"}],"circlet_count":0,"master_deck":["Strike_R","Strike_R","Strike_R","Strike_R+1","Strike_R+1","Defend_R","Defend_R","Defend_R","Defend_R","Bash","LaLuna","Shrug It Off","Feed","Metallicize+1","Limit Break+1","Seeing Red","Evolve","Jack Of All Trades","Body Slam","MeltingLove","Scorched","Armaments+1","UniverseFragment","Entrench","Violence","Reaper","Shrug It Off","Battle Trance","Wellcheers","FieryBird","Offering+1","BigBird","Power Through","Exhume","QueenBee","Barricade+1","SingingMachine","Mayhem","Berserk","Metallicize+1","Ghostly Armor","Disarm","Flame Barrier","MHz","Demon Form","Body Slam+1","Ghostly Armor","Demon Form","Chrysalis","Mayhem","Inflame","Decay","QueenOfHatred","HeroicMonk","Seeing Red+1","Power Through+1"],"relics":["Black Blood","CogitoBucket","Magic Flower","Vajra","Orrery","Lantern","Bottled Tornado","InkBottle","Regal Pillow","Pen Nib","Ancient Tea Set","TreeSap","SlaversCollar","Darkstone Periapt","Dead Branch","Lee\u0027s Waffle","Peace Pipe","Theresia","TungstenRod","Mercury Hourglass","ClockworkSouvenir","Akabeko","Shovel","Incense Burner","Toolbox","Mummified Hand","Whetstone","Prayer Wheel","Bird Faced Urn","Cauldron","Dream Catcher","Toxic Egg 2","Smiling Mask","Torii","AspirationHeart","AtMidnight"],"acts_visited":["Exordium","TheCity","TheBeyond"],"potions_floor_usage":[5,7,7,10,13,14,20,22,23,33,33,35,37,39,48,50,50,50,50],"damage_taken":[{"damage":3,"enemies":"Jaw Worm","floor":1,"turns":5},{"damage":5,"enemies":"Cultist","floor":3,"turns":5},{"damage":7,"enemies":"Small Slimes","floor":4,"turns":3},{"damage":15,"enemies":"Gremlin Gang","floor":5,"turns":8},{"damage":20,"enemies":"Lagavulin","floor":7,"turns":3},{"damage":47,"enemies":"Gremlin Nob","floor":10,"turns":6},{"damage":4,"enemies":"3 Sentries","floor":13,"turns":5},{"damage":4,"enemies":"3 Louse","floor":14,"turns":2},{"damage":113,"enemies":"Hexaghost","floor":16,"turns":25},{"damage":27,"enemies":"Shell Parasite","floor":18,"turns":4},{"damage":28,"enemies":"2 Thieves","floor":20,"turns":3},{"damage":34,"enemies":"Centurion and Healer","floor":22,"turns":3},{"damage":18,"enemies":"Gremlin Leader","floor":23,"turns":3},{"damage":16,"enemies":"Snecko","floor":24,"turns":3},{"damage":0,"enemies":"Snake Plant","floor":31,"turns":1},{"damage":18,"enemies":"Automaton","floor":33,"turns":6},{"damage":29,"enemies":"3 Darklings","floor":35,"turns":3},{"damage":17,"enemies":"Orb Walker","floor":37,"turns":2},{"damage":19,"enemies":"Reptomancer","floor":41,"turns":2},{"damage":24,"enemies":"Nemesis","floor":47,"turns":1},{"damage":2,"enemies":"Maw","floor":48,"turns":7},{"damage":65,"enemies":"Donu and Deca","floor":50,"turns":8}],"seed_played":"6321884631384846678","potions_obtained":[{"floor":1,"key":"Energy Potion"},{"floor":4,"key":"Block Potion"},{"floor":7,"key":"Dexterity Potion"},{"floor":10,"key":"Ancient Potion"},{"floor":13,"key":"Block Potion"},{"floor":18,"key":"Weak Potion"},{"floor":36,"key":"SmokeBomb"},{"floor":36,"key":"DuplicationPotion"},{"floor":36,"key":"Swift Potion"},{"floor":37,"key":"LiquidMemories"},{"floor":42,"key":"ColorlessPotion"},{"floor":42,"key":"Energy Potion"},{"floor":42,"key":"EntropicBrew"}],"is_trial":false,"path_per_floor":["M","$","M","M","M","R","E","$","T","E","?","R","E","M","R","B",null,"M","$","M","?","M","E","M","$","T","?","R","?","?","M","R","B",null,"M","?","M","?","$","R","E","$","T","R","?","R","E","M","R","B",null],"character_chosen":"IRONCLAD","items_purchased":["Magic Flower","Vajra","Orrery","Seeing Red","Evolve","ColorlessPotion","SkillPotion","Jack Of All Trades","Bottled Tornado","InkBottle","Violence","Reaper","Shrug It Off","Darkstone Periapt","Dead Branch","Lee\u0027s Waffle","Exhume","Fire Potion","Fire Potion","TungstenRod","Mayhem","Mercury Hourglass","ClockworkSouvenir","Berserk","LiquidBronze","DistilledChaos","DuplicationPotion","Shovel","Incense Burner","Toolbox","Chrysalis","Fruit Juice","SpeedPotion","Mayhem","Inflame","Prayer Wheel","Bird Faced Urn","Cauldron"],"campfire_rested":0,"item_purchase_floors":[2,2,2,2,2,2,2,2,8,8,8,8,8,19,19,19,19,19,19,25,25,25,25,25,25,25,25,39,39,39,39,39,39,42,42,42,42,42],"current_hp_per_floor":[80,80,80,80,77,77,66,66,66,43,83,83,86,86,86,46,86,68,93,84,84,76,106,115,112,112,112,112,109,109,109,109,108,109,109,109,112,112,117,117,117,117,117,117,123,123,123,133,133,104],"gold":3965,"neow_bonus":"","is_daily":false,"chose_seed":false,"campfire_upgraded":6,"win_rate":0.0,"timestamp":1609658893,"path_taken":["M","$","M","M","M","R","E","$","T","E","?","R","E","M","R","BOSS","M","$","M","?","?","E","M","$","T","?","R","?","?","M","R","BOSS","M","?","?","?","$","R","E","?","T","R","?","R","E","M","R","BOSS"],"items_purchased_type":["Relic","Relic","Relic","Card","Card","Potion","Potion","Card","Relic","Relic","Card","Card","Card","Relic","Relic","Relic","Card","Potion","Potion","Relic","Card","Relic","Relic","Card","Potion","Potion","Potion","Relic","Relic","Relic","Card","Potion","Potion","Card","Card","Relic","Relic","Relic"],"build_version":"2020-12-22","purchased_purges":5,"victory":true,"max_hp_per_floor":[80,80,80,80,83,83,83,83,83,83,83,83,86,86,86,86,86,86,93,96,96,100,106,115,112,112,112,112,109,109,109,109,109,109,109,109,112,112,117,117,117,117,117,117,123,123,123,133,133,133],"card_choices":[{"not_picked":["ShyLook","PunishingBird"],"picked":"LaLuna","floor":1},{"not_picked":["Wild Strike","True Grit"],"picked":"Shrug It Off","floor":1},{"not_picked":["Flex","Headbutt"],"picked":"Feed","floor":2},{"not_picked":["True Grit","Sentinel"],"picked":"Metallicize","floor":2},{"not_picked":["Perfected Strike","Heavy Blade"],"picked":"Limit Break","floor":2},{"not_picked":["MHz","FairyFestival"],"picked":"WallGazer","floor":3},{"not_picked":["Wild Strike","Heavy Blade"],"picked":"Body Slam","floor":3},{"not_picked":["MHz","ShyLook"],"picked":"MeltingLove","floor":4},{"not_picked":["Heavy Blade","Second Wind","Intimidate"],"picked":"SKIP","floor":4},{"not_picked":["Heavy Blade","Second Wind","Intimidate"],"picked":"SKIP","floor":4},{"not_picked":["MHz","Murderer"],"picked":"Scorched","floor":5},{"not_picked":["Wild Strike","Dropkick"],"picked":"Armaments","floor":5},{"not_picked":["Bloodbath","PunishingBird"],"picked":"UniverseFragment","floor":7},{"not_picked":["Sentinel","Rage"],"picked":"Entrench","floor":7},{"not_picked":["BeautyBeast","OldLady"],"picked":"CherryBlossoms","floor":10},{"not_picked":["Headbutt","Blood for Blood","Shockwave"],"picked":"SKIP","floor":10},{"not_picked":["GalaxyChild","MeatLantern"],"picked":"LittlePrince","floor":13},{"not_picked":["Twin Strike","Searing Blow"],"picked":"Battle Trance","floor":13},{"not_picked":["OSAHOGD","Porccubus"],"picked":"Wellcheers","floor":14},{"not_picked":["Shrug It Off","Warcry","Twin Strike"],"picked":"SKIP","floor":14},{"not_picked":["VoidDream","FairyFestival"],"picked":"FieryBird","floor":16},{"not_picked":["Impervious","Reaper"],"picked":"Offering","floor":16},{"not_picked":["OSAHOGD","CrumblingArmor"],"picked":"BigBird","floor":18},{"not_picked":["Dark Embrace+1","Sword Boomerang+1"],"picked":"Power Through","floor":18},{"not_picked":["SpiderBud","Funeral"],"picked":"WhitesApple","floor":20},{"not_picked":["Havoc","Rampage+1","Flame Barrier"],"picked":"SKIP","floor":20},{"not_picked":["Freischutz","PunishingBird"],"picked":"Bloodbath","floor":22},{"not_picked":["Evolve+1","Cleave","Armaments"],"picked":"SKIP","floor":22},{"not_picked":["Evolve+1","Cleave","Armaments"],"picked":"SKIP","floor":22},{"not_picked":["OldLady","OSAHOGD","PunishingBird"],"picked":"Singing Bowl","floor":23},{"not_picked":["VoidDream","Freischutz"],"picked":"QueenBee","floor":23},{"not_picked":["Searing Blow","Twin Strike"],"picked":"Barricade","floor":23},{"not_picked":["VoidDream","CrumblingArmor"],"picked":"SingingMachine","floor":24},{"not_picked":["Warcry","Twin Strike","Havoc"],"picked":"SKIP","floor":24},{"not_picked":["BeautyBeast","VoidDream"],"picked":"GreedKing","floor":31},{"not_picked":["Havoc","Cleave+1"],"picked":"Flame Barrier","floor":31},{"not_picked":["VoidDream","WhitesApple"],"picked":"MHz","floor":33},{"not_picked":["Impervious","Limit Break"],"picked":"Demon Form","floor":33},{"not_picked":["HappyTeddy","ShyLook"],"picked":"Woodsman","floor":35},{"not_picked":["Cleave","Sever Soul"],"picked":"Body Slam+1","floor":35},{"not_picked":["BeautyBeast","BigBadWolf"],"picked":"Rudolta","floor":37},{"not_picked":["Twin Strike+1","Sword Boomerang+1","Uppercut"],"picked":"SKIP","floor":37},{"not_picked":["Twin Strike+1","Sword Boomerang+1","Uppercut"],"picked":"SKIP","floor":37},{"not_picked":["CrumblingArmor","Porccubus"],"picked":"GalaxyChild","floor":41},{"not_picked":["Pommel Strike","Clash","Flex+1"],"picked":"SKIP","floor":41},{"not_picked":["Pommel Strike","Clash","Flex+1"],"picked":"SKIP","floor":41},{"not_picked":["HeroicMonk","HappyTeddy"],"picked":"QueenOfHatred","floor":47},{"not_picked":["Pommel Strike","Carnage","Uppercut+1"],"picked":"SKIP","floor":47},{"not_picked":["Pommel Strike","Carnage","Uppercut+1"],"picked":"SKIP","floor":47},{"not_picked":["DreamingCurrent","SpiderBud"],"picked":"HeroicMonk","floor":48},{"not_picked":["Infernal Blade+1","Twin Strike"],"picked":"Seeing Red+1","floor":48},{"not_picked":["Flex+1","True Grit+1"],"picked":"Power Through+1","floor":48}],"player_experience":343422,"relics_obtained":[{"floor":7,"key":"Lantern"},{"floor":9,"key":"Regal Pillow"},{"floor":10,"key":"Pen Nib"},{"floor":13,"key":"Ancient Tea Set"},{"floor":23,"key":"Peace Pipe"},{"floor":26,"key":"Akabeko"},{"floor":40,"key":"Mummified Hand"},{"floor":41,"key":"Whetstone"},{"floor":43,"key":"Dream Catcher"},{"floor":44,"key":"Toxic Egg 2"},{"floor":46,"key":"Smiling Mask"},{"floor":47,"key":"Torii"},{"floor":48,"key":"AtMidnight"}],"event_choices":[{"damage_healed":40,"gold_gain":0,"player_choice":"Full Heal","damage_taken":0,"max_hp_gain":0,"max_hp_loss":0,"event_name":"Wheel of Change","floor":11,"gold_loss":0},{"damage_healed":0,"gold_gain":100,"player_choice":"Pray","damage_taken":0,"max_hp_gain":0,"max_hp_loss":0,"event_name":"Golden Shrine","floor":21,"gold_loss":0},{"damage_healed":0,"gold_gain":0,"player_choice":"Read","damage_taken":0,"max_hp_gain":0,"max_hp_loss":0,"event_name":"The Library","floor":27,"gold_loss":0,"cards_obtained":["Metallicize"]},{"cards_removed":["Parasite"],"damage_healed":0,"gold_gain":0,"player_choice":"Elegance","damage_taken":0,"max_hp_gain":0,"max_hp_loss":0,"event_name":"Back to Basics","floor":29,"gold_loss":0},{"damage_healed":0,"gold_gain":0,"cards_transformed":["WhitesApple","Bloodbath"],"player_choice":"Became Test Subject","damage_taken":0,"max_hp_gain":0,"max_hp_loss":0,"event_name":"Drug Dealer","floor":30,"gold_loss":0,"cards_obtained":["Ghostly Armor","Disarm"]},{"damage_healed":0,"gold_gain":0,"player_choice":"Bought 3 Potions","damage_taken":0,"max_hp_gain":0,"max_hp_loss":0,"event_name":"The Woman in Blue","floor":36,"gold_loss":0},{"damage_healed":0,"gold_gain":0,"cards_transformed":["GreedKing","Woodsman"],"player_choice":"Transformed Cards","damage_taken":0,"max_hp_gain":0,"max_hp_loss":0,"event_name":"Designer","floor":38,"gold_loss":60,"cards_obtained":["Ghostly Armor","Demon Form"]},{"damage_healed":0,"gold_gain":0,"player_choice":"Cursed","damage_taken":0,"max_hp_gain":0,"max_hp_loss":0,"event_name":"Wheel of Change","floor":45,"gold_loss":0,"cards_obtained":["Decay"]}],"is_beta":false,"boss_relics":[{"not_picked":["Tiny House","Empty Cage"],"picked":"SlaversCollar"},{"not_picked":["Fusion Hammer","Snecko Eye"],"picked":"Black Blood"}],"items_purged_floors":[8,19,25,39,42],"is_endless":false,"potions_floor_spawned":[1,4,7,10,13,18,31,37,47],"ascension_level":2}}