{"host":"bux1pdxjwq4dkad9","time":1609638392,"event":{"mods":["BaseMod","Colored Map","Minty Spire (QoL Compilation)","Quick Restart","Spicy Shops","StSLib","SuperFastMode","The Alterego","【遗物Mod】简单游戏"],"gold_per_floor":[119,136,61,75,91,119,130,130,130,159,159,59,131,149,149,225,225,244,269,323,198,208,241,241,241,265,292,142,158,168,203,203,286,286,303,303,69,69,89,120,120,153,153,2,23,58,58,74,74,79,79,79,49,89,94],"floor_reached":56,"playtime":1489,"items_purged":["alterego_mod:Defend","alterego_mod:Strike","alterego_mod:Strike","alterego_mod:Strike"],"score":3043,"play_id":"8d96b719-095d-44b0-9339-a18e7ff39ae4","local_time":"20210103094632","is_ascension_mode":true,"campfire_choices":[{"data":"alterego_mod:Mirror","floor":11.0,"key":"SMITH"},{"data":"alterego_mod:BigMeatyClaws","floor":15.0,"key":"SMITH"},{"data":"alterego_mod:TrashNCrash","floor":25.0,"key":"SMITH"},{"floor":32.0,"key":"RECALL"},{"data":"alterego_mod:Impale","floor":41.0,"key":"SMITH"},{"data":"alterego_mod:Undulate","floor":47.0,"key":"SMITH"},{"data":"alterego_mod:Crossover","floor":49.0,"key":"SMITH"},{"data":"alterego_mod:DestructionOfProperty","floor":52.0,"key":"SMITH"}],"circlet_count":0,"master_deck":["AscendersBane","alterego_mod:Defend","alterego_mod:Defend","alterego_mod:Impale+1","alterego_mod:BigMeatyClaws+1","alterego_mod:BrynhildrsRune+1","alterego_mod:Undulate+1","alterego_mod:MagicResistance+1","alterego_mod:TrashNCrash+1","alterego_mod:DestructionOfProperty+1","alterego_mod:Mirror+1","alterego_mod:SakuraLabyrinth","alterego_mod:Belle+1","CurseOfTheBell","alterego_mod:Crossover+1","alterego_mod:Belts+1"],"relics":["alterego_mod:MasochisticConstitution","ImprovedEquipment","NeowsBlessing","Prayer Wheel","Tiny Chest","Toy Ornithopter","Mummified Hand","Busted Crown","Red Mask","Pen Nib","Bottled Lightning","alterego_mod:SomeoneToFightFor","Boot","Molten Egg 2","Pocketwatch","Calling Bell","War Paint","Darkstone Periapt","Calipers","Sundial","Happy Flower","Vajra","Membership Card","The Courier","TheAbacus","Art of War"],"acts_visited":["Exordium","TheCity","TheBeyond","TheEnding"],"potions_floor_usage":[55],"damage_taken":[{"damage":0.0,"enemies":"2 Louse","floor":1.0,"turns":1.0},{"damage":0.0,"enemies":"Cultist","floor":2.0,"turns":1.0},{"damage":0.0,"enemies":"Small Slimes","floor":4.0,"turns":1.0},{"damage":0.0,"enemies":"Blue Slaver","floor":5.0,"turns":3.0},{"damage":0.0,"enemies":"Gremlin Nob","floor":6.0,"turns":5.0},{"damage":0.0,"enemies":"Large Slime","floor":7.0,"turns":4.0},{"damage":0.0,"enemies":"3 Sentries","floor":10.0,"turns":5.0},{"damage":0.0,"enemies":"Gremlin Gang","floor":14.0,"turns":2.0},{"damage":0.0,"enemies":"Hexaghost","floor":16.0,"turns":4.0},{"damage":0.0,"enemies":"3 Byrds","floor":18.0,"turns":2.0},{"damage":0.0,"enemies":"Masked Bandits","floor":19.0,"turns":1.0},{"damage":0.0,"enemies":"Chosen","floor":22.0,"turns":2.0},{"damage":0.0,"enemies":"Gremlin Leader","floor":23.0,"turns":2.0},{"damage":0.0,"enemies":"Book of Stabbing","floor":27.0,"turns":2.0},{"damage":0.0,"enemies":"Snake Plant","floor":29.0,"turns":2.0},{"damage":0.0,"enemies":"Centurion and Healer","floor":30.0,"turns":1.0},{"damage":0.0,"enemies":"Gremlin Leader","floor":31.0,"turns":1.0},{"damage":0.0,"enemies":"Collector","floor":33.0,"turns":2.0},{"damage":0.0,"enemies":"3 Shapes","floor":35.0,"turns":2.0},{"damage":0.0,"enemies":"3 Darklings","floor":39.0,"turns":1.0},{"damage":0.0,"enemies":"Reptomancer","floor":40.0,"turns":2.0},{"damage":0.0,"enemies":"Giant Head","floor":42.0,"turns":3.0},{"damage":0.0,"enemies":"Transient","floor":45.0,"turns":2.0},{"damage":0.0,"enemies":"Nemesis","floor":46.0,"turns":1.0},{"damage":0.0,"enemies":"Sphere and 2 Shapes","floor":48.0,"turns":1.0},{"damage":0.0,"enemies":"Time Eater","floor":50.0,"turns":2.0},{"damage":0.0,"enemies":"Shield and Spear","floor":54.0,"turns":1.0},{"damage":0,"enemies":"The Heart","floor":55,"turns":1}],"seed_played":"-5076807908248403111","potions_obtained":[{"floor":4.0,"key":"SkillPotion"},{"floor":5.0,"key":"DistilledChaos"}],"is_trial":false,"path_per_floor":["M","M","$","M","M","E","M","?","T","E","R","$","T","M","R","B",null,"M","?","T","$","M","E","?","R","T","E","$","M","M","E","R","B",null,"M","?","$","T","M","E","R","E","T","$","M","E","R","M","R","B",null,"R","$","E","B",null],"character_chosen":"The_Alterego","items_purchased":["alterego_mod:Belts+1","Membership Card","TheAbacus"],"campfire_rested":0,"item_purchase_floors":[37,44,53],"current_hp_per_floor":[59,59,59,59,59,59,59,59,59,59,59,59,59,59,59,59,64,64,64,64,64,64,64,64,64,64,64,64,64,64,64,64,64,65,65,65,65,65,65,65,65,65,65,65,65,65,65,65,65,65,65,65,65,65,65],"gold":94,"neow_bonus":"THREE_ENEMY_KILL","is_daily":false,"chose_seed":false,"campfire_upgraded":7,"win_rate":0.0,"timestamp":1609638392,"path_taken":["M","M","$","M","M","E","M","?","T","E","R","$","?","?","R","BOSS","M","?","?","$","M","E","?","R","T","E","?","M","M","E","R","BOSS","M","?","$","?","?","E","R","E","T","?","M","E","R","M","R","BOSS","R","$","E","BOSS"],"items_purchased_type":["Card","Relic","Relic"],"build_version":"2020-12-22","purchased_purges":4,"victory":true,"max_hp_per_floor":[65,65,65,65,65,65,65,65,65,65,65,65,65,65,65,65,65,65,65,65,65,65,65,65,65,65,65,65,65,65,65,65,65,65,65,65,65,65,65,65,65,65,65,65,65,65,65,65,65,65,65,65,65,65,65],"card_choices":[{"not_picked":["alterego_mod:Skirt","alterego_mod:Cooking"],"picked":"alterego_mod:Undulate","floor":1.0},{"not_picked":["alterego_mod:DeftHands","alterego_mod:Crossover","alterego_mod:Clap"],"picked":"SKIP","floor":2.0},{"not_picked":["alterego_mod:Birthday","alterego_mod:Undulate"],"picked":"alterego_mod:MagicResistance","floor":4.0},{"not_picked":["alterego_mod:Jiggle","alterego_mod:DiscoLights"],"picked":"alterego_mod:TrashNCrash","floor":5.0},{"not_picked":["alterego_mod:Support","alterego_mod:TrashNCrash","alterego_mod:Rip"],"picked":"SKIP","floor":6.0},{"not_picked":["alterego_mod:GoddessCore","alterego_mod:Clap"],"picked":"alterego_mod:DestructionOfProperty","floor":7.0},{"not_picked":["alterego_mod:Support","alterego_mod:TrickOrTreatment"],"picked":"alterego_mod:Mirror","floor":7.0},{"not_picked":["alterego_mod:Table","alterego_mod:SideboobHour","alterego_mod:Maid"],"picked":"SKIP","floor":10.0},{"not_picked":["alterego_mod:Undulate","alterego_mod:Mirror"],"picked":"alterego_mod:SakuraLabyrinth","floor":14.0},{"not_picked":["alterego_mod:Pet","alterego_mod:TrashNCrash","alterego_mod:SakuraPetals"],"picked":"SKIP","floor":14.0},{"not_picked":["alterego_mod:TrashNCrash"],"picked":"SKIP","floor":18.0},{"not_picked":["alterego_mod:Exercise+1"],"picked":"SKIP","floor":18.0},{"not_picked":["alterego_mod:Cushion"],"picked":"SKIP","floor":22.0},{"not_picked":["alterego_mod:HighServant"],"picked":"SKIP","floor":22.0},{"not_picked":["alterego_mod:PainIsPleasure"],"picked":"SKIP","floor":23.0},{"not_picked":["alterego_mod:Cycle"],"picked":"SKIP","floor":27.0},{"not_picked":["alterego_mod:Clones"],"picked":"SKIP","floor":29.0},{"not_picked":["alterego_mod:Schoolgirl"],"picked":"SKIP","floor":29.0},{"not_picked":[],"picked":"alterego_mod:Belle+1","floor":30.0},{"not_picked":["alterego_mod:Cooking"],"picked":"SKIP","floor":30.0},{"not_picked":["alterego_mod:Undulate"],"picked":"SKIP","floor":31.0},{"not_picked":["alterego_mod:Jiggle"],"picked":"SKIP","floor":35.0},{"not_picked":["alterego_mod:Maid+1"],"picked":"SKIP","floor":35.0},{"not_picked":["alterego_mod:DiscoLights"],"picked":"SKIP","floor":39.0},{"not_picked":["alterego_mod:1TonWallop+1"],"picked":"SKIP","floor":39.0},{"not_picked":["alterego_mod:Cycle+1"],"picked":"SKIP","floor":40.0},{"not_picked":["alterego_mod:BusterCard+1"],"picked":"SKIP","floor":42.0},{"not_picked":["alterego_mod:DestructionOfProperty+1"],"picked":"SKIP","floor":45.0},{"not_picked":["alterego_mod:GoddessCore+1"],"picked":"SKIP","floor":45.0},{"not_picked":["alterego_mod:BusterCard+1"],"picked":"SKIP","floor":46.0},{"not_picked":["alterego_mod:Pet"],"picked":"SKIP","floor":48.0},{"not_picked":["alterego_mod:HighServant"],"picked":"SKIP","floor":48.0},{"not_picked":["alterego_mod:Jiggle"],"picked":"SKIP","floor":54.0}],"player_experience":2366954,"relics_obtained":[{"floor":6.0,"key":"Prayer Wheel"},{"floor":9.0,"key":"Tiny Chest"},{"floor":10.0,"key":"Toy Ornithopter"},{"floor":13.0,"key":"Mummified Hand"},{"floor":19.0,"key":"Red Mask"},{"floor":20.0,"key":"Pen Nib"},{"floor":23.0,"key":"Bottled Lightning"},{"floor":26.0,"key":"Boot"},{"floor":27.0,"key":"Molten Egg 2"},{"floor":31.0,"key":"Pocketwatch"},{"floor":34.0,"key":"War Paint"},{"floor":34.0,"key":"Darkstone Periapt"},{"floor":34.0,"key":"Calipers"},{"floor":38.0,"key":"Sundial"},{"floor":40.0,"key":"Happy Flower"},{"floor":42.0,"key":"Vajra"},{"floor":46.0,"key":"The Courier"},{"floor":54.0,"key":"Art of War"}],"event_choices":[{"cards_removed":["alterego_mod:Strike"],"damage_healed":0.0,"max_hp_gain":0.0,"max_hp_loss":0.0,"gold_gain":0.0,"event_name":"Bonfire Elementals","player_choice":"Offered Basic","floor":8.0,"gold_loss":0.0,"damage_taken":0.0},{"damage_healed":0.0,"max_hp_gain":0.0,"max_hp_loss":0.0,"gold_gain":0.0,"event_name":"Masked Bandits","player_choice":"Fought Bandits","floor":19.0,"gold_loss":0.0,"damage_taken":0.0},{"damage_healed":0.0,"max_hp_gain":0.0,"max_hp_loss":0.0,"gold_gain":0.0,"event_name":"爱的神圣花园","player_choice":"Choice 2","floor":24.0,"gold_loss":0.0,"damage_taken":0.0,"relics_obtained":["alterego_mod:SomeoneToFightFor"]},{"damage_healed":0.0,"max_hp_gain":0.0,"max_hp_loss":0.0,"gold_gain":0.0,"cards_transformed":["alterego_mod:Defend"],"event_name":"Transmorgrifier","player_choice":"Transformed","floor":36.0,"gold_loss":0.0,"damage_taken":0.0,"cards_obtained":["alterego_mod:Crossover"]}],"is_beta":false,"boss_relics":[{"not_picked":["Velvet Choker","Runic Pyramid"],"picked":"Busted Crown"},{"not_picked":["Tiny House","Sozu"],"picked":"Calling Bell"}],"items_purged_floors":[3,12,21,28],"is_endless":false,"potions_floor_spawned":[4,5,6,14,19,23,29,33,40,45,46],"ascension_level":15}}