{"host":"qheym18ww6mhskxf","time":1609659781,"event":{"mods":["Arknights The Spire","BaseMod","CapriCore","Friendly Minions","GungeonMod","KOR Keyword Fix","Minty Spire (QoL Compilation)","Prisma Mod","Quick Restart","RRrroohrrRGHHhhh!!","Rare Cards Sparkle","Remove Card Discount Mod","Shop Mod","Spicy Shops","StSLib","Td1madao Mod","The Dragon Tamer","Username Fix"],"gold_per_floor":[116,112,287,0,0,27,27,27,27],"floor_reached":8,"playtime":164,"items_purged":["Strike_R","Bash","Doubt"],"score":148,"play_id":"54ada7a6-ac4c-44a3-842b-fbe73352a4a8","local_time":"20210103164301","daily_mods":["Time Dilation","Flight","DeadlyEvents","Elite Swarm"],"is_ascension_mode":true,"campfire_choices":[{"floor":7,"key":"REST"}],"circlet_count":0,"master_deck":["Strike_R","Strike_R","Strike_R","Defend_R","Defend_R","Defend_R","Defend_R","Headbutt","Limit Break"],"relics":["Burning Blood","MerchantsRug","Lantern","DemoMod:GlassGuonStoneRelic","DemoMod:ResourcefulSack"],"acts_visited":["Exordium"],"potions_floor_usage":[],"damage_taken":[{"damage":7,"enemies":"2 Louse","floor":1,"turns":3},{"damage":62,"enemies":"Lagavulin","floor":6,"turns":8},{"damage":0,"enemies":"3 Sentries","floor":8,"turns":2}],"seed_played":"4464459851557285423","potions_obtained":[{"floor":1,"key":"Block Potion"}],"is_trial":true,"path_per_floor":["M","$","?","$","?","E","R","E"],"character_chosen":"IRONCLAD","items_purchased":["MerchantsRug","Lantern"],"campfire_rested":1,"item_purchase_floors":[4,4],"current_hp_per_floor":[71,71,71,71,71,15,39,39,39],"gold":27,"neow_bonus":"","is_daily":false,"chose_seed":false,"campfire_upgraded":0,"win_rate":0.0,"timestamp":1609659781,"path_taken":["M","$","?","$","?","E","R","E"],"items_purchased_type":["Relic","Relic"],"build_version":"2020-12-22","purchased_purges":3,"victory":false,"max_hp_per_floor":[80,80,80,80,80,80,80,80,80],"card_choices":[{"not_picked":["Carnage","Body Slam"],"picked":"Headbutt","floor":1},{"not_picked":["Impervious","rorgmod:Immolate"],"picked":"Limit Break","floor":6}],"player_experience":551800,"relics_obtained":[{"floor":6,"key":"DemoMod:ResourcefulSack"}],"event_choices":[{"damage_healed":0,"gold_gain":175,"player_choice":"AGREE","damage_taken":0,"max_hp_gain":0,"max_hp_loss":0,"event_name":"Liars Game","floor":3,"gold_loss":0,"cards_obtained":["Doubt"]},{"cards_removed":["Strike_R"],"damage_healed":0,"gold_gain":0,"player_choice":"Purged","damage_taken":0,"max_hp_gain":0,"max_hp_loss":0,"event_name":"Purifier","floor":5,"gold_loss":0}],"is_beta":false,"boss_relics":[],"items_purged_floors":[2,2,4],"is_endless":true,"potions_floor_spawned":[1],"killed_by":"3 Sentries","ascension_level":9}}