{"host":"idmgg8r816nmas40","time":1609692862,"event":{"mods":["AchievementEnabler","AlwaysNeverKeys","BaseMod","BetterRewards","Block Reminder","Colored Map","Colored Powertips","DeckTracker","Googly Eyes","Highlight Path","Hubris","Infinite Spire","Minty Spire (QoL Compilation)","Quick Restart","Relic Stats","Replay The Spire","Shop Mod","StSLib","SuperFastMode","Synergy Search","Transform Curses"],"gold_per_floor":[113,132,141,141,168,217,217,229,241,275,326,21,56,78,78,165,165,196,196,209,218,16,67,67,104,104,133,161,194,226,249,249,331,331,355,366,382,418,58,58,82,1,25,45,45,83,108,174,174,181,181,181,198,242,242],"floor_reached":56,"playtime":3419,"items_purged":["infinitespire:Pacifist"],"score":3188,"play_id":"72a00702-e00d-490f-84a3-1203105a756d","local_time":"20210103095422","is_ascension_mode":true,"campfire_choices":[{"floor":7.0,"key":"DIG"},{"floor":15.0,"key":"DIG"},{"floor":24.0,"key":"DIG"},{"floor":32.0,"key":"DIG"},{"floor":40,"key":"DIG"},{"floor":49,"key":"DIG"},{"floor":52,"key":"DIG"}],"circlet_count":0,"master_deck":["AscendersBane","Strike_G+1","Strike_G+1","Strike_G","Strike_G","Defend_G","Defend_G","Defend_G","Defend_G","Defend_G","Survivor","Neutralize","Apotheosis+1","Accuracy+1","Noxious Fumes+1","Accuracy","Accuracy","Riddle With Holes","Finisher","Flying Knee+1","Endless Agony+1","Finisher","Infinite Blades","Finisher","Finisher","Venomology+1","Crow Ritual","Hidden Blade","Crippling Poison+1","Dagger Spray","Shrug It Off","Heavy Blade","Riddle With Holes","Caltrops+1","FIFO Queue","Dagger Spray","Judgement","Footwork","Backflip","Dagger Spray","Run Through+1","hubris:CleavingFinish+1","Protect+1","Rainbow","Replay:BasicMightCard","PiercingWail","After Image","Bouncing Flask","Inflame+1","Infinite Blades","Havoc+1","Crystallizer+1","Corpse Explosion","Poisoned Stab","Caltrops","Coolheaded"],"relics":["Ring of the Snake","infinitespire:FocusingShard","hubris:SlimyHat","PrismaticShard","Gambling Chip","Tiny Chest","hubris:MedicalManual","Quantum Egg","CeramicFish","Replay:Lucky Slots","infinitespire:Lychee Nut","Potion Belt","infinitespire:PuzzleCube","Chemical X","Membership Card","Replay:WaspNest","PreservedInsect","Mirror","Whetstone","Vajra","Strange Spoon","Unceasing Top","Shovel","Mango","DollysMirror","ClockworkSouvenir","infinitespire:CheckeredPen","hubris:GlazedTorus","Replay:Rubber Ducky","Replay:Baseball","Guide Book","OrangePellets","Durian","Pen Nib","Ice Cream","hubris:Icosahedron","Counterbalance","MawBank","Regal Pillow","infinitespire:Satchel","The Specimen","Eternal Feather","Sundial","Byrd Skull","Replay:Grab Bag","Replay:Bronze Core","hubris:VirtuousBlindfold","Black Star","WristBlade","Blood Vial","Shuriken","Dead Branch","Toy Ornithopter","hubris:TenFootPole","Anchor","infinitespire:WardingShard","hubris:ToyBattleship","infinitespire:Beetle Shell","infinitespire:Magic Flask","Pear","Juzu Bracelet","Replay:Bottled Flurry","Smiling Mask","Snecko Heart","Snake Skull","hubris:CrystalStatue","HandDrill","CaptainsWheel","Lee\u0027s Waffle","Pet Ghost","hubris:Towel","Ornamental Fan","War Paint","Art of War","Akabeko","ReplayTheSpireMod:Ninjato","BargainBundle","Boot","hubris:AncientText","ReplayFunnel","Replay:Bottled Steam"],"acts_visited":["Exordium","TheCity","TheBeyond","TheEnding"],"potions_floor_usage":[37,38,46,50,50,55,55],"damage_taken":[{"damage":0.0,"enemies":"Jaw Worm","floor":1.0,"turns":1.0},{"damage":7.0,"enemies":"infinitespire:Voidling","floor":2.0,"turns":3.0},{"damage":0.0,"enemies":"2 Louse","floor":5.0,"turns":1.0},{"damage":12.0,"enemies":"Lagavulin","floor":6.0,"turns":4.0},{"damage":0.0,"enemies":"Exordium Wildlife","floor":10.0,"turns":2.0},{"damage":11.0,"enemies":"3 Sentries","floor":11.0,"turns":3.0},{"damage":0.0,"enemies":"Lagavulin","floor":13.0,"turns":1.0},{"damage":3.0,"enemies":"Blue Slaver","floor":14.0,"turns":2.0},{"damage":0.0,"enemies":"Slime Boss","floor":16.0,"turns":5.0},{"damage":12.0,"enemies":"2 Thieves","floor":18.0,"turns":2.0},{"damage":5.0,"enemies":"Chosen","floor":20.0,"turns":3.0},{"damage":9.0,"enemies":"Slavers","floor":23.0,"turns":2.0},{"damage":0.0,"enemies":"Book of Stabbing","floor":25.0,"turns":3.0},{"damage":6.0,"enemies":"Gremlin Leader","floor":27.0,"turns":3.0},{"damage":0.0,"enemies":"Shelled Parasite and Fungi","floor":28.0,"turns":1.0},{"damage":0.0,"enemies":"Book of Stabbing","floor":29.0,"turns":2.0},{"damage":0.0,"enemies":"Snecko","floor":30.0,"turns":3.0},{"damage":0.0,"enemies":"Snake Plant","floor":31.0,"turns":1.0},{"damage":9.0,"enemies":"Automaton","floor":33.0,"turns":3.0},{"damage":0,"enemies":"Orb Walker","floor":35,"turns":1},{"damage":2,"enemies":"3 Shapes","floor":36,"turns":2},{"damage":0,"enemies":"Jaw Worm Horde","floor":37,"turns":2},{"damage":0,"enemies":"Sphere and 2 Shapes","floor":38,"turns":2},{"damage":3,"enemies":"4 Shapes","floor":41,"turns":2},{"damage":0,"enemies":"Maw","floor":44,"turns":3},{"damage":0,"enemies":"R_Hoarder","floor":46,"turns":4},{"damage":0,"enemies":"Sphere and 2 Shapes","floor":47,"turns":2},{"damage":21,"enemies":"Time Eater","floor":50,"turns":7},{"damage":0,"enemies":"Shield and Spear","floor":54,"turns":2},{"damage":9,"enemies":"The Heart","floor":55,"turns":5}],"seed_played":"8903891701506625915","potions_obtained":[{"floor":2.0,"key":"Toxic Potion"},{"floor":5.0,"key":"Flashbang"},{"floor":13.0,"key":"SkillPotion"},{"floor":27.0,"key":"SteroidPotion"},{"floor":28.0,"key":"LiquidMemories"},{"floor":33.0,"key":"SkillPotion"},{"floor":38,"key":"CunningPotion"},{"floor":46,"key":"Flashbang"}],"is_trial":false,"path_per_floor":["M","M","?","?","M","E","R","$","T","M","E","$","E","M","R","B",null,"M","T","M","?","$","E","R","E","T","E","M","E","M","M","R_BF","B",null,"M","M","M","M","$","R","M","$","T","M","?","E","M","?","R","B",null,"R","$","E","B",null],"character_chosen":"THE_SILENT","items_purchased":["infinitespire:FocusingShard","hubris:SlimyHat","PrismaticShard","FairyPotion","Apotheosis","Tiny Chest","Accuracy+1","Quantum Egg","CeramicFish","Replay:Lucky Slots","Potion Belt","infinitespire:PuzzleCube","Chemical X","Noxious Fumes","Membership Card","Replay:WaspNest","PreservedInsect","Accuracy","Riddle With Holes","Finisher","Mirror","Whetstone","Flying Knee+1","Endless Agony+1","Vajra","Strange Spoon","Unceasing Top","Mango","DollysMirror","Infinite Blades","ClockworkSouvenir","infinitespire:CheckeredPen","Replay:Rubber Ducky","Replay:Baseball","Guide Book","OrangePellets","Finisher","Pen Nib","Ice Cream","Masterful Stab","Finisher","The Specimen","Caltrops+1","Eternal Feather","Dead Branch","Snake Skull","After Image","hubris:CrystalStatue","HandDrill","Bouncing Flask","Lee\u0027s Waffle","BargainBundle","Boot","hubris:AncientText","Poisoned Stab","Caltrops","AttackPotion"],"campfire_rested":0,"item_purchase_floors":[0,0,0,0,0,0,0,0,0,0,0,0,0,0,0,0,0,0,0,0,0,0,0,0,0,0,0,0,0,0,0,0,0,0,0,0,0,0,0,0,0,12,12,12,22,39,39,39,39,39,42,53,53,53,53,53,53],"current_hp_per_floor":[68,61,61,61,61,55,55,55,55,58,52,52,52,52,68,68,68,58,58,60,60,60,56,68,68,68,72,78,78,78,78,78,70,76,78,76,78,78,78,78,78,85,85,85,85,85,85,68,85,76,83,85,85,85,85],"gold":242,"neow_bonus":"","is_daily":false,"chose_seed":false,"campfire_upgraded":0,"win_rate":0.0,"timestamp":1609692862,"path_taken":["M","M","?","?","M","E","R","$","T","M","E","?","E","M","R","BOSS","M","?","M","?","$","E","R","E","T","E","M","E","M","M","R_BF","BOSS","M","M","M","M","$","R","M","$","T","M","?","E","M","?","R","BOSS","R","$","E","BOSS"],"items_purchased_type":["Relic","Relic","Relic","Potion","Card","Relic","Card","Relic","Relic","Relic","Relic","Relic","Relic","Card","Relic","Relic","Relic","Card","Card","Card","Relic","Relic","Card","Card","Relic","Relic","Relic","Relic","Relic","Card","Relic","Relic","Relic","Relic","Relic","Relic","Card","Relic","Relic","Card","Card","Relic","Card","Relic","Relic","Relic","Card","Relic","Relic","Card","Relic","Relic","Relic","Relic","Card","Card","Potion"],"build_version":"2020-12-22","purchased_purges":1,"victory":true,"max_hp_per_floor":[68,68,68,68,68,68,68,68,68,68,68,68,68,68,68,68,68,68,68,68,68,68,68,68,68,68,78,78,78,78,78,78,78,78,78,78,78,78,78,78,78,85,85,85,85,85,85,85,85,85,85,85,85,85,85],"relic_stats":{"Regal Pillow":99,"CeramicFish":1269,"Snake Skull":[34],"Juzu Bracelet":0,"Whetstone":["Strike_G","Neutralize","Strike_G","Bane","Strike_G","Strike_G"],"Smiling Mask":-12,"Boot":[3],"Blood Vial":84,"Shovel":7,"Sundial":[0],"Gambling Chip":[67],"Tiny Chest":12,"HandDrill":[14],"Chemical X":[10],"Ring of the Snake":[363],"Lee\u0027s Waffle":7,"counters":[188,704],"Dead Branch":[56],"Eternal Feather":47,"PreservedInsect":2412,"Pen Nib":[47],"War Paint":["Defend_G","Defend_G","Crippling Poison","Defend_G","Protect","Venomology"],"MawBank":744,"Strange Spoon":[57],"OrangePellets":[12],"Shuriken":[80],"Ornamental Fan":[108],"Black Star":26,"Art of War":[4],"obtain_stats":[{"TwistedFunnel":0,"Replay:Accelerometer":26,"Golden Egg":148,"Vampiric Spirits":30,"Whetstone":40,"hubris:MysteriousPyramids":6,"Bottled Tornado":155,"Boot":26,"Sling":0,"Blood Vial":19,"Replay:Ringing Soul":36,"infinitespire:ShieldingShard":41,"Sundial":13,"Replay:Bronze Core":17,"MealTicket":40,"infinitespire:Golems Mask":156,"Fusion Hammer":34,"Replay:Bottled Flurry":108,"HandDrill":39,"Kunai":8,"Replay:Wax Seal":25,"hubris:TinFlute":31,"Replay:Bottled Steam":54,"hubris:MobiusCoin":0,"Pear":27,"ReplayTheSpireMod:Ring of Addiction":29,"Counterbalance":6,"hubris:SphereOfDissonance":156,"Tingsha":8,"Eternal Feather":12,"Pen Nib":6,"Replay:Ancient Bell":68,"infinitespire:Magic Flask":14,"Paper Crane":110,"Akabeko":94,"infinitespire:EvilPickle":33,"SlaversCollar":17,"infinitespire:Broken Mirror":155,"infinitespire:Lychee Nut":0,"MutagenicStrength":21,"hubris:TenFootPole":13,"StrikeDummy":12,"Ring of the Serpent":19,"Abe\u0027s Treasure":102,"infinitespire:PuzzleCube":0,"Unceasing Top":0,"Lantern":0,"Regal Pillow":9,"StoneCalendar":27,"Blue Doll":60,"Painkiller Herb":153,"Bag of Preparation":0,"hubris:EmptyBottle":29,"Smiling Mask":43,"Cursed Key":34,"Ancient Tea Set":110,"Pet Ghost":43,"Replay:Rubber Ducky":44,"BranchBurnRelic":126,"Matryoshka":9,"Shovel":0,"WristBlade":17,"Ninja Scroll":26,"infinitespire:Bottled Soul":0,"Replay:Lucky Slots":0,"hubris:CuriousFeather":0,"Chemical X":0,"InkBottle":155,"Ring of the Snake":0,"hubris:GlazedTorus":155,"Potion Belt":0,"Lee\u0027s Waffle":36,"The Specimen":93,"Golden Idol":3,"hubris:64BitClover":47,"Circlet":0,"Thread and Needle":91,"PreservedInsect":43,"The Courier":88,"Omamori":0,"infinitespire:Lucky Rock":25,"infinitespire:CheckeredPen":76,"hubris:Towel":19,"MawBank":23,"Replay:Arrowhead":0,"Ornamental Fan":155,"Turnip":87,"Garlic":24,"Durian":19,"Art of War":48,"Bottled Lightning":19,"ReplayTheSpireMod:Lightbulb":105,"Toy Ornithopter":29,"infinitespire:Midas Blood":130,"Ice Cream":0,"Tiny House":34,"hubris:CrystalStatue":59,"Gremlin Horn":68,"CeramicFish":24,"Vajra":29,"hubris:VirtuousBlindfold":51,"HornCleat":130,"DollysMirror":0,"Strawberry":150,"Philosopher\u0027s Stone":17,"Iron Hammer":111,"Byrd Skull":125,"Happy Flower":6,"hubris:DuctTape":91,"ReplayTheSpireMod:CursedCoin":0,"Replay:Grab Bag":17,"Dead Branch":115,"Oddly Smooth Stone":26,"hubris:HollowSoul":17,"infinitespire:Beetle Shell":46,"Ring of Chaos":136,"Letter Opener":155,"War Paint":0,"Question Card":97,"WarpedTongs":89,"hubris:Zylophone":68,"Du-Vu Doll":108,"OrangePellets":0,"Replay:Baseball":0,"ReplayTheSpireMod:Shallot":2,"Shuriken":0,"Bronze Scales":11,"Onion Ring":13,"Molten Egg 2":26,"hubris:PeanutButter":74,"Simple Rune":96,"hubris:ToyBattleship":41,"Black Star":17,"ReplayTheSpireMod:TigerMarble":115,"Grinning Jar":43,"Mirror":53,"ReplayFunnel":0,"Darkstone Periapt":155,"Snecko Heart":19,"Enchiridion":21,"Mango":96,"Snake Skull":39,"hubris:SlimyHat":46,"Juzu Bracelet":28,"Replay:Mystery Machine":5,"PrismaticShard":0,"ClockworkSouvenir":0,"Tough Bandages":43,"Nunchaku":0,"Replay:Bandana":10,"Dream Catcher":143,"hubris:Icosahedron":8,"Chameleon Ring":77,"Mummified Hand":54,"Gambling Chip":0,"Tiny Chest":0,"Red Mask":123,"Gremlin Food":9,"hubris:DisguiseKit":71,"BargainBundle":0,"ReplayTheSpireMod:Ninjato":57,"Quantum Egg":43,"Guide Book":0,"Replay:WaspNest":0,"infinitespire:FocusingShard":0,"hubris:MedicalManual":48,"Odd Mushroom":12,"White Beast Statue":10,"Mercury Hourglass":96,"Strange Spoon":0,"Anchor":48,"Pondfish Scales":96,"CaptainsWheel":40,"infinitespire:WardingShard":23,"infinitespire:Satchel":13,"ChewingGum":17,"hubris:BundleOfHerbs":155,"Bag of Marbles":26,"Coffee Dripper":85,"Membership Card":0,"hubris:AncientText":44,"hubris:OldNail":11,"hubris:Potato":146},{"TwistedFunnel":0,"Replay:Accelerometer":71,"Golden Egg":154,"Vampiric Spirits":73,"Whetstone":78,"hubris:MysteriousPyramids":4,"Bottled Tornado":156,"Boot":12,"Sling":23,"Blood Vial":56,"Replay:Ringing Soul":39,"infinitespire:ShieldingShard":100,"Sundial":165,"Replay:Bronze Core":167,"MealTicket":41,"infinitespire:Golems Mask":157,"Fusion Hammer":75,"Replay:Bottled Flurry":131,"HandDrill":181,"Kunai":26,"Replay:Wax Seal":94,"hubris:TinFlute":37,"Replay:Bottled Steam":187,"hubris:MobiusCoin":59,"Pear":172,"ReplayTheSpireMod:Ring of Addiction":72,"Counterbalance":162,"hubris:SphereOfDissonance":157,"Tingsha":65,"Eternal Feather":164,"Pen Nib":25,"Replay:Ancient Bell":112,"infinitespire:Magic Flask":54,"Paper Crane":133,"Akabeko":125,"infinitespire:EvilPickle":38,"SlaversCollar":9,"infinitespire:Broken Mirror":156,"infinitespire:Lychee Nut":158,"MutagenicStrength":70,"hubris:TenFootPole":54,"StrikeDummy":66,"Ring of the Serpent":56,"Abe\u0027s Treasure":128,"infinitespire:PuzzleCube":158,"Unceasing Top":158,"Lantern":23,"Regal Pillow":85,"StoneCalendar":13,"Blue Doll":107,"Painkiller Herb":156,"Bag of Preparation":0,"hubris:EmptyBottle":72,"Smiling Mask":19,"Cursed Key":38,"Ancient Tea Set":133,"Pet Ghost":182,"Replay:Rubber Ducky":101,"BranchBurnRelic":142,"Matryoshka":4,"Shovel":158,"WristBlade":167,"Ninja Scroll":12,"infinitespire:Bottled Soul":23,"Replay:Lucky Slots":48,"hubris:CuriousFeather":59,"Chemical X":158,"InkBottle":156,"Ring of the Snake":0,"hubris:GlazedTorus":156,"Potion Belt":61,"Lee\u0027s Waffle":39,"The Specimen":125,"Golden Idol":24,"hubris:64BitClover":81,"Circlet":0,"Thread and Needle":123,"PreservedInsect":19,"The Courier":121,"Omamori":82,"infinitespire:Lucky Rock":34,"infinitespire:CheckeredPen":116,"hubris:Towel":31,"MawBank":71,"Replay:Arrowhead":0,"Ornamental Fan":156,"Turnip":121,"Garlic":58,"Durian":90,"Art of War":185,"Bottled Lightning":10,"ReplayTheSpireMod:Lightbulb":129,"Toy Ornithopter":72,"infinitespire:Midas Blood":145,"Ice Cream":158,"Tiny House":97,"hubris:CrystalStatue":107,"Gremlin Horn":112,"CeramicFish":12,"Vajra":13,"hubris:VirtuousBlindfold":104,"HornCleat":145,"DollysMirror":48,"Strawberry":155,"Philosopher\u0027s Stone":55,"Iron Hammer":133,"Byrd Skull":142,"Happy Flower":64,"hubris:DuctTape":123,"ReplayTheSpireMod:CursedCoin":0,"Replay:Grab Bag":89,"Dead Branch":135,"Oddly Smooth Stone":58,"hubris:HollowSoul":30,"infinitespire:Beetle Shell":44,"Ring of Chaos":148,"Letter Opener":156,"War Paint":61,"Question Card":126,"WarpedTongs":121,"hubris:Zylophone":112,"Du-Vu Doll":131,"OrangePellets":48,"Replay:Baseball":158,"ReplayTheSpireMod:Shallot":1,"Shuriken":48,"Bronze Scales":5,"Onion Ring":28,"Molten Egg 2":34,"hubris:PeanutButter":114,"Simple Rune":126,"hubris:ToyBattleship":19,"Black Star":89,"ReplayTheSpireMod:TigerMarble":135,"Grinning Jar":79,"Mirror":105,"ReplayFunnel":23,"Darkstone Periapt":156,"Snecko Heart":10,"Enchiridion":56,"Mango":126,"Snake Skull":181,"hubris:SlimyHat":21,"Juzu Bracelet":34,"Replay:Mystery Machine":84,"PrismaticShard":158,"ClockworkSouvenir":23,"Tough Bandages":42,"Nunchaku":48,"Replay:Bandana":53,"Dream Catcher":152,"hubris:Icosahedron":4,"Chameleon Ring":116,"Mummified Hand":47,"Gambling Chip":158,"Tiny Chest":23,"Red Mask":140,"Gremlin Food":26,"hubris:DisguiseKit":113,"BargainBundle":0,"ReplayTheSpireMod:Ninjato":107,"Quantum Egg":100,"Guide Book":158,"Replay:WaspNest":23,"infinitespire:FocusingShard":48,"hubris:MedicalManual":103,"Odd Mushroom":27,"White Beast Statue":26,"Mercury Hourglass":126,"Strange Spoon":158,"Anchor":103,"Pondfish Scales":126,"CaptainsWheel":181,"infinitespire:WardingShard":33,"infinitespire:Satchel":7,"ChewingGum":68,"hubris:BundleOfHerbs":156,"Bag of Marbles":94,"Coffee Dripper":120,"Membership Card":82,"hubris:AncientText":20,"hubris:OldNail":53,"hubris:Potato":153},{"TwistedFunnel":0,"Replay:Accelerometer":318,"Golden Egg":609,"Vampiric Spirits":331,"Whetstone":369,"hubris:MysteriousPyramids":12,"Bottled Tornado":619,"Boot":43,"Sling":94,"Blood Vial":245,"Replay:Ringing Soul":175,"infinitespire:ShieldingShard":478,"Sundial":642,"Replay:Bronze Core":649,"MealTicket":187,"infinitespire:Golems Mask":621,"Fusion Hammer":354,"Replay:Bottled Flurry":568,"HandDrill":679,"Kunai":107,"Replay:Wax Seal":453,"hubris:TinFlute":158,"Replay:Bottled Steam":699,"hubris:MobiusCoin":257,"Pear":662,"ReplayTheSpireMod:Ring of Addiction":325,"Counterbalance":636,"hubris:SphereOfDissonance":621,"Tingsha":288,"Eternal Feather":641,"Pen Nib":102,"Replay:Ancient Bell":523,"infinitespire:Magic Flask":236,"Paper Crane":571,"Akabeko":554,"infinitespire:EvilPickle":172,"SlaversCollar":33,"infinitespire:Broken Mirror":619,"infinitespire:Lychee Nut":627,"MutagenicStrength":313,"hubris:TenFootPole":236,"StrikeDummy":291,"Ring of the Serpent":245,"Abe\u0027s Treasure":563,"infinitespire:PuzzleCube":627,"Unceasing Top":627,"Lantern":94,"Regal Pillow":407,"StoneCalendar":47,"Blue Doll":509,"Painkiller Herb":619,"Bag of Preparation":0,"hubris:EmptyBottle":325,"Smiling Mask":72,"Cursed Key":172,"Ancient Tea Set":571,"Pet Ghost":681,"Replay:Rubber Ducky":486,"BranchBurnRelic":590,"Matryoshka":12,"Shovel":627,"WristBlade":649,"Ninja Scroll":43,"infinitespire:Bottled Soul":94,"Replay:Lucky Slots":221,"hubris:CuriousFeather":257,"Chemical X":627,"InkBottle":619,"Ring of the Snake":0,"hubris:GlazedTorus":619,"Potion Belt":268,"Lee\u0027s Waffle":175,"The Specimen":554,"Golden Idol":99,"hubris:64BitClover":384,"Circlet":0,"Thread and Needle":547,"PreservedInsect":72,"The Courier":543,"Omamori":392,"infinitespire:Lucky Rock":146,"infinitespire:CheckeredPen":530,"hubris:Towel":129,"MawBank":318,"Replay:Arrowhead":0,"Ornamental Fan":619,"Turnip":543,"Garlic":251,"Durian":435,"Art of War":690,"Bottled Lightning":37,"ReplayTheSpireMod:Lightbulb":565,"Toy Ornithopter":325,"infinitespire:Midas Blood":593,"Ice Cream":627,"Tiny House":467,"hubris:CrystalStatue":509,"Gremlin Horn":523,"CeramicFish":43,"Vajra":47,"hubris:VirtuousBlindfold":503,"HornCleat":593,"DollysMirror":221,"Strawberry":611,"Philosopher\u0027s Stone":242,"Iron Hammer":571,"Byrd Skull":590,"Happy Flower":281,"hubris:DuctTape":547,"ReplayTheSpireMod:CursedCoin":0,"Replay:Grab Bag":432,"Dead Branch":577,"Oddly Smooth Stone":251,"hubris:HollowSoul":124,"infinitespire:Beetle Shell":198,"Ring of Chaos":601,"Letter Opener":619,"War Paint":268,"Question Card":557,"WarpedTongs":543,"hubris:Zylophone":523,"Du-Vu Doll":568,"OrangePellets":221,"Replay:Baseball":627,"ReplayTheSpireMod:Shallot":3,"Shuriken":221,"Bronze Scales":15,"Onion Ring":114,"Molten Egg 2":146,"hubris:PeanutButter":527,"Simple Rune":557,"hubris:ToyBattleship":72,"Black Star":432,"ReplayTheSpireMod:TigerMarble":577,"Grinning Jar":374,"Mirror":504,"ReplayFunnel":94,"Darkstone Periapt":619,"Snecko Heart":37,"Enchiridion":245,"Mango":557,"Snake Skull":679,"hubris:SlimyHat":81,"Juzu Bracelet":146,"Replay:Mystery Machine":400,"PrismaticShard":627,"ClockworkSouvenir":94,"Tough Bandages":192,"Nunchaku":221,"Replay:Bandana":234,"Dream Catcher":605,"hubris:Icosahedron":12,"Chameleon Ring":530,"Mummified Hand":215,"Gambling Chip":627,"Tiny Chest":94,"Red Mask":586,"Gremlin Food":107,"hubris:DisguiseKit":525,"BargainBundle":0,"ReplayTheSpireMod:Ninjato":509,"Quantum Egg":478,"Guide Book":627,"Replay:WaspNest":94,"infinitespire:FocusingShard":221,"hubris:MedicalManual":495,"Odd Mushroom":111,"White Beast Statue":107,"Mercury Hourglass":557,"Strange Spoon":627,"Anchor":495,"Pondfish Scales":557,"CaptainsWheel":679,"infinitespire:WardingShard":139,"infinitespire:Satchel":21,"ChewingGum":303,"hubris:BundleOfHerbs":619,"Bag of Marbles":453,"Coffee Dripper":541,"Membership Card":392,"hubris:AncientText":76,"hubris:OldNail":234,"hubris:Potato":607}],"Unceasing Top":[6],"Toy Ornithopter":17},"card_choices":[{"not_picked":["Replay:Cycle","EmptyFist","Flex"],"picked":"SKIP","floor":1.0},{"not_picked":["Compile Driver","Pommel Strike","FlurryOfBlows"],"picked":"SKIP","floor":2.0},{"not_picked":["Hologram","Iron Wave"],"picked":"Dagger Spray","floor":5.0},{"not_picked":["Beam Cell","Panacea"],"picked":"Shrug It Off","floor":6.0},{"not_picked":["Replay:Undeath\u0027s Touch","Replay:AtTheReady"],"picked":"Heavy Blade","floor":10.0},{"not_picked":["Deadly Poison","Fluid Movement"],"picked":"Riddle With Holes","floor":11.0},{"not_picked":["Pommel Strike","Beam Cell"],"picked":"FIFO Queue","floor":13.0},{"not_picked":["Shrug It Off","Quick Slash"],"picked":"Dagger Spray","floor":14.0},{"not_picked":["Phantasmal Killer","ReplayTheSpireMod:Necrogeddon"],"picked":"Judgement","floor":16.0},{"not_picked":["Compile Driver","BowlingBash"],"picked":"Footwork","floor":18.0},{"not_picked":["ThirdEye+1","Feel No Pain","EmptyFist"],"picked":"SKIP","floor":20.0},{"not_picked":["Shrug It Off","Replay:ManipulateFuture"],"picked":"Backflip","floor":23.0},{"not_picked":["hubris:CleavingFinish","Consecrate"],"picked":"Dagger Spray","floor":25.0},{"not_picked":["BasicCrystalCard","ReplayTheSpireMod:The Works","Specialist"],"picked":"SKIP","floor":27.0},{"not_picked":["Clash","Biased Cognition"],"picked":"Run Through+1","floor":28.0},{"not_picked":["ThirdEye+1","ClearTheMind","Prepared+1"],"picked":"SKIP","floor":29.0},{"not_picked":["JustLucky","Reprogram"],"picked":"hubris:CleavingFinish+1","floor":30.0},{"not_picked":["Leap","Poisoned Stab"],"picked":"Protect","floor":31.0},{"not_picked":["Wraith Form v2","ConjureBlade"],"picked":"Rainbow","floor":33.0},{"not_picked":["Barrage+1","hubris:ReadiedAction"],"picked":"Replay:BasicMightCard","floor":35},{"not_picked":["Forethought+1","Beam Cell","Slice"],"picked":"SKIP","floor":36},{"not_picked":["Rebound","Feel No Pain","EmptyFist"],"picked":"SKIP","floor":37},{"not_picked":["Halt","Outmaneuver"],"picked":"PiercingWail","floor":38},{"not_picked":["Bane","Wild Strike"],"picked":"Inflame+1","floor":41},{"not_picked":["Replay:DivineShield","ReplayTheSpireMod:System Scan","Streamline"],"picked":"SKIP","floor":44},{"not_picked":["ReplayTheSpireMod:Muscle Training+1","Compile Driver"],"picked":"Infinite Blades","floor":46},{"not_picked":["Iron Wave","Crescendo"],"picked":"Havoc+1","floor":47},{"not_picked":["Headbutt+1","Abandon"],"picked":"Crystallizer+1","floor":48},{"not_picked":["Madness+1","Thunderclap+1"],"picked":"Corpse Explosion","floor":48},{"not_picked":["Outmaneuver","Dropkick+1"],"picked":"Coolheaded","floor":54}],"player_experience":1060668,"relics_obtained":[{"floor":6.0,"key":"Counterbalance"},{"floor":7.0,"key":"MawBank"},{"floor":9.0,"key":"Regal Pillow"},{"floor":11.0,"key":"infinitespire:Satchel"},{"floor":13.0,"key":"Sundial"},{"floor":15.0,"key":"Byrd Skull"},{"floor":19.0,"key":"Blood Vial"},{"floor":23.0,"key":"Toy Ornithopter"},{"floor":23.0,"key":"hubris:TenFootPole"},{"floor":24.0,"key":"Anchor"},{"floor":25.0,"key":"infinitespire:WardingShard"},{"floor":25.0,"key":"hubris:ToyBattleship"},{"floor":26.0,"key":"infinitespire:Beetle Shell"},{"floor":27.0,"key":"infinitespire:Magic Flask"},{"floor":27.0,"key":"Pear"},{"floor":29.0,"key":"Juzu Bracelet"},{"floor":29.0,"key":"Replay:Bottled Flurry"},{"floor":32.0,"key":"Smiling Mask"},{"floor":40,"key":"CaptainsWheel"},{"floor":43,"key":"Pet Ghost"},{"floor":46,"key":"Ornamental Fan"},{"floor":46,"key":"War Paint"},{"floor":48,"key":"Art of War"},{"floor":49,"key":"Akabeko"},{"floor":52,"key":"ReplayTheSpireMod:Ninjato"},{"floor":54,"key":"ReplayFunnel"},{"floor":54,"key":"Replay:Bottled Steam"}],"event_choices":[],"is_beta":false,"boss_relics":[{"not_picked":["hubris:CrackedHourglass","Busted Crown"],"picked":"Replay:Grab Bag"},{"not_picked":["infinitespire:Cupcake","Coffee Dripper"],"picked":"Replay:Bronze Core"},{"not_picked":["Velvet Choker","Runic Dome"],"picked":"hubris:VirtuousBlindfold"},{"not_picked":["hubris:Stopwatch","Replay:Drink Me"],"picked":"Black Star"},{"not_picked":["Empty Cage","Snecko Scales"],"picked":"WristBlade"},{"not_picked":["hubris:ScarierMask","Astrolabe"],"picked":"Snecko Heart"}],"items_purged_floors":[22],"is_endless":false,"potions_floor_spawned":[2,5,13,20,27,28,33,38,41,44,46],"ascension_level":19}}