{"host":"2e5gbsni44p3458r","time":1609667468,"event":{"mods":["Bard","BaseMod","Colored Map","Downfall","Hermit","Hubris","Minty Spire (QoL Compilation)","Replay The Spire","StSLib","The Cursed"],"gold_per_floor":[99,118,130,61,81,93,93,122,18,18,18,18,3,3,19,118,118,43,63,63,338,348,383,383,383,308,343,378,378,378],"floor_reached":29,"playtime":1690,"items_purged":[],"score":362,"play_id":"284861f8-4356-441c-8fb3-93f16edaac6d","local_time":"20210103185108","is_ascension_mode":true,"campfire_choices":[{"floor":1.0,"key":"RECALL"},{"data":"sneckomod:SoulRoll","floor":11.0,"key":"SMITH"},{"data":"sneckomod:SoulRoll","floor":18.0,"key":"SMITH"},{"data":"sneckomod:SerpentIdol","floor":26.0,"key":"SMITH"}],"circlet_count":0,"master_deck":["sneckomod:Strike","sneckomod:Strike","sneckomod:Strike+1","sneckomod:Defend","sneckomod:Defend","sneckomod:Defend+1","sneckomod:TailWhip+1","sneckomod:SnekBite","sneckomod:Unknown","sneckomod:Unknown","expansioncontent:TimeRipple+1","sneckomod:UnknownEthereal","sneckomod:SoulRoll+1","sneckomod:UnknownVulnerable","sneckomod:SoulRoll+1","sneckomod:UnknownClassRED","sneckomod:QuickMove","sneckomod:UnknownClassGUARDIAN","sneckomod:UnknownRareAttack+1","sneckomod:UnknownStrike+1","sneckomod:UnknownStrike+1","sneckomod:SoulRoll+1","Regret","sneckomod:SoulDraw","sneckomod:UnknownStrength+1","sneckomod:SoulDraw","sneckomod:MorePower+1","CurseOfTheBell","sneckomod:UnknownRarePower+1","Regret","sneckomod:UnknownStrength+1","sneckomod:CheapStock","sneckomod:Unknown3Cost+1","sneckomod:UnknownVulnerable","sneckomod:SerpentIdol+1","sneckomod:UnknownDexterity+1","sneckomod:SerpentMind+1","sneckomod:RainOfDice+1","sneckomod:UnknownVulnerable+1","sneckomod:Mudshield+1"],"relics":["sneckomod:SneckoSoul","Golden Egg","hubris:Metronome","Strawberry","Calling Bell","Lantern","Molten Egg 2","Calipers","downfall:HeartBlessingRed","Prayer Wheel","downfall:HeartBlessingBlue","sneckomod:BlankCard"],"acts_visited":["Exordium","TheCity"],"potions_floor_usage":[],"damage_taken":[{"damage":0.0,"enemies":"Cultist","floor":2.0,"turns":2.0},{"damage":0.0,"enemies":"2 Louse","floor":3.0,"turns":2.0},{"damage":5.0,"enemies":"downfall:FleeingMerchant","floor":4.0,"turns":4.0},{"damage":9.0,"enemies":"Jaw Worm","floor":5.0,"turns":3.0},{"damage":31.0,"enemies":"Large Slime","floor":6.0,"turns":5.0},{"damage":9.0,"enemies":"3 Sentries","floor":8.0,"turns":4.0},{"damage":10.0,"enemies":"downfall:FleeingMerchant","floor":9.0,"turns":4.0},{"damage":30.0,"enemies":"downfall:FleeingMerchant","floor":13.0,"turns":4.0},{"damage":5.0,"enemies":"2 Fungi Beasts","floor":15.0,"turns":3.0},{"damage":42.0,"enemies":"downfall:Watcher","floor":16.0,"turns":9.0},{"damage":0.0,"enemies":"Shell Parasite","floor":19.0,"turns":2.0},{"damage":38.0,"enemies":"Sentry and Sphere","floor":22.0,"turns":4.0},{"damage":51.0,"enemies":"Gremlin Leader","floor":23.0,"turns":7.0},{"damage":16.0,"enemies":"Centurion and Healer","floor":27.0,"turns":4.0},{"damage":38.0,"enemies":"Replay:Snechameleon","floor":28.0,"turns":8.0},{"damage":3,"enemies":"downfall:FleeingMerchant","floor":29,"turns":2}],"seed_played":"3008145358330099790","potions_obtained":[{"floor":2.0,"key":"Explosive Potion"},{"floor":5.0,"key":"BlessingOfTheForge"},{"floor":8.0,"key":"FairyPotion"},{"floor":22.0,"key":"Block Potion"}],"is_trial":false,"path_per_floor":["R","M","M","$","M","M","T","E","$","?","R","?","$","?","M","B",null,"R","M","?","?","M","E","T","?","R","M","E","$"],"character_chosen":"THE_SNECKO","items_purchased":["sneckomod:SoulRoll","sneckomod:UnknownStrike","sneckomod:SoulRoll"],"campfire_rested":0,"item_purchase_floors":[4,9,9],"current_hp_per_floor":[90,91,91,87,79,48,48,42,42,42,42,42,13,20,15,7,105,105,106,106,106,69,20,20,56,66,51,16,13,13],"gold":378,"neow_bonus":"RANDOM_COLORLESS","is_daily":false,"chose_seed":false,"campfire_upgraded":3,"win_rate":0.0,"timestamp":1609667468,"path_taken":["R","M","M","$","?","M","T","E","$","?","R","?","?","?","M","BOSS","R","M","?","?","?","E","T","?","R","M","E","$"],"items_purchased_type":["Card","Card","Card"],"build_version":"2020-12-22","purchased_purges":0,"victory":false,"max_hp_per_floor":[90,91,91,92,93,93,93,94,97,97,97,97,98,105,105,105,105,105,106,106,106,107,109,109,109,119,120,121,121,121],"card_choices":[{"not_picked":["PanicButton","expansioncontent:Hexaburn"],"picked":"expansioncontent:TimeRipple","floor":0.0},{"not_picked":["sneckomod:WideSting","sneckomod:UnknownStrike"],"picked":"sneckomod:UnknownEthereal","floor":2.0},{"not_picked":["sneckomod:IronFang","sneckomod:DiceCrush"],"picked":"sneckomod:SoulRoll","floor":3.0},{"not_picked":["sneckomod:UnknownWeak","sneckomod:RainOfDice"],"picked":"sneckomod:UnknownVulnerable","floor":4.0},{"not_picked":["sneckomod:UnknownCommonAttack","sneckomod:UnknownCommonSkill"],"picked":"sneckomod:UnknownClassRED","floor":5.0},{"not_picked":["sneckomod:QuickBite","sneckomod:DiceBlock"],"picked":"sneckomod:QuickMove","floor":6.0},{"not_picked":["sneckomod:ImprovisedAttack","sneckomod:UnknownClassBARD_COLOR"],"picked":"sneckomod:UnknownClassGUARDIAN","floor":8.0},{"not_picked":["sneckomod:UnknownBlock","sneckomod:UnknownExhaust"],"picked":"sneckomod:UnknownRareAttack","floor":9.0},{"not_picked":["sneckomod:DiceCrush","sneckomod:UnknownClassHEXA_GHOST_PURPLE"],"picked":"sneckomod:UnknownStrength","floor":13.0},{"not_picked":["sneckomod:UnknownStrike","sneckomod:Nope"],"picked":"sneckomod:SoulDraw","floor":15.0},{"not_picked":["sneckomod:DangerNoodle","sneckomod:SerpentMind"],"picked":"sneckomod:MorePower","floor":16.0},{"not_picked":["sneckomod:UnknownBlock+1","sneckomod:UnknownCommonSkill+1"],"picked":"sneckomod:UnknownRarePower+1","floor":19.0},{"not_picked":["sneckomod:Unknown0Cost","sneckomod:WideSting+1","sneckomod:RainOfDice+1"],"picked":"SKIP","floor":19.0},{"not_picked":["sneckomod:UnknownCommonAttack+1","sneckomod:UnknownClassBARD_COLOR+1"],"picked":"sneckomod:UnknownStrength+1","floor":22.0},{"not_picked":["sneckomod:DiceBlock+1","sneckomod:UnknownWeak"],"picked":"sneckomod:CheapStock","floor":22.0},{"not_picked":["sneckomod:UnknownClassGUARDIAN+1","sneckomod:UnknownClassGREEN+1"],"picked":"sneckomod:Unknown3Cost+1","floor":23.0},{"not_picked":["sneckomod:UnknownClassGREEN","sneckomod:UnknownCommonSkill"],"picked":"sneckomod:UnknownVulnerable","floor":23.0},{"not_picked":["sneckomod:DefensiveFlair","sneckomod:UnknownWeak"],"picked":"sneckomod:SerpentIdol","floor":23.0},{"not_picked":["sneckomod:UnknownClassBARD_COLOR+1","sneckomod:Unknown+1"],"picked":"sneckomod:UnknownDexterity+1","floor":27.0},{"not_picked":["sneckomod:WideSting+1","sneckomod:UnknownWeak"],"picked":"sneckomod:SerpentMind","floor":27.0},{"not_picked":["sneckomod:UnknownClassTHE_CHAMP_GRAY+1","sneckomod:SoulRoll","sneckomod:QuickMove"],"picked":"SKIP","floor":27.0},{"not_picked":["sneckomod:UnknownClassTHE_CURSED_PURPLE","sneckomod:UnknownX"],"picked":"sneckomod:RainOfDice+1","floor":28.0},{"not_picked":["sneckomod:UnknownCommonSkill+1","sneckomod:UnknownClassBLUE+1"],"picked":"sneckomod:UnknownVulnerable+1","floor":28.0},{"not_picked":["sneckomod:UnknownExhaust+1","sneckomod:UnknownCommonAttack+1"],"picked":"sneckomod:Mudshield","floor":28.0}],"player_experience":761565,"relics_obtained":[{"floor":7.0,"key":"Golden Egg"},{"floor":8.0,"key":"hubris:Metronome"},{"floor":17.0,"key":"Lantern"},{"floor":17.0,"key":"Molten Egg 2"},{"floor":17.0,"key":"Calipers"},{"floor":23.0,"key":"Prayer Wheel"},{"floor":28.0,"key":"sneckomod:BlankCard"}],"event_choices":[{"damage_healed":36.0,"max_hp_gain":0.0,"max_hp_loss":0.0,"gold_gain":0.0,"event_name":"The Library","player_choice":"Heal","floor":25.0,"gold_loss":0.0,"damage_taken":0.0}],"is_beta":false,"boss_relics":[{"not_picked":["Velvet Choker","Runic Dome"],"picked":"Calling Bell"}],"items_purged_floors":[],"is_endless":false,"potions_floor_spawned":[2,5,8,22],"killed_by":"downfall:FleeingMerchant","ascension_level":2}}