{"host":"armnliea5o2aqs4b","time":1609691820,"event":{"mods":["BaseMod","Hubris","Infinite Spire","Minty Spire (QoL Compilation)","Quick Restart","StSLib"],"gold_per_floor":[118,136,136,155,230,259,148,148,219,119,130,130,130,149,149,247,247,260,275,150,165,165,165,177,212,239,338,188,199,225,225,225,330,330,345,399,399,399,413,413,444,269,269,69,69,81,112,129,129,129],"floor_reached":51,"playtime":930,"items_purged":["Strike_R","Strike_R","Defend_R","Strike_R","Defend_R","Defend_R","Bash"],"score":1441,"play_id":"381caf6a-ed0b-4dc3-ab3f-a70ed73e791c","local_time":"20210104033700","is_ascension_mode":true,"campfire_choices":[{"data":"hubris:InfiniteBlow+26","floor":8.0,"key":"SMITH"},{"data":"hubris:InfiniteBlow+31","floor":15.0,"key":"SMITH"},{"data":"hubris:InfiniteBlow+36","floor":23.0,"key":"SMITH"},{"data":"hubris:InfiniteBlow+37","floor":32.0,"key":"SMITH"},{"data":"hubris:InfiniteBlow+42","floor":40.0,"key":"SMITH"},{"data":"hubris:InfiniteBlow+43","floor":45.0,"key":"SMITH"},{"data":"hubris:DuctTapeCard","floor":49.0,"key":"SMITH"}],"circlet_count":0,"master_deck":["Limit Break","Disarm","Double Tap","CurseOfTheBell","Dual Wield","hubris:DuctTapeCard"],"relics":["infinitespire:DarkRift","infinitespire:Cubic Diamond","hubris:ChampionShield","infinitespire:FocusingShard","Calling Bell","Strawberry","infinitespire:Eraser","hubris:FunFungus","Orrery","hubris:CrystalStatue","Bronze Scales","Ornamental Fan","Snecko Eye","Magic Flower","hubris:Zylophone","Question Card","hubris:DuctTape"],"acts_visited":["Exordium","TheCity","TheBeyond"],"potions_floor_usage":[],"damage_taken":[{"damage":2.0,"enemies":"Jaw Worm","floor":1.0,"turns":2.0},{"damage":0.0,"enemies":"Small Slimes","floor":2.0,"turns":2.0},{"damage":0.0,"enemies":"2 Louse","floor":4.0,"turns":2.0},{"damage":25.0,"enemies":"3 Sentries","floor":6.0,"turns":5.0},{"damage":13.0,"enemies":"Large Slime","floor":11.0,"turns":2.0},{"damage":18.0,"enemies":"Gremlin Gang","floor":14.0,"turns":5.0},{"damage":0.0,"enemies":"Slime Boss","floor":16.0,"turns":1.0},{"damage":0.0,"enemies":"Spheric Guardian","floor":18.0,"turns":2.0},{"damage":28.0,"enemies":"2 Thieves","floor":19.0,"turns":3.0},{"damage":8.0,"enemies":"Cultist and Chosen","floor":21.0,"turns":4.0},{"damage":15.0,"enemies":"Centurion and Healer","floor":24.0,"turns":3.0},{"damage":5.0,"enemies":"Book of Stabbing","floor":25.0,"turns":2.0},{"damage":0.0,"enemies":"Snake Plant","floor":29.0,"turns":1.0},{"damage":0.0,"enemies":"Gremlin Leader","floor":30.0,"turns":1.0},{"damage":0.0,"enemies":"Champ","floor":33.0,"turns":1.0},{"damage":0.0,"enemies":"Orb Walker","floor":35.0,"turns":1.0},{"damage":20.0,"enemies":"2 Orb Walkers","floor":36.0,"turns":3.0},{"damage":37.0,"enemies":"3 Shapes","floor":39.0,"turns":5.0},{"damage":0.0,"enemies":"Nemesis","floor":41.0,"turns":1.0},{"damage":24.0,"enemies":"Sphere and 2 Shapes","floor":46.0,"turns":3.0},{"damage":0.0,"enemies":"Giant Head","floor":47.0,"turns":1.0},{"damage":0.0,"enemies":"Maw","floor":48.0,"turns":1.0},{"damage":0,"enemies":"Awakened One","floor":50,"turns":2}],"seed_played":"-1322518269780244200","potions_obtained":[{"floor":4.0,"key":"SkillPotion"},{"floor":6.0,"key":"ElixirPotion"},{"floor":14.0,"key":"Swift Potion"},{"floor":29.0,"key":"PowerPotion"},{"floor":38.0,"key":"Regen Potion"},{"floor":41.0,"key":"BlessingOfTheForge"}],"is_trial":false,"path_per_floor":["M","M","?","M","?","E","$","R","T","$","M","?","?","M","R","B",null,"M","M","$","M","AVR","R","M","E","T","?","$","M","E","?","R","B",null,"M","?","?","?","M","R","E","$","T","$","R","M","E","M","R","B",null],"character_chosen":"IRONCLAD","items_purchased":["Disarm"],"campfire_rested":0,"item_purchase_floors":[7],"current_hp_per_floor":[76,80,80,80,69,44,44,44,44,44,31,31,31,13,13,13,70,70,42,42,35,35,35,20,15,15,15,15,15,15,15,15,15,69,69,49,49,49,41,41,41,41,41,41,41,19,19,19,19,21],"gold":129,"neow_bonus":"ONE_RANDOM_RARE_CARD","is_daily":false,"chose_seed":false,"campfire_upgraded":7,"win_rate":0.0,"timestamp":1609691820,"path_taken":["M","M","?","M","?","E","$","R","T","$","M","?","?","?","R","BOSS","M","M","?","?","AVR","R","M","E","T","?","$","M","E","?","R","BOSS","M","?","?","?","M","R","E","$","T","$","R","M","E","M","R","BOSS"],"items_purchased_type":["Card"],"build_version":"2020-12-22","purchased_purges":7,"victory":true,"max_hp_per_floor":[80,80,80,80,80,80,80,80,80,80,80,80,80,80,80,80,87,87,87,87,87,87,87,87,87,87,87,87,87,87,87,87,87,87,87,87,87,87,87,87,87,87,87,87,87,87,87,87,87,87],"card_choices":[{"not_picked":["hubris:CleavingFinish","Body Slam"],"picked":"Flex","floor":1.0},{"not_picked":["hubris:SharpeningStone","Havoc","Anger"],"picked":"SKIP","floor":2.0},{"not_picked":["Heavy Blade","Pommel Strike","Reckless Charge"],"picked":"SKIP","floor":4.0},{"not_picked":["hubris:ReadiedAction","Sever Soul","Warcry"],"picked":"SKIP","floor":6.0},{"not_picked":["Iron Wave","Twin Strike","Havoc"],"picked":"SKIP","floor":11.0},{"not_picked":["Flex","Power Through","Twin Strike"],"picked":"SKIP","floor":14.0},{"not_picked":["Offering","Brutality"],"picked":"Double Tap","floor":16.0},{"not_picked":["Infernal Blade+1","Armaments","Havoc+1"],"picked":"SKIP","floor":18.0},{"not_picked":["Hemokinesis","Ghostly Armor","Clash+1"],"picked":"SKIP","floor":19.0},{"not_picked":["Metallicize+1","Rage","Whirlwind"],"picked":"SKIP","floor":21.0},{"not_picked":["Twin Strike","Dark Embrace"],"picked":"Dual Wield","floor":22.0},{"not_picked":["Evolve","Anger+1","Reckless Charge"],"picked":"SKIP","floor":24.0},{"not_picked":["Searing Blow","Seeing Red","Perfected Strike"],"picked":"SKIP","floor":25.0},{"not_picked":["Rupture","Pommel Strike","Clothesline"],"picked":"SKIP","floor":29.0},{"not_picked":["Hemokinesis+1","Havoc","Warcry+1"],"picked":"SKIP","floor":30.0},{"not_picked":["Sword Boomerang","Dropkick+1"],"picked":"Battle Trance+1","floor":35.0},{"not_picked":["Clothesline+1","Iron Wave+1","Burning Pact+1"],"picked":"SKIP","floor":39.0},{"not_picked":["Brutality","Whirlwind+1","hubris:ReadiedAction+1"],"picked":"SKIP","floor":41.0},{"not_picked":["True Grit","Havoc","Warcry","Dual Wield"],"picked":"SKIP","floor":46.0},{"not_picked":["Dark Embrace","Second Wind","Flex+1","Bloodletting+1"],"picked":"SKIP","floor":47.0},{"not_picked":["Sword Boomerang+1","Twin Strike+1","Clash","Second Wind"],"picked":"SKIP","floor":48.0}],"player_experience":167763,"relics_obtained":[{"floor":6.0,"key":"hubris:ChampionShield"},{"floor":9.0,"key":"infinitespire:FocusingShard"},{"floor":17.0,"key":"Strawberry"},{"floor":17.0,"key":"infinitespire:Eraser"},{"floor":17.0,"key":"hubris:FunFungus"},{"floor":25.0,"key":"hubris:CrystalStatue"},{"floor":26.0,"key":"Bronze Scales"},{"floor":30.0,"key":"Ornamental Fan"},{"floor":36.0,"key":"Magic Flower"},{"floor":41.0,"key":"hubris:Zylophone"},{"floor":43.0,"key":"Question Card"},{"floor":47.0,"key":"hubris:DuctTape"}],"event_choices":[{"damage_healed":0.0,"max_hp_gain":0.0,"max_hp_loss":0.0,"gold_gain":75.0,"event_name":"World of Goop","player_choice":"Gather Gold","floor":5.0,"gold_loss":0.0,"damage_taken":11.0},{"cards_removed":["Strike_R"],"damage_healed":0.0,"max_hp_gain":0.0,"max_hp_loss":0.0,"gold_gain":0.0,"event_name":"Bonfire Elementals","player_choice":"Offered Basic","floor":13.0,"gold_loss":0.0,"damage_taken":0.0},{"damage_healed":0.0,"max_hp_gain":0.0,"max_hp_loss":0.0,"gold_gain":99.0,"event_name":"Nest","player_choice":"Stole From Cult","floor":27.0,"gold_loss":0.0,"damage_taken":0.0},{"cards_removed":["Defend_R"],"damage_healed":0.0,"max_hp_gain":0.0,"max_hp_loss":0.0,"gold_gain":0.0,"event_name":"Back to Basics","player_choice":"Elegance","floor":31.0,"gold_loss":0.0,"damage_taken":0.0},{"damage_healed":0.0,"max_hp_gain":0.0,"max_hp_loss":0.0,"gold_gain":0.0,"event_name":"Mysterious Sphere","player_choice":"Fight","floor":36.0,"gold_loss":0.0,"damage_taken":0.0},{"cards_removed":["Battle Trance"],"damage_healed":0.0,"max_hp_gain":0.0,"max_hp_loss":0.0,"gold_gain":0.0,"event_name":"Falling","player_choice":"Removed Skill","floor":37.0,"gold_loss":0.0,"damage_taken":0.0},{"damage_healed":0.0,"max_hp_gain":0.0,"max_hp_loss":0.0,"gold_gain":0.0,"event_name":"Lab","player_choice":"Got Potions","floor":38.0,"gold_loss":0.0,"damage_taken":0.0}],"is_beta":false,"boss_relics":[{"not_picked":["SacredBark","Runic Cube"],"picked":"Calling Bell"},{"not_picked":["hubris:TerracottaHorce","hubris:GrandSneckoEye"],"picked":"Snecko Eye"}],"items_purged_floors":[7,10,20,22,28,42,44],"is_endless":false,"potions_floor_spawned":[4,6,14,24,29,33,36,41],"ascension_level":6}}