{"host":"ixqzyafodex1tsi5","time":1609676184,"event":{"mods":["ATMod(°¢èªMod)","AchievementEnabler","Act Like it!","BaseMod","Gensokyo","GifTheSpireLib","Lobotomy","LobotomyExtend","Luminous","Minty Spire (QoL Compilation)","Relic Stats","Replay The Spire","RumiaBox-Â¶Ã×æ«µÄÉñÃØºÐ×Ó","Shop Mod","Spicy Shops","StSLib","The Cursed","[IsaacMod]ÒÔÈö¼âËþ","¡¾¹¦ÄÜMod¡¿»ìãçÖ®»·ÐÞ¸´²¹¶¡","¡¾ÒÅÎï¿¨ÅÆ¡¿REMEMod"],"gold_per_floor":[611,621,638,813,830,857,857,887,887,922,973,973,973,987,987,1102,1102,1135,1166,1166,1208,1208,1208,1241,1273,1296,1296,1320,1347,1347,1395,1395,1431,1431],"floor_reached":33,"playtime":877,"items_purged":[],"score":390,"play_id":"e7173987-e7c4-4bc7-aae2-942608c9453f","local_time":"20210103201624","is_ascension_mode":true,"campfire_choices":[{"floor":13,"key":"REST"},{"data":"Die Die Die","floor":23,"key":"SMITH"},{"data":"Backstab","floor":27,"key":"SMITH"},{"data":"Dagger Spray","floor":30,"key":"SMITH"}],"circlet_count":0,"master_deck":["Strike_G","Strike_G","Strike_G","Strike_G","Strike_G","Defend_G","Defend_G","Defend_G+1","Defend_G","Defend_G","Survivor","Neutralize","AT_OneInchPunch+1","Blade Dance+1","Backflip","Doubt","Deadly Poison","Acrobatics+1","Cloak And Dagger","Prepared","Die Die Die+1","Hidden Blade+1","Underhanded Strike+1","Dodge and Roll+1","Backstab+1","Catalyst+1","Dagger Spray+1"],"relics":["Ring of the Snake","REME_ComplimentaryCards","HushsDoor","AT_ATBox","MaYiHuaBei","AT_BladeRuinedKing","LetterFromLob","Replay:Bandana","AT_SilvercatRing","REME_HandOfSuture","Kunai","Velvet Choker","HowToJump","Art of War","GuppysPaw"],"acts_visited":["Exordium","TheCity"],"potions_floor_usage":[11,11,33,33],"damage_taken":[{"damage":0,"enemies":"Jaw Worm","floor":1,"turns":1},{"damage":0,"enemies":"2 Louse","floor":2,"turns":2},{"damage":0,"enemies":"Small Slimes","floor":3,"turns":1},{"damage":0,"enemies":"Red Slaver","floor":5,"turns":1},{"damage":20,"enemies":"Gremlin Nob","floor":6,"turns":3},{"damage":9,"enemies":"Exordium Wildlife","floor":8,"turns":3},{"damage":8,"enemies":"Large Slime","floor":10,"turns":3},{"damage":10,"enemies":"3 Sentries","floor":11,"turns":4},{"damage":0,"enemies":"Looter","floor":14,"turns":1},{"damage":2,"enemies":"Slime Boss","floor":16,"turns":8},{"damage":13,"enemies":"Shell Parasite","floor":18,"turns":3},{"damage":6,"enemies":"Chosen","floor":19,"turns":3},{"damage":12,"enemies":"3 Cultists","floor":21,"turns":5},{"damage":0,"enemies":"Cultist and Chosen","floor":24,"turns":3},{"damage":0,"enemies":"Snecko","floor":25,"turns":2},{"damage":0,"enemies":"Snake Plant","floor":28,"turns":1},{"damage":20,"enemies":"Gremlin Leader","floor":31,"turns":3},{"damage":56,"enemies":"Automaton","floor":33,"turns":6}],"seed_played":"-1937141763776560388","potions_obtained":[{"floor":1,"key":"DuplicationPotion"},{"floor":8,"key":"AttackPotion"},{"floor":10,"key":"Adrenaline Potion"},{"floor":11,"key":"Weak Potion"},{"floor":16,"key":"LiquidBronze"},{"floor":19,"key":"Strength Potion"}],"is_trial":false,"path_per_floor":["M","M","M","?","M","E","?","M","T","M","E","T","R","M","R","B",null,"M","M","?","M","?","R","M","M","T","R","M","T","R","E","R","B"],"character_chosen":"THE_SILENT","items_purchased":[],"campfire_rested":1,"item_purchase_floors":[],"current_hp_per_floor":[63,63,63,63,63,43,29,20,20,12,2,2,23,23,44,42,63,50,44,44,32,55,55,55,55,55,55,55,55,55,35,56,0,0],"gold":1431,"neow_bonus":"RANDOM_COMMON_RELIC","is_daily":false,"chose_seed":false,"campfire_upgraded":3,"win_rate":0.0,"timestamp":1609676184,"path_taken":["M","M","M","?","M","E","?","M","T","M","E","?","R","M","R","BOSS","M","M","?","M","?","R","?","M","T","R","M","?","R","E","R","BOSS"],"items_purchased_type":[],"build_version":"2020-12-22","purchased_purges":0,"victory":false,"max_hp_per_floor":[70,70,70,70,70,70,70,70,70,70,70,70,70,70,70,70,70,70,70,70,70,70,70,70,70,70,70,70,70,70,70,70,70,70],"relic_stats":{"counters":[18,53],"Art of War":[0],"Kunai":[20],"obtain_stats":[{"KeepersGift":0,"MaYiHuaBei":0,"AT_ATBox":0,"HowToJump":26,"GuppysPaw":31,"Velvet Choker":17,"AT_BladeRuinedKing":0,"AT_SilvercatRing":9,"Replay:Bandana":6,"REME_HandOfSuture":11,"LetterFromLob":1,"Art of War":29,"Kunai":12,"HushsDoor":0,"Ring of the Snake":0,"REME_ComplimentaryCards":0},{"KeepersGift":0,"MaYiHuaBei":0,"AT_ATBox":0,"HowToJump":15,"GuppysPaw":17,"Velvet Choker":10,"AT_BladeRuinedKing":0,"AT_SilvercatRing":6,"Replay:Bandana":5,"REME_HandOfSuture":8,"LetterFromLob":1,"Art of War":16,"Kunai":8,"HushsDoor":0,"Ring of the Snake":0,"REME_ComplimentaryCards":0},{"KeepersGift":0,"MaYiHuaBei":0,"AT_ATBox":0,"HowToJump":43,"GuppysPaw":47,"Velvet Choker":27,"AT_BladeRuinedKing":0,"AT_SilvercatRing":11,"Replay:Bandana":8,"REME_HandOfSuture":18,"LetterFromLob":1,"Art of War":44,"Kunai":18,"HushsDoor":0,"Ring of the Snake":0,"REME_ComplimentaryCards":0}],"Ring of the Snake":[36]},"card_choices":[{"not_picked":["AT_TinkerSharpsword","Terror"],"picked":"Bomb","floor":1},{"not_picked":["Hidden Blade","Underhanded Strike"],"picked":"Blade Dance","floor":2},{"not_picked":["Slice","Underhanded Strike"],"picked":"Backflip","floor":3},{"not_picked":["Replay:Poison Smokescreen","Dodge and Roll","Deadly Poison"],"picked":"SKIP","floor":5},{"not_picked":["Replay:Poison Smokescreen","Dodge and Roll"],"picked":"Deadly Poison","floor":5},{"not_picked":["Crippling Poison","Noxious Fumes"],"picked":"Acrobatics","floor":6},{"not_picked":["Hidden Blade","Dodge and Roll","Grand Finale"],"picked":"SKIP","floor":8},{"not_picked":["Blur","Flying Knee"],"picked":"Cloak And Dagger","floor":10},{"not_picked":["AT_WomanClash","Sucker Punch","Masterful Stab"],"picked":"SKIP","floor":11},{"not_picked":["Dagger Throw","Slice"],"picked":"Prepared","floor":14},{"not_picked":["REME_SpectralBlade","Wraith Form v2"],"picked":"Die Die Die","floor":16},{"not_picked":["Backflip","AT_TinkerSharpsword+1"],"picked":"Hidden Blade+1","floor":18},{"not_picked":["Poisoned Stab","Tactician"],"picked":"Underhanded Strike+1","floor":19},{"not_picked":["Flying Knee","Poisoned Stab"],"picked":"Dodge and Roll+1","floor":21},{"not_picked":["Quick Slash","Endless Agony"],"picked":"Backstab","floor":24},{"not_picked":["Deflect","Acrobatics+1"],"picked":"Catalyst+1","floor":25},{"not_picked":["AT_ArcaneSupremacy+1","PiercingWail"],"picked":"Dagger Spray","floor":28},{"not_picked":["Setup","Dagger Spray","ReplayTheSpireMod:Shiv Toss+1"],"picked":"SKIP","floor":31}],"player_experience":216229,"relics_obtained":[{"floor":1,"key":"LetterFromLob"},{"floor":6,"key":"Replay:Bandana"},{"floor":9,"key":"AT_SilvercatRing"},{"floor":11,"key":"REME_HandOfSuture"},{"floor":12,"key":"Kunai"},{"floor":26,"key":"HowToJump"},{"floor":29,"key":"Art of War"},{"floor":31,"key":"GuppysPaw"}],"event_choices":[{"damage_healed":0,"gold_gain":175,"player_choice":"AGREE","damage_taken":0,"max_hp_gain":0,"max_hp_loss":0,"event_name":"Liars Game","floor":4,"gold_loss":0,"cards_obtained":["Doubt"]},{"damage_healed":0,"gold_gain":0,"player_choice":"Entered Light","damage_taken":14,"max_hp_gain":0,"max_hp_loss":0,"event_name":"Shining Light","floor":7,"gold_loss":0,"cards_upgraded":["Defend_G","Acrobatics"]},{"damage_healed":0,"gold_gain":0,"player_choice":"Ignored","damage_taken":0,"max_hp_gain":0,"max_hp_loss":0,"event_name":"Ghosts","floor":20,"gold_loss":0},{"damage_healed":23,"gold_gain":0,"player_choice":"Heal","damage_taken":0,"max_hp_gain":0,"max_hp_loss":0,"event_name":"The Library","floor":22,"gold_loss":0}],"is_beta":false,"boss_relics":[{"not_picked":["SacredBark","Snecko Scales"],"picked":"Velvet Choker"},{"not_picked":[]}],"items_purged_floors":[],"is_endless":false,"potions_floor_spawned":[1,8,10,11,16,19,21],"killed_by":"Automaton","ascension_level":6}}