{"host":"rmsq46plbpwfbxcc","time":1609674461,"event":{"mods":["AchievementEnabler","BaseMod","Colored Map","Colored Powertips","DeckTracker","KOR Keyword Fix","Minty Spire (QoL Compilation)","Permanent Neow","Quick Restart","SuperFastMode"],"gold_per_floor":[119,119,119,142,156,156,229,154,154,193,193,213,253,269,269,395,395,416,63,88,103,117,117,151,151,178,214,214,225,260,272,284,399,411,435,466,528,559,590,602,643,673,685,697,725,737,81,114,114,114,114,114,31,56,56],"floor_reached":56,"playtime":1902,"items_purged":["Injury","Defend_G","Defend_G"],"score":1532,"play_id":"cd88b666-e09d-4d5c-b8b4-32698699beff","local_time":"20210103204741","is_ascension_mode":true,"campfire_choices":[{"data":"Blade Dance","floor":6.0,"key":"SMITH"},{"data":"Adrenaline","floor":11.0,"key":"SMITH"},{"data":"Neutralize","floor":15.0,"key":"SMITH"},{"data":"Phantasmal Killer","floor":23.0,"key":"SMITH"},{"data":"Backflip","floor":25.0,"key":"SMITH"},{"data":"Acrobatics","floor":32.0,"key":"SMITH"},{"floor":40.0,"key":"RECALL"},{"data":"Madness","floor":49,"key":"SMITH"},{"data":"Madness","floor":52,"key":"SMITH"}],"circlet_count":0,"master_deck":["Strike_G","Defend_G+1","Defend_G+1","Survivor","Neutralize+1","Finisher+1","Unload+1","Choke+1","Blade Dance+1","Adrenaline+1","Backflip+1","Phantasmal Killer+1","CurseOfTheBell","Accuracy+1","Acrobatics+1","Escape Plan+1","A Thousand Cuts+1","Footwork+1","Envenom+1","Cloak And Dagger+1","Blur+1","Escape Plan+1","Cloak And Dagger+1","Madness+1","Madness+1","Reflex+1","Blade Dance+1","Finesse+1"],"relics":["Astrolabe","Bloody Idol","Toy Ornithopter","Singing Bowl","War Paint","Shuriken","Calling Bell","Oddly Smooth Stone","Blue Candle","CaptainsWheel","Frozen Egg 2","Happy Flower","Bronze Scales","Vajra","MawBank","Coffee Dripper","Mango","Smiling Mask","Toxic Egg 2","The Specimen","Boot","Bag of Marbles"],"acts_visited":["Exordium","TheCity","TheBeyond","TheEnding"],"potions_floor_usage":[54,55,55],"damage_taken":[{"damage":0.0,"enemies":"2 Louse","floor":1.0,"turns":2.0},{"damage":0.0,"enemies":"Jaw Worm","floor":4.0,"turns":1.0},{"damage":0.0,"enemies":"Small Slimes","floor":5.0,"turns":1.0},{"damage":0.0,"enemies":"Lagavulin Event","floor":7.0,"turns":2.0},{"damage":10.0,"enemies":"3 Sentries","floor":10.0,"turns":5.0},{"damage":0.0,"enemies":"Exordium Wildlife","floor":12.0,"turns":1.0},{"damage":0.0,"enemies":"Lagavulin","floor":13.0,"turns":3.0},{"damage":0.0,"enemies":"Large Slime","floor":14.0,"turns":4.0},{"damage":7.0,"enemies":"Hexaghost","floor":16.0,"turns":7.0},{"damage":0.0,"enemies":"3 Byrds","floor":18.0,"turns":5.0},{"damage":21.0,"enemies":"2 Thieves","floor":20.0,"turns":3.0},{"damage":0.0,"enemies":"Chosen and Byrds","floor":21.0,"turns":3.0},{"damage":3.0,"enemies":"3 Cultists","floor":22.0,"turns":4.0},{"damage":0.0,"enemies":"Book of Stabbing","floor":24.0,"turns":3.0},{"damage":3.0,"enemies":"Gremlin Leader","floor":27.0,"turns":4.0},{"damage":0.0,"enemies":"Snecko","floor":29.0,"turns":2.0},{"damage":17.0,"enemies":"Slavers","floor":30.0,"turns":3.0},{"damage":10.0,"enemies":"Champ","floor":33.0,"turns":6.0},{"damage":0.0,"enemies":"3 Shapes","floor":35.0,"turns":3.0},{"damage":0.0,"enemies":"Orb Walker","floor":36.0,"turns":2.0},{"damage":0.0,"enemies":"Mind Bloom Boss Battle","floor":37.0,"turns":5.0},{"damage":1.0,"enemies":"Maw","floor":38.0,"turns":4.0},{"damage":1.0,"enemies":"Sphere and 2 Shapes","floor":39.0,"turns":3.0},{"damage":10.0,"enemies":"Giant Head","floor":41.0,"turns":5.0},{"damage":21.0,"enemies":"Writhing Mass","floor":42.0,"turns":3.0},{"damage":3.0,"enemies":"4 Shapes","floor":45.0,"turns":2.0},{"damage":0,"enemies":"Reptomancer","floor":48,"turns":4},{"damage":36,"enemies":"Donu and Deca","floor":50,"turns":7},{"damage":5,"enemies":"Shield and Spear","floor":54,"turns":3},{"damage":54,"enemies":"The Heart","floor":55,"turns":7}],"seed_played":"-3226372564312168206","potions_obtained":[{"floor":4.0,"key":"DistilledChaos"},{"floor":5.0,"key":"SpeedPotion"},{"floor":7.0,"key":"Dexterity Potion"},{"floor":13.0,"key":"GamblersBrew"},{"floor":21.0,"key":"SkillPotion"},{"floor":24.0,"key":"SkillPotion"},{"floor":27.0,"key":"BlessingOfTheForge"},{"floor":29.0,"key":"Strength Potion"},{"floor":36.0,"key":"Dexterity Potion"},{"floor":37.0,"key":"ColorlessPotion"},{"floor":39.0,"key":"CunningPotion"}],"is_trial":false,"path_per_floor":["M","?","?","M","M","R","?","$","T","E","R","M","E","M","R","B",null,"M","$","M","M","M","R","E","R","T","E","?","M","E","?","R","B",null,"M","M","?","M","M","R","E","M","T","?","M","?","$","E","R","B",null,"R","$","E","B",null],"character_chosen":"THE_SILENT","items_purchased":["Frozen Egg 2","Toxic Egg 2","The Specimen","Reflex+1","Finesse+1"],"campfire_rested":0,"item_purchase_floors":[19,47,47,47,53],"current_hp_per_floor":[70,63,63,63,63,63,68,68,68,58,58,60,60,62,62,55,74,74,74,55,57,56,56,61,61,61,58,58,65,58,63,68,68,82,84,86,100,102,104,104,99,88,93,98,104,91,96,101,101,65,104,104,104,106,52],"gold":56,"neow_bonus":"BOSS_RELIC","is_daily":false,"chose_seed":false,"campfire_upgraded":8,"win_rate":0.0,"timestamp":1609674461,"path_taken":["M","?","?","M","M","R","?","$","T","E","R","M","E","?","R","BOSS","M","$","M","M","M","R","E","R","T","E","?","M","E","?","R","BOSS","M","M","?","M","M","R","E","M","T","?","M","?","$","E","R","BOSS","R","$","E","BOSS"],"items_purchased_type":["Relic","Relic","Relic","Card","Card"],"build_version":"2020-12-22","purchased_purges":3,"victory":true,"max_hp_per_floor":[70,70,70,70,70,70,70,70,70,70,70,72,72,74,74,74,74,74,74,76,78,80,80,80,80,80,80,80,82,82,82,82,82,82,84,86,100,102,104,104,104,104,104,104,104,104,104,104,104,104,104,104,104,106,106],"card_choices":[{"not_picked":["Poisoned Stab","Dagger Throw"],"picked":"Blade Dance","floor":1.0},{"not_picked":["Riddle With Holes","Backstab","Dagger Throw"],"picked":"SKIP","floor":4.0},{"not_picked":["Sucker Punch","Underhanded Strike","Deadly Poison"],"picked":"SKIP","floor":5.0},{"not_picked":["Flechettes","Noxious Fumes"],"picked":"Adrenaline","floor":10.0},{"not_picked":["Deadly Poison","Calculated Gamble","Bouncing Flask"],"picked":"Singing Bowl","floor":12.0},{"not_picked":["Deadly Poison","Acrobatics"],"picked":"Backflip","floor":13.0},{"not_picked":["Quick Slash","Blade Dance","Prepared"],"picked":"Singing Bowl","floor":14.0},{"not_picked":["Corpse Explosion","Die Die Die"],"picked":"Phantasmal Killer","floor":16.0},{"not_picked":["Reflex","Deadly Poison"],"picked":"Accuracy+1","floor":18.0},{"not_picked":["Slice","Reflex+1","Dagger Throw"],"picked":"Singing Bowl","floor":20.0},{"not_picked":["Underhanded Strike+1","Predator+1","Dodge and Roll"],"picked":"Singing Bowl","floor":21.0},{"not_picked":["Noxious Fumes+1","Endless Agony","Bane"],"picked":"Singing Bowl","floor":22.0},{"not_picked":["Blade Dance","Dodge and Roll+1"],"picked":"Acrobatics","floor":24.0},{"not_picked":["Dodge and Roll+1","Endless Agony+1"],"picked":"Escape Plan+1","floor":27.0},{"not_picked":["Deflect","Glass Knife","Backflip"],"picked":"Singing Bowl","floor":29.0},{"not_picked":["Skewer","Prepared"],"picked":"A Thousand Cuts+1","floor":30.0},{"not_picked":["Wraith Form v2+1","Night Terror"],"picked":"Envenom+1","floor":33.0},{"not_picked":["Prepared+1","Acrobatics+1","Quick Slash+1"],"picked":"Singing Bowl","floor":35.0},{"not_picked":["Deflect","Outmaneuver+1","Bouncing Flask"],"picked":"Singing Bowl","floor":36.0},{"not_picked":["Acrobatics+1","Blade Dance+1"],"picked":"Cloak And Dagger+1","floor":37.0},{"not_picked":["Underhanded Strike+1","Riddle With Holes","Crippling Poison"],"picked":"Singing Bowl","floor":38.0},{"not_picked":["Deadly Poison+1","Poisoned Stab+1","Calculated Gamble+1"],"picked":"Singing Bowl","floor":39.0},{"not_picked":["Slice","Expertise+1"],"picked":"Blur+1","floor":41.0},{"not_picked":["Crippling Poison+1","Setup"],"picked":"Escape Plan+1","floor":42.0},{"not_picked":["Grand Finale","Slice"],"picked":"Cloak And Dagger+1","floor":45.0},{"not_picked":["Dash","Slice"],"picked":"Blade Dance+1","floor":48},{"not_picked":["Dodge and Roll+1","Reflex+1","Slice+1"],"picked":"Singing Bowl","floor":54}],"player_experience":633498,"relics_obtained":[{"floor":9.0,"key":"Singing Bowl"},{"floor":10.0,"key":"War Paint"},{"floor":13.0,"key":"Shuriken"},{"floor":17.0,"key":"Oddly Smooth Stone"},{"floor":17.0,"key":"Blue Candle"},{"floor":17.0,"key":"CaptainsWheel"},{"floor":24.0,"key":"Happy Flower"},{"floor":26.0,"key":"Bronze Scales"},{"floor":27.0,"key":"Vajra"},{"floor":30.0,"key":"MawBank"},{"floor":37.0,"key":"Mango"},{"floor":41.0,"key":"Smiling Mask"},{"floor":48,"key":"Boot"},{"floor":54,"key":"Bag of Marbles"}],"event_choices":[{"cards_removed":["Strike_G"],"damage_healed":0.0,"max_hp_gain":0.0,"max_hp_loss":0.0,"gold_gain":0.0,"event_name":"Golden Wing","player_choice":"Card Removal","floor":2.0,"gold_loss":0.0,"damage_taken":7.0},{"damage_healed":0.0,"max_hp_gain":0.0,"max_hp_loss":0.0,"gold_gain":0.0,"event_name":"Golden Idol","player_choice":"Take Wound","floor":3.0,"gold_loss":0.0,"damage_taken":0.0,"relics_obtained":["Golden Idol"],"cards_obtained":["Injury"]},{"damage_healed":0.0,"max_hp_gain":0.0,"max_hp_loss":0.0,"gold_gain":0.0,"event_name":"Dead Adventurer","player_choice":"Searched \u00273\u0027 times","floor":7.0,"gold_loss":0.0,"damage_taken":0.0,"relics_obtained":["Toy Ornithopter"]},{"damage_healed":0.0,"max_hp_gain":0.0,"max_hp_loss":0.0,"gold_gain":0.0,"event_name":"Forgotten Altar","player_choice":"Gave Idol","floor":28.0,"relics_lost":["Golden Idol"],"gold_loss":0.0,"damage_taken":0.0,"relics_obtained":["Bloody Idol"]},{"damage_healed":0.0,"max_hp_gain":0.0,"max_hp_loss":0.0,"gold_gain":0.0,"event_name":"The Library","player_choice":"Read","floor":31.0,"gold_loss":0.0,"damage_taken":0.0,"cards_obtained":["Footwork"]},{"damage_healed":0.0,"max_hp_gain":0.0,"max_hp_loss":0.0,"gold_gain":0.0,"event_name":"MindBloom","player_choice":"Fight","floor":37.0,"gold_loss":0.0,"damage_taken":0.0},{"cards_removed":["Strike_G"],"damage_healed":0.0,"max_hp_gain":0.0,"max_hp_loss":0.0,"gold_gain":0.0,"event_name":"Falling","player_choice":"Removed Attack","floor":44.0,"gold_loss":0.0,"damage_taken":0.0},{"damage_healed":0.0,"max_hp_gain":0.0,"max_hp_loss":0.0,"gold_gain":0.0,"event_name":"Winding Halls","player_choice":"Embrace Madness","floor":46.0,"gold_loss":0.0,"damage_taken":13.0,"cards_obtained":["Madness","Madness"]}],"is_beta":false,"boss_relics":[{"not_picked":["Runic Pyramid","Tiny House"],"picked":"Calling Bell"},{"not_picked":["Black Star","Velvet Choker"],"picked":"Coffee Dripper"}],"items_purged_floors":[8,19,47],"is_endless":false,"potions_floor_spawned":[4,5,7,13,21,24,27,29,36,37,38,39],"ascension_level":2}}