{"host":"17xjy7b7ubl548g2","time":1609639376,"event":{"mods":["2.2 Compatiblity","Act Like it!","Aspiration","Astrologer","Bard","BaseMod","Bestiary","Challenge The Spire","ChefMod","Colored Map","Conspire","Elementarium","Energized Spire","Gensokyo","GifTheSpireLib","Halation","Hallownest","Hubris","Infinite Spire","Jedi Mod","Jorbs\u0027s Wanderer Trilogy","Marisa（霧雨　魔理沙）","Marked Mod","Menagerie","Minty Spire (QoL Compilation)","Pale of the Ancients","Permanent Neow","Puzzle Mod","Replay The Spire","Robot Space Explorer","Spicy Shops","StSLib","Stuff the Spire","The Blue Laboratory","The Bug Knight","The Construct","The Disciple","The Hayseed","The Hierophant","The Marked","The Runesmith","The Sage","TheFirefly"],"gold_per_floor":[218,232,105,105,19,19,47,62,62,243,257,257,257,274,274,374,374,384,23,38,54,54,79,79,79,79,93,161,161,209,229,249,279,279,397,397,442,472,472,472,486,513,513,552,575,624,169,181,66,102,102,122],"floor_reached":53,"playtime":5790,"items_purged":["Strike_MRS","Menagerie:BloodySpellbook"],"score":841,"play_id":"837d7809-ef55-49d8-952c-5adbc99493c9","local_time":"20210102210256","is_ascension_mode":false,"campfire_choices":[{"data":"OortCloud","floor":6,"key":"SMITH"},{"data":"MasterSpark","floor":13,"key":"SMITH"},{"floor":15,"key":"REST"},{"data":"FinalSpark","floor":24,"key":"SMITH"},{"data":"DeepEcoloBomb","floor":29,"key":"SMITH"},{"data":"CollectingQuirk","floor":34,"key":"SMITH"},{"data":"OortCloud","floor":43,"key":"SMITH"},{"data":"UpSweep","floor":51,"key":"SMITH"}],"circlet_count":0,"master_deck":["Strike_MRS","Strike_MRS","Defend_MRS","Defend_MRS","Defend_MRS","Defend_MRS","MasterSpark+1","UpSweep+1","DoubleSpark","OortCloud+1","AsteroidBelt","UnstableBomb","AlicesGift+1","SporeBomb","FinalSpark+1","DeepEcoloBomb+1","Gensokyo:ReactiveArmor","Gensokyo:Apocalypse","WitchLeyline+1","DoubleSpark","Robbery","CollectingQuirk+1","OortCloud+1","infinitespire:Starlight","MillisecondPulsars+1","ShootingEcho+1","AsteroidBelt","Gensokyo:AllTheWorldsEvil","DoubleSpark","GalacticHalo","UnstableBomb+1","Gensokyo:MedicineKit","Gensokyo:Taser","BlazeAway+1"],"relics":["MiniHakkero","hubris:Towel","TungstenRod","Thread and Needle","StuffTheSpire:MayFlowers","Toy Ornithopter","Torii","Kunai","Busted Crown","halation:EternalFortune","jedi:shrinkray","aspiration:FrozenJewel","Pen Nib","halation:SwordOfLegend","Cursed Key","infinitespire:WardingShard","MealTicket","Chameleon Ring","Guide Book","ReplayFunnel"],"acts_visited":["Exordium","Gensokyo:Gensokyo","Gensokyo:Gensokyoer"],"potions_floor_usage":[16,23,31,33,50,52,52],"damage_taken":[{"damage":1,"enemies":"Gensokyo:2_Kodama","floor":1,"turns":3},{"damage":0,"enemies":"Gensokyo:Python","floor":2,"turns":2},{"damage":10,"enemies":"Gensokyo:Aya","floor":7,"turns":6},{"damage":0,"enemies":"Gensokyo:3_Fairies","floor":8,"turns":4},{"damage":5,"enemies":"Gensokyo:Cirno","floor":10,"turns":6},{"damage":1,"enemies":"Gensokyo:Kitsune","floor":11,"turns":3},{"damage":0,"enemies":"Gensokyo:LivingMonolith","floor":14,"turns":2},{"damage":0,"enemies":"Gensokyo:Kokoro","floor":16,"turns":7},{"damage":0,"enemies":"Gensokyo:AngelMirror","floor":18,"turns":3},{"damage":9,"enemies":"Gensokyo:3_Dogs","floor":20,"turns":3},{"damage":0,"enemies":"Gensokyo:Wraith","floor":21,"turns":4},{"damage":0,"enemies":"Gensokyo:Koishi","floor":23,"turns":3},{"damage":0,"enemies":"Gensokyo:Chomper_and_Gloop","floor":27,"turns":2},{"damage":0,"enemies":"Gensokyo:3_Gloops","floor":30,"turns":3},{"damage":0,"enemies":"Gensokyo:Slime_Group","floor":31,"turns":3},{"damage":9,"enemies":"Gensokyo:Chomper_and_Gloop","floor":32,"turns":2},{"damage":0,"enemies":"Gensokyo:Tenshi","floor":33,"turns":4},{"damage":52,"enemies":"Gensokyo:Eternal_Rivals","floor":35,"turns":10},{"damage":4,"enemies":"Gensokyo:AncientGuardian","floor":37,"turns":2},{"damage":0,"enemies":"Gensokyo:3_Bats","floor":38,"turns":3},{"damage":3,"enemies":"Gensokyo:AtlasGolem","floor":41,"turns":3},{"damage":5,"enemies":"Gensokyo:Doremy","floor":42,"turns":4},{"damage":0,"enemies":"Gensokyo:Sharpion","floor":44,"turns":5},{"damage":0,"enemies":"Gensokyo:Dusk_and_Dawn","floor":48,"turns":3},{"damage":7,"enemies":"Gensokyo:3_Boulders","floor":50,"turns":3},{"damage":9,"enemies":"Gensokyo:Scarlet_Devils","floor":52,"turns":8}],"seed_played":"4483610558315954915","potions_obtained":[{"floor":10,"key":"Strength Potion"},{"floor":11,"key":"blueLaboratory:BottleOfRum"},{"floor":16,"key":"ShroomBrew"},{"floor":23,"key":"blueLaboratory:BubblePotion"},{"floor":27,"key":"blueLaboratory:StoneskinPotion"},{"floor":30,"key":"LifebloodPotion"},{"floor":32,"key":"blueLaboratory:PhilterOfMotion"},{"floor":35,"key":"Elixir"},{"floor":48,"key":"blueLaboratory:FruitPunch"},{"floor":50,"key":"Explosive Potion"}],"is_trial":false,"path_per_floor":["M","M","COS","?","$","R","E","M","T","E","M","$","R","M","R","B",null,"M","COS","M","M","?","E","R","PTL","PTL","M","T","R","M","M","M","E","R","B",null,"M","M","?","?","M","E","R","M","T","?","$","M","COS","M","R","B",null],"character_chosen":"MARISA","items_purchased":["TungstenRod","Torii","Kunai","Guide Book","ReplayFunnel","DoubleSpark","GalacticHalo"],"campfire_rested":1,"item_purchase_floors":[5,12,12,47,47,47,47],"current_hp_per_floor":[74,74,74,74,74,74,64,64,64,64,63,22,22,22,44,54,75,75,75,66,66,69,74,74,74,74,74,74,74,74,81,72,77,77,31,81,77,77,58,58,65,73,84,84,84,84,84,84,84,87,87,87],"gold":122,"neow_bonus":"HUNDRED_GOLD","is_daily":false,"chose_seed":false,"campfire_upgraded":7,"win_rate":0.0,"timestamp":1609639376,"path_taken":["M","M","COS","?","$","R","E","?","T","E","M","?","R","?","R","BOSS","M","COS","M","M","?","E","R","PTL","PTL","M","T","R","M","M","M","E","R","BOSS","M","M","?","?","M","E","R","M","T","?","$","M","COS","M","R","BOSS"],"items_purchased_type":["Relic","Relic","Relic","Relic","Relic","Card","Card"],"build_version":"2020-12-22","purchased_purges":2,"victory":true,"max_hp_per_floor":[75,75,75,75,75,75,75,75,75,75,75,75,75,75,75,75,75,75,75,75,75,78,78,78,78,78,78,78,78,78,81,81,81,81,81,81,81,81,81,81,81,84,84,84,84,84,84,84,84,87,87,87],"card_choices":[{"not_picked":["ShootingEcho","MysteriousBeam"],"picked":"DoubleSpark","floor":1},{"not_picked":["IllusionStar","BlazeAway"],"picked":"OortCloud","floor":2},{"not_picked":["Acceleration","EnergyRecoil"],"picked":"AsteroidBelt","floor":7},{"not_picked":["PulseMagic","GravityBeat"],"picked":"UnstableBomb","floor":8},{"not_picked":["GasGiant","Orbital"],"picked":"AlicesGift","floor":10},{"not_picked":["SuperNova","MysteriousBeam"],"picked":"WitchLeyline","floor":11},{"not_picked":["MagicChant","AlicesGift"],"picked":"SporeBomb","floor":14},{"not_picked":["UltimateShortwave","ManaRampage"],"picked":"FinalSpark","floor":16},{"not_picked":[],"picked":"DeepEcoloBomb","floor":18},{"not_picked":[],"picked":"WitchLeyline+1","floor":20},{"not_picked":[],"picked":"DoubleSpark","floor":21},{"not_picked":[],"picked":"Acceleration+1","floor":23},{"not_picked":[],"picked":"Robbery","floor":27},{"not_picked":["DeepEcoloBomb"],"picked":"SKIP","floor":30},{"not_picked":["WitchLeyline"],"picked":"SKIP","floor":31},{"not_picked":["SporeBomb+1"],"picked":"SKIP","floor":32},{"not_picked":[],"picked":"CollectingQuirk","floor":33},{"not_picked":[],"picked":"OortCloud","floor":37},{"not_picked":["SporeBomb"],"picked":"SKIP","floor":38},{"not_picked":["hubris:InfiniteBlow","hubris:Rewind"],"picked":"infinitespire:Starlight","floor":39},{"not_picked":[],"picked":"MillisecondPulsars","floor":41},{"not_picked":[],"picked":"ShootingEcho+1","floor":42},{"not_picked":[],"picked":"AsteroidBelt","floor":44},{"not_picked":[],"picked":"UnstableBomb+1","floor":48},{"not_picked":[],"picked":"BlazeAway+1","floor":50}],"player_experience":1626303,"relics_obtained":[{"floor":7,"key":"Thread and Needle"},{"floor":9,"key":"StuffTheSpire:MayFlowers"},{"floor":10,"key":"Toy Ornithopter"},{"floor":23,"key":"jedi:shrinkray"},{"floor":28,"key":"aspiration:FrozenJewel"},{"floor":31,"key":"halation:EternalFortune"},{"floor":33,"key":"Pen Nib"},{"floor":42,"key":"halation:EternalFortune"},{"floor":42,"key":"infinitespire:WardingShard"},{"floor":45,"key":"MealTicket"},{"floor":46,"key":"Chameleon Ring"}],"event_choices":[],"is_beta":false,"boss_relics":[{"not_picked":["Honey Jar","energizedSpire:RedRose"],"picked":"Busted Crown"},{"not_picked":["halation:Prosthetics","Snecko Heart"],"picked":"Cursed Key"}],"items_purged_floors":[12,47],"is_endless":false,"potions_floor_spawned":[10,11,16,23,27,30,32,35,41,44,48,50],"ascension_level":0}}