{"host":"l84l8xigz5v5foa2","time":1609698157,"event":{"mods":["2.2 Compatiblity","AchievementEnabler","BaseMod","Better Note","Better Vampires","Card Filter","Colored Map","DeckTracker","Downfall","Gremlin Skip","Highlight Path","Keyboard Shortcuts","Minty Spire (QoL Compilation)","Permanent Neow","Quick Restart","Relic Filter","Relic Stats","StSLib","SuperFastMode","Transform Curses","Unknown Chances"],"gold_per_floor":[99,117,136,236,246,246,269,285,315,315,328,128,128,139,155,229,229,229,245,245,261,278,278,278,278,278,278,278],"floor_reached":26,"playtime":1030,"items_purged":["Slimebound:Icky"],"score":420,"play_id":"67729d63-685d-4b5a-8c71-bb6371e8de76","local_time":"20210104032237","is_ascension_mode":true,"campfire_choices":[{"data":"hexamod:Float","floor":1.0,"key":"SMITH"},{"data":"expansioncontent:DashGenerateEvil","floor":6.0,"key":"SMITH"},{"data":"hexamod:Rewind","floor":10.0,"key":"SMITH"},{"data":"hexamod:NecessarySacrifice","floor":13.0,"key":"SMITH"},{"data":"hexamod:ThermalTransfer","floor":18.0,"key":"SMITH"},{"data":"hexamod:HeatMetal","floor":25.0,"key":"SMITH"}],"circlet_count":0,"master_deck":["AscendersBane","hexamod:Strike","hexamod:Strike","hexamod:Strike","hexamod:Strike","hexamod:Defend","hexamod:Defend","hexamod:Defend","hexamod:Defend","hexamod:Sear","hexamod:Float+1","expansioncontent:DashGenerateEvil+1","hexamod:InspiringFlames","hexamod:PowerFromBeyond+1","hexamod:ShieldOfDarkness","hexamod:Rewind+1","hexamod:NecessarySacrifice+1","hexamod:HeatMetal+1","hexamod:ThermalTransfer+1","hexamod:Hexaguard","hexamod:FifthSeal","hexamod:ThirdSeal","hexamod:SpectersWail","hexamod:SixthSeal","hexamod:InspiringFlames","hexamod:AdvancingGuard","hexamod:FourthSeal","hexamod:SixthSeal"],"relics":["hexamod:SpiritBrand","Mummified Hand","hexamod:IceCube","Bottled Tornado"],"acts_visited":["Exordium","TheCity"],"potions_floor_usage":[],"damage_taken":[{"damage":0.0,"enemies":"Cultist","floor":2.0,"turns":3.0},{"damage":0.0,"enemies":"Jaw Worm","floor":3.0,"turns":2.0},{"damage":0.0,"enemies":"Small Slimes","floor":5.0,"turns":3.0},{"damage":0.0,"enemies":"3 Louse","floor":8.0,"turns":4.0},{"damage":1.0,"enemies":"Lagavulin","floor":9.0,"turns":7.0},{"damage":0.0,"enemies":"Red Slaver","floor":11.0,"turns":5.0},{"damage":0.0,"enemies":"downfall:FleeingMerchant","floor":12.0,"turns":4.0},{"damage":0.0,"enemies":"2 Fungi Beasts","floor":14.0,"turns":4.0},{"damage":0.0,"enemies":"Blue Slaver","floor":15.0,"turns":1.0},{"damage":26.0,"enemies":"downfall:Ironclad","floor":16.0,"turns":8.0},{"damage":0.0,"enemies":"Spheric Guardian","floor":19.0,"turns":3.0},{"damage":0.0,"enemies":"Snake Plant","floor":21.0,"turns":4.0},{"damage":0.0,"enemies":"Snecko","floor":22.0,"turns":5.0},{"damage":57,"enemies":"Chosen and Byrds","floor":26,"turns":7}],"seed_played":"-479275842323292555","potions_obtained":[{"floor":2.0,"key":"Fire Potion"},{"floor":5.0,"key":"champ:CounterPotion"},{"floor":15.0,"key":"Energy Potion"},{"floor":19.0,"key":"DistilledChaos"}],"is_trial":false,"path_per_floor":["R","M","M","?","M","R","T","M","E","R","M","$","R","M","M","B",null,"R","M","?","M","M","?","T","R","M"],"character_chosen":"THE_SPIRIT","items_purchased":["hexamod:HeatMetal","hexamod:ThermalTransfer"],"campfire_rested":0,"item_purchase_floors":[12,12],"current_hp_per_floor":[42,42,42,42,42,42,42,42,41,41,41,41,41,41,41,15,51,51,51,51,51,51,51,51,51,0,0,0],"gold":278,"neow_bonus":"RANDOM_COLORLESS_2","is_daily":false,"chose_seed":false,"campfire_upgraded":6,"win_rate":0.0,"timestamp":1609698157,"path_taken":["R","M","?","?","M","R","T","M","E","R","M","$","R","M","M","BOSS","R","M","?","M","M","?","T","R","M"],"items_purchased_type":["Card","Card"],"build_version":"2020-12-22","purchased_purges":1,"victory":false,"max_hp_per_floor":[63,63,63,63,63,63,63,63,63,63,63,63,63,63,63,63,63,63,63,63,63,63,63,63,63,63,63,63],"relic_stats":{"counters":[14,60],"Mummified Hand":[21],"obtain_stats":[{"Mummified Hand":9,"Bottled Tornado":24,"hexamod:SpiritBrand":0,"hexamod:IceCube":17},{"Mummified Hand":5,"Bottled Tornado":13,"hexamod:SpiritBrand":0,"hexamod:IceCube":10},{"Mummified Hand":19,"Bottled Tornado":53,"hexamod:SpiritBrand":0,"hexamod:IceCube":41}]},"card_choices":[{"not_picked":["Chrysalis","expansioncontent:StudyTheSpire"],"picked":"expansioncontent:DashGenerateEvil","floor":0.0},{"not_picked":["hexamod:BurningTouch","hexamod:GhostShield"],"picked":"hexamod:InspiringFlames","floor":2.0},{"not_picked":["hexamod:GhostLash","hexamod:BurningTouch"],"picked":"hexamod:PowerFromBeyond","floor":3.0},{"not_picked":["hexamod:SpectralAdrenaline","hexamod:HeatCrush"],"picked":"hexamod:ShieldOfDarkness","floor":5.0},{"not_picked":["hexamod:GhostShield","hexamod:Hexaguard","hexamod:GiftsFromTheDead"],"picked":"SKIP","floor":8.0},{"not_picked":["hexamod:SoulSteal","hexamod:WildfireWeapon"],"picked":"hexamod:Rewind","floor":9.0},{"not_picked":["hexamod:NightmareStrike","hexamod:PhantomCloak","hexamod:GhostflameBarrier"],"picked":"SKIP","floor":11.0},{"not_picked":["hexamod:SpectersWail","hexamod:SwordOfDarkness"],"picked":"hexamod:NecessarySacrifice","floor":12.0},{"not_picked":["hexamod:Firestarter","hexamod:SpectralSpark"],"picked":"hexamod:Hexaguard","floor":14.0},{"not_picked":["hexamod:SwordOfDarkness","hexamod:SecondSeal","hexamod:DynamicBlow"],"picked":"SKIP","floor":15.0},{"not_picked":["hexamod:WildfireWeapon","hexamod:SixthSeal"],"picked":"hexamod:FifthSeal","floor":16.0},{"not_picked":["hexamod:FirstSeal","hexamod:SecondSeal"],"picked":"hexamod:ThirdSeal","floor":19.0},{"not_picked":["hexamod:Firestarter","hexamod:ExtraCrispy"],"picked":"hexamod:SpectersWail","floor":19.0},{"not_picked":["hexamod:FourthSeal","hexamod:FirstSeal"],"picked":"hexamod:SixthSeal","floor":21.0},{"not_picked":["hexamod:GhostOfSpirePresent","hexamod:ParanormalForm"],"picked":"hexamod:InspiringFlames","floor":21.0},{"not_picked":["hexamod:NightmareGuise","hexamod:Rewind"],"picked":"hexamod:AdvancingGuard","floor":21.0},{"not_picked":["hexamod:ExtraCrispy","hexamod:ShieldOfDarkness"],"picked":"hexamod:FourthSeal","floor":22.0},{"not_picked":["hexamod:FirstSeal","hexamod:FourthSeal"],"picked":"hexamod:SixthSeal","floor":22.0},{"not_picked":["hexamod:GhostflameBarrier","hexamod:Hexaguard","hexamod:RainOfEmbers"],"picked":"SKIP","floor":22.0}],"player_experience":2821243,"relics_obtained":[{"floor":9.0,"key":"Mummified Hand"},{"floor":24.0,"key":"Bottled Tornado"}],"event_choices":[],"is_beta":false,"boss_relics":[{"not_picked":["Pandora\u0027s Box","Cursed Key"],"picked":"hexamod:IceCube"}],"items_purged_floors":[12],"is_endless":false,"potions_floor_spawned":[2,5,8,15,16,19],"killed_by":"Chosen and Byrds","ascension_level":20}}