{"host":"ygfasg9u7olr7skw","time":1609692630,"event":{"mods":["AchievementEnabler","BaseMod","Better Note","Better Vampires","Colored Powertips","Minty Spire (QoL Compilation)","Replay The Spire","Spicy Shops","StSLib","The IronCluck"],"gold_per_floor":[119,131,206,218,236,236,186,186,186,196,212,212,244,262,262,364,364,382,382,382,322,104,104,129,129,129,142,176,184,184],"floor_reached":29,"playtime":1486,"items_purged":["Strike_B"],"score":314,"play_id":"bb3abd1a-a0a3-4f62-ae19-025445812b64","local_time":"20210103115030","is_ascension_mode":true,"campfire_choices":[{"floor":6,"key":"REST"},{"floor":12,"key":"REST"},{"floor":15,"key":"REST"},{"data":"Dualcast","floor":23,"key":"SMITH"},{"floor":25,"key":"REST"}],"circlet_count":0,"master_deck":["Strike_B","Strike_B","Defend_B","Defend_B","Defend_B","Defend_B","Zap","Dualcast+1","Ball Lightning","Gash","Barrage+1","Thunder Strike+1","Ball Lightning+1","Redo+1","FIFO Queue+1"],"relics":["Cracked Core","Strawberry","Replay:WaspNest","Molten Egg 2","SlaversCollar","Lantern","Lee\u0027s Waffle","DataDisk","Chameleon Ring","Replay:Bandana"],"acts_visited":["Exordium","TheCity"],"potions_floor_usage":[16,16,16],"damage_taken":[{"damage":3,"enemies":"Jaw Worm","floor":1,"turns":6},{"damage":0,"enemies":"2 Louse","floor":2,"turns":2},{"damage":11,"enemies":"Small Slimes","floor":4,"turns":3},{"damage":12,"enemies":"Looter","floor":5,"turns":3},{"damage":4,"enemies":"3 Louse","floor":10,"turns":3},{"damage":7,"enemies":"Exordium Thugs","floor":11,"turns":4},{"damage":29,"enemies":"3 Sentries","floor":13,"turns":6},{"damage":0,"enemies":"Gremlin Gang","floor":14,"turns":3},{"damage":26,"enemies":"Hexaghost","floor":16,"turns":7},{"damage":21,"enemies":"Chosen","floor":18,"turns":5},{"damage":24,"enemies":"2 Thieves","floor":21,"turns":4},{"damage":28,"enemies":"Replay:Snechameleon","floor":24,"turns":5},{"damage":0,"enemies":"Snecko","floor":27,"turns":2},{"damage":65,"enemies":"Slavers","floor":28,"turns":4},{"damage":37,"enemies":"3 Cultists","floor":29,"turns":4}],"seed_played":"-1770632598291433774","potions_obtained":[{"floor":2,"key":"Weak Potion"},{"floor":5,"key":"DistilledChaos"},{"floor":10,"key":"PowerPotion"},{"floor":11,"key":"AttackPotion"},{"floor":16,"key":"BlessingOfTheForge"},{"floor":18,"key":"Energy Potion"},{"floor":28,"key":"Milkshake"}],"is_trial":false,"path_per_floor":["M","M","?","M","M","R","?","?","T","M","M","R","E","M","R","B",null,"M","?","?","M","$","R","E","R","T","M","E","M"],"character_chosen":"DEFECT","items_purchased":["Lee\u0027s Waffle"],"campfire_rested":4,"item_purchase_floors":[22],"current_hp_per_floor":[79,79,68,57,45,69,69,69,69,65,58,84,55,55,81,55,89,68,68,68,44,96,96,68,96,96,96,31,0,0],"gold":184,"neow_bonus":"TEN_PERCENT_HP_BONUS","is_daily":false,"chose_seed":false,"campfire_upgraded":1,"win_rate":0.0,"timestamp":1609692630,"path_taken":["M","M","?","M","M","R","?","?","T","?","M","R","E","M","R","BOSS","M","?","?","M","$","R","E","R","T","M","E","M"],"items_purchased_type":["Relic"],"build_version":"2020-12-22","purchased_purges":1,"victory":false,"max_hp_per_floor":[82,82,82,82,82,82,82,89,89,89,89,89,89,89,89,89,89,89,89,89,89,96,96,96,96,96,96,96,96,96],"card_choices":[{"not_picked":["Barrage","FTL","Leap"],"picked":"SKIP","floor":1},{"not_picked":["ReplayTheSpireMod:GoodbyeWorld","Streamline","Sweeping Beam"],"picked":"SKIP","floor":2},{"not_picked":["Time Bomb","Go for the Eyes","Rebound"],"picked":"SKIP","floor":4},{"not_picked":["Storm","Beam Cell"],"picked":"Ball Lightning","floor":5},{"not_picked":["Darkness","FTL"],"picked":"Gash","floor":10},{"not_picked":["Rebound","Barrage","Steam"],"picked":"SKIP","floor":11},{"not_picked":["Panic Button","Hello World"],"picked":"Barrage+1","floor":13},{"not_picked":["Rebound+1","Conserve Battery","Cold Snap+1"],"picked":"SKIP","floor":14},{"not_picked":["Echo Form","Multi-Cast"],"picked":"Thunder Strike+1","floor":16},{"not_picked":["ReplayTheSpireMod:System Scan+1","ReplayGash+1","Self Repair"],"picked":"SKIP","floor":18},{"not_picked":["FIFO Queue","Cold Snap+1"],"picked":"Ball Lightning+1","floor":21},{"not_picked":["ReplayTheSpireMod:Repulse","Core Surge+1"],"picked":"Redo+1","floor":24},{"not_picked":["Cold Snap+1","Compile Driver+1","FIFO Queue+1"],"picked":"SKIP","floor":27},{"not_picked":["Cold Snap+1","Compile Driver+1"],"picked":"FIFO Queue+1","floor":27},{"not_picked":["Crystallizer","Steam+1","Cold Snap+1"],"picked":"SKIP","floor":28}],"player_experience":204476,"relics_obtained":[{"floor":9,"key":"Replay:WaspNest"},{"floor":13,"key":"Molten Egg 2"},{"floor":24,"key":"DataDisk"},{"floor":26,"key":"Chameleon Ring"},{"floor":28,"key":"Replay:Bandana"}],"event_choices":[{"damage_healed":0,"gold_gain":75,"player_choice":"Gather Gold","damage_taken":11,"max_hp_gain":0,"max_hp_loss":0,"event_name":"World of Goop","floor":3,"gold_loss":0},{"cards_removed":["Strike_B"],"damage_healed":0,"gold_gain":0,"player_choice":"Card Removal","damage_taken":0,"max_hp_gain":0,"max_hp_loss":0,"event_name":"The Cleric","floor":7,"gold_loss":50},{"damage_healed":0,"gold_gain":0,"player_choice":"Success","damage_taken":7,"relics_obtained":["Strawberry"],"max_hp_gain":0,"max_hp_loss":0,"event_name":"Scrap Ooze","floor":8,"gold_loss":0},{"damage_healed":0,"gold_gain":0,"player_choice":"Ignored","damage_taken":0,"max_hp_gain":0,"max_hp_loss":0,"event_name":"Ghosts","floor":19,"gold_loss":0},{"damage_healed":0,"gold_gain":0,"player_choice":"Opened","damage_taken":0,"relics_obtained":["Lantern"],"max_hp_gain":0,"max_hp_loss":0,"event_name":"The Mausoleum","floor":20,"gold_loss":0}],"is_beta":false,"boss_relics":[{"not_picked":["ChewingGum","Replay:Drink Me"],"picked":"SlaversCollar"}],"items_purged_floors":[22],"is_endless":false,"potions_floor_spawned":[2,5,10,11,16,18,28],"killed_by":"3 Cultists","ascension_level":2}}