{"host":"i9477i93mjcyimye","time":1609667039,"event":{"mods":["Aspiration","BaseMod","Bestiary","Colored Powertips","Downfall","Ironclad Rager","Minty Spire (QoL Compilation)","Quick Restart","Relic Stats","Replay The Spire","Spicy Shops","StSLib","The Jungle","Wandering Minibosses"],"gold_per_floor":[118,132,145,164,175,175,175],"floor_reached":6,"playtime":811,"items_purged":[],"score":42,"play_id":"962e2375-419c-414f-9184-92aabeefa08d","local_time":"20210103204359","is_ascension_mode":true,"campfire_choices":[],"circlet_count":0,"master_deck":["Survivor","Neutralize","ICR:VenomStrike","ICR:VenomStrike","ICR:VenomStrike","ICR:VenomStrike","ICR:VenomStrike","ICR:Dodge","ICR:Dodge","ICR:Dodge","ICR:Dodge","ICR:Dodge","ReplayTheSpireMod:Scrap Shanks","Noxious Fumes","ReplayTheSpireMod:Shiv Toss","Deadly Poison","After Image"],"relics":["Ring of the Snake"],"acts_visited":["Exordium"],"potions_floor_usage":[],"damage_taken":[{"damage":6,"enemies":"Jaw Worm","floor":1,"turns":4},{"damage":4,"enemies":"Small Slimes","floor":2,"turns":4},{"damage":5,"enemies":"Cultist","floor":3,"turns":5},{"damage":8,"enemies":"Exordium Thugs","floor":4,"turns":5},{"damage":6,"enemies":"2 Fungi Beasts","floor":5,"turns":3},{"damage":35,"enemies":"3 Sentries","floor":6,"turns":6}],"seed_played":"4182278307509724379","potions_obtained":[{"floor":3,"key":"Elixir"},{"floor":4,"key":"SpeedPotion"}],"is_trial":false,"path_per_floor":["M","M","M","M","M","E"],"character_chosen":"THE_SILENT","items_purchased":[],"campfire_rested":0,"item_purchase_floors":[],"current_hp_per_floor":[64,60,55,47,41,6,6],"gold":175,"neow_bonus":"SILENT_POISONER","is_daily":false,"chose_seed":false,"campfire_upgraded":0,"win_rate":0.0,"timestamp":1609667039,"path_taken":["M","M","M","M","M","E"],"items_purchased_type":[],"build_version":"2020-12-22","purchased_purges":0,"victory":false,"max_hp_per_floor":[70,70,70,70,70,70,70],"relic_stats":{"counters":[6,27],"obtain_stats":[{"Ring of the Snake":0},{"Ring of the Snake":0},{"Ring of the Snake":0}],"Ring of the Snake":[12]},"card_choices":[{"not_picked":["Quick Slash","Sneak Up"],"picked":"ReplayTheSpireMod:Scrap Shanks","floor":1},{"not_picked":["Slice","Underhanded Strike"],"picked":"Noxious Fumes","floor":2},{"not_picked":["Dagger Spray","ReplayTheSpireMod:Speed Training"],"picked":"ReplayTheSpireMod:Shiv Toss","floor":3},{"not_picked":["Expertise","Backflip"],"picked":"Deadly Poison","floor":4},{"not_picked":["Hidden Blade","Flying Knee"],"picked":"After Image","floor":5}],"player_experience":237358,"relics_obtained":[],"event_choices":[],"is_beta":false,"boss_relics":[],"items_purged_floors":[],"is_endless":false,"potions_floor_spawned":[3,4],"killed_by":"3 Sentries","ascension_level":1}}