{"host":"5xns876pdgmmwrca","time":1609699942,"event":{"mods":["2.2 Compatiblity","Arknights The Spire","BaseMod","Better Match","Downfall","Hubris","Lobotomy","Minty Spire (QoL Compilation)","Permanent Neow","Replay The Spire","StSLib"],"gold_per_floor":[116,116,21,31,45,45,45],"floor_reached":6,"playtime":442,"items_purged":[],"score":36,"play_id":"00abcb32-541f-4f7c-914c-ce7a5e69d05f","local_time":"20210104025222","is_ascension_mode":false,"campfire_choices":[],"circlet_count":0,"master_deck":["ats:Strike G","ats:Strike C","ats:Strike G","ats:Strike S","ats:Strike V","ats:Armor Crushing Shot","ats:Defend","ats:Defend","ats:Defend","ats:Defend","ats:Emotion Absorption","Porccubus","ats:Thermite Blade","Amnesia","ats:Song Of Battle","ats:Consecutive Shot Auto","Murderer","ats:Powerful Strike","MeatLantern","ats:Assault Order"],"relics":["ats:Sanity","CogitoBucket","hubris:DisguiseKit"],"acts_visited":["Exordium"],"potions_floor_usage":[],"damage_taken":[{"damage":4,"enemies":"Cultist","floor":1,"turns":4},{"damage":6,"enemies":"Jaw Worm","floor":4,"turns":3},{"damage":20,"enemies":"2 Louse","floor":5,"turns":3},{"damage":62,"enemies":"Lagavulin","floor":6,"turns":3}],"seed_played":"8410080040295666990","potions_obtained":[],"is_trial":false,"path_per_floor":["M","?","$","M","M","E"],"character_chosen":"DOCTOR_CLASS","items_purchased":["ats:Song Of Battle","ats:Consecutive Shot Auto"],"campfire_rested":0,"item_purchase_floors":[3,3],"current_hp_per_floor":[68,68,68,62,42,0,0],"gold":45,"neow_bonus":"","is_daily":false,"chose_seed":false,"campfire_upgraded":0,"win_rate":0.0,"timestamp":1609699942,"path_taken":["M","?","$","M","M","E"],"items_purchased_type":["Card","Card"],"build_version":"2020-12-22","purchased_purges":0,"victory":false,"max_hp_per_floor":[72,72,72,72,72,72,72],"card_choices":[{"not_picked":["SpiderBud","Wellcheers"],"picked":"Porccubus","floor":1},{"not_picked":["ats:Chain Hook","ats:Explosion Area Strengthen"],"picked":"ats:Thermite Blade","floor":1},{"not_picked":["SpiderBud","FairyFestival"],"picked":"Murderer","floor":4},{"not_picked":["ats:Consecutive Shot Auto","ats:Cat Scratch","ReplayTheSpireMod:Strike From Hell"],"picked":"ats:Powerful Strike","floor":4},{"not_picked":["SpiderBud","Yin"],"picked":"MeatLantern","floor":5},{"not_picked":["ats:Closed Bolt Burst Fire","ats:Calcification","Pommel Strike"],"picked":"ats:Assault Order","floor":5}],"player_experience":8679,"relics_obtained":[],"event_choices":[],"is_beta":false,"boss_relics":[],"items_purged_floors":[],"is_endless":false,"potions_floor_spawned":[],"killed_by":"Lagavulin","ascension_level":0}}