{"host":"fhq3k2nq5elnbks3","time":1609668501,"event":{"mods":["2.2 Compatiblity","AchievementEnabler","Act Like it!","AlwaysNeverKeys","Aspiration","BaseMod","Better Vampires","Better-Laid Plans","Block Reminder","CCEM","Card Filter","Colored Powertips","Displayed Cursed Tome","Ekko","Fireblade Mod","Friendly Minions","GifTheSpireLib","Gremlin Skip","HololiveMod","Jorbs\u0027s Wanderer Trilogy","Koishi","Marisa????????","Mathemortician","Minty Spire (QoL Compilation)","Pale of the Ancients","Permanent Neow","Prisma Mod","Quick Restart","Reimu??????","Relic Filter","Robot Space Explorer","Shop Mod","Spikes Relics","StSLib","SuperFastMode","The Cursed","The Gatherer","The Hierophant","The Servant 0.9.4","The Trickster","The Wild Card","TheBandit","Transform Curses","Uncapped","Unknown Chances","thorton","vexMod"],"gold_per_floor":[116,135,153,153,173,201,201,201,201],"floor_reached":8,"playtime":574,"items_purged":[],"score":58,"play_id":"421fce58-5ed9-4593-8ec3-823527e1fadb","local_time":"20210103040821","is_ascension_mode":false,"campfire_choices":[{"data":"MortAttackFang","floor":7,"key":"SMITH"}],"circlet_count":0,"master_deck":["MortAttackStrike","MortAttackStrike","MortAttackStrike","MortAttackStrike","MortSkillDefend","MortSkillDefend","MortSkillDefend","MortSkillDefend","MortAttackMaim+1","MortSkillSummonBerserker","MortAttackFang+1"],"relics":["GuardianSpirit","HerosBoard","Ginger"],"acts_visited":["Exordium"],"potions_floor_usage":[6,8],"damage_taken":[{"damage":0,"enemies":"Jaw Worm","floor":1,"turns":5},{"damage":0,"enemies":"Small Slimes","floor":2,"turns":4},{"damage":0,"enemies":"Cultist","floor":3,"turns":3},{"damage":0,"enemies":"Blue Slaver","floor":5,"turns":4},{"damage":1,"enemies":"3 Sentries","floor":6,"turns":10},{"damage":55,"enemies":"Gremlin Nob","floor":8,"turns":6}],"seed_played":"-1224756736802555697","potions_obtained":[{"floor":2,"key":"GrandPatriotsElixir:ReiMu"},{"floor":3,"key":"Dexterity Potion"},{"floor":5,"key":"SpeedPotion"}],"is_trial":false,"path_per_floor":["M","M","M","?","M","E","R","E"],"character_chosen":"MORT","items_purchased":[],"campfire_rested":0,"item_purchase_floors":[],"current_hp_per_floor":[50,50,50,50,50,49,49,0,0],"gold":201,"neow_bonus":"RANDOM_COMMON_RELIC","is_daily":false,"chose_seed":false,"campfire_upgraded":1,"win_rate":0.0,"timestamp":1609668501,"path_taken":["M","M","M","?","M","E","R","E"],"items_purchased_type":[],"build_version":"2020-12-22","purchased_purges":0,"victory":false,"max_hp_per_floor":[50,50,50,50,50,50,50,50,50],"card_choices":[{"not_picked":["MortAttackShove","MortAttackKickFlip","MortAttackGuilt"],"picked":"SKIP","floor":1},{"not_picked":["MortAttackCleave","MortSkillRally","MortAttackKickFlip"],"picked":"SKIP","floor":2},{"not_picked":["MortSkillAsh","MortAttackCrescentKick"],"picked":"MortSkillSummonBerserker","floor":3},{"not_picked":["MortPowerFaith","MortAttackCrescendo","MortAttackSideKick"],"picked":"SKIP","floor":5},{"not_picked":["MortSkillMultiheal","MortSkillExertion"],"picked":"MortAttackFang","floor":6}],"player_experience":367331,"relics_obtained":[{"floor":6,"key":"Ginger"}],"event_choices":[{"damage_healed":0,"gold_gain":0,"player_choice":"Grow","damage_taken":0,"max_hp_gain":0,"max_hp_loss":0,"event_name":"Living Wall","floor":4,"gold_loss":0,"cards_upgraded":["MortAttackMaim"]}],"is_beta":false,"boss_relics":[],"items_purged_floors":[],"is_endless":false,"potions_floor_spawned":[2,3,5],"killed_by":"Gremlin Nob","ascension_level":0}}