{"host":"ijmqth23a408ytzh","time":1609717450,"event":{"mods":["BaseMod","Curses Come First","Downfall","Minty Spire (QoL Compilation)","StSLib"],"gold_per_floor":[99,115,127,127,146,160,160,85,118,118,218,218,5,16,34,34,34,34],"floor_reached":16,"playtime":1758,"items_purged":[],"score":102,"play_id":"e7437802-c99f-465b-aeba-6c61ed1c5001","local_time":"20210103154410","is_ascension_mode":false,"campfire_choices":[{"floor":1,"key":"RECALL"},{"floor":8,"key":"REST"},{"floor":10,"key":"REST"}],"circlet_count":0,"master_deck":["Guardian:Strike_Guardian","Guardian:Strike_Guardian","Guardian:Strike_Guardian","Guardian:Strike_Guardian","Guardian:Defend_Guardian","Guardian:Defend_Guardian","Guardian:Defend_Guardian","Guardian:CurlUp","Guardian:TwinSlam","Guardian:RollAttack","Guardian:Emergency","Guardian:Gem_Green","Guardian:Gem_Green","Guardian:ChargeUp","Guardian:Clone","Guardian:Gem_Fragmented","Guardian:Gem_Fragmented","Guardian:Gem_Orange","Guardian:Planning","Guardian:Planning","Guardian:Gem_Crimson","Guardian:TimeBomb"],"relics":["Guardian:ModeShifter","Guardian:PickAxe","StrikeDummy","downfall:HeartBlessingRed","Bronze Scales","DollysMirror"],"acts_visited":["Exordium"],"potions_floor_usage":[],"damage_taken":[{"damage":0,"enemies":"Jaw Worm","floor":2,"turns":3},{"damage":1,"enemies":"2 Louse","floor":3,"turns":2},{"damage":18,"enemies":"2 Louse","floor":4,"turns":4},{"damage":9,"enemies":"Cultist","floor":5,"turns":5},{"damage":13,"enemies":"3 Louse","floor":6,"turns":3},{"damage":24,"enemies":"Lagavulin","floor":9,"turns":6},{"damage":0,"enemies":"downfall:FleeingMerchant","floor":13,"turns":4},{"damage":2,"enemies":"2 Fungi Beasts","floor":14,"turns":2},{"damage":8,"enemies":"Exordium Wildlife","floor":15,"turns":3},{"damage":39,"enemies":"downfall:Defect","floor":16,"turns":5}],"seed_played":"5545717741199194350","potions_obtained":[{"floor":2,"key":"sneckomod:MuddlingPotion"},{"floor":5,"key":"Dexterity Potion"},{"floor":14,"key":"sneckomod:MuddlingPotion"}],"is_trial":false,"path_per_floor":["R","M","M","?","M","M","T","R","E","R","?","?","$","M","M","B"],"character_chosen":"GUARDIAN","items_purchased":["Guardian:Planning","DollysMirror"],"campfire_rested":2,"item_purchase_floors":[13,13],"current_hp_per_floor":[88,88,87,39,30,17,17,43,19,45,45,45,45,43,35,0,0,0],"gold":34,"neow_bonus":"TEN_PERCENT_HP_BONUS","is_daily":false,"chose_seed":false,"campfire_upgraded":0,"win_rate":0.0,"timestamp":1609717450,"path_taken":["R","M","M","?","M","M","T","R","E","R","?","?","$","?","M","BOSS"],"items_purchased_type":["Card","Relic"],"build_version":"2020-12-22","purchased_purges":0,"victory":false,"max_hp_per_floor":[88,88,88,88,88,88,88,88,88,88,88,88,88,88,88,88,88,88],"card_choices":[{"not_picked":["Guardian:PrismaticBarrier","Guardian:Gem_Green"],"picked":"Guardian:RollAttack","floor":2},{"not_picked":["Guardian:Harden","Guardian:TemporalStrike"],"picked":"Guardian:Emergency","floor":3},{"not_picked":["Guardian:PiercingHide","Guardian:VentSteam"],"picked":"Guardian:ChargeUp","floor":5},{"not_picked":["Guardian:Gem_Green","Guardian:Emergency"],"picked":"Guardian:Clone","floor":6},{"not_picked":["Guardian:PiercingHide","Guardian:Gem_Purple"],"picked":"Guardian:Gem_Fragmented","floor":9},{"not_picked":["Guardian:ShieldCharger","Guardian:Gem_Crimson"],"picked":"Guardian:Gem_Orange","floor":13},{"not_picked":["Guardian:Gem_Lightblue","Guardian:MultiBeam"],"picked":"Guardian:Gem_Crimson","floor":14},{"not_picked":["Guardian:Repulse","Guardian:BronzeArmor"],"picked":"Guardian:TimeBomb","floor":15}],"player_experience":712308,"relics_obtained":[{"floor":7,"key":"StrikeDummy"},{"floor":9,"key":"Bronze Scales"}],"event_choices":[],"is_beta":false,"boss_relics":[],"items_purged_floors":[],"is_endless":false,"potions_floor_spawned":[2,5,14],"killed_by":"downfall:Defect","ascension_level":0}}