{"host":"8i4doyxqctgl5qb0","time":1609638750,"event":{"mods":["AchievementEnabler","BaseMod","Block Reminder","Colored Powertips","Downfall","Marisa£®ÏF”Í°°ƒß¿Ì…≥£©","Minty Spire (QoL Compilation)","Permanent Neow","Potion Indicator Mod","Rare Cards Sparkle","StSLib","SuperFastMode"],"gold_per_floor":[116,191,7,7,7,23,66,80,103,69,69,109,109,59,59,188,188,206,206,192,212,212,212],"floor_reached":22,"playtime":679,"items_purged":["Strike_B"],"score":211,"play_id":"0e4f9c04-1d28-458d-b265-31c133ef0a67","local_time":"20210103095230","is_ascension_mode":true,"campfire_choices":[{"floor":11.0,"key":"REST"},{"floor":13.0,"key":"REST"},{"floor":15.0,"key":"REST"}],"circlet_count":0,"master_deck":["Strike_B","Strike_B","Strike_B","Defend_B","Defend_B","Defend_B","Defend_B","Zap","Dualcast","expansioncontent:DashGenerateEvil","Melter","Defragment","White Noise","Injury","Turbo","Streamline","Go for the Eyes","Heatsinks","Stack","Core Surge","Sweeping Beam+1","Decay","Heatsinks+1","Hologram"],"relics":["Cracked Core","Bronze Scales","Golden Idol","Pear","Anchor","StoneCalendar","Inserter"],"acts_visited":["Exordium","TheCity"],"potions_floor_usage":[],"damage_taken":[{"damage":7.0,"enemies":"Small Slimes","floor":1.0,"turns":2.0},{"damage":7.0,"enemies":"Jaw Worm","floor":6.0,"turns":3.0},{"damage":11.0,"enemies":"Lagavulin","floor":7.0,"turns":7.0},{"damage":15.0,"enemies":"2 Louse","floor":8.0,"turns":2.0},{"damage":22.0,"enemies":"Gremlin Nob","floor":12.0,"turns":5.0},{"damage":33.0,"enemies":"The Guardian","floor":16.0,"turns":7.0},{"damage":2.0,"enemies":"Chosen","floor":18.0,"turns":4.0},{"damage":31.0,"enemies":"2 Thieves","floor":20.0,"turns":4.0},{"damage":29.0,"enemies":"Snake Plant","floor":21.0,"turns":5.0},{"damage":32,"enemies":"Snecko","floor":22,"turns":4}],"seed_played":"8561925751112734075","potions_obtained":[{"floor":1.0,"key":"AttackPotion"},{"floor":6.0,"key":"hexamod:EctoCoolerPotion"},{"floor":8.0,"key":"Block Potion"}],"is_trial":false,"path_per_floor":["M","?","$","?","?","M","E","M","T","$","R","E","R","?","R","B",null,"M","?","M","M","M"],"character_chosen":"DEFECT","items_purchased":["Defragment","White Noise","Heatsinks"],"campfire_rested":3,"item_purchase_floors":[3,3,10],"current_hp_per_floor":[61,50,50,50,50,43,42,27,27,27,50,28,51,51,74,41,78,76,76,45,16,0,0],"gold":212,"neow_bonus":"RANDOM_COLORLESS_2","is_daily":false,"chose_seed":false,"campfire_upgraded":0,"win_rate":0.0,"timestamp":1609638750,"path_taken":["M","?","$","?","?","M","E","?","T","$","R","E","R","?","R","BOSS","M","?","M","?","M"],"items_purchased_type":["Card","Card","Card"],"build_version":"2020-12-22","purchased_purges":1,"victory":false,"max_hp_per_floor":[68,68,68,68,68,68,78,78,78,78,78,78,78,78,78,78,78,78,78,78,78,78,78],"card_choices":[{"not_picked":["expansioncontent:StudyTheSpire","HandOfGreed"],"picked":"expansioncontent:DashGenerateEvil","floor":0.0},{"not_picked":["Gash","Blizzard"],"picked":"Melter","floor":1.0},{"not_picked":["Chill","Stack"],"picked":"Turbo","floor":6.0},{"not_picked":["Go for the Eyes","Turbo"],"picked":"Streamline","floor":7.0},{"not_picked":["Barrage","Doom and Gloom"],"picked":"Go for the Eyes","floor":8.0},{"not_picked":["Genetic Algorithm","FTL"],"picked":"Stack","floor":12.0},{"not_picked":["Fission","Amplify"],"picked":"Core Surge","floor":16.0},{"not_picked":["Hologram","Rebound"],"picked":"Sweeping Beam+1","floor":18.0},{"not_picked":["Redo","Rip and Tear+1"],"picked":"Heatsinks+1","floor":20.0},{"not_picked":["Coolheaded","Blizzard"],"picked":"Hologram","floor":21.0}],"player_experience":37862,"relics_obtained":[{"floor":7.0,"key":"Pear"},{"floor":9.0,"key":"Anchor"},{"floor":12.0,"key":"StoneCalendar"}],"event_choices":[{"damage_healed":0.0,"max_hp_gain":0.0,"max_hp_loss":0.0,"gold_gain":75.0,"event_name":"World of Goop","player_choice":"Gather Gold","floor":2.0,"gold_loss":0.0,"damage_taken":11.0},{"damage_healed":0.0,"max_hp_gain":0.0,"max_hp_loss":0.0,"gold_gain":0.0,"event_name":"Big Fish","player_choice":"Box","floor":4.0,"gold_loss":0.0,"damage_taken":0.0,"relics_obtained":["Bronze Scales"],"cards_obtained":["Regret"]},{"damage_healed":0.0,"max_hp_gain":0.0,"max_hp_loss":0.0,"gold_gain":0.0,"event_name":"Golden Idol","player_choice":"Take Wound","floor":5.0,"gold_loss":0.0,"damage_taken":0.0,"relics_obtained":["Golden Idol"],"cards_obtained":["Injury"]},{"cards_removed":["Regret"],"damage_healed":0.0,"max_hp_gain":0.0,"max_hp_loss":0.0,"gold_gain":0.0,"event_name":"The Cleric","player_choice":"Card Removal","floor":14.0,"gold_loss":50.0,"damage_taken":0.0},{"damage_healed":0.0,"max_hp_gain":0.0,"max_hp_loss":0.0,"gold_gain":0.0,"event_name":"Wheel of Change","player_choice":"Cursed","floor":19.0,"gold_loss":0.0,"damage_taken":0.0,"cards_obtained":["Decay"]}],"is_beta":false,"boss_relics":[{"not_picked":["Sozu","Snecko Eye"],"picked":"Inserter"}],"items_purged_floors":[3],"is_endless":false,"potions_floor_spawned":[1,6,8],"killed_by":"Snecko","ascension_level":2}}