{"host":"t9wo05e1llrbe5dt","time":1609652075,"event":{"mods":["2.2 Compatiblity","AchievementEnabler","Ascension Unlocker","BaseMod","Bestiary","Better Altar","Better Match","Better Note","Better Sensory Stone","Better Skull","Better Third Choice","Better Vampires","Better-Laid Plans","Block Reminder","Colored Map","Colored Powertips","Curses Come First","DeckTracker","Displayed Cursed Tome","Downfall","Filter the Spire","Googly Eyes","Gremlin Mod","GungeonMod","Hermit","Highlight Path","Marked Mod","Minty Spire (QoL Compilation)","Quick Restart","Random Character Button","Rare Cards Sparkle","Reorder Act Four","Reworked Bosses","Spicy Shops","StSLib","The Bug Knight","The Cursed","The Hierophant","The IronCluck","The Mystic","The Necromancer","The Runesmith","Transform Curses","Uncapped","everything is the same but u backflip on backflip","slay the spire mod where everything is the same but ironclad has a cowboy hat"],"gold_per_floor":[199,211,311,329,342,377,377,389,389,389,314,59,90,100,113,211,211,211,211,222,273,285,313,338,355,389,403,328,348,361,380,397,499,499,499,516,516,516,180,190,190,35,35,47,7,22,22,37,57,57],"floor_reached":51,"playtime":3603,"items_purged":["Pain","Shame","Regret"],"score":789,"play_id":"20b6611e-291f-4290-8e6b-f09b61543b23","local_time":"20210102233435","is_ascension_mode":true,"campfire_choices":[{"floor":1,"key":"RECALL"},{"floor":11,"key":"REST"},{"data":"Guardian:BronzeArmor","floor":18,"key":"SMITH"},{"floor":28,"key":"REST"},{"data":"Guardian:Planning","floor":35,"key":"SMITH"},{"floor":47,"key":"REST"}],"circlet_count":0,"master_deck":["Guardian:Strike_Guardian","Guardian:Strike_Guardian","Guardian:Strike_Guardian","Guardian:Strike_Guardian","Guardian:Defend_Guardian","Guardian:Defend_Guardian","Guardian:Defend_Guardian","Guardian:Defend_Guardian","Guardian:CurlUp","Guardian:TwinSlam","Guardian:Planning+1","Guardian:ChargeUp","Guardian:CrystalBeam","Guardian:Orbwalk","Guardian:Reroute","Guardian:FierceBash","Guardian:Gem_Orange","Guardian:PolyBeam","Guardian:BronzeArmor+1","Guardian:SentryBeam","Guardian:TimeSifter","Guardian:ChargeCore","Guardian:RollAttack","Guardian:ChargeCore+1","Guardian:WalkerClaw","Guardian:FloatingOrbs","Guardian:Reroute+1","Guardian:PiercingHide","Guardian:DecasProtection","Guardian:Incinerate","Guardian:AncientConstruct","Guardian:ShieldCharger+1","Guardian:Suspension+1","Guardian:SpikerProtocol+1","Writhe","Guardian:TemporalShield","Guardian:Clone+1","Guardian:TimeCapacitor+1","Guardian:Suspension","Parasite","Guardian:TimeBomb"],"relics":["Guardian:ModeShifter","Tiny Chest","DemoMod:MeltedRock","downfall:HeartBlessingRed","TungstenRod","Guardian:SackOfGems","Philosopher\u0027s Stone","DemoMod:ChaffGrenade","Centennial Puzzle","DemoMod:JetPack","downfall:HeartBlessingBlue","Cursed Key","Runesmith:Nanobots","InkBottle","Frozen Egg 2","Eternal Feather"],"acts_visited":["Exordium","TheCity","TheBeyond"],"potions_floor_usage":[12,16,23,26,33,33,42,42,48],"damage_taken":[{"damage":3,"enemies":"Small Slimes","floor":2,"turns":4},{"damage":1,"enemies":"Cultist","floor":4,"turns":4},{"damage":0,"enemies":"2 Louse","floor":5,"turns":2},{"damage":33,"enemies":"Lagavulin","floor":6,"turns":9},{"damage":8,"enemies":"Exordium Wildlife","floor":8,"turns":6},{"damage":6,"enemies":"downfall:FleeingMerchant","floor":12,"turns":4},{"damage":22,"enemies":"3 Sentries","floor":13,"turns":6},{"damage":3,"enemies":"Gremlin Gang","floor":14,"turns":3},{"damage":0,"enemies":"2 Fungi Beasts","floor":15,"turns":2},{"damage":16,"enemies":"downfall:Watcher","floor":16,"turns":8},{"damage":0,"enemies":"Chosen","floor":19,"turns":1},{"damage":0,"enemies":"3 Byrds","floor":20,"turns":4},{"damage":5,"enemies":"Centurion and Healer","floor":22,"turns":6},{"damage":22,"enemies":"Gremlin Leader","floor":23,"turns":6},{"damage":20,"enemies":"Cultist and Chosen","floor":25,"turns":6},{"damage":0,"enemies":"Book of Stabbing","floor":26,"turns":5},{"damage":21,"enemies":"Snake Plant","floor":27,"turns":4},{"damage":24,"enemies":"Sentry and Sphere","floor":29,"turns":4},{"damage":13,"enemies":"Shelled Parasite and Fungi","floor":30,"turns":3},{"damage":5,"enemies":"Snake Plant","floor":31,"turns":4},{"damage":0,"enemies":"Centurion and Healer","floor":32,"turns":6},{"damage":4,"enemies":"downfall:Defect","floor":33,"turns":6},{"damage":20,"enemies":"3 Darklings","floor":36,"turns":5},{"damage":9,"enemies":"downfall:FleeingMerchant","floor":39,"turns":4},{"damage":31,"enemies":"Maw","floor":40,"turns":7},{"damage":0,"enemies":"downfall:FleeingMerchant","floor":42,"turns":4},{"damage":17,"enemies":"4 Shapes","floor":44,"turns":3},{"damage":0,"enemies":"downfall:FleeingMerchant","floor":45,"turns":1},{"damage":10,"enemies":"Sphere and 2 Shapes","floor":46,"turns":4},{"damage":8,"enemies":"3 Darklings","floor":48,"turns":3},{"damage":17,"enemies":"Writhing Mass","floor":49,"turns":5},{"damage":24,"enemies":"downfall:Silent","floor":50,"turns":11}],"seed_played":"2014303544928368246","potions_obtained":[{"floor":5,"key":"FearPotion"},{"floor":6,"key":"SmokeBomb"},{"floor":10,"key":"AttackPotion"},{"floor":10,"key":"EssenceOfSteel"},{"floor":16,"key":"Weak Potion"},{"floor":22,"key":"DemoMod:LeadSkinPotion"},{"floor":27,"key":"Weak Potion"},{"floor":30,"key":"LiquidMemories"},{"floor":33,"key":"LiquidMemories"},{"floor":36,"key":"DemoMod:LeadSkinPotion"},{"floor":46,"key":"SneckoOil"},{"floor":49,"key":"SteroidPotion"}],"is_trial":false,"path_per_floor":["R","M","?","M","M","E","T","M","?","?","R","$","E","M","M","B",null,"R","M","M","T","M","E","T","M","E","M","R","M","M","M","M","B",null,"R","M","?","?","$","M","T","$","T","M","$","M","R","M","M","B",null],"character_chosen":"GUARDIAN","items_purchased":["Guardian:FierceBash","TungstenRod","Runesmith:Nanobots","Guardian:Gem_White","Guardian:Gem_Crimson","Guardian:TimeCapacitor+1","Eternal Feather"],"campfire_rested":3,"item_purchase_floors":[12,12,39,42,45,45,45],"current_hp_per_floor":[80,77,77,76,76,43,43,35,35,35,59,53,31,28,28,12,80,80,80,80,80,75,53,53,33,33,12,49,25,12,7,7,3,90,90,70,83,83,74,43,43,43,43,26,26,16,70,62,45,21],"gold":57,"neow_bonus":"HUNDRED_GOLD","is_daily":false,"chose_seed":false,"campfire_upgraded":2,"win_rate":0.0,"timestamp":1609652075,"path_taken":["R","M","?","?","M","E","T","M","?","?","R","$","E","M","M","BOSS","R","M","?","?","M","E","T","M","E","M","R","M","M","M","M","BOSS","R","M","?","?","?","M","T","$","?","M","$","M","R","?","M","BOSS"],"items_purchased_type":["Card","Relic","Relic","Card","Card","Card","Relic"],"build_version":"2020-12-22","purchased_purges":3,"victory":true,"max_hp_per_floor":[80,80,80,80,80,80,80,80,80,80,80,80,80,80,80,80,80,80,80,80,80,80,80,80,80,80,80,90,90,90,90,90,90,90,90,90,103,103,103,103,103,103,103,103,103,103,103,103,103,103],"card_choices":[{"not_picked":["Guardian:ShieldCharger","Guardian:PrismaticBarrier"],"picked":"Guardian:Planning","floor":2},{"not_picked":["Guardian:CrystalBeam","Guardian:Gem_Cyan"],"picked":"Guardian:Gem_Lightblue","floor":4},{"not_picked":["Guardian:Planning","Guardian:ExploitGems"],"picked":"Guardian:ChargeUp","floor":5},{"not_picked":["Guardian:ArmoredProtocol","Guardian:Planning"],"picked":"Guardian:CrystalBeam","floor":6},{"not_picked":["Guardian:Repulse","Guardian:Incinerate"],"picked":"Guardian:Orbwalk","floor":8},{"not_picked":["Guardian:Gem_Cyan","Guardian:ShieldCharger"],"picked":"Guardian:Reroute","floor":12},{"not_picked":["Guardian:ShieldCharger","Guardian:Emergency"],"picked":"Guardian:PolyBeam","floor":13},{"not_picked":["Guardian:Preprogram","Guardian:ShieldCharger"],"picked":"Guardian:BronzeArmor","floor":14},{"not_picked":["Guardian:Suspension","Guardian:ChargeUp"],"picked":"Guardian:SentryBeam","floor":15},{"not_picked":["Guardian:ConstructionForm","Guardian:StasisField"],"picked":"Guardian:TimeSifter","floor":16},{"not_picked":["Guardian:Gem_Red","Guardian:Gem_Purple"],"picked":"Guardian:ChargeCore","floor":19},{"not_picked":["Guardian:Suspension","Guardian:Gem_Cyan"],"picked":"Guardian:Gem_Green","floor":20},{"not_picked":["Guardian:CrystalBeam","Guardian:PiercingHide"],"picked":"Guardian:RollAttack","floor":22},{"not_picked":["Guardian:RollAttack","Guardian:WalkerClaw"],"picked":"Guardian:ChargeCore+1","floor":23},{"not_picked":["Guardian:Recover","Guardian:PrimingBeam"],"picked":"Guardian:Gem_Blue","floor":25},{"not_picked":["Guardian:Gem_Cyan","Guardian:Emergency"],"picked":"Guardian:WalkerClaw","floor":26},{"not_picked":["Guardian:Gem_Purple","Guardian:Gem_Red"],"picked":"Guardian:FloatingOrbs","floor":27},{"not_picked":["Guardian:WalkerClaw+1","Guardian:PrimingBeam"],"picked":"Guardian:Reroute+1","floor":29},{"not_picked":["Guardian:Gem_Cyan","Guardian:Gem_Blue"],"picked":"Guardian:PiercingHide","floor":30},{"not_picked":["Guardian:BronzeOrb+1","Guardian:Incinerate"],"picked":"Guardian:DecasProtection","floor":31},{"not_picked":["Guardian:Gem_Red","Guardian:Recover"],"picked":"Guardian:Incinerate","floor":32},{"not_picked":["Guardian:GatlingBeam","Guardian:StasisStrike"],"picked":"Guardian:AncientConstruct","floor":33},{"not_picked":["Guardian:TemporalShield","Guardian:VentSteam+1"],"picked":"Guardian:ShieldCharger+1","floor":36},{"not_picked":["Guardian:Incinerate","Guardian:Gem_Red"],"picked":"Guardian:Suspension+1","floor":39},{"not_picked":["Guardian:Repulse+1","Guardian:SentryBeam"],"picked":"Guardian:SpikerProtocol+1","floor":40},{"not_picked":["Guardian:Gem_Green","Guardian:Suspension"],"picked":"Guardian:Gem_Red","floor":42},{"not_picked":["Guardian:Gem_Red","Guardian:SentryBeam"],"picked":"Guardian:TemporalShield","floor":44},{"not_picked":["Guardian:SentryBeam","Guardian:Preprogram"],"picked":"Guardian:Clone+1","floor":45},{"not_picked":["Guardian:Harden","Guardian:PrimingBeam+1","Guardian:Reroute"],"picked":"SKIP","floor":46},{"not_picked":["Guardian:PolyBeam","Guardian:PrimingBeam+1"],"picked":"Guardian:Suspension","floor":48},{"not_picked":["Guardian:Harden+1","Guardian:Gem_Crimson"],"picked":"Guardian:TimeBomb","floor":49}],"player_experience":159467,"relics_obtained":[{"floor":6,"key":"Tiny Chest"},{"floor":7,"key":"DemoMod:MeltedRock"},{"floor":13,"key":"Guardian:SackOfGems"},{"floor":23,"key":"DemoMod:ChaffGrenade"},{"floor":24,"key":"Centennial Puzzle"},{"floor":26,"key":"DemoMod:JetPack"},{"floor":41,"key":"InkBottle"},{"floor":43,"key":"Frozen Egg 2"}],"event_choices":[{"damage_healed":0,"gold_gain":0,"player_choice":"Got Potions","damage_taken":0,"max_hp_gain":0,"max_hp_loss":0,"event_name":"Lab","floor":10,"gold_loss":0},{"damage_healed":0,"gold_gain":0,"player_choice":"Ignored","damage_taken":0,"max_hp_gain":0,"max_hp_loss":0,"event_name":"Falling","floor":38,"gold_loss":0}],"is_beta":false,"boss_relics":[{"not_picked":["Runic Dome","Guardian:StasisSlotReductionRelic"],"picked":"Philosopher\u0027s Stone"},{"not_picked":["Tiny House","Coffee Dripper"],"picked":"Cursed Key"}],"items_purged_floors":[39,42,45],"is_endless":false,"potions_floor_spawned":[5,6,13,15,16,20,22,27,30,33,36,40,46,49],"ascension_level":1}}