{"host":"wha9hktbkslqvblg","time":1609657593,"event":{"mods":["BaseMod","Colored Map","Minty Spire (QoL Compilation)","Relic Stats","SuperFastMode","everything is the same but u backflip on backflip"],"gold_per_floor":[114,126,142,142,161,161,236,236,261,295,124,149,149,6,6,83,83,97,129,129,4,4,33,45,55,55,80,80,96,108,127,127,230,230,301,356,42,122,171,171,233,233,233,292,292,325,370,431,431,461,461,461,461,26,58,58],"floor_reached":57,"playtime":2048,"items_purged":["Defend_P","Strike_P","Vigilance","CrushJoints+1"],"score":3661,"play_id":"45e0150d-d184-44ef-b90d-7ebe7d3dca9e","local_time":"20210103160633","is_ascension_mode":true,"campfire_choices":[{"data":"Eruption","floor":6.0,"key":"SMITH"},{"data":"Adaptation","floor":8.0,"key":"SMITH"},{"data":"CrushJoints","floor":13.0,"key":"SMITH"},{"data":"MentalFortress","floor":15.0,"key":"SMITH"},{"data":"Wish","floor":32.0,"key":"SMITH"},{"data":"Tantrum","floor":40.0,"key":"SMITH"},{"data":"Omniscience","floor":42.0,"key":"SMITH"},{"floor":49.0,"key":"RECALL"},{"data":"InnerPeace","floor":53,"key":"SMITH"}],"circlet_count":0,"master_deck":["AscendersBane","Eruption+1","Adaptation+1","Flash of Steel","MentalFortress+1","InnerPeace+1","FearNoEvil+1","Wish+1","Omniscience+1","Tantrum"],"relics":["PureWater","NeowsBlessing","Regal Pillow","Strawberry","Incense Burner","Pandora\u0027s Box","Red Mask","Orichalcum","Blood Vial","Sozu","CaptainsWheel","Medical Kit","Bottled Flame","Darkstone Periapt","Toxic Egg 2","Sundial","Nunchaku","HornCleat","Happy Flower","Damaru"],"acts_visited":["Exordium","TheCity","TheBeyond","TheEnding"],"potions_floor_usage":[51,56],"damage_taken":[{"damage":0.0,"enemies":"Cultist","floor":1.0,"turns":1.0},{"damage":0.0,"enemies":"Jaw Worm","floor":2.0,"turns":1.0},{"damage":0.0,"enemies":"Small Slimes","floor":3.0,"turns":1.0},{"damage":15.0,"enemies":"Exordium Wildlife","floor":5.0,"turns":4.0},{"damage":12.0,"enemies":"Lagavulin","floor":10.0,"turns":4.0},{"damage":9.0,"enemies":"3 Sentries","floor":12.0,"turns":7.0},{"damage":18.0,"enemies":"Hexaghost","floor":16.0,"turns":9.0},{"damage":0.0,"enemies":"Chosen","floor":18.0,"turns":5.0},{"damage":0.0,"enemies":"Masked Bandits","floor":19.0,"turns":1.0},{"damage":4.0,"enemies":"Book of Stabbing","floor":23.0,"turns":2.0},{"damage":0.0,"enemies":"2 Thieves","floor":24.0,"turns":2.0},{"damage":0.0,"enemies":"Cultist and Chosen","floor":25.0,"turns":2.0},{"damage":0.0,"enemies":"Gremlin Leader","floor":27.0,"turns":2.0},{"damage":0.0,"enemies":"Centurion and Healer","floor":29.0,"turns":2.0},{"damage":0.0,"enemies":"Sentry and Sphere","floor":30.0,"turns":3.0},{"damage":0.0,"enemies":"3 Cultists","floor":31.0,"turns":2.0},{"damage":0.0,"enemies":"Collector","floor":33.0,"turns":4.0},{"damage":2.0,"enemies":"Orb Walker","floor":35.0,"turns":2.0},{"damage":24.0,"enemies":"Mind Bloom Boss Battle","floor":36.0,"turns":3.0},{"damage":9.0,"enemies":"3 Darklings","floor":38.0,"turns":2.0},{"damage":0.0,"enemies":"Sphere and 2 Shapes","floor":39.0,"turns":2.0},{"damage":0.0,"enemies":"Reptomancer","floor":41.0,"turns":2.0},{"damage":0.0,"enemies":"Nemesis","floor":44.0,"turns":3.0},{"damage":0.0,"enemies":"Giant Head","floor":46.0,"turns":1.0},{"damage":0.0,"enemies":"4 Shapes","floor":47.0,"turns":1.0},{"damage":0.0,"enemies":"Nemesis","floor":48.0,"turns":3.0},{"damage":0.0,"enemies":"Awakened One","floor":50.0,"turns":3.0},{"damage":0,"enemies":"Time Eater","floor":51,"turns":7},{"damage":0,"enemies":"Shield and Spear","floor":55,"turns":1},{"damage":20,"enemies":"The Heart","floor":56,"turns":6}],"seed_played":"8498987755259080396","potions_obtained":[{"floor":2.0,"key":"Ancient Potion"},{"floor":3.0,"key":"Swift Potion"},{"floor":5.0,"key":"DuplicationPotion"},{"floor":23.0,"key":"FearPotion"},{"floor":24.0,"key":"SpeedPotion"},{"floor":27.0,"key":"EntropicBrew"},{"floor":29.0,"key":"Fire Potion"}],"is_trial":false,"path_per_floor":["M","M","M","?","M","R","?","R","T","E","$","E","R","$","R","B",null,"M","?","?","$","$","E","M","M","T","E","?","M","M","M","R","B",null,"M","?","$","M","M","R","E","R","T","E","?","E","M","E","R","B","B",null,"R","$","E","B",null],"character_chosen":"WATCHER","items_purchased":["Flash of Steel","MentalFortress","Medical Kit","HornCleat","Happy Flower"],"campfire_rested":0,"item_purchase_floors":[11,14,37,54,54],"current_hp_per_floor":[61,61,61,61,46,46,35,35,35,30,30,21,21,21,21,3,57,57,57,57,57,57,53,53,53,53,53,53,55,57,59,59,61,72,72,50,50,43,45,45,47,47,47,49,49,51,53,55,55,57,59,71,71,71,73,55],"gold":58,"neow_bonus":"THREE_ENEMY_KILL","is_daily":false,"chose_seed":false,"campfire_upgraded":8,"win_rate":0.0,"timestamp":1609657593,"path_taken":["M","M","M","?","?","R","?","R","T","E","$","E","R","$","R","BOSS","M","?","?","?","$","E","M","M","T","E","?","?","M","M","R","BOSS","M","?","$","M","M","R","E","R","T","E","?","E","?","E","R","BOSS","BOSS","R","$","E","BOSS"],"items_purchased_type":["Card","Card","Relic","Relic","Relic"],"build_version":"2020-12-22","purchased_purges":4,"victory":true,"max_hp_per_floor":[68,68,68,68,68,68,68,68,68,75,75,75,75,75,75,75,75,75,75,75,75,75,75,75,75,75,75,75,75,75,75,75,75,75,75,75,75,75,75,75,75,75,75,75,75,75,75,75,75,75,75,75,75,75,75,75],"relic_stats":{"Blood Vial":34,"Sozu":3,"Darkstone Periapt":0,"Regal Pillow":0,"Nunchaku":[14],"Happy Flower":[2],"counters":[30,88],"Sundial":[92],"Pandora\u0027s Box":["Alpha","ForeignInfluence","MasterReality","Prostrate","LessonLearned","Judgement"],"Orichalcum":[42],"Medical Kit":[15],"obtain_stats":[{"Darkstone Periapt":43,"Regal Pillow":9,"NeowsBlessing":0,"Happy Flower":54,"Damaru":55,"Incense Burner":12,"Orichalcum":23,"Medical Kit":37,"Blood Vial":27,"Sozu":34,"CaptainsWheel":36,"Bottled Flame":41,"Nunchaku":48,"HornCleat":54,"Sundial":46,"Strawberry":10,"Pandora\u0027s Box":17,"Red Mask":19,"PureWater":0,"Toxic Egg 2":44},{"Darkstone Periapt":22,"Regal Pillow":4,"NeowsBlessing":0,"Happy Flower":28,"Damaru":29,"Incense Burner":6,"Orichalcum":10,"Medical Kit":19,"Blood Vial":13,"Sozu":17,"CaptainsWheel":19,"Bottled Flame":22,"Nunchaku":26,"HornCleat":28,"Sundial":24,"Strawberry":5,"Pandora\u0027s Box":7,"Red Mask":9,"PureWater":0,"Toxic Egg 2":23},{"Darkstone Periapt":63,"Regal Pillow":7,"NeowsBlessing":0,"Happy Flower":81,"Damaru":82,"Incense Burner":18,"Orichalcum":35,"Medical Kit":57,"Blood Vial":41,"Sozu":52,"CaptainsWheel":57,"Bottled Flame":63,"Nunchaku":71,"HornCleat":81,"Sundial":67,"Strawberry":11,"Pandora\u0027s Box":27,"Red Mask":33,"PureWater":0,"Toxic Egg 2":66}]},"card_choices":[{"not_picked":["Evaluate","BowlingBash"],"picked":"Adaptation","floor":1.0},{"not_picked":["ThirdEye","Establishment"],"picked":"CrushJoints","floor":2.0},{"not_picked":["ThirdEye","Consecrate","PathToVictory"],"picked":"SKIP","floor":3.0},{"not_picked":["CrushJoints","PathToVictory","BowlingBash"],"picked":"SKIP","floor":5.0},{"not_picked":["DevaForm","ThirdEye","FollowUp"],"picked":"SKIP","floor":10.0},{"not_picked":["EmptyBody","Vengeance","FollowUp"],"picked":"SKIP","floor":12.0},{"not_picked":["Indignation+1","ClearTheMind"],"picked":"InnerPeace","floor":18.0},{"not_picked":["Perseverance","ClearTheMind","Prostrate+1"],"picked":"SKIP","floor":23.0},{"not_picked":["Protect","WreathOfFlame"],"picked":"FearNoEvil+1","floor":24.0},{"not_picked":["Consecrate+1","Judgement","Prostrate"],"picked":"SKIP","floor":25.0},{"not_picked":["FlyingSleeves","Protect+1","SashWhip"],"picked":"SKIP","floor":27.0},{"not_picked":["JustLucky","Evaluate","ThirdEye"],"picked":"SKIP","floor":29.0},{"not_picked":["Halt","EmptyBody","Consecrate"],"picked":"SKIP","floor":30.0},{"not_picked":["FollowUp","ThirdEye"],"picked":"Wish","floor":31.0},{"not_picked":["Brilliance","LessonLearned"],"picked":"Omniscience","floor":33.0},{"not_picked":["EmptyMind+1","WindmillStrike+1","ReachHeaven"],"picked":"SKIP","floor":35.0},{"not_picked":["Prostrate","TalkToTheHand","EmptyBody"],"picked":"SKIP","floor":38.0},{"not_picked":["PathToVictory+1","Nirvana+1","FlyingSleeves"],"picked":"SKIP","floor":39.0},{"not_picked":["EmptyFist","CrushJoints","BowlingBash"],"picked":"SKIP","floor":41.0},{"not_picked":["CutThroughFate","ThirdEye+1","CrushJoints"],"picked":"SKIP","floor":44.0},{"not_picked":["Protect+1","WaveOfTheHand+1","Blasphemy+1"],"picked":"SKIP","floor":46.0},{"not_picked":["Protect+1","WaveOfTheHand+1","Blasphemy+1"],"picked":"SKIP","floor":46.0},{"not_picked":["CrushJoints","PathToVictory+1","EmptyFist"],"picked":"SKIP","floor":47.0},{"not_picked":["ClearTheMind+1","FollowUp"],"picked":"Tantrum","floor":48.0},{"not_picked":["Adaptation","Wallop","BowlingBash"],"picked":"SKIP","floor":55}],"player_experience":927437,"relics_obtained":[{"floor":9.0,"key":"Regal Pillow"},{"floor":10.0,"key":"Strawberry"},{"floor":12.0,"key":"Incense Burner"},{"floor":19.0,"key":"Red Mask"},{"floor":23.0,"key":"Orichalcum"},{"floor":27.0,"key":"Blood Vial"},{"floor":36.0,"key":"CaptainsWheel"},{"floor":41.0,"key":"Bottled Flame"},{"floor":43.0,"key":"Darkstone Periapt"},{"floor":44.0,"key":"Toxic Egg 2"},{"floor":46.0,"key":"Sundial"},{"floor":48.0,"key":"Nunchaku"},{"floor":55,"key":"Damaru"}],"event_choices":[{"damage_healed":0.0,"max_hp_gain":0.0,"max_hp_loss":0.0,"gold_gain":0.0,"event_name":"Match and Keep!","player_choice":"0 cards matched","floor":4.0,"gold_loss":0.0,"damage_taken":0.0,"cards_obtained":[]},{"damage_healed":0.0,"max_hp_gain":0.0,"max_hp_loss":0.0,"gold_gain":75.0,"event_name":"World of Goop","player_choice":"Gather Gold","floor":7.0,"gold_loss":0.0,"damage_taken":11.0},{"damage_healed":0.0,"max_hp_gain":0.0,"max_hp_loss":0.0,"gold_gain":0.0,"event_name":"Masked Bandits","player_choice":"Fought Bandits","floor":19.0,"gold_loss":0.0,"damage_taken":0.0},{"damage_healed":0.0,"max_hp_gain":0.0,"max_hp_loss":0.0,"gold_gain":0.0,"event_name":"The Library","player_choice":"Read","floor":20.0,"gold_loss":0.0,"damage_taken":0.0,"cards_obtained":["Tantrum"]},{"damage_healed":0.0,"max_hp_gain":0.0,"max_hp_loss":0.0,"gold_gain":0.0,"event_name":"MindBloom","player_choice":"Fight","floor":36.0,"gold_loss":0.0,"damage_taken":0.0},{"cards_removed":["Tantrum"],"damage_healed":0.0,"max_hp_gain":0.0,"max_hp_loss":0.0,"gold_gain":0.0,"event_name":"Falling","player_choice":"Removed Attack","floor":45.0,"gold_loss":0.0,"damage_taken":0.0}],"is_beta":false,"boss_relics":[{"not_picked":["VioletLotus","Black Star"],"picked":"Pandora\u0027s Box"},{"not_picked":["Runic Pyramid","Astrolabe"],"picked":"Sozu"}],"items_purged_floors":[11,14,21,37],"is_endless":false,"potions_floor_spawned":[2,3,5,23,24,27,29,30,33,36,44,46],"ascension_level":20}}