{"host":"baymyijz6sxaqj5s","time":1609663422,"event":{"mods":["AchievementEnabler","BaseMod","Colored Map","Colored Powertips","DeckTracker","Highlight Path","KOR Keyword Fix","Keyboard Shortcuts","Minty Spire (QoL Compilation)","Quick Restart","StSLib","SuperFastMode"],"gold_per_floor":[118,132,82,82,100,100,118,118,418,418,437,437,452,469,469,574,574,587,587,502,91,91,91,119,136,136,136,150,170,189,189,189],"floor_reached":31,"playtime":825,"items_purged":["Strike_G"],"score":286,"play_id":"90f0f6e0-df45-418c-884c-260b6d79d997","local_time":"20210103174342","is_ascension_mode":true,"campfire_choices":[{"data":"Survivor","floor":6,"key":"SMITH"},{"data":"Catalyst","floor":8,"key":"SMITH"},{"data":"Poisoned Stab","floor":10,"key":"SMITH"},{"floor":15,"key":"REST"},{"data":"Tactician","floor":23,"key":"SMITH"},{"floor":27,"key":"REST"}],"circlet_count":0,"master_deck":["Strike_G+1","Strike_G","Strike_G","Defend_G","Defend_G","Defend_G+1","Defend_G","Defend_G","Survivor+1","Neutralize","Catalyst+1","Poisoned Stab+1","Outmaneuver","Noxious Fumes","A Thousand Cuts","Tactician+1","Noxious Fumes","Backflip+1","Corpse Explosion","Deadly Poison"],"relics":["Ring of the Serpent","Ninja Scroll","Old Coin","Enchiridion","Oddly Smooth Stone","Ice Cream","Tingsha","Omamori"],"acts_visited":["Exordium","TheCity"],"potions_floor_usage":[16,24,29,30,30,30,31],"damage_taken":[{"damage":0,"enemies":"2 Louse","floor":1,"turns":3},{"damage":2,"enemies":"Jaw Worm","floor":2,"turns":6},{"damage":0,"enemies":"Small Slimes","floor":5,"turns":3},{"damage":1,"enemies":"Looter","floor":7,"turns":4},{"damage":4,"enemies":"2 Fungi Beasts","floor":11,"turns":3},{"damage":1,"enemies":"Large Slime","floor":13,"turns":5},{"damage":0,"enemies":"Gremlin Gang","floor":14,"turns":5},{"damage":17,"enemies":"The Guardian","floor":16,"turns":7},{"damage":4,"enemies":"Shell Parasite","floor":18,"turns":8},{"damage":28,"enemies":"Book of Stabbing","floor":24,"turns":5},{"damage":6,"enemies":"3 Byrds","floor":25,"turns":5},{"damage":22,"enemies":"Centurion and Healer","floor":28,"turns":6},{"damage":12,"enemies":"3 Cultists","floor":29,"turns":5},{"damage":10,"enemies":"Snecko","floor":30,"turns":4},{"damage":6,"enemies":"Centurion and Healer","floor":31,"turns":1}],"seed_played":"-5043751057568922917","potions_obtained":[{"floor":2,"key":"DistilledChaos"},{"floor":13,"key":"DuplicationPotion"},{"floor":28,"key":"Explosive Potion"},{"floor":29,"key":"EntropicBrew"}],"is_trial":false,"path_per_floor":["M","M","?","T","M","R","M","R","T","R","M","?","M","M","R","B",null,"M","?","?","$","?","R","E","M","T","R","M","M","M","M"],"character_chosen":"THE_SILENT","items_purchased":["Tactician","Ice Cream"],"campfire_rested":2,"item_purchase_floors":[21,21],"current_hp_per_floor":[77,75,75,75,75,75,74,74,74,74,70,55,54,54,77,60,77,73,57,57,57,57,57,29,23,23,46,24,12,2,0,0],"gold":189,"neow_bonus":"TEN_PERCENT_HP_BONUS","is_daily":false,"chose_seed":false,"campfire_upgraded":4,"win_rate":0.0,"timestamp":1609663422,"path_taken":["M","M","?","?","M","R","M","R","T","R","M","?","M","M","R","BOSS","M","?","?","$","?","R","E","M","T","R","M","M","M","M"],"items_purchased_type":["Card","Relic"],"build_version":"2020-12-22","purchased_purges":1,"victory":false,"max_hp_per_floor":[77,77,77,77,77,77,77,77,77,77,77,77,77,77,77,77,77,77,77,77,77,77,77,77,77,77,77,77,77,77,77,77],"card_choices":[{"not_picked":["Blade Dance","Underhanded Strike","Dagger Spray"],"picked":"SKIP","floor":1},{"not_picked":["Underhanded Strike","Finisher","Dagger Throw"],"picked":"SKIP","floor":2},{"not_picked":["Blade Dance","Flying Knee"],"picked":"Catalyst","floor":5},{"not_picked":["Deflect","Flechettes"],"picked":"Poisoned Stab","floor":7},{"not_picked":["Bane","Blade Dance"],"picked":"Outmaneuver","floor":11},{"not_picked":["Cloak And Dagger","Prepared"],"picked":"Noxious Fumes","floor":13},{"not_picked":["Dodge and Roll","Quick Slash"],"picked":"A Thousand Cuts","floor":14},{"not_picked":["Dagger Spray","Acrobatics","Skewer+1"],"picked":"SKIP","floor":18},{"not_picked":["Prepared+1","Quick Slash"],"picked":"Noxious Fumes","floor":24},{"not_picked":["Flying Knee","Concentrate","Flechettes"],"picked":"SKIP","floor":25},{"not_picked":["Flying Knee","Blade Dance"],"picked":"Backflip+1","floor":28},{"not_picked":["Acrobatics","Skewer"],"picked":"Corpse Explosion","floor":29},{"not_picked":["Underhanded Strike","Flying Knee"],"picked":"Deadly Poison","floor":30}],"player_experience":307367,"relics_obtained":[{"floor":4,"key":"Ninja Scroll"},{"floor":9,"key":"Old Coin"},{"floor":19,"key":"Enchiridion"},{"floor":24,"key":"Tingsha"},{"floor":26,"key":"Omamori"}],"event_choices":[{"cards_removed":["Strike_G"],"damage_healed":0,"gold_gain":0,"player_choice":"Card Removal","damage_taken":0,"max_hp_gain":0,"max_hp_loss":0,"event_name":"The Cleric","floor":3,"gold_loss":50},{"damage_healed":0,"gold_gain":0,"player_choice":"Entered Light","damage_taken":15,"max_hp_gain":0,"max_hp_loss":0,"event_name":"Shining Light","floor":12,"gold_loss":0,"cards_upgraded":["Defend_G","Strike_G"]},{"damage_healed":0,"gold_gain":0,"player_choice":"Obtained Book","damage_taken":16,"max_hp_gain":0,"max_hp_loss":0,"event_name":"Cursed Tome","floor":19,"gold_loss":0},{"damage_healed":0,"gold_gain":0,"player_choice":"Obtained Relic","damage_taken":0,"relics_obtained":["Oddly Smooth Stone"],"max_hp_gain":0,"max_hp_loss":0,"event_name":"Addict","floor":20,"gold_loss":85},{"damage_healed":0,"gold_gain":0,"player_choice":"Ignored","damage_taken":0,"max_hp_gain":0,"max_hp_loss":0,"event_name":"The Mausoleum","floor":22,"gold_loss":0}],"is_beta":false,"boss_relics":[{"not_picked":["Pandora\u0027s Box","Ectoplasm"],"picked":"Ring of the Serpent"}],"items_purged_floors":[21],"is_endless":false,"potions_floor_spawned":[2,13,28,29],"killed_by":"Centurion and Healer","ascension_level":3}}