{"host":"p742ht8mn9fxu2jl","time":1609676907,"event":{"mods":["Arknights The Spire","BaseMod","Colored Powertips","Hermit","Minty Spire (QoL Compilation)","StSLib","Td1madao Mod","The Bug Knight","The Cursed","The Dragon Tamer","The Hierophant","The Runesmith"],"gold_per_floor":[111,126,2999521,2999471,2998536,2998556,2998567,2998567,2998593,2998614,2998614,2998614,2998624,2997966,2997966,2998069,2998069,2998080,2998093,2998108,2997791,2997808,2997837,2997837,2997401,2997426,2997453,2997479,2997491,2997521,2997549,2997561,2997675,2997687,2997718,2997385,2997385,2997435,2997455,2997473,2997487,2997502,2997502,2997537,2997017,2997017,2997017,2997031,2997031,2997031],"floor_reached":51,"playtime":4829,"items_purged":["ats:Defend","ats:Strike C","ats:Defend","ats:Strike G","ats:Strike V","ats:Defend","ats:Strike S"],"score":743,"play_id":"b66470cc-980e-48bd-85a0-92f6ad34fa24","local_time":"20210103212827","is_ascension_mode":false,"campfire_choices":[{"data":"ats:Emotion Absorption","floor":8,"key":"SMITH"},{"data":"ats:Flexible Camouflage","floor":11,"key":"SMITH"},{"data":"ats:Ignite","floor":15,"key":"SMITH"},{"floor":32,"key":"REST"},{"data":"ats:Dogmatic Field","floor":49,"key":"SMITH"}],"circlet_count":0,"master_deck":["ats:Emotion Absorption+1","ats:Ignite","ats:Poison Spread","ats:Consecutive Shot Auto","ats:Explosion Area Strengthen","ats:Apocalypse","ats:Automatic Cover","ats:Blood Oath","ats:Ignite+1","ats:Ignite","ats:Flexible Camouflage+1","ats:Shadow Assault","ats:Powerful Strike","ats:Blood Oath","ats:Poison Spread+1","ats:Overload","ats:Cat Scratch+1","ats:Shell Defense","ats:Charging Defense","ats:Neurotoxin","ats:Powerful Strike","ats:Shell Defense","ats:Ambush","ats:Hook Shot+1","Master of Strategy+1","ats:Charging Defense+1","ats:Neurotoxin+1","ats:Demon Strength","ats:Hammer On+1","ats:Thermite Blade+1","ats:Closed Bolt Burst Fire+1","ats:Beaten Up+1","ats:Dogmatic Field+1","Enlightenment","ats:Overload","ats:Curse Doll+1"],"relics":["ats:Sanity","NeowsBlessing","Mummified Hand","Strawberry","Eternal Feather","Pocketwatch","ats:Snipe","Orichalcum","Odd Mushroom","Centennial Puzzle","Shuriken","Membership Card","Sozu","Question Card","Art of War","ats:Originium","Omamori","Boot","ats:Rhine Circuitry","ats:Assault","MawBank","Astrolabe","Blood Vial","ats:Spiritual Recovery","OrangePellets","Gambling Chip","FossilizedHelix","Incense Burner","Ornamental Fan","Pantograph","ats:Support"],"acts_visited":["Exordium","TheCity","TheBeyond"],"potions_floor_usage":[23,23,27],"damage_taken":[{"damage":0,"enemies":"Jaw Worm","floor":1,"turns":1},{"damage":0,"enemies":"Small Slimes","floor":2,"turns":1},{"damage":0,"enemies":"2 Louse","floor":6,"turns":1},{"damage":10,"enemies":"Looter","floor":7,"turns":2},{"damage":16,"enemies":"The Mushroom Lair","floor":10,"turns":3},{"damage":5,"enemies":"2 Fungi Beasts","floor":13,"turns":2},{"damage":54,"enemies":"The Guardian","floor":16,"turns":7},{"damage":14,"enemies":"2 Thieves","floor":18,"turns":2},{"damage":4,"enemies":"Shell Parasite","floor":19,"turns":3},{"damage":30,"enemies":"Snake Plant","floor":20,"turns":4},{"damage":6,"enemies":"Shelled Parasite and Fungi","floor":22,"turns":2},{"damage":26,"enemies":"Slavers","floor":23,"turns":2},{"damage":7,"enemies":"Centurion and Healer","floor":27,"turns":4},{"damage":11,"enemies":"3 Cultists","floor":28,"turns":4},{"damage":5,"enemies":"Snake Plant","floor":30,"turns":3},{"damage":6,"enemies":"Shelled Parasite and Fungi","floor":31,"turns":5},{"damage":59,"enemies":"Champ","floor":33,"turns":11},{"damage":11,"enemies":"Orb Walker","floor":35,"turns":3},{"damage":36,"enemies":"Mind Bloom Boss Battle","floor":38,"turns":4},{"damage":6,"enemies":"3 Darklings","floor":39,"turns":3},{"damage":1,"enemies":"Sphere and 2 Shapes","floor":40,"turns":3},{"damage":0,"enemies":"Maw","floor":41,"turns":6},{"damage":18,"enemies":"4 Shapes","floor":42,"turns":2},{"damage":0,"enemies":"HollowMod:StalkingDevout","floor":44,"turns":4},{"damage":14,"enemies":"Jaw Worm Horde","floor":48,"turns":3},{"damage":26,"enemies":"Awakened One","floor":50,"turns":8}],"seed_played":"16715107025275848","potions_obtained":[{"floor":10,"key":"SkillPotion"},{"floor":13,"key":"Dexterity Potion"},{"floor":16,"key":"Strength Potion"}],"is_trial":false,"path_per_floor":["M","M","$","?","$","M","M","R","T","?","R","?","M","$","R","B",null,"M","M","M","$","M","E","?","$","T","M","M","?","M","M","R","B",null,"M","$","?","?","M","M","M","M","T","E","$","?","?","M","R","B",null],"character_chosen":"DOCTOR_CLASS","items_purchased":["ats:Consecutive Shot Auto","ats:Explosion Area Strengthen","ats:Apocalypse","Mummified Hand","Strawberry","Eternal Feather","Pocketwatch","ats:Snipe","ats:Automatic Cover","ats:Blood Oath","ats:Powerful Strike","Centennial Puzzle","Shuriken","Membership Card","Question Card","Art of War","ats:Overload","Boot","ats:Rhine Circuitry","ats:Assault","Thinking Ahead","ats:Charging Defense","ats:Demon Strength","Blood Vial","ats:Spiritual Recovery","OrangePellets","Enlightenment","Ornamental Fan","Pantograph","ats:Support","ats:Overload"],"campfire_rested":1,"item_purchase_floors":[3,3,3,3,3,5,5,5,5,5,14,14,14,14,21,21,21,25,25,25,25,25,36,36,36,36,45,45,45,45,45],"current_hp_per_floor":[72,72,79,79,79,79,69,78,78,65,74,74,76,76,79,36,79,65,71,48,48,45,19,19,19,19,21,20,20,25,32,70,34,79,71,71,71,47,46,50,74,64,64,72,72,72,72,75,75,53],"gold":2997031,"neow_bonus":"THREE_ENEMY_KILL","is_daily":false,"chose_seed":false,"campfire_upgraded":4,"win_rate":0.0,"timestamp":1609676907,"path_taken":["M","M","$","?","$","M","M","R","T","?","R","?","M","$","R","BOSS","M","M","M","$","M","E","?","$","T","M","M","?","M","M","R","BOSS","M","$","?","?","M","M","M","M","T","E","$","?","?","M","R","BOSS"],"items_purchased_type":["Card","Card","Card","Relic","Relic","Relic","Relic","Relic","Card","Card","Card","Relic","Relic","Relic","Relic","Relic","Card","Relic","Relic","Relic","Card","Card","Card","Relic","Relic","Relic","Card","Relic","Relic","Relic","Card"],"build_version":"2020-12-22","purchased_purges":7,"victory":true,"max_hp_per_floor":[72,72,79,79,79,79,79,79,79,79,79,79,79,79,79,79,79,79,79,79,79,79,79,79,79,79,79,79,79,79,79,79,79,79,79,79,79,79,79,79,79,79,79,79,79,79,75,75,75,75],"card_choices":[{"not_picked":["ats:Apocalypse","ats:Counter Healing Mode"],"picked":"ats:Ignite","floor":1},{"not_picked":["ats:Powerful Strike","ats:Thorns"],"picked":"ats:Poison Spread","floor":2},{"not_picked":["ats:Steam Pump","ats:Consecutive Shot Auto"],"picked":"ats:Ignite","floor":6},{"not_picked":["ats:Assault Order","ats:Curse Doll"],"picked":"ats:Ignite","floor":7},{"not_picked":["ats:Revitalization","ats:Overload"],"picked":"ats:Flexible Camouflage","floor":10},{"not_picked":["ats:Spore Proliferation","ats:Thorns"],"picked":"ats:Shadow Assault","floor":13},{"not_picked":["ats:Shadow Assault","ats:Rat Pack"],"picked":"ats:True Silver Slash","floor":16},{"not_picked":["ats:Healing Strengthening","ats:Apocalypse"],"picked":"ats:Blood Oath","floor":18},{"not_picked":["ats:Explosion Area Strengthen","ats:Poison Spread"],"picked":"ats:Support Order","floor":19},{"not_picked":["ats:Cat Scratch","ats:Curse Doll"],"picked":"ats:Poison Spread+1","floor":20},{"not_picked":["ats:Explosion Area Strengthen","ats:Soul Rend","ats:Childhood Dance"],"picked":"ats:Cat Scratch+1","floor":22},{"not_picked":["ats:Composite Medical Shells","ats:Curse Doll","ats:Leaping Hammer"],"picked":"ats:Shell Defense","floor":23},{"not_picked":["ats:Hammer On","ats:Childhood Dance","ats:Burning Ground+1"],"picked":"ats:Neurotoxin","floor":27},{"not_picked":["ats:Ignite","ats:Leaping Hammer","ats:Curse Doll+1"],"picked":"ats:Powerful Strike","floor":28},{"not_picked":["ats:Ignite","ats:Cat Scratch","ats:Durian"],"picked":"ats:Shell Defense","floor":30},{"not_picked":["ats:Apocalypse","ats:Powerful Strike","ats:Directed Diagnosis+1"],"picked":"ats:Revitalization+1","floor":31},{"not_picked":["ats:Fractured Body","ats:Disruption Kick","ats:Calcification"],"picked":"ats:Ambush","floor":33},{"not_picked":["ats:Flexible Camouflage","ats:Automatic Cover","ats:Childhood Dance+1"],"picked":"ats:Neurotoxin+1","floor":35},{"not_picked":["ats:Childhood Dance+1","ats:Shell Defense+1","ats:Spore Proliferation+1"],"picked":"ats:Hammer On+1","floor":38},{"not_picked":["ats:Ignite","ats:Cat Scratch","ats:Thorns","ats:Leaping Hammer+1"],"picked":"SKIP","floor":39},{"not_picked":["ats:Guardian Obelisk+1","ats:Cat Scratch+1","ats:Flexible Camouflage"],"picked":"ats:Thermite Blade+1","floor":40},{"not_picked":["ats:Defend Order","ats:Counter Healing Mode+1","ats:Red Shift+1"],"picked":"ats:Closed Bolt Burst Fire+1","floor":41},{"not_picked":["ats:Revitalization","ats:Assault Order+1","ats:Red Shift"],"picked":"ats:Beaten Up+1","floor":42},{"not_picked":["ats:Thermite Blade","ats:Leaping Hammer","ats:Ambush"],"picked":"ats:Dogmatic Field","floor":44},{"not_picked":["ats:Support Order","ats:Childhood Dance+1","ats:Flame Of Heaven+1"],"picked":"ats:Curse Doll+1","floor":48}],"player_experience":42394,"relics_obtained":[{"floor":9,"key":"Orichalcum"},{"floor":10,"key":"Odd Mushroom"},{"floor":23,"key":"ats:Originium"},{"floor":23,"key":"Omamori"},{"floor":26,"key":"MawBank"},{"floor":38,"key":"Gambling Chip"},{"floor":43,"key":"FossilizedHelix"},{"floor":44,"key":"ats:Originium"},{"floor":44,"key":"Incense Burner"}],"event_choices":[{"cards_removed":["ats:Defend"],"damage_healed":0,"gold_gain":0,"player_choice":"Card Removal","damage_taken":0,"max_hp_gain":0,"max_hp_loss":0,"event_name":"The Cleric","floor":4,"gold_loss":50},{"damage_healed":0,"gold_gain":0,"player_choice":"Fought Mushrooms","damage_taken":0,"max_hp_gain":0,"max_hp_loss":0,"event_name":"Mushrooms","floor":10,"gold_loss":0},{"cards_removed":["ats:Armor Crushing Shot"],"damage_healed":0,"gold_gain":0,"player_choice":"Forget","damage_taken":0,"max_hp_gain":0,"max_hp_loss":0,"event_name":"Living Wall","floor":12,"gold_loss":0},{"damage_healed":0,"gold_gain":0,"player_choice":"Ignored","damage_taken":0,"max_hp_gain":0,"max_hp_loss":0,"event_name":"The Mausoleum","floor":24,"gold_loss":0},{"damage_healed":0,"gold_gain":0,"player_choice":"Smashed Altar","damage_taken":0,"max_hp_gain":0,"max_hp_loss":0,"event_name":"Forgotten Altar","floor":29,"gold_loss":0,"cards_obtained":["Decay"]},{"cards_removed":["ats:True Silver Slash"],"damage_healed":0,"gold_gain":0,"player_choice":"Removed Attack","damage_taken":0,"max_hp_gain":0,"max_hp_loss":0,"event_name":"Falling","floor":37,"gold_loss":0},{"damage_healed":0,"gold_gain":0,"player_choice":"Fight","damage_taken":0,"max_hp_gain":0,"max_hp_loss":0,"event_name":"MindBloom","floor":38,"gold_loss":0},{"damage_healed":0,"gold_gain":0,"player_choice":"Ignored","damage_taken":0,"max_hp_gain":0,"max_hp_loss":0,"event_name":"Mysterious Sphere","floor":46,"gold_loss":0},{"damage_healed":0,"gold_gain":0,"player_choice":"Max HP","damage_taken":0,"max_hp_gain":0,"max_hp_loss":4,"event_name":"Winding Halls","floor":47,"gold_loss":0}],"is_beta":false,"boss_relics":[{"not_picked":["Empty Cage","SlaversCollar"],"picked":"Sozu"},{"not_picked":["Tiny House","SacredBark"],"picked":"Astrolabe"}],"items_purged_floors":[3,5,14,21,25,36,45],"is_endless":false,"potions_floor_spawned":[10,13,16,19,27,28,30,31,33,35,40,48],"ascension_level":0}}