{"host":"qwttrqaysb380yri","time":1609641992,"event":{"mods":["BaseMod","Custom Start","Minty Spire (QoL Compilation)","Permanent Neow","Puzzle Mod","Relic Stats","StSLib","The Hierophant"],"gold_per_floor":[116,128,128,148,148,148,166,166,166,194,194,226,239,76,76,153,153,173,173,188,188,63,98,98,125,150,150,164,164,164,33,33,106,106,126,138,138,7,32,60,60,95,95,112,147,162,178,0,0,0],"floor_reached":51,"playtime":2913,"items_purged":["Strike_G"],"score":1456,"play_id":"98b04f28-01dc-4556-a5f5-7e742f8c47f3","local_time":"20210103034632","is_ascension_mode":true,"campfire_choices":[{"data":"Acrobatics","floor":6.0,"key":"SMITH"},{"data":"Eviscerate","floor":8.0,"key":"SMITH"},{"floor":11.0,"key":"REST"},{"data":"Footwork","floor":15.0,"key":"SMITH"},{"floor":24.0,"key":"REST"},{"floor":29.0,"key":"REST"},{"data":"Footwork","floor":32.0,"key":"SMITH"},{"floor":41,"key":"REST"},{"floor":49,"key":"REST"}],"circlet_count":0,"master_deck":["AscendersBane","Strike_G+1","Strike_G+1","Strike_G+1","Defend_G+1","Defend_G+1","Defend_G+1","Defend_G+1","Defend_G+1","Survivor","Neutralize+1","Flying Knee+1","Eviscerate+1","Acrobatics+1","Masterful Stab","Underhanded Strike","Dodge and Roll+1","Deflect","Footwork+1","Slice","PiercingWail","A Thousand Cuts","CurseOfTheBell","Predator","Underhanded Strike+1","Prepared+1","Backflip","Deflect","Distraction","Outmaneuver","Acrobatics","Footwork+1","Malaise","Reflex","PiercingWail+1","Tactician","Acrobatics+1","Tactician","Calculated Gamble"],"relics":["Ring of the Snake","TungstenRod","Girya","Lizard Tail","Calling Bell","Regal Pillow","Mummified Hand","Thread and Needle","Ninja Scroll","War Paint","PreservedInsect","Fusion Hammer","Du-Vu Doll","Peace Pipe","Singing Bowl","Pantograph","MealTicket","Red Mask"],"acts_visited":["Exordium","TheCity","TheBeyond"],"potions_floor_usage":[42,42,50],"damage_taken":[{"damage":11.0,"enemies":"Jaw Worm","floor":1.0,"turns":6.0},{"damage":9.0,"enemies":"Small Slimes","floor":2.0,"turns":5.0},{"damage":0.0,"enemies":"Cultist","floor":4.0,"turns":2.0},{"damage":1.0,"enemies":"Blue Slaver","floor":7.0,"turns":3.0},{"damage":25.0,"enemies":"Lagavulin","floor":10.0,"turns":6.0},{"damage":23.0,"enemies":"Gremlin Nob","floor":12.0,"turns":4.0},{"damage":0.0,"enemies":"Exordium Wildlife","floor":13.0,"turns":3.0},{"damage":11.0,"enemies":"Hexaghost","floor":16.0,"turns":12.0},{"damage":5.0,"enemies":"3 Byrds","floor":18.0,"turns":5.0},{"damage":14.0,"enemies":"2 Thieves","floor":20.0,"turns":5.0},{"damage":31.0,"enemies":"Slavers","floor":23.0,"turns":8.0},{"damage":27.0,"enemies":"Book of Stabbing","floor":25.0,"turns":6.0},{"damage":3.0,"enemies":"Snake Plant","floor":28.0,"turns":7.0},{"damage":8.0,"enemies":"Collector","floor":33.0,"turns":14.0},{"damage":11,"enemies":"3 Darklings","floor":35,"turns":6},{"damage":24,"enemies":"3 Shapes","floor":36,"turns":4},{"damage":0,"enemies":"Mind Bloom Boss Battle","floor":39,"turns":8},{"damage":0,"enemies":"Giant Head","floor":40,"turns":7},{"damage":0,"enemies":"Reptomancer","floor":42,"turns":6},{"damage":0,"enemies":"Jaw Worm Horde","floor":44,"turns":3},{"damage":3,"enemies":"Nemesis","floor":45,"turns":7},{"damage":5,"enemies":"Writhing Mass","floor":46,"turns":7},{"damage":32,"enemies":"4 Shapes","floor":47,"turns":6},{"damage":50,"enemies":"Awakened One","floor":50,"turns":20}],"seed_played":"-6249846293242540707","potions_obtained":[{"floor":1.0,"key":"SpeedPotion"},{"floor":7.0,"key":"LiquidBronze"},{"floor":10.0,"key":"Strength Potion"},{"floor":13.0,"key":"DistilledChaos"},{"floor":16.0,"key":"Poison Potion"},{"floor":19.0,"key":"GhostInAJar"},{"floor":19.0,"key":"Dexterity Potion"},{"floor":20.0,"key":"Weak Potion"},{"floor":25.0,"key":"LiquidBronze"},{"floor":36,"key":"DuplicationPotion"},{"floor":45,"key":"LiquidBronze"}],"is_trial":false,"path_per_floor":["M","M","?","M","?","R","M","R","T","E","R","E","M","$","R","B",null,"M","?","M","?","$","E","R","E","T","?","M","R","?","$","R","B",null,"M","M","?","$","?","E","R","E","T","M","E","M","M","?","R","B",null],"character_chosen":"THE_SILENT","items_purchased":["Footwork","Slice","PiercingWail","Prepared","Acrobatics","Footwork","Tactician","Block Potion"],"campfire_rested":5,"item_purchase_floors":[14,14,14,22,31,31,38,38],"current_hp_per_floor":[48,39,19,19,41,41,40,40,40,15,34,11,11,11,11,33,58,53,53,39,39,39,8,42,15,15,15,12,46,46,46,46,38,59,48,24,24,24,24,24,58,58,58,60,57,54,24,24,60,22],"gold":0,"neow_bonus":"UPGRADE_CARD","is_daily":false,"chose_seed":false,"campfire_upgraded":4,"win_rate":0.0,"timestamp":1609641992,"path_taken":["M","M","?","M","?","R","M","R","T","E","R","E","M","$","R","BOSS","M","?","?","?","?","E","R","E","T","?","?","R","?","$","R","BOSS","M","M","?","$","?","E","R","E","T","M","E","M","M","?","R","BOSS"],"items_purchased_type":["Card","Card","Card","Card","Card","Card","Card","Potion"],"build_version":"2020-12-22","purchased_purges":1,"victory":true,"max_hp_per_floor":[66,66,66,66,66,66,66,66,66,66,66,66,66,66,66,66,66,66,66,66,66,66,66,66,66,66,66,66,66,66,66,66,66,66,66,66,66,66,66,66,66,66,66,68,68,70,72,72,72,72],"relic_stats":{"Regal Pillow":60,"Singing Bowl":6,"counters":[24,160],"PreservedInsect":241,"War Paint":["Dodge and Roll","Prepared"],"Peace Pipe":0,"Lizard Tail":33,"Mummified Hand":[47],"Pantograph":12,"MealTicket":0,"obtain_stats":[{"Girya":10,"Regal Pillow":17,"Singing Bowl":42,"Thread and Needle":17,"PreservedInsect":26,"War Paint":25,"Calling Bell":17,"Du-Vu Doll":39,"Peace Pipe":40,"Lizard Tail":12,"Mummified Hand":17,"Ninja Scroll":23,"Pantograph":43,"MealTicket":45,"Fusion Hammer":34,"Red Mask":48,"TungstenRod":9,"Ring of the Snake":0},{"Girya":5,"Regal Pillow":8,"Singing Bowl":19,"Thread and Needle":8,"PreservedInsect":12,"War Paint":12,"Calling Bell":8,"Du-Vu Doll":17,"Peace Pipe":18,"Lizard Tail":6,"Mummified Hand":8,"Ninja Scroll":11,"Pantograph":19,"MealTicket":21,"Fusion Hammer":14,"Red Mask":23,"TungstenRod":4,"Ring of the Snake":0},{"Girya":22,"Regal Pillow":41,"Singing Bowl":117,"Thread and Needle":41,"PreservedInsect":65,"War Paint":65,"Calling Bell":41,"Du-Vu Doll":104,"Peace Pipe":111,"Lizard Tail":26,"Mummified Hand":41,"Ninja Scroll":59,"Pantograph":117,"MealTicket":127,"Fusion Hammer":86,"Red Mask":140,"TungstenRod":16,"Ring of the Snake":0}],"TungstenRod":58,"Ring of the Snake":[48]},"card_choices":[{"not_picked":["Blur","Deadly Poison"],"picked":"Flying Knee","floor":1.0},{"not_picked":["Sucker Punch","All Out Attack"],"picked":"Eviscerate","floor":2.0},{"not_picked":["Wraith Form v2","Outmaneuver"],"picked":"Acrobatics","floor":4.0},{"not_picked":["Acrobatics","Prepared"],"picked":"Masterful Stab","floor":7.0},{"not_picked":["Sucker Punch","Poisoned Stab"],"picked":"Underhanded Strike","floor":10.0},{"not_picked":["Bouncing Flask","Cloak And Dagger"],"picked":"Dodge and Roll","floor":12.0},{"not_picked":["Dodge and Roll","Flying Knee"],"picked":"Deflect","floor":13.0},{"not_picked":["Doppelganger","Bullet Time"],"picked":"A Thousand Cuts","floor":16.0},{"not_picked":["Outmaneuver","Finisher"],"picked":"Predator","floor":18.0},{"not_picked":["Deadly Poison","Cloak And Dagger"],"picked":"Underhanded Strike+1","floor":20.0},{"not_picked":["Underhanded Strike","Bane"],"picked":"Backflip","floor":23.0},{"not_picked":["Well Laid Plans","Quick Slash"],"picked":"Deflect","floor":25.0},{"not_picked":["Poisoned Stab","Bouncing Flask"],"picked":"Outmaneuver","floor":28.0},{"not_picked":["Envenom","Corpse Explosion"],"picked":"Malaise","floor":33.0},{"not_picked":["Flying Knee","Underhanded Strike"],"picked":"Reflex","floor":35},{"not_picked":["Deflect","All Out Attack"],"picked":"PiercingWail+1","floor":36},{"not_picked":["Deflect","Sucker Punch"],"picked":"Acrobatics+1","floor":39},{"not_picked":["Deflect","Infinite Blades","Flying Knee"],"picked":"SKIP","floor":40},{"not_picked":["Slice","Quick Slash"],"picked":"Tactician","floor":42},{"not_picked":["Deadly Poison","Underhanded Strike","Blade Dance+1"],"picked":"Singing Bowl","floor":44},{"not_picked":["Quick Slash","Grand Finale"],"picked":"Calculated Gamble","floor":45},{"not_picked":["Skewer","Eviscerate","Infinite Blades+1"],"picked":"Singing Bowl","floor":46},{"not_picked":["Sucker Punch","Prepared","Backflip+1"],"picked":"Singing Bowl","floor":47}],"player_experience":1983703,"relics_obtained":[{"floor":9.0,"key":"TungstenRod"},{"floor":10.0,"key":"Girya"},{"floor":12.0,"key":"Lizard Tail"},{"floor":17.0,"key":"Regal Pillow"},{"floor":17.0,"key":"Mummified Hand"},{"floor":17.0,"key":"Thread and Needle"},{"floor":23.0,"key":"Ninja Scroll"},{"floor":25.0,"key":"War Paint"},{"floor":26.0,"key":"PreservedInsect"},{"floor":39,"key":"Du-Vu Doll"},{"floor":40,"key":"Peace Pipe"},{"floor":42,"key":"Singing Bowl"},{"floor":43,"key":"Pantograph"},{"floor":45,"key":"MealTicket"}],"event_choices":[{"damage_healed":0.0,"max_hp_gain":0.0,"max_hp_loss":0.0,"gold_gain":0.0,"event_name":"Shining Light","player_choice":"Entered Light","floor":3.0,"gold_loss":0.0,"damage_taken":20.0,"cards_upgraded":["Flying Knee","Strike_G"]},{"damage_healed":22.0,"max_hp_gain":0.0,"max_hp_loss":0.0,"gold_gain":0.0,"event_name":"Big Fish","player_choice":"Banana","floor":5.0,"gold_loss":0.0,"damage_taken":0.0},{"damage_healed":0.0,"max_hp_gain":0.0,"max_hp_loss":0.0,"gold_gain":0.0,"event_name":"Lab","player_choice":"Got Potions","floor":19.0,"gold_loss":0.0,"damage_taken":0.0},{"damage_healed":0.0,"max_hp_gain":0.0,"max_hp_loss":0.0,"gold_gain":0.0,"event_name":"Vampires","player_choice":"Ignored","floor":21.0,"gold_loss":0.0,"damage_taken":0.0},{"damage_healed":0.0,"max_hp_gain":0.0,"max_hp_loss":0.0,"gold_gain":0.0,"cards_transformed":["Strike_G"],"event_name":"Transmorgrifier","player_choice":"Transformed","floor":27.0,"gold_loss":0.0,"damage_taken":0.0,"cards_obtained":["Distraction"]},{"damage_healed":0.0,"max_hp_gain":0.0,"max_hp_loss":0.0,"gold_gain":0.0,"event_name":"Back to Basics","player_choice":"Simplicity","floor":30.0,"gold_loss":0.0,"damage_taken":0.0,"cards_upgraded":["Strike_G","Strike_G","Defend_G","Defend_G","Defend_G","Defend_G","Defend_G"]},{"damage_healed":0,"gold_gain":0,"player_choice":"Memory 1","damage_taken":0,"max_hp_gain":0,"max_hp_loss":0,"event_name":"SensoryStone","floor":37,"gold_loss":0},{"damage_healed":0,"gold_gain":0,"player_choice":"Fight","damage_taken":0,"max_hp_gain":0,"max_hp_loss":0,"event_name":"MindBloom","floor":39,"gold_loss":0},{"damage_healed":0,"gold_gain":0,"player_choice":"Paid","damage_taken":0,"relics_obtained":["Red Mask"],"max_hp_gain":0,"max_hp_loss":0,"event_name":"Tomb of Lord Red Mask","floor":48,"gold_loss":178}],"is_beta":false,"boss_relics":[{"not_picked":["Tiny House","Pandora\u0027s Box"],"picked":"Calling Bell"},{"not_picked":["Snecko Eye","Ring of the Serpent"],"picked":"Fusion Hammer"}],"items_purged_floors":[22],"is_endless":false,"potions_floor_spawned":[1,7,10,13,16,20,25,36,39,40,45],"ascension_level":16}}