{"host":"n4fty02wqqi95laq","time":1609690192,"event":{"mods":["BaseMod","Highlight Path","Minty Spire (QoL Compilation)","Quick Restart","Rare Cards Sparkle","StSLib"],"gold_per_floor":[117,192,192,211,226,226,258,258,258,258,284,297,330,341,341,341,341],"floor_reached":16,"playtime":605,"items_purged":[],"score":240,"play_id":"220c75a0-bfb6-4579-9191-cd445bc9bb05","local_time":"20210104000952","is_ascension_mode":true,"campfire_choices":[{"data":"Glass Knife","floor":6.0,"key":"SMITH"},{"data":"Neutralize","floor":8.0,"key":"SMITH"},{"data":"Dash","floor":10.0,"key":"SMITH"},{"data":"Eviscerate","floor":15.0,"key":"SMITH"}],"circlet_count":0,"master_deck":["AscendersBane","Strike_G","Strike_G","Strike_G","Strike_G","Strike_G","Defend_G","Defend_G+1","Defend_G","Defend_G","Defend_G","Survivor+1","Neutralize+1","Glass Knife+1","Dash+1","Dagger Throw","Calculated Gamble","Acrobatics","Eviscerate+1","Blade Dance"],"relics":["Ring of the Snake","Blue Candle","Frozen Egg 2","War Paint","Smiling Mask"],"acts_visited":["Exordium"],"potions_floor_usage":[16],"damage_taken":[{"damage":1.0,"enemies":"Cultist","floor":1.0,"turns":3.0},{"damage":4.0,"enemies":"Small Slimes","floor":4.0,"turns":4.0},{"damage":0.0,"enemies":"Jaw Worm","floor":5.0,"turns":3.0},{"damage":3.0,"enemies":"Gremlin Nob","floor":7.0,"turns":3.0},{"damage":12.0,"enemies":"3 Sentries","floor":11.0,"turns":8.0},{"damage":0.0,"enemies":"2 Fungi Beasts","floor":12.0,"turns":2.0},{"damage":10.0,"enemies":"Gremlin Nob","floor":13.0,"turns":3.0},{"damage":0.0,"enemies":"3 Louse","floor":14.0,"turns":3.0},{"damage":1,"enemies":"Slime Boss","floor":16,"turns":8}],"seed_played":"-858039543687417073","potions_obtained":[{"floor":4.0,"key":"SneckoOil"},{"floor":11.0,"key":"Swift Potion"},{"floor":13.0,"key":"GhostInAJar"}],"is_trial":false,"path_per_floor":["M","?","?","M","M","R","E","R","T","R","E","M","E","M","R","B"],"character_chosen":"THE_SILENT","items_purchased":[],"campfire_rested":0,"item_purchase_floors":[],"current_hp_per_floor":[58,47,38,34,34,34,31,31,31,31,19,19,9,9,9,8,8],"gold":341,"neow_bonus":"ONE_RANDOM_RARE_CARD","is_daily":false,"chose_seed":false,"campfire_upgraded":4,"win_rate":0.0,"timestamp":1609690192,"path_taken":["M","?","?","M","?","R","E","R","T","R","E","?","E","M","R","BOSS"],"items_purchased_type":[],"build_version":"2020-12-22","purchased_purges":0,"victory":false,"max_hp_per_floor":[66,66,66,66,66,66,66,66,66,66,66,66,66,66,66,66,66],"card_choices":[{"not_picked":["Slice","Dagger Spray","Deadly Poison"],"picked":"SKIP","floor":1.0},{"not_picked":["Flying Knee","Underhanded Strike"],"picked":"Dash","floor":4.0},{"not_picked":["PiercingWail","Dodge and Roll","Dagger Throw"],"picked":"SKIP","floor":5.0},{"not_picked":["Noxious Fumes","Skewer"],"picked":"Dagger Throw","floor":7.0},{"not_picked":["Choke","Bane"],"picked":"Calculated Gamble","floor":11.0},{"not_picked":["Bane","Backflip"],"picked":"Acrobatics","floor":12.0},{"not_picked":["Crippling Poison","Masterful Stab"],"picked":"Eviscerate","floor":13.0},{"not_picked":["Acrobatics","Prepared"],"picked":"Blade Dance","floor":14.0}],"player_experience":652859,"relics_obtained":[{"floor":7.0,"key":"Blue Candle"},{"floor":9.0,"key":"Frozen Egg 2"},{"floor":11.0,"key":"War Paint"},{"floor":13.0,"key":"Smiling Mask"}],"event_choices":[{"damage_healed":0.0,"max_hp_gain":0.0,"max_hp_loss":0.0,"gold_gain":75.0,"event_name":"World of Goop","player_choice":"Gather Gold","floor":2.0,"gold_loss":0.0,"damage_taken":11.0},{"damage_healed":0.0,"max_hp_gain":0.0,"max_hp_loss":0.0,"gold_gain":0.0,"event_name":"Wheel of Change","player_choice":"Damaged","floor":3.0,"gold_loss":0.0,"damage_taken":9.0}],"is_beta":false,"boss_relics":[],"items_purged_floors":[],"is_endless":false,"potions_floor_spawned":[4,11,13],"killed_by":"Slime Boss","ascension_level":20}}