{"host":"px2oznrenyeljk7o","time":1609701547,"event":{"mods":["A Magickal Journey","AchievementEnabler","Arknights The Spire","BaseMod","Better Altar","Better Match","Better Note","Better Sensory Stone","Better Third Choice","Conspire","Curses Come First","GifTheSpireLib","GungeonMod","Hermit","Koishi","Lobotomy","LobotomyExtend","Minty Spire (QoL Compilation)","Nova Terra(??·??)","Potionbrewer","Reimu??????","Replay The Spire","Robot Space Explorer","Small Relic Pack","Somnambulant","Spicy Shops","StSLib","Stuff the Spire","The Administrix","The Alterego","The Blackbeard","The Blue Laboratory","The Bug Knight","The Construct","The Cursed","The Disciple","The Gatherer","The Hayseed","The Hierophant","The Jungle","The Marked","The Poker Player","The Runesmith","Yakumo Yukari mod","Yuri Mod","everything is the same but u backflip on backflip","slay the spire mod where everything is the same but ironclad has a cowboy hat"],"gold_per_floor":[112,132,145,160,174,174,186,198,198,198,214,214,234,251,251,354,354,368,382,4,4,4,4],"floor_reached":21,"playtime":2195,"items_purged":[],"score":179,"play_id":"6e81d41b-550e-4763-8a23-b91987721d87","local_time":"20210103201907","is_ascension_mode":false,"metric_token":3026,"campfire_choices":[{"floor":6,"key":"REST"},{"floor":12,"key":"REST"},{"floor":15,"key":"REST"}],"circlet_count":0,"master_deck":["PokerPlayerMod:Diamond1","PokerPlayerMod:Diamond2","PokerPlayerMod:Diamond3","PokerPlayerMod:Diamond4","PokerPlayerMod:Diamond5","PokerPlayerMod:Spade1","PokerPlayerMod:Spade2","PokerPlayerMod:Spade3","PokerPlayerMod:Spade4","PokerPlayerMod:Club1","PokerPlayerMod:Club2","PokerPlayerMod:Heart2","PokerPlayerMod:TrumpStrike","PokerPlayerMod:BadJoker","PokerPlayerMod:Mulligan","PokerPlayerMod:Promotion","PokerPlayerMod:Diamond6","PokerPlayerMod:DartThrow","PokerPlayerMod:Fold","PokerPlayerMod:Trickery","PokerPlayerMod:SpadeStrike","PokerPlayerMod:CloakAndDiamond","PokerPlayerMod:ClubsClub","PokerPlayerMod:HiddenCard","PokerPlayerMod:Heart3","PokerPlayerMod:CloakAndDiamond","PokerPlayerMod:RoyalStrike","PokerPlayerMod:Spade3","PokerPlayerMod:DartThrow","PokerPlayerMod:ClubShade","Replay:Bootleg Shield Generator","Sadistic Nature"],"relics":["PokerPlayerMod:DeckCase","LetterFromLob","StoneCalendar","Painkiller Herb"],"acts_visited":["Exordium","Exordium"],"potions_floor_usage":[5,14,14,14,16,18],"damage_taken":[{"damage":12,"enemies":"Jaw Worm","floor":1,"turns":5},{"damage":0,"enemies":"2 Louse","floor":2,"turns":1},{"damage":11,"enemies":"Small Slimes","floor":3,"turns":3},{"damage":12,"enemies":"3 Louse","floor":4,"turns":3},{"damage":9,"enemies":"Looter","floor":5,"turns":3},{"damage":0,"enemies":"2 Fungi Beasts","floor":7,"turns":2},{"damage":8,"enemies":"Large Slime","floor":8,"turns":5},{"damage":10,"enemies":"3 Louse","floor":11,"turns":3},{"damage":13,"enemies":"Exordium Wildlife","floor":13,"turns":4},{"damage":0,"enemies":"Blue Slaver","floor":14,"turns":3},{"damage":27,"enemies":"Slime Boss","floor":16,"turns":8},{"damage":17,"enemies":"theJungle:GiantWrat","floor":18,"turns":6},{"damage":14,"enemies":"theJungle:5_Spyders","floor":19,"turns":8},{"damage":44,"enemies":"theJungle:2_Flameangoes","floor":21,"turns":7}],"seed_played":"-6074461780174837978","potions_obtained":[{"floor":3,"key":"blueLaboratory:BottledHope"},{"floor":4,"key":"blueLaboratory:HorrorPotion"},{"floor":5,"key":"construct:ShiftPotion"},{"floor":13,"key":"LiquidBronze"},{"floor":14,"key":"Adrenaline Potion"},{"floor":16,"key":"potionbrewer:DiscountPotion"},{"floor":18,"key":"blueLaboratory:StoneskinPotion"}],"is_trial":false,"path_per_floor":["M","M","M","M","M","R","M","M","T","E","M","R","M","M","R","B",null,"?","?","T","?"],"character_chosen":"THE_POKER_PLAYER","items_purchased":["PokerPlayerMod:ClubShade","Replay:Bootleg Shield Generator","Sadistic Nature"],"campfire_rested":3,"item_purchase_floors":[20,20,20],"current_hp_per_floor":[42,42,34,22,15,30,30,25,25,51,41,52,45,47,52,28,52,40,38,38,0,0,0],"gold":4,"neow_bonus":"ONE_RANDOM_RARE_CARD","is_daily":false,"chose_seed":false,"campfire_upgraded":0,"win_rate":0.0,"timestamp":1609701547,"path_taken":["M","M","M","M","M","R","M","M","T","E","M","R","M","M","R","BOSS","?","?","T","?"],"items_purchased_type":["Card","Card","Card"],"build_version":"2020-12-22","purchased_purges":0,"victory":false,"max_hp_per_floor":[52,52,52,52,52,52,52,52,52,52,52,52,52,52,52,52,52,52,52,52,52,52,52],"card_choices":[{"not_picked":["PokerPlayerMod:Spade1","PokerPlayerMod:Diamond3"],"picked":"PokerPlayerMod:Diamond6","floor":1},{"not_picked":["PokerPlayerMod:Diamond2","PokerPlayerMod:Manipulation"],"picked":"PokerPlayerMod:DartThrow","floor":2},{"not_picked":["PokerPlayerMod:FillThePot","PokerPlayerMod:Diamond2"],"picked":"PokerPlayerMod:Fold","floor":3},{"not_picked":["PokerPlayerMod:DamnStraight","PokerPlayerMod:DartThrow"],"picked":"PokerPlayerMod:Trickery","floor":4},{"not_picked":["PokerPlayerMod:Club4","PokerPlayerMod:Spade10+"],"picked":"PokerPlayerMod:SpadeStrike","floor":5},{"not_picked":["PokerPlayerMod:Club5","PokerPlayerMod:Trickery"],"picked":"PokerPlayerMod:CloakAndDiamond","floor":7},{"not_picked":["PokerPlayerMod:Heart5","PokerPlayerMod:Diamond4"],"picked":"PokerPlayerMod:ClubsClub","floor":8},{"not_picked":["PokerPlayerMod:Diamond3","PokerPlayerMod:Spade2"],"picked":"PokerPlayerMod:HiddenCard","floor":11},{"not_picked":["PokerPlayerMod:Diamond2","PokerPlayerMod:CardBurn"],"picked":"PokerPlayerMod:Heart3","floor":13},{"not_picked":["PokerPlayerMod:Raise","PokerPlayerMod:Diamond4"],"picked":"PokerPlayerMod:CloakAndDiamond","floor":14},{"not_picked":["PokerPlayerMod:Diamond10+","PokerPlayerMod:Duplicate"],"picked":"PokerPlayerMod:RoyalStrike","floor":16},{"not_picked":["PokerPlayerMod:Spade2","PokerPlayerMod:ClubStrike"],"picked":"PokerPlayerMod:Spade3","floor":18},{"not_picked":["PokerPlayerMod:SpadeStrike","PokerPlayerMod:CardBurn+1"],"picked":"PokerPlayerMod:DartThrow","floor":19}],"player_experience":438475,"relics_obtained":[{"floor":1,"key":"LetterFromLob"},{"floor":9,"key":"StoneCalendar"}],"event_choices":[],"is_beta":false,"boss_relics":[{"not_picked":["Replay:Bronze Core","Replay:Drink Me"],"picked":"Painkiller Herb"}],"items_purged_floors":[],"is_endless":false,"potions_floor_spawned":[3,4,5,13,14,16,18],"killed_by":"theJungle:2_Flameangoes","ascension_level":0}}