{"host":"armnliea5o2aqs4b","time":1609680998,"event":{"mods":["BaseMod","Hubris","Infinite Spire","Minty Spire (QoL Compilation)","Quick Restart","StSLib"],"gold_per_floor":[110,110,110,120,120,146,146,157,183,213,226,260,260,273,273,392,392,411,411,385,402,422,456,456,456,456],"floor_reached":25,"playtime":606,"items_purged":[],"score":279,"play_id":"8f1dec92-610a-4310-bf8f-16c2d19590fc","local_time":"20210104003638","is_ascension_mode":true,"campfire_choices":[{"data":"hubris:PowerSurge","floor":7,"key":"SMITH"},{"floor":15,"key":"REST"},{"floor":24,"key":"REST"}],"circlet_count":0,"master_deck":["Strike_B","Strike_B","Strike_B","Strike_B","Defend_B","Defend_B","Defend_B","Defend_B","Zap+1","Dualcast","Beam Cell","Rebound","hubris:PowerSurge+1","Chaos","Redo","Multi-Cast","Electrodynamics","Consume","Cold Snap","Sunder","Ball Lightning"],"relics":["Cracked Core","NeowsBlessing","Blood Vial","Cables","hubris:SlimyHat","Happy Flower","hubris:BottledRain","hubris:ToyBattleship","hubris:CrackedHourglass","Bag of Marbles"],"acts_visited":["Exordium","TheCity"],"potions_floor_usage":[16,16,16,23],"damage_taken":[{"damage":0,"enemies":"Jaw Worm","floor":1,"turns":1},{"damage":0,"enemies":"2 Louse","floor":4,"turns":1},{"damage":0,"enemies":"Lagavulin","floor":6,"turns":1},{"damage":0,"enemies":"Cultist","floor":8,"turns":2},{"damage":16,"enemies":"Gremlin Nob","floor":10,"turns":3},{"damage":3,"enemies":"2 Fungi Beasts","floor":11,"turns":3},{"damage":22,"enemies":"3 Sentries","floor":12,"turns":4},{"damage":15,"enemies":"Exordium Wildlife","floor":14,"turns":2},{"damage":37,"enemies":"Hexaghost","floor":16,"turns":10},{"damage":25,"enemies":"Shell Parasite","floor":18,"turns":4},{"damage":30,"enemies":"2 Thieves","floor":21,"turns":3},{"damage":0,"enemies":"3 Cultists","floor":22,"turns":2},{"damage":22,"enemies":"Book of Stabbing","floor":23,"turns":4},{"damage":34,"enemies":"Slavers","floor":25,"turns":2}],"seed_played":"-1502813703741484272","potions_obtained":[{"floor":4,"key":"Dexterity Potion"},{"floor":8,"key":"Block Potion"},{"floor":11,"key":"ColorlessPotion"},{"floor":22,"key":"SteroidPotion"},{"floor":23,"key":"Swift Potion"}],"is_trial":false,"path_per_floor":["M","?","?","M","$","E","R","M","T","E","M","E","?","M","R","B",null,"M","?","$","M","M","E","R","E"],"character_chosen":"DEFECT","items_purchased":["Cold Snap"],"campfire_rested":2,"item_purchase_floors":[20],"current_hp_per_floor":[75,75,75,75,75,75,75,75,75,59,58,38,31,18,40,5,75,50,50,50,22,24,4,26,0,0],"gold":456,"neow_bonus":"THREE_ENEMY_KILL","is_daily":false,"chose_seed":false,"campfire_upgraded":1,"win_rate":0.0,"timestamp":1609680998,"path_taken":["M","?","?","?","$","E","R","M","T","E","M","E","?","M","R","BOSS","M","?","$","M","?","E","R","E"],"items_purchased_type":["Card"],"build_version":"2020-12-22","purchased_purges":0,"victory":false,"max_hp_per_floor":[75,75,75,75,75,75,75,75,75,75,75,75,75,75,75,75,75,75,75,75,75,75,75,75,75,75],"card_choices":[{"not_picked":["Leap","BootSequence"],"picked":"Beam Cell","floor":1},{"not_picked":["Heatsinks","Beam Cell"],"picked":"Rebound","floor":4},{"not_picked":["Rebound","Loop"],"picked":"hubris:PowerSurge","floor":6},{"not_picked":["Conserve Battery","Sunder"],"picked":"Chaos","floor":8},{"not_picked":["Scrape","Sweeping Beam","Hologram"],"picked":"SKIP","floor":10},{"not_picked":["Compile Driver","Beam Cell"],"picked":"Redo","floor":11},{"not_picked":["Hologram","Skim"],"picked":"Multi-Cast","floor":12},{"not_picked":["Coolheaded","Go for the Eyes","Scrape"],"picked":"SKIP","floor":14},{"not_picked":["hubris:Prefetch","Fission"],"picked":"Electrodynamics","floor":16},{"not_picked":["Sweeping Beam+1","Cold Snap","Compile Driver"],"picked":"SKIP","floor":18},{"not_picked":["Stack","Coolheaded"],"picked":"Sunder","floor":21},{"not_picked":["Redo","Go for the Eyes","Conserve Battery"],"picked":"SKIP","floor":22},{"not_picked":["Lockon","Conserve Battery"],"picked":"Ball Lightning","floor":23}],"player_experience":158173,"relics_obtained":[{"floor":2,"key":"Blood Vial"},{"floor":6,"key":"Cables"},{"floor":9,"key":"hubris:SlimyHat"},{"floor":10,"key":"Happy Flower"},{"floor":12,"key":"hubris:BottledRain"},{"floor":23,"key":"Bag of Marbles"}],"event_choices":[{"damage_healed":0,"gold_gain":0,"player_choice":"Forge","damage_taken":0,"max_hp_gain":0,"max_hp_loss":0,"event_name":"Accursed Blacksmith","floor":3,"gold_loss":0,"cards_upgraded":["Zap"]},{"damage_healed":0,"gold_gain":0,"player_choice":"Success","damage_taken":7,"relics_obtained":["hubris:ToyBattleship"],"max_hp_gain":0,"max_hp_loss":0,"event_name":"Scrap Ooze","floor":13,"gold_loss":0},{"damage_healed":0,"gold_gain":0,"player_choice":"1 cards matched","damage_taken":0,"max_hp_gain":0,"max_hp_loss":0,"event_name":"Match and Keep!","floor":19,"gold_loss":0,"cards_obtained":["Consume"]}],"is_beta":false,"boss_relics":[{"not_picked":["Cursed Key","hubris:HollowSoul"],"picked":"hubris:CrackedHourglass"}],"items_purged_floors":[],"is_endless":false,"potions_floor_spawned":[4,8,11,14,22,23],"killed_by":"Slavers","ascension_level":1}}