{"host":"uyrebrj0204enqpc","time":1609703573,"event":{"mods":["Act Like it!","Bard","BaseMod","Block Reminder","Challenge The Spire","Colored Map","Colored Powertips","DeckTracker","Downfall","GifTheSpireLib","HexUI Lib","Highlight Path","Hubris","Infinite Spire","Minty Spire (QoL Compilation)","Pale of the Ancients","Quick Restart","Random Character Button","Relic Sorter","Relic Stats","Replay The Spire","Shop Mod","StSLib","The Blue Laboratory","The Bug Knight","The Cursed","The Jungle","The Marked","Wandering Minibosses"],"gold_per_floor":[116,116,170,189,189,189,203,238,251,286,362,362,362,362],"floor_reached":12,"playtime":459,"items_purged":[],"score":97,"play_id":"d0ab8ece-a565-43e6-b6e0-d26762e6e613","local_time":"20210103145253","is_ascension_mode":true,"campfire_choices":[],"circlet_count":0,"master_deck":["Guardian:Strike_Guardian","Guardian:Strike_Guardian","Guardian:Strike_Guardian","Guardian:Strike_Guardian","Guardian:Defend_Guardian","Guardian:Defend_Guardian","Guardian:Defend_Guardian","Guardian:CurlUp","Guardian:TwinSlam","Guardian:Gem_Blue","Guardian:DecasProtection","Guardian:TemporalStrike","Guardian:HyperBeam_Guardian","Guardian:Planning","Guardian:SphericShield"],"relics":["Guardian:ModeShifter","MealTicket","Blue Doll","infinitespire:CheckeredPen","Replay:Ringing Soul"],"acts_visited":["Exordium"],"potions_floor_usage":[10],"damage_taken":[{"damage":5.0,"enemies":"Cultist","floor":1.0,"turns":4.0},{"damage":0,"enemies":"Small Slimes","floor":4,"turns":6},{"damage":10,"enemies":"infinitespire:Voidling","floor":7,"turns":4},{"damage":32,"enemies":"Gremlin Nob","floor":8,"turns":6},{"damage":10,"enemies":"Looter","floor":9,"turns":3},{"damage":16,"enemies":"3 Sentries","floor":10,"turns":5},{"damage":32,"enemies":"Gremlin Nob","floor":12,"turns":5}],"seed_played":"8215942810539926262","potions_obtained":[{"floor":7,"key":"blueLaboratory:AbyssPotion"},{"floor":8,"key":"PowerPotion"},{"floor":9,"key":"SpeedPotion"}],"is_trial":false,"path_per_floor":["M","?","T","M","PTL","PTL","M","E","M","E","T","E"],"character_chosen":"GUARDIAN","items_purchased":[],"campfire_rested":0,"item_purchase_floors":[],"current_hp_per_floor":[83,83,83,83,83,83,73,41,31,15,15,0,0,0],"gold":362,"neow_bonus":"TEN_PERCENT_HP_BONUS","is_daily":false,"chose_seed":false,"campfire_upgraded":0,"win_rate":0.0,"timestamp":1609703573,"path_taken":["M","?","?","M","PTL","PTL","M","E","M","E","T","E"],"items_purchased_type":[],"build_version":"2020-12-22","purchased_purges":0,"victory":false,"max_hp_per_floor":[88,88,88,88,88,88,88,88,88,88,88,88,88,88],"relic_stats":{"counters":[7,33],"MealTicket":0,"obtain_stats":[{"Replay:Ringing Soul":11,"Guardian:ModeShifter":0,"MealTicket":3,"Blue Doll":8,"infinitespire:CheckeredPen":10},{"Replay:Ringing Soul":6,"Guardian:ModeShifter":0,"MealTicket":1,"Blue Doll":4,"infinitespire:CheckeredPen":6},{"Replay:Ringing Soul":28,"Guardian:ModeShifter":0,"MealTicket":4,"Blue Doll":20,"infinitespire:CheckeredPen":28}]},"card_choices":[{"not_picked":["Guardian:CrystalBeam","Guardian:Harden"],"picked":"Guardian:Gem_Blue","floor":1.0},{"not_picked":["Guardian:DonusPower","Guardian:VentSteam"],"picked":"Guardian:TemporalStrike","floor":4},{"not_picked":["Guardian:ConstructionForm","Guardian:VentSteam","Guardian:ArmoredProtocol"],"picked":"SKIP","floor":7},{"not_picked":["Guardian:Clone","Guardian:Harden"],"picked":"Guardian:HyperBeam_Guardian","floor":8},{"not_picked":["Guardian:TemporalStrike","Guardian:MultiBeam"],"picked":"Guardian:Planning","floor":9},{"not_picked":["Guardian:Gem_Purple","Guardian:ShieldSpikes"],"picked":"Guardian:SphericShield","floor":10}],"player_experience":1035162,"relics_obtained":[{"floor":3,"key":"MealTicket"},{"floor":8,"key":"Blue Doll"},{"floor":10,"key":"infinitespire:CheckeredPen"},{"floor":11,"key":"Replay:Ringing Soul"}],"event_choices":[{"damage_healed":0,"gold_gain":0,"cards_transformed":["Guardian:Defend_Guardian"],"player_choice":"Change","damage_taken":0,"max_hp_gain":0,"max_hp_loss":0,"event_name":"Living Wall","floor":2,"gold_loss":0,"cards_obtained":["Guardian:DecasProtection"]}],"is_beta":false,"boss_relics":[],"items_purged_floors":[],"is_endless":false,"potions_floor_spawned":[7,8,9],"killed_by":"Gremlin Nob","ascension_level":2}}