{"host":"3w007pgvkin6up9o","time":1609703278,"event":{"mods":["AchievementEnabler","Arknights The Spire","BaseMod","Bestiary","Better Altar","Better Match","Better Note","Better Sensory Stone","Better Skull","Better Third Choice","ChefMod","Evolution","Hermit","HololiveMod","Marisa????????","Minty Spire (QoL Compilation)","Railgun Mod","Random Character Button","Reimu??????","Remilia??????","Replay The Spire","Shade Mod","Spicy Shops","StSLib","The Alterego","The Animator","The Bug Knight","The Cursed","The Gatherer","The Mystic","The Senshi","The Servant 0.9.4","The Wild Card","Trackpad","Waifu the Spire","WarShipGirlsR/????R mod","??????REMEMod"],"gold_per_floor":[124,142,142,162,7,7,45,64,64,81,46,46,69,129,129,230,230,258,270,270,287,287,287,287,303,330,353,353,363,384,7,7,105,105,17,37,37,37,37,37,60,95,122,134,134,0,13,13,13,13],"floor_reached":51,"playtime":6031,"items_purged":[],"score":977,"play_id":"c7880b5f-a5fe-413a-9368-5a0073c19b95","local_time":"20210103144758","is_ascension_mode":false,"campfire_choices":[{"data":"animator:NagisaMomoe","floor":6,"key":"SMITH"},{"data":"animator:Shalltear","floor":15,"key":"SMITH"},{"data":"animator:MamiTomoe","floor":23,"key":"SMITH"},{"data":"animator:SayakaMiki","floor":28,"key":"SMITH"},{"data":"MysteriousBeam","floor":32,"key":"SMITH"},{"data":"animator:Hans","floor":40,"key":"SMITH"},{"data":"animator:SayakaMiki","floor":45,"key":"SMITH"},{"data":"animator:HigakiRinne","floor":49,"key":"SMITH"}],"circlet_count":0,"master_deck":["animator:Strike_Konosuba","animator:Defend_Konosuba+1","animator:Strike","animator:Strike+1","animator:Strike","animator:Defend","animator:Defend","animator:Defend","animator:Kazuma","animator:Aqua+1","BloodyCatastrophe+1","animator:PandorasActor","theWildCard:Arsene","animator:NagisaMomoe+1","animator:Mitsurugi","animator:Shalltear+1","animator:Hans+1","MysteriousBeam+1","Gatherer:ColorfulGarden+1","animator:Megumin+11","Collect","animator:ElricEdward","animator:SayakaMiki+1","HollowMod:CycloneSlash+1","animator:SayakaMiki+1","animator:DwarfShaman","animator:NononJakuzure","animator:Darkness","animator:Vanir+1","animator:Darkness","animator:ChaikaBohdan+1","animator:YunYun","AscendersBane","Panache","RainPray2:ReiMu+1","theSenshi:MoonlightKnight+1","Hololive_Breathe","animator:HigakiRinne+1"],"relics":["animator:LivingPicture","animator:TheMissingPiece","EVO:Axolotl","REME_ComplimentaryCards","animator:ShionDessert","Ancient Tea Set","trackpad:Mousetrap","PrismaticShard","REME_PuzzleBoxRelic","Paper Crane","Sozu","Vajra","Guide Book","animator:RacePiece","Charon\u0027s Ashes","trackpad:WritersBlock","Bottled Lightning","Simple Rune","Red Mask"],"acts_visited":["Exordium","TheCity","TheBeyond"],"potions_floor_usage":[14,16,50],"damage_taken":[{"damage":1,"enemies":"Small Slimes","floor":1,"turns":4},{"damage":3,"enemies":"Jaw Worm","floor":2,"turns":2},{"damage":0,"enemies":"2 Louse","floor":4,"turns":2},{"damage":21,"enemies":"3 Sentries","floor":7,"turns":8},{"damage":5,"enemies":"2 Fungi Beasts","floor":8,"turns":2},{"damage":7,"enemies":"Blue Slaver","floor":10,"turns":2},{"damage":11,"enemies":"3 Sentries","floor":14,"turns":4},{"damage":34,"enemies":"The Guardian","floor":16,"turns":5},{"damage":15,"enemies":"2 Thieves","floor":18,"turns":5},{"damage":6,"enemies":"Spheric Guardian","floor":19,"turns":3},{"damage":4,"enemies":"Snecko","floor":21,"turns":4},{"damage":0,"enemies":"Centurion and Healer","floor":25,"turns":5},{"damage":11,"enemies":"Cultist and Chosen","floor":27,"turns":5},{"damage":10,"enemies":"Snecko","floor":29,"turns":4},{"damage":2,"enemies":"3 Cultists","floor":30,"turns":3},{"damage":0,"enemies":"Pondfish","floor":33,"turns":9},{"damage":4,"enemies":"Orb Walker","floor":35,"turns":4},{"damage":9,"enemies":"3 Shapes","floor":36,"turns":4},{"damage":15,"enemies":"Giant Head","floor":42,"turns":8},{"damage":1,"enemies":"Writhing Mass","floor":44,"turns":4},{"damage":0,"enemies":"3 Darklings","floor":47,"turns":2},{"damage":30,"enemies":"Awakened One","floor":50,"turns":10}],"seed_played":"-8744456682455475492","potions_obtained":[{"floor":7,"key":"Fire Potion"},{"floor":8,"key":"Reflective Coating"},{"floor":10,"key":"SpeedPotion"}],"is_trial":false,"path_per_floor":["M","M","?","M","$","R","E","M","T","M","?","?","T","?","R","B",null,"M","M","?","M","?","R","?","M","T","M","R","M","M","$","R","B",null,"M","M","?","?","T","R","T","E","T","M","R","?","M","?","R","B",null],"character_chosen":"THE_ANIMATOR","items_purchased":["animator:ShionDessert","animator:SayakaMiki","animator:DwarfShaman","Guide Book","animator:NononJakuzure"],"campfire_rested":0,"item_purchase_floors":[5,31,31,31,31],"current_hp_per_floor":[65,63,63,67,67,67,49,47,47,44,61,61,61,53,53,22,68,56,53,53,52,52,52,56,59,59,51,51,44,45,45,45,48,68,64,59,59,59,59,59,59,47,47,55,55,55,58,49,49,22],"gold":13,"neow_bonus":"UPGRADE_CARD","is_daily":false,"chose_seed":false,"campfire_upgraded":8,"win_rate":0.0,"timestamp":1609703278,"path_taken":["M","M","?","M","$","R","E","M","T","M","?","?","?","?","R","BOSS","M","M","?","M","?","R","?","?","T","M","R","M","M","$","R","BOSS","M","M","?","?","?","R","?","E","T","M","R","?","?","?","R","BOSS"],"items_purchased_type":["Relic","Card","Card","Relic","Card"],"build_version":"2020-12-22","purchased_purges":0,"victory":true,"max_hp_per_floor":[66,66,66,67,67,67,67,67,67,68,68,68,68,68,68,68,68,68,68,68,68,68,68,68,68,68,68,68,68,68,68,68,68,68,68,69,69,69,69,69,69,69,69,69,69,69,69,69,69,69],"card_choices":[{"not_picked":["animator:Rider","animator:Shion"],"picked":"animator:MamiTomoe","floor":1},{"not_picked":["animator:Priestess","animator:Mikaela"],"picked":"animator:PandorasActor","floor":2},{"not_picked":["animator:KyokoSakura","animator:PandorasActor"],"picked":"animator:NagisaMomoe","floor":4},{"not_picked":["animator:Verdia","animator:Chris"],"picked":"animator:Mitsurugi","floor":7},{"not_picked":["animator:YachiyoNanami","animator:Alexander"],"picked":"animator:Shalltear","floor":8},{"not_picked":["animator:YuiTsuruno","animator:Spearman"],"picked":"animator:Hans","floor":10},{"not_picked":["Shade:FuneraryArmor","Recycle"],"picked":"MysteriousBeam","floor":14},{"not_picked":["HollowMod:LifebloodCore","Gatherer:GrowBook"],"picked":"Gatherer:ColorfulGarden","floor":16},{"not_picked":["animator:Eris","animator:Darkness"],"picked":"animator:Megumin","floor":18},{"not_picked":["alterego_mod:Maid","Shade:FleshToFlesh+1"],"picked":"Collect","floor":19},{"not_picked":["hermit:ShadowCloak","MastersStateliness"],"picked":"animator:ElricEdward","floor":21},{"not_picked":["ats:Healing Drone","mysticmod:Haste"],"picked":"TheRailgun:Discharge","floor":25},{"not_picked":["animator:IrohaTamaki","animator:NagisaMomoe"],"picked":"animator:SayakaMiki","floor":27},{"not_picked":["animator:Guy","Alleviate"],"picked":"HollowMod:CycloneSlash+1","floor":29},{"not_picked":["Rearm","animator:Boros"],"picked":"Cold Snap+1","floor":30},{"not_picked":["Biased Cognition","ats:Roar Of Ursus"],"picked":"Free:ReiMu","floor":33},{"not_picked":["theSenshi:MoonSpiralHeartAttack+1","animator:UneriGinkaku+1"],"picked":"animator:ChaikaBohdan+1","floor":35},{"not_picked":["animator:Mitsurugi","animator:Vanir"],"picked":"animator:YunYun","floor":36},{"not_picked":["Dagger Throw+1","A Thousand Cuts"],"picked":"RainPray2:ReiMu+1","floor":42},{"not_picked":["HollowMod:WraithStrike","animator:MetalKnight+1"],"picked":"theSenshi:MoonlightKnight+1","floor":44},{"not_picked":["TheCursedMod:SpitefulPlan+1","hermit:Headshot+1"],"picked":"Hololive_Breathe","floor":47}],"player_experience":193489,"relics_obtained":[{"floor":7,"key":"Ancient Tea Set"},{"floor":9,"key":"trackpad:Mousetrap"},{"floor":13,"key":"REME_PuzzleBoxRelic"},{"floor":26,"key":"Vajra"},{"floor":39,"key":"Charon\u0027s Ashes"},{"floor":41,"key":"trackpad:WritersBlock"},{"floor":42,"key":"Bottled Lightning"},{"floor":43,"key":"Simple Rune"}],"event_choices":[{"damage_healed":17,"gold_gain":0,"player_choice":"Healed","damage_taken":0,"max_hp_gain":0,"max_hp_loss":0,"event_name":"The Cleric","floor":11,"gold_loss":35},{"damage_healed":0,"gold_gain":0,"player_choice":"Searched \u00272\u0027 times","damage_taken":0,"relics_obtained":["Paper Crane"],"max_hp_gain":0,"max_hp_loss":0,"event_name":"Dead Adventurer","floor":14,"gold_loss":0},{"cards_removed":["ReplayTheSpireMod:Restless Dread"],"damage_healed":0,"gold_gain":0,"player_choice":"Purged","damage_taken":0,"max_hp_gain":0,"max_hp_loss":0,"event_name":"Purifier","floor":20,"gold_loss":0},{"cards_removed":["animator:Megumin"],"damage_healed":0,"gold_gain":0,"player_choice":"Give","damage_taken":0,"max_hp_gain":0,"max_hp_loss":0,"event_name":"betterNote:BetterNote","floor":22,"gold_loss":0,"cards_obtained":["None"]},{"damage_healed":4,"gold_gain":0,"player_choice":"LEAVE ","damage_taken":0,"relics_obtained":[],"max_hp_gain":0,"max_hp_loss":0,"event_name":"betterSkull:BetterSkull","floor":24,"gold_loss":0,"cards_upgraded":[]},{"cards_removed":["animator:MamiTomoe"],"damage_healed":0,"gold_gain":0,"player_choice":"Removed Attack","damage_taken":0,"max_hp_gain":0,"max_hp_loss":0,"event_name":"Falling","floor":37,"gold_loss":0},{"damage_healed":0,"gold_gain":3,"player_choice":"3","damage_taken":0,"max_hp_gain":0,"max_hp_loss":0,"event_name":"betterStone:BetterStone","floor":38,"gold_loss":0,"cards_obtained":["Panache"]},{"damage_healed":0,"gold_gain":0,"player_choice":"Paid","damage_taken":0,"relics_obtained":["Red Mask"],"max_hp_gain":0,"max_hp_loss":0,"event_name":"Tomb of Lord Red Mask","floor":46,"gold_loss":134},{"damage_healed":0,"gold_gain":0,"player_choice":"Embrace Madness","damage_taken":9,"max_hp_gain":0,"max_hp_loss":0,"event_name":"Winding Halls","floor":48,"gold_loss":0,"cards_obtained":["animator:HigakiRinne"]}],"is_beta":false,"boss_relics":[{"not_picked":["REME_DemonsWealth","Ring of Chaos"],"picked":"Sozu"},{"not_picked":["Replay:Wanted Poster","ReplayTheSpireMod:DimensionalGlitch"],"picked":"animator:RacePiece"}],"items_purged_floors":[],"is_endless":false,"potions_floor_spawned":[7,8,10,19,21,29,33,35,44,47],"ascension_level":0}}