{"host":"naykp6d9ulahlwib","time":1609705223,"event":{"mods":["BaseMod","Highlight Path","Minty Spire (QoL Compilation)","Shop Mod","StSLib"],"gold_per_floor":[111,111,36,36,111,111,126,126,126,126,141,166,166,97,97,97,97],"floor_reached":16,"playtime":763,"items_purged":["Strike_G"],"score":168,"play_id":"2164d50c-d7a2-49d9-8380-46033644a4f8","local_time":"20210103142023","is_ascension_mode":true,"campfire_choices":[{"data":"Neutralize","floor":6,"key":"SMITH"},{"data":"Phantasmal Killer","floor":8,"key":"SMITH"},{"floor":10,"key":"REST"},{"floor":15,"key":"REST"}],"circlet_count":0,"master_deck":["AscendersBane","Strike_G","Strike_G","Strike_G","Strike_G","Defend_G","Defend_G","Defend_G","Defend_G","Defend_G","Survivor","Neutralize+1","Phantasmal Killer+1","Burst","Accuracy+1"],"relics":["Ring of the Snake","Juzu Bracelet","Frozen Egg 2","Pantograph","Golden Idol"],"acts_visited":["Exordium"],"potions_floor_usage":[16],"damage_taken":[{"damage":2.0,"enemies":"2 Louse","floor":1.0,"turns":4.0},{"damage":2,"enemies":"Cultist","floor":7,"turns":5},{"damage":3,"enemies":"Small Slimes","floor":11,"turns":5},{"damage":46,"enemies":"Gremlin Nob","floor":12,"turns":6},{"damage":59,"enemies":"Slime Boss","floor":16,"turns":11}],"seed_played":"-7198304241486922798","potions_obtained":[{"floor":12,"key":"DuplicationPotion"}],"is_trial":false,"path_per_floor":["M","?","$","?","?","R","M","R","T","R","M","E","?","$","R","B"],"character_chosen":"THE_SILENT","items_purchased":["Accuracy+1"],"campfire_rested":2,"item_purchase_floors":[14],"current_hp_per_floor":[57,57,57,57,46,46,44,44,44,63,60,14,14,14,32,0,0],"gold":97,"neow_bonus":"ONE_RANDOM_RARE_CARD","is_daily":false,"chose_seed":false,"campfire_upgraded":2,"win_rate":0.0,"timestamp":1609705223,"path_taken":["M","?","?","?","?","R","M","R","T","R","M","E","?","$","R","BOSS"],"items_purchased_type":["Card"],"build_version":"2020-12-22","purchased_purges":1,"victory":false,"max_hp_per_floor":[66,66,66,66,66,66,66,66,66,66,66,66,60,60,60,60,60],"card_choices":[{"not_picked":["PiercingWail","Slice"],"picked":"Prepared","floor":1.0},{"not_picked":["Sucker Punch","Reflex","Skewer"],"picked":"SKIP","floor":7},{"not_picked":["Endless Agony","Cloak And Dagger","Acrobatics"],"picked":"SKIP","floor":11},{"not_picked":["Concentrate","Expertise"],"picked":"Burst","floor":12}],"player_experience":978839,"relics_obtained":[{"floor":9,"key":"Frozen Egg 2"},{"floor":12,"key":"Pantograph"}],"event_choices":[{"cards_removed":["Prepared"],"damage_healed":0.0,"max_hp_gain":0.0,"max_hp_loss":0.0,"gold_gain":0.0,"event_name":"WeMeetAgain","player_choice":"Gave Card","floor":2.0,"gold_loss":0.0,"damage_taken":0.0,"relics_obtained":["Juzu Bracelet"]},{"damage_healed":0,"gold_gain":0,"player_choice":"Fled","damage_taken":0,"max_hp_gain":0,"max_hp_loss":0,"event_name":"Scrap Ooze","floor":4,"gold_loss":0},{"damage_healed":0,"gold_gain":75,"player_choice":"Gather Gold","damage_taken":11,"max_hp_gain":0,"max_hp_loss":0,"event_name":"World of Goop","floor":5,"gold_loss":0},{"damage_healed":0,"gold_gain":0,"player_choice":"Lose Max HP","damage_taken":0,"relics_obtained":["Golden Idol"],"max_hp_gain":0,"max_hp_loss":6,"event_name":"Golden Idol","floor":13,"gold_loss":0}],"is_beta":false,"boss_relics":[],"items_purged_floors":[3],"is_endless":false,"potions_floor_spawned":[12],"killed_by":"Slime Boss","ascension_level":15}}