{"host":"newqdrzxfhh2im9e","time":1609717864,"event":{"mods":["AchievementEnabler","BaseMod","BetterRewards","Block Reminder","Colored Map","Jorbs\u0027s Wanderer Trilogy","Minty Spire (QoL Compilation)","Rare Cards Sparkle","Shop Mod","StSLib"],"gold_per_floor":[115,115,134,8,83,83,124,11,11,35,35,56,56,80,80,208,208,236,248,260,272,309,321,354,390,402,23,23,38,38,2,2,121,121,145,36,55,388,388,388],"floor_reached":39,"playtime":1232,"items_purged":["Shame"],"score":530,"play_id":"a7b97813-21f4-4123-a854-d0f1f5e6ad30","local_time":"20210103155104","is_ascension_mode":true,"campfire_choices":[{"data":"Hello World","floor":6.0,"key":"SMITH"},{"data":"Sunder","floor":13.0,"key":"SMITH"},{"floor":15.0,"key":"REST"},{"data":"Hyperbeam","floor":23.0,"key":"SMITH"},{"floor":28.0,"key":"REST"},{"data":"Apotheosis","floor":32.0,"key":"SMITH"}],"circlet_count":0,"master_deck":["Strike_B","Strike_B","Strike_B","Strike_B","Defend_B","Defend_B","Defend_B","Defend_B","Zap","Dualcast","Scrape","Gash","Hello World+1","Self Repair","Defragment","Sunder+1","Loop","Ball Lightning","Capacitor","Hyperbeam+1","CurseOfTheBell","Go for the Eyes","Rip and Tear+1","Defragment","Echo Form","Apotheosis+1","Loop","FTL","Creative AI","Compile Driver+1","Storm"],"relics":["Cracked Core","NeowsBlessing","Nunchaku","Bottled Flame","Calling Bell","MawBank","White Beast Statue","CaptainsWheel","Centennial Puzzle","Pear","Bag of Marbles","Omamori","Inserter"],"acts_visited":["Exordium","TheCity","TheBeyond"],"potions_floor_usage":[39,39],"damage_taken":[{"damage":0.0,"enemies":"2 Louse","floor":1.0,"turns":1.0},{"damage":0.0,"enemies":"Small Slimes","floor":3.0,"turns":1.0},{"damage":0.0,"enemies":"Gremlin Nob","floor":7.0,"turns":1.0},{"damage":12.0,"enemies":"Jaw Worm","floor":10.0,"turns":2.0},{"damage":17.0,"enemies":"Exordium Thugs","floor":12.0,"turns":4.0},{"damage":1.0,"enemies":"Looter","floor":14.0,"turns":2.0},{"damage":16.0,"enemies":"Slime Boss","floor":16.0,"turns":8.0},{"damage":39.0,"enemies":"Shell Parasite","floor":18.0,"turns":6.0},{"damage":12.0,"enemies":"Chosen","floor":22.0,"turns":4.0},{"damage":12.0,"enemies":"Sentry and Sphere","floor":24.0,"turns":4.0},{"damage":21.0,"enemies":"Snake Plant","floor":25.0,"turns":5.0},{"damage":10.0,"enemies":"Centurion and Healer","floor":29.0,"turns":2.0},{"damage":47.0,"enemies":"Champ","floor":33.0,"turns":9.0},{"damage":0.0,"enemies":"3 Darklings","floor":35.0,"turns":2.0},{"damage":30,"enemies":"Orb Walker","floor":37,"turns":3},{"damage":50,"enemies":"Transient","floor":39,"turns":4}],"seed_played":"783620757150386427","potions_obtained":[{"floor":10.0,"key":"EssenceOfDarkness"},{"floor":12.0,"key":"DuplicationPotion"},{"floor":16.0,"key":"Energy Potion"},{"floor":18.0,"key":"FocusPotion"},{"floor":22.0,"key":"Weak Potion"},{"floor":24.0,"key":"SkillPotion"},{"floor":25.0,"key":"ColorlessPotion"},{"floor":29.0,"key":"Block Potion"},{"floor":33.0,"key":"Swift Potion"},{"floor":35,"key":"Swift Potion"},{"floor":37,"key":"FearPotion"}],"is_trial":false,"path_per_floor":["M","?","M","$","?","R","E","$","T","M","$","M","R","M","R","B",null,"M","?","$","?","M","R","M","M","T","$","R","M","?","$","R","B",null,"M","$","M","?","M"],"character_chosen":"DEFECT","items_purchased":["Hello World","Fire Potion","Defragment","Sunder","Bag of Marbles","Apotheosis","Fire Potion","FTL","Storm"],"campfire_rested":2,"item_purchase_floors":[4,4,8,8,27,27,27,31,36],"current_hp_per_floor":[75,57,57,57,46,46,46,46,46,41,41,31,31,37,59,50,69,37,62,62,62,57,57,45,31,41,41,66,56,56,56,56,16,68,68,68,45,45,0,0],"gold":388,"neow_bonus":"THREE_ENEMY_KILL","is_daily":false,"chose_seed":false,"campfire_upgraded":4,"win_rate":0.0,"timestamp":1609717864,"path_taken":["M","?","M","$","?","R","E","?","T","M","$","M","R","?","R","BOSS","M","?","$","?","M","R","M","M","T","$","R","M","?","$","R","BOSS","M","$","M","?","M"],"items_purchased_type":["Card","Potion","Card","Card","Relic","Card","Potion","Card","Card"],"build_version":"2020-12-22","purchased_purges":1,"victory":false,"max_hp_per_floor":[75,75,75,75,75,75,75,75,75,75,75,75,75,75,75,75,75,75,75,75,75,75,75,75,75,85,85,85,85,85,85,85,85,85,85,85,85,85,85,85],"card_choices":[{"not_picked":["Streamline","Beam Cell"],"picked":"Scrape","floor":1.0},{"not_picked":["Stack","Turbo"],"picked":"Gash","floor":3.0},{"not_picked":["Hologram","Buffer"],"picked":"Self Repair","floor":7.0},{"not_picked":["Steam","Ball Lightning"],"picked":"Loop","floor":10.0},{"not_picked":["Conserve Battery","Steam"],"picked":"Ball Lightning","floor":12.0},{"not_picked":["Fusion","Doom and Gloom"],"picked":"Capacitor","floor":14.0},{"not_picked":["Seek","Multi-Cast"],"picked":"Hyperbeam","floor":16.0},{"not_picked":["Steam","Rebound"],"picked":"Go for the Eyes","floor":18.0},{"not_picked":["Rebound","Barrage"],"picked":"Rip and Tear+1","floor":22.0},{"not_picked":["Redo+1","Scrape"],"picked":"Defragment","floor":24.0},{"not_picked":["Ball Lightning","Static Discharge"],"picked":"Echo Form","floor":25.0},{"not_picked":["Go for the Eyes","Ball Lightning+1"],"picked":"Loop","floor":29.0},{"not_picked":["Echo Form","Thunder Strike"],"picked":"Creative AI","floor":33.0},{"not_picked":["Recycle","Stack"],"picked":"Compile Driver+1","floor":35},{"not_picked":["Scrape","Coolheaded+1","Compile Driver"],"picked":"SKIP","floor":37}],"player_experience":677896,"relics_obtained":[{"floor":7.0,"key":"Nunchaku"},{"floor":9.0,"key":"Bottled Flame"},{"floor":17.0,"key":"MawBank"},{"floor":17.0,"key":"White Beast Statue"},{"floor":17.0,"key":"CaptainsWheel"},{"floor":26.0,"key":"Pear"}],"event_choices":[{"damage_healed":0.0,"max_hp_gain":0.0,"max_hp_loss":0.0,"gold_gain":0.0,"event_name":"Golden Idol","player_choice":"Take Damage","floor":2.0,"gold_loss":0.0,"damage_taken":18.0,"relics_obtained":["Golden Idol"]},{"damage_healed":0.0,"max_hp_gain":0.0,"max_hp_loss":0.0,"gold_gain":75.0,"event_name":"World of Goop","player_choice":"Gather Gold","floor":5.0,"gold_loss":0.0,"damage_taken":11.0},{"damage_healed":25.0,"max_hp_gain":0.0,"max_hp_loss":0.0,"gold_gain":0.0,"event_name":"The Library","player_choice":"Heal","floor":19.0,"gold_loss":0.0,"damage_taken":0.0},{"damage_healed":0.0,"max_hp_gain":0.0,"max_hp_loss":0.0,"gold_gain":0.0,"event_name":"The Mausoleum","player_choice":"Opened","floor":21.0,"gold_loss":0.0,"damage_taken":0.0,"relics_obtained":["Centennial Puzzle"]},{"damage_healed":0.0,"max_hp_gain":0.0,"max_hp_loss":0.0,"gold_gain":0.0,"event_name":"Addict","player_choice":"Stole Relic","floor":30.0,"gold_loss":0.0,"damage_taken":0.0,"relics_obtained":["Omamori"],"cards_obtained":["Shame"]},{"damage_healed":0,"gold_gain":333,"player_choice":"Gave Idol","damage_taken":0,"max_hp_gain":0,"max_hp_loss":0,"event_name":"The Moai Head","floor":38,"relics_lost":["Golden Idol"],"gold_loss":0}],"is_beta":false,"boss_relics":[{"not_picked":["Busted Crown","Ectoplasm"],"picked":"Calling Bell"},{"not_picked":["Tiny House","SacredBark"],"picked":"Inserter"}],"items_purged_floors":[36],"is_endless":false,"potions_floor_spawned":[10,12,16,18,22,24,25,29,33,35,37],"killed_by":"Transient","ascension_level":5}}