{"host":"x52zk6e1f2bye2h7","time":1609707042,"event":{"mods":["AchievementEnabler","BaseMod","Highlight Path","Minty Spire (QoL Compilation)","everything is the same but u backflip on backflip"],"gold_per_floor":[217,217,233,243,318,349,349,349,349,368,379,379,379],"floor_reached":12,"playtime":883,"items_purged":[],"score":80,"play_id":"72141b3f-6041-46b4-a9a4-2633b0d40363","local_time":"20210103205042","is_ascension_mode":false,"campfire_choices":[{"data":"LikeWater","floor":8,"key":"SMITH"}],"circlet_count":0,"master_deck":["Strike_P","Strike_P","Strike_P","Defend_P","Defend_P","Defend_P","Eruption","Vigilance","Vengeance","LikeWater+1","CrushJoints","Adaptation"],"relics":["PureWater","The Courier","Bottled Tornado"],"acts_visited":["Exordium"],"potions_floor_usage":[6,12],"damage_taken":[{"damage":0,"enemies":"Small Slimes","floor":1,"turns":2},{"damage":1,"enemies":"Jaw Worm","floor":3,"turns":4},{"damage":2,"enemies":"2 Louse","floor":4,"turns":4},{"damage":21,"enemies":"3 Sentries","floor":6,"turns":9},{"damage":0,"enemies":"Red Slaver","floor":10,"turns":4},{"damage":7,"enemies":"Blue Slaver","floor":11,"turns":5},{"damage":52,"enemies":"Gremlin Nob","floor":12,"turns":5}],"seed_played":"-4186929417782693483","potions_obtained":[{"floor":1,"key":"LiquidMemories"},{"floor":11,"key":"SpeedPotion"}],"is_trial":false,"path_per_floor":["M","?","M","M","?","E","?","R","T","M","M","E"],"character_chosen":"WATCHER","items_purchased":[],"campfire_rested":0,"item_purchase_floors":[],"current_hp_per_floor":[72,65,64,62,51,30,30,30,30,30,23,0,0],"gold":379,"neow_bonus":"HUNDRED_GOLD","is_daily":false,"chose_seed":false,"campfire_upgraded":1,"win_rate":0.0,"timestamp":1609707042,"path_taken":["M","?","M","M","?","E","?","R","T","M","M","E"],"items_purchased_type":[],"build_version":"2020-12-22","purchased_purges":0,"victory":false,"max_hp_per_floor":[72,72,72,72,72,72,72,72,72,72,72,72,72],"card_choices":[{"not_picked":["Weave","Prostrate"],"picked":"Vengeance","floor":1},{"not_picked":["Worship","Evaluate"],"picked":"LikeWater","floor":3},{"not_picked":["ReachHeaven","EmptyFist"],"picked":"CrushJoints","floor":4},{"not_picked":["ThirdEye","Consecrate","Nirvana"],"picked":"SKIP","floor":6},{"not_picked":["Swivel","ThirdEye"],"picked":"Adaptation","floor":10},{"not_picked":["SandsOfTime","Study","FlyingSleeves"],"picked":"SKIP","floor":11}],"player_experience":57759,"relics_obtained":[{"floor":6,"key":"The Courier"},{"floor":9,"key":"Bottled Tornado"}],"event_choices":[{"cards_removed":["Strike_P"],"damage_healed":0,"gold_gain":0,"player_choice":"Card Removal","damage_taken":7,"max_hp_gain":0,"max_hp_loss":0,"event_name":"Golden Wing","floor":2,"gold_loss":0},{"damage_healed":0,"gold_gain":75,"player_choice":"Gather Gold","damage_taken":11,"max_hp_gain":0,"max_hp_loss":0,"event_name":"World of Goop","floor":5,"gold_loss":0},{"cards_removed":["Defend_P"],"damage_healed":0,"gold_gain":0,"player_choice":"Offered Basic","damage_taken":0,"max_hp_gain":0,"max_hp_loss":0,"event_name":"Bonfire Elementals","floor":7,"gold_loss":0}],"is_beta":false,"boss_relics":[],"items_purged_floors":[],"is_endless":false,"potions_floor_spawned":[1,11],"killed_by":"Gremlin Nob","ascension_level":0}}