{"host":"bg8va46pgqgvtzim","time":1609649517,"event":{"mods":["BaseMod","Minty Spire (QoL Compilation)","Quick Restart","StSLib","SuperFastMode"],"gold_per_floor":[114,127,143,162,176,176,208,221,297,327,327,345,345,270,270,371,371,384,401,401,415,429,464,464,464,764,764,797,797,824,840,840,944,944,954,954,854,873,888,917,917,917,917,944,956,986,1002,1029,1029,1029,1029,1029,198,225,225],"floor_reached":56,"playtime":1629,"items_purged":["Defend_P","Strike_P","Strike_P+1"],"score":1521,"play_id":"0068a4f4-e38f-4f80-be7c-6dcc8ff33f3a","local_time":"20210103125157","is_ascension_mode":true,"campfire_choices":[{"data":"Eruption","floor":6.0,"key":"SMITH"},{"data":"CrushJoints","floor":11.0,"key":"SMITH"},{"data":"TalkToTheHand","floor":13.0,"key":"SMITH"},{"data":"1","floor":15.0,"key":"LIFT"},{"data":"2","floor":24.0,"key":"LIFT"},{"data":"Prostrate","floor":27.0,"key":"SMITH"},{"floor":29.0,"key":"REST"},{"floor":32.0,"key":"REST"},{"data":"3","floor":41,"key":"LIFT"},{"floor":49,"key":"RECALL"},{"data":"MasterReality","floor":52,"key":"SMITH"}],"circlet_count":0,"master_deck":["Strike_P+1","Strike_P+1","Defend_P+1","Defend_P+1","Defend_P+1","Eruption+1","Vigilance+1","MasterReality+1","FearNoEvil","CrushJoints+1","Evaluate+1","Brilliance+1","BowlingBash+1","TalkToTheHand+1","LessonLearned+1","Tantrum+1","Adaptation+1","Prostrate+1","Halt+1","FlurryOfBlows+1","Master of Strategy+1","Secret Technique+1","TalkToTheHand+1","Meditate+1","EmptyMind+1","Pray+1"],"relics":["PureWater","Letter Opener","Girya","Runic Pyramid","Nilry\u0027s Codex","Gambling Chip","Old Coin","MealTicket","Mercury Hourglass","VioletLotus","Toxic Egg 2","Pear","Bottled Tornado","CloakClasp","Smiling Mask","Sundial","Bird Faced Urn","Sling","Lantern"],"acts_visited":["Exordium","TheCity","TheBeyond","TheEnding"],"potions_floor_usage":[44,55,55,55],"damage_taken":[{"damage":0.0,"enemies":"2 Louse","floor":1.0,"turns":2.0},{"damage":6.0,"enemies":"Jaw Worm","floor":2.0,"turns":3.0},{"damage":0.0,"enemies":"Small Slimes","floor":3.0,"turns":4.0},{"damage":0.0,"enemies":"Looter","floor":4.0,"turns":4.0},{"damage":3.0,"enemies":"Red Slaver","floor":5.0,"turns":4.0},{"damage":27.0,"enemies":"Lagavulin","floor":7.0,"turns":8.0},{"damage":1.0,"enemies":"2 Fungi Beasts","floor":8.0,"turns":3.0},{"damage":27.0,"enemies":"3 Sentries","floor":10.0,"turns":6.0},{"damage":0.0,"enemies":"Large Slime","floor":12.0,"turns":3.0},{"damage":5.0,"enemies":"Hexaghost","floor":16.0,"turns":7.0},{"damage":10.0,"enemies":"Shell Parasite","floor":18.0,"turns":4.0},{"damage":2.0,"enemies":"2 Thieves","floor":19.0,"turns":3.0},{"damage":0.0,"enemies":"Centurion and Healer","floor":21.0,"turns":3.0},{"damage":0.0,"enemies":"Snake Plant","floor":22.0,"turns":2.0},{"damage":13.0,"enemies":"Slavers","floor":23.0,"turns":5.0},{"damage":0.0,"enemies":"Book of Stabbing","floor":28.0,"turns":4.0},{"damage":27.0,"enemies":"Slavers","floor":30.0,"turns":4.0},{"damage":4.0,"enemies":"3 Cultists","floor":31.0,"turns":3.0},{"damage":41.0,"enemies":"Automaton","floor":33.0,"turns":6.0},{"damage":1,"enemies":"3 Darklings","floor":35,"turns":4},{"damage":0,"enemies":"3 Shapes","floor":38,"turns":2},{"damage":5,"enemies":"Sphere and 2 Shapes","floor":39,"turns":2},{"damage":16,"enemies":"Nemesis","floor":40,"turns":3},{"damage":0,"enemies":"Reptomancer","floor":44,"turns":2},{"damage":0,"enemies":"Transient","floor":45,"turns":5},{"damage":0,"enemies":"Nemesis","floor":46,"turns":3},{"damage":0,"enemies":"Writhing Mass","floor":47,"turns":3},{"damage":0,"enemies":"Giant Head","floor":48,"turns":3},{"damage":40,"enemies":"Awakened One","floor":50,"turns":8},{"damage":13,"enemies":"Shield and Spear","floor":54,"turns":3},{"damage":42,"enemies":"The Heart","floor":55,"turns":6}],"seed_played":"-2160466555910644392","potions_obtained":[{"floor":1.0,"key":"FairyPotion"},{"floor":2.0,"key":"GamblersBrew"},{"floor":4.0,"key":"SpeedPotion"},{"floor":10.0,"key":"EssenceOfSteel"},{"floor":18.0,"key":"BlessingOfTheForge"},{"floor":23.0,"key":"SpeedPotion"},{"floor":28.0,"key":"BlessingOfTheForge"},{"floor":30.0,"key":"Strength Potion"},{"floor":38,"key":"Swift Potion"},{"floor":44,"key":"Ancient Potion"},{"floor":45,"key":"BottledMiracle"}],"is_trial":false,"path_per_floor":["M","M","M","M","M","R","E","M","T","E","R","M","R","$","R","B",null,"M","M","?","M","M","E","R","?","T","R","E","R","E","M","R","B",null,"M","?","$","M","M","E","R","?","T","E","M","E","M","E","R","B",null,"R","$","E","B",null],"character_chosen":"WATCHER","items_purchased":["Sundial","Pray+1","Bird Faced Urn","Sling"],"campfire_rested":2,"item_purchase_floors":[53,53,53,53],"current_hp_per_floor":[51,45,45,45,42,42,15,14,14,21,21,21,21,21,21,16,72,62,60,44,44,44,31,31,31,31,31,31,52,25,21,42,1,72,71,61,72,72,67,51,51,51,61,61,61,61,61,61,61,21,82,82,82,69,31],"gold":225,"neow_bonus":"THREE_RARE_CARDS","is_daily":false,"chose_seed":false,"campfire_upgraded":5,"win_rate":0.0,"timestamp":1609649517,"path_taken":["M","M","M","M","M","R","E","M","T","E","R","M","R","$","R","BOSS","M","M","?","M","M","E","R","?","T","R","E","R","E","M","R","BOSS","M","?","$","M","M","E","R","?","T","E","M","E","M","E","R","BOSS","R","$","E","BOSS"],"items_purchased_type":["Relic","Card","Relic","Relic"],"build_version":"2020-12-22","purchased_purges":3,"victory":true,"max_hp_per_floor":[72,72,72,72,72,72,72,72,72,72,72,72,72,72,72,72,72,72,72,72,72,72,72,72,72,72,72,72,72,72,72,72,72,72,72,72,72,72,72,72,72,72,82,82,82,82,82,82,82,82,82,82,82,82,82],"card_choices":[{"not_picked":["Devotion","Alpha"],"picked":"MasterReality","floor":0.0},{"not_picked":["FlyingSleeves","MentalFortress"],"picked":"FearNoEvil","floor":1.0},{"not_picked":["EmptyFist","SashWhip","Nirvana"],"picked":"SKIP","floor":2.0},{"not_picked":["Nirvana","EmptyBody","Weave"],"picked":"SKIP","floor":3.0},{"not_picked":["Sanctity","Worship"],"picked":"CrushJoints","floor":4.0},{"not_picked":["Weave","Prostrate"],"picked":"Evaluate","floor":5.0},{"not_picked":["Protect","Wallop"],"picked":"Brilliance","floor":7.0},{"not_picked":["Protect","SashWhip","CrushJoints"],"picked":"SKIP","floor":8.0},{"not_picked":["Weave","Study"],"picked":"BowlingBash","floor":10.0},{"not_picked":["Worship","Collect"],"picked":"TalkToTheHand","floor":12.0},{"not_picked":["Establishment","Brilliance"],"picked":"LessonLearned","floor":16.0},{"not_picked":["Wireheading","Nirvana","FlyingSleeves+1"],"picked":"SKIP","floor":18.0},{"not_picked":["EmptyFist+1","SashWhip"],"picked":"Tantrum","floor":19.0},{"not_picked":["FlurryOfBlows+1","CrushJoints"],"picked":"Adaptation","floor":21.0},{"not_picked":["FearNoEvil+1","ThirdEye"],"picked":"Prostrate","floor":22.0},{"not_picked":["Vengeance","Evaluate"],"picked":"Halt","floor":23.0},{"not_picked":["WindmillStrike","Consecrate"],"picked":"FlurryOfBlows","floor":28.0},{"not_picked":["FlyingSleeves","ThirdEye","Protect"],"picked":"SKIP","floor":30.0},{"not_picked":["WreathOfFlame","Protect","Consecrate+1"],"picked":"SKIP","floor":31.0},{"not_picked":["Nirvana","SashWhip","BattleHymn"],"picked":"SKIP","floor":35},{"not_picked":["Violence","Deep Breath"],"picked":"Master of Strategy","floor":36},{"not_picked":["Good Instincts","Mind Blast"],"picked":"Secret Technique","floor":36},{"not_picked":["Halt","Consecrate","Protect"],"picked":"SKIP","floor":38},{"not_picked":["SignatureMove","BowlingBash","PathToVictory"],"picked":"SKIP","floor":39},{"not_picked":["CutThroughFate+1","ThirdEye+1"],"picked":"TalkToTheHand+1","floor":40},{"not_picked":["Tantrum+1","Crescendo+1","ConjureBlade+1"],"picked":"SKIP","floor":44},{"not_picked":["Halt+1","EmptyFist+1","FlyingSleeves"],"picked":"SKIP","floor":45},{"not_picked":["FlyingSleeves+1","FollowUp","Blasphemy+1"],"picked":"SKIP","floor":46},{"not_picked":["FollowUp+1","Meditate+1","BowlingBash+1"],"picked":"SKIP","floor":47},{"not_picked":["FollowUp+1","BowlingBash+1"],"picked":"Meditate+1","floor":47},{"not_picked":["FearNoEvil","Crescendo+1"],"picked":"EmptyMind+1","floor":48},{"not_picked":["CutThroughFate","SashWhip+1","EmptyFist+1"],"picked":"SKIP","floor":54}],"player_experience":2227095,"relics_obtained":[{"floor":7.0,"key":"Letter Opener"},{"floor":10.0,"key":"Girya"},{"floor":20.0,"key":"Nilry\u0027s Codex"},{"floor":23.0,"key":"Gambling Chip"},{"floor":26.0,"key":"Old Coin"},{"floor":28.0,"key":"MealTicket"},{"floor":30.0,"key":"Mercury Hourglass"},{"floor":40,"key":"Toxic Egg 2"},{"floor":43,"key":"Pear"},{"floor":44,"key":"Bottled Tornado"},{"floor":46,"key":"CloakClasp"},{"floor":48,"key":"Smiling Mask"},{"floor":54,"key":"Lantern"}],"event_choices":[{"damage_healed":0.0,"max_hp_gain":0.0,"max_hp_loss":0.0,"gold_gain":0.0,"event_name":"Cursed Tome","player_choice":"Obtained Book","floor":20.0,"gold_loss":0.0,"damage_taken":16.0},{"damage_healed":0.0,"max_hp_gain":0.0,"max_hp_loss":0.0,"gold_gain":0.0,"event_name":"The Mausoleum","player_choice":"Ignored","floor":25.0,"gold_loss":0.0,"damage_taken":0.0},{"damage_healed":0,"gold_gain":0,"player_choice":"Memory 3","damage_taken":10,"max_hp_gain":0,"max_hp_loss":0,"event_name":"SensoryStone","floor":36,"gold_loss":0},{"damage_healed":0,"gold_gain":0,"player_choice":"Ignored","damage_taken":0,"max_hp_gain":0,"max_hp_loss":0,"event_name":"Tomb of Lord Red Mask","floor":42,"gold_loss":0}],"is_beta":false,"boss_relics":[{"not_picked":["Velvet Choker","Black Star"],"picked":"Runic Pyramid"},{"not_picked":["HolyWater","SlaversCollar"],"picked":"VioletLotus"}],"items_purged_floors":[14,37,53],"is_endless":false,"potions_floor_spawned":[1,2,4,8,10,18,23,28,30,31,35,38,44,45,54],"ascension_level":1}}