{"host":"gx7yyrn1gkym3qpb","time":1609686350,"event":{"mods":["AchievementEnabler","BaseMod","Better Altar","Better Match","Better Note","Better Sensory Stone","Better Skull","Better Third Choice","Highlight Path","Minty Spire (QoL Compilation)","Permanent Neow","Quick Restart","StSLib","Unceasing Turn Reminder"],"gold_per_floor":[114,128,145,28,45,78,78,112,138,169,94,94,117,117,117,191,191,205,205,205,130,130],"floor_reached":21,"playtime":1935,"items_purged":["Strike_G"],"score":351,"play_id":"a64c52ed-c913-4ab4-9df3-c418db9d3aa7","local_time":"20210103100550","is_ascension_mode":true,"campfire_choices":[{"data":"A Thousand Cuts","floor":7,"key":"SMITH"},{"floor":12,"key":"REST"},{"data":"Well Laid Plans","floor":15,"key":"SMITH"}],"circlet_count":0,"master_deck":["AscendersBane","Strike_G","Strike_G","Defend_G","Defend_G","Defend_G","Defend_G","Survivor","Neutralize","Malaise+1","All Out Attack","Flying Knee","Footwork","Underhanded Strike","A Thousand Cuts+1","Well Laid Plans+1","Malaise"],"relics":["Ring of the Snake","Lizard Tail","Snake Skull","Omamori","Bag of Marbles","Odd Mushroom","Snecko Eye"],"acts_visited":["Exordium","TheCity"],"potions_floor_usage":[8,10,16],"damage_taken":[{"damage":12,"enemies":"Jaw Worm","floor":1,"turns":10},{"damage":0,"enemies":"Small Slimes","floor":2,"turns":3},{"damage":0,"enemies":"2 Louse","floor":3,"turns":2},{"damage":1,"enemies":"2 Fungi Beasts","floor":5,"turns":5},{"damage":29,"enemies":"Gremlin Nob","floor":6,"turns":5},{"damage":10,"enemies":"3 Sentries","floor":8,"turns":7},{"damage":9,"enemies":"Lagavulin","floor":10,"turns":10},{"damage":7,"enemies":"The Mushroom Lair","floor":13,"turns":3},{"damage":12,"enemies":"The Guardian","floor":16,"turns":14},{"damage":2,"enemies":"Spheric Guardian","floor":18,"turns":8},{"damage":15,"enemies":"2 Thieves","floor":21,"turns":4}],"seed_played":"8621417203209493599","potions_obtained":[{"floor":2,"key":"BlessingOfTheForge"},{"floor":8,"key":"Fruit Juice"},{"floor":13,"key":"Block Potion"},{"floor":16,"key":"SneckoOil"}],"is_trial":false,"path_per_floor":["M","M","M","$","M","E","R","E","T","E","?","R","?","?","R","B",null,"M","?","?","M"],"character_chosen":"THE_SILENT","items_purchased":["Footwork"],"campfire_rested":1,"item_purchase_floors":[4],"current_hp_per_floor":[47,47,47,47,46,17,17,7,7,3,3,24,17,17,17,5,55,53,53,53,38,38],"gold":130,"neow_bonus":"ONE_RANDOM_RARE_CARD","is_daily":false,"chose_seed":false,"campfire_upgraded":2,"win_rate":0.0,"timestamp":1609686350,"path_taken":["M","M","M","$","M","E","R","E","T","E","?","R","?","?","R","BOSS","M","?","?","M"],"items_purchased_type":["Card"],"build_version":"2020-12-22","purchased_purges":1,"victory":false,"max_hp_per_floor":[66,66,66,66,66,66,66,66,66,71,71,71,71,71,71,71,71,71,71,71,71,71],"card_choices":[{"not_picked":["Underhanded Strike","Poisoned Stab"],"picked":"All Out Attack","floor":1},{"not_picked":["Expertise","Dodge and Roll","Accuracy"],"picked":"SKIP","floor":2},{"not_picked":["Slice","Underhanded Strike"],"picked":"Flying Knee","floor":3},{"not_picked":["Dodge and Roll","Grand Finale"],"picked":"Underhanded Strike","floor":5},{"not_picked":["Deadly Poison","Caltrops"],"picked":"A Thousand Cuts","floor":6},{"not_picked":["Sucker Punch","Outmaneuver"],"picked":"Well Laid Plans","floor":8},{"not_picked":["Sucker Punch","Infinite Blades","Backflip"],"picked":"SKIP","floor":10},{"not_picked":["Grand Finale","Die Die Die"],"picked":"Malaise","floor":16},{"not_picked":["Underhanded Strike","Dagger Spray","Blade Dance"],"picked":"SKIP","floor":18}],"player_experience":378957,"relics_obtained":[{"floor":6,"key":"Lizard Tail"},{"floor":8,"key":"Snake Skull"},{"floor":9,"key":"Omamori"},{"floor":10,"key":"Bag of Marbles"},{"floor":13,"key":"Odd Mushroom"}],"event_choices":[{"cards_removed":["Strike_G"],"damage_healed":0,"gold_gain":0,"player_choice":"Card Removal","damage_taken":0,"max_hp_gain":0,"max_hp_loss":0,"event_name":"The Cleric","floor":11,"gold_loss":75},{"damage_healed":0,"gold_gain":0,"player_choice":"Fought Mushrooms","damage_taken":0,"max_hp_gain":0,"max_hp_loss":0,"event_name":"Mushrooms","floor":13,"gold_loss":0},{"damage_healed":0,"gold_gain":0,"player_choice":"Grow","damage_taken":0,"max_hp_gain":0,"max_hp_loss":0,"event_name":"Living Wall","floor":14,"gold_loss":0,"cards_upgraded":["Malaise"]},{"cards_removed":["Strike_G"],"damage_healed":0,"gold_gain":0,"player_choice":"Offered Basic","damage_taken":0,"max_hp_gain":0,"max_hp_loss":0,"event_name":"Bonfire Elementals","floor":19,"gold_loss":0},{"cards_removed":["Defend_G"],"damage_healed":0,"gold_gain":0,"player_choice":"Purged","damage_taken":0,"max_hp_gain":0,"max_hp_loss":0,"event_name":"Purifier","floor":20,"gold_loss":0}],"is_beta":false,"boss_relics":[{"not_picked":["Sozu","Philosopher\u0027s Stone"],"picked":"Snecko Eye"}],"items_purged_floors":[4],"is_endless":false,"potions_floor_spawned":[2,8,13,16],"killed_by":"2 Thieves","ascension_level":16}}