{"host":"px2oznrenyeljk7o","time":1609686993,"event":{"mods":["A Magickal Journey","AchievementEnabler","Arknights The Spire","BaseMod","Better Altar","Better Match","Better Note","Better Sensory Stone","Better Third Choice","Conspire","Curses Come First","GifTheSpireLib","GungeonMod","Hermit","Koishi","Lobotomy","LobotomyExtend","Minty Spire (QoL Compilation)","Nova Terra(??·??)","Potionbrewer","Reimu??????","Replay The Spire","Robot Space Explorer","Small Relic Pack","Somnambulant","Spicy Shops","StSLib","Stuff the Spire","The Administrix","The Alterego","The Blackbeard","The Blue Laboratory","The Bug Knight","The Construct","The Cursed","The Disciple","The Gatherer","The Hayseed","The Hierophant","The Jungle","The Marked","The Poker Player","The Runesmith","Yakumo Yukari mod","Yuri Mod","everything is the same but u backflip on backflip","slay the spire mod where everything is the same but ironclad has a cowboy hat"],"gold_per_floor":[117,135,152,164,175,175,49,49,49,0,0,16,16,50,50,153,153,165,165,165,165,165],"floor_reached":21,"playtime":2547,"items_purged":[],"score":179,"play_id":"b0dd32d4-8574-41b4-9af4-777b818adf98","local_time":"20210103161633","is_ascension_mode":false,"campfire_choices":[{"floor":6,"key":"REST"},{"floor":8,"key":"REST"},{"floor":13,"key":"REST"},{"floor":15,"key":"REST"}],"circlet_count":0,"master_deck":["ats:Strike C","ats:Strike G","ats:Strike S","ats:Strike V","ats:Armor Crushing Shot","ats:Defend","ats:Defend","ats:Defend","ats:Defend","ats:Emotion Absorption+1","ats:Directed Diagnosis","ats:Childhood Dance","ats:Roar Of Ursus","ats:Sunburst","ats:Thorns","ats:Part Time Job","ats:Charging Defense+1","ats:Assault Order","ats:Powerful Strike","ats:Hammer On","ats:Calcification","ats:Spore Proliferation","PiercingWail","Writhe"],"relics":["ats:Sanity","LetterFromLob","DemoMod:MonsterBlood","ats:Originium","conspire:Dentures","Black Star","Shovel"],"acts_visited":["Exordium","Exordium"],"potions_floor_usage":[12,14],"damage_taken":[{"damage":0,"enemies":"2 Louse","floor":1,"turns":3},{"damage":9,"enemies":"Jaw Worm","floor":2,"turns":4},{"damage":4,"enemies":"conspire:RoseBush","floor":3,"turns":5},{"damage":20,"enemies":"Exordium Wildlife","floor":4,"turns":8},{"damage":11,"enemies":"conspire:2 RoseBushes","floor":5,"turns":6},{"damage":15,"enemies":"Exordium Thugs","floor":12,"turns":6},{"damage":41,"enemies":"Gremlin Nob","floor":14,"turns":5},{"damage":56,"enemies":"Fading Forest","floor":16,"turns":11},{"damage":45,"enemies":"Shell Parasite","floor":18,"turns":9},{"damage":80,"enemies":"theJungle:GiantWrat","floor":21,"turns":10}],"seed_played":"-6747012883914893813","potions_obtained":[{"floor":2,"key":"Swift Potion"},{"floor":4,"key":"blueLaboratory:SavagePotion"},{"floor":5,"key":"SteroidPotion"}],"is_trial":false,"path_per_floor":["M","M","M","M","M","R","$","R","T","$","?","M","R","E","R","B",null,"M","?","?","M"],"character_chosen":"DOCTOR_CLASS","items_purchased":["ats:Part Time Job","ats:Charging Defense+1","ats:Assault Order"],"campfire_rested":4,"item_purchase_floors":[7,7,10],"current_hp_per_floor":[72,63,61,45,36,57,57,72,79,79,79,64,79,41,64,26,79,57,57,57,0,0],"gold":165,"neow_bonus":"UPGRADE_CARD","is_daily":false,"chose_seed":false,"campfire_upgraded":0,"win_rate":0.0,"timestamp":1609686993,"path_taken":["M","M","M","M","M","R","$","R","T","$","?","M","R","E","R","BOSS","M","?","?","M"],"items_purchased_type":["Card","Card","Card"],"build_version":"2020-12-22","purchased_purges":0,"victory":false,"max_hp_per_floor":[72,72,72,72,72,72,72,72,79,79,79,79,79,79,79,79,79,79,79,79,79,79],"card_choices":[{"not_picked":["ats:Ignite","ats:Flexible Camouflage"],"picked":"ats:Directed Diagnosis","floor":1},{"not_picked":["ats:Consecutive Shot Auto","ats:Song Of Battle"],"picked":"ats:Childhood Dance","floor":2},{"not_picked":["ats:Curse Doll","ats:Sunburst"],"picked":"ats:Roar Of Ursus","floor":3},{"not_picked":["ats:Explosion Area Strengthen","ats:Neurotoxin"],"picked":"ats:Sunburst","floor":4},{"not_picked":["ats:Childhood Dance","ats:Soul Absorption"],"picked":"ats:Thorns","floor":5},{"not_picked":["ats:Hook Shot","ats:Leaping Hammer"],"picked":"ats:Powerful Strike","floor":12},{"not_picked":["ats:Poison Spread","ats:Shadow Assault"],"picked":"ats:Hammer On","floor":14},{"not_picked":["ats:Durian","ats:Nebulous Foxfire"],"picked":"ats:Calcification","floor":16},{"not_picked":["ats:Powerful Strike+1","ats:Poison Spread"],"picked":"ats:Spore Proliferation","floor":18}],"player_experience":425805,"relics_obtained":[{"floor":1,"key":"LetterFromLob"},{"floor":9,"key":"DemoMod:MonsterBlood"},{"floor":14,"key":"ats:Originium"},{"floor":14,"key":"conspire:Dentures"}],"event_choices":[{"cards_removed":["ats:Calcification"],"damage_healed":0,"gold_gain":0,"player_choice":"Take \u0026 Give","damage_taken":0,"max_hp_gain":0,"max_hp_loss":0,"event_name":"betterNote:BetterNote","floor":19,"gold_loss":0,"cards_obtained":["PiercingWail"]}],"is_beta":false,"boss_relics":[{"not_picked":["Replay:Grab Bag","Replay:Ancient Bell"],"picked":"Black Star"}],"items_purged_floors":[],"is_endless":false,"potions_floor_spawned":[2,4,5],"killed_by":"theJungle:GiantWrat","ascension_level":0}}