{"host":"if46sxignvy4ka0k","time":1609651758,"event":{"mods":["BaseMod","Minty Spire (QoL Compilation)","StSLib","The Cursed"],"gold_per_floor":[114,127,39,50,64,28,58,2,80,97,109,135,135,135,135,237,237,251,266,365,365,162,162,196,196,245,245,270,270,270],"floor_reached":29,"playtime":1378,"items_purged":[],"score":296,"play_id":"4df62e29-79eb-4284-80e0-059500f4a8e1","local_time":"20210102232918","is_ascension_mode":false,"campfire_choices":[{"floor":15,"key":"REST"},{"data":"TheCursedMod:CollectTribute","floor":23,"key":"SMITH"}],"circlet_count":0,"master_deck":["TheCursedMod:Strike_TheCursed","TheCursedMod:Strike_TheCursed","TheCursedMod:Strike_TheCursed","TheCursedMod:Defend_TheCursed","TheCursedMod:Defend_TheCursed","TheCursedMod:Defend_TheCursed","TheCursedMod:Defend_TheCursed","TheCursedMod:CursedWand","TheCursedMod:CleanUpWorkshop","TheCursedMod:Dregs","Doubt","TheCursedMod:Obscuration+1","TheCursedMod:ReleasedStrength","TheCursedMod:HellfireBreathing","TheCursedMod:CursedBlade","TheCursedMod:SpitefulPlan","TheCursedMod:CircleOfCorruption+1","TheCursedMod:CursedStaff","TheCursedMod:CursedBlade","TheCursedMod:StingEye","TheCursedMod:WearCloak","TheCursedMod:WearCloak","TheCursedMod:VoidForm","TheCursedMod:Torture+1","TheCursedMod:WearCloak","TheCursedMod:CollectTribute+1","TheCursedMod:SmokeScreen"],"relics":["TheCursedMod:BlackMagicAdvanced","Ginger","Vajra","Pear","TheCursedMod:SoulVessel","PreservedInsect","Nilry\u0027s Codex","Art of War"],"acts_visited":["Exordium","TheCity"],"potions_floor_usage":[7,12,16,19],"damage_taken":[{"damage":0,"enemies":"2 Louse","floor":1,"turns":3},{"damage":4,"enemies":"Cultist","floor":2,"turns":4},{"damage":8,"enemies":"Small Slimes","floor":4,"turns":4},{"damage":12,"enemies":"Looter","floor":5,"turns":3},{"damage":13,"enemies":"Lagavulin","floor":7,"turns":7},{"damage":14,"enemies":"Large Slime","floor":10,"turns":4},{"damage":24,"enemies":"Exordium Thugs","floor":11,"turns":4},{"damage":1,"enemies":"3 Sentries","floor":12,"turns":4},{"damage":22,"enemies":"The Guardian","floor":16,"turns":9},{"damage":10,"enemies":"Shell Parasite","floor":18,"turns":6},{"damage":29,"enemies":"3 Byrds","floor":19,"turns":4},{"damage":14,"enemies":"Gremlin Leader","floor":24,"turns":6},{"damage":28,"enemies":"Book of Stabbing","floor":28,"turns":4},{"damage":19,"enemies":"Shelled Parasite and Fungi","floor":29,"turns":2}],"seed_played":"6807825024149204165","potions_obtained":[{"floor":2,"key":"Weak Potion"},{"floor":10,"key":"SpeedPotion"},{"floor":12,"key":"Fire Potion"},{"floor":16,"key":"Swift Potion"},{"floor":28,"key":"BlessingOfTheForge"}],"is_trial":false,"path_per_floor":["M","M","$","M","M","$","E","?","T","M","M","E","$","?","R","B",null,"M","M","?","?","$","R","E","?","T","?","E","M"],"character_chosen":"THE_CURSED","items_purchased":["TheCursedMod:HellfireBreathing","TheCursedMod:CursedBlade","TheCursedMod:CursedStaff","TheCursedMod:WearCloak","TheCursedMod:CollectTribute"],"campfire_rested":1,"item_purchase_floors":[3,3,6,22,22],"current_hp_per_floor":[89,85,85,77,65,65,52,52,62,48,24,23,23,3,32,17,99,92,65,65,65,65,65,55,55,55,39,14,0,0],"gold":270,"neow_bonus":"TWENTY_PERCENT_HP_BONUS","is_daily":false,"chose_seed":false,"campfire_upgraded":1,"win_rate":0.0,"timestamp":1609651758,"path_taken":["M","M","$","M","M","$","E","?","T","?","M","E","?","?","R","BOSS","M","M","?","?","$","R","E","?","T","?","E","M"],"items_purchased_type":["Card","Card","Card","Card","Card"],"build_version":"2020-12-22","purchased_purges":0,"victory":false,"max_hp_per_floor":[89,89,89,89,89,89,89,89,99,99,99,99,99,99,99,99,99,99,99,99,99,99,99,99,99,99,99,99,99,99],"card_choices":[{"not_picked":["TheCursedMod:AbyssShockwave","TheCursedMod:Wield"],"picked":"TheCursedMod:Obscuration","floor":1},{"not_picked":["TheCursedMod:Wield","TheCursedMod:TacticalStrike"],"picked":"TheCursedMod:ReleasedStrength","floor":2},{"not_picked":["TheCursedMod:Wield","TheCursedMod:CursedShiv"],"picked":"TheCursedMod:SpitefulPlan","floor":4},{"not_picked":["TheCursedMod:SoulCrush","TheCursedMod:VitalStrike"],"picked":"TheCursedMod:CircleOfCorruption","floor":5},{"not_picked":["TheCursedMod:Wield","TheCursedMod:AbyssShockwave"],"picked":"TheCursedMod:CursedBlade","floor":7},{"not_picked":["TheCursedMod:Stigma","TheCursedMod:CursedBlade"],"picked":"TheCursedMod:StingEye","floor":10},{"not_picked":["TheCursedMod:PrepareRite","TheCursedMod:ReleasedStrength"],"picked":"TheCursedMod:WearCloak","floor":11},{"not_picked":["TheCursedMod:CursedShiv","TheCursedMod:ManaCirculation"],"picked":"TheCursedMod:WearCloak","floor":12},{"not_picked":["TheCursedMod:NeowsMight","TheCursedMod:DarkBarrier"],"picked":"TheCursedMod:VoidForm","floor":16},{"not_picked":["TheCursedMod:Wield","TheCursedMod:CursedMace","TheCursedMod:CircleOfAmplification"],"picked":"SKIP","floor":18},{"not_picked":["TheCursedMod:SmokeScreen","TheCursedMod:RavingStaff"],"picked":"TheCursedMod:Torture+1","floor":19},{"not_picked":["TheCursedMod:TacticalStrike","TheCursedMod:FuryStrike"],"picked":"TheCursedMod:SmokeScreen","floor":24},{"not_picked":["TheCursedMod:VitalStrike","TheCursedMod:TacticalStrike+1","TheCursedMod:Wield"],"picked":"SKIP","floor":28}],"player_experience":2110311,"relics_obtained":[{"floor":7,"key":"Ginger"},{"floor":9,"key":"Pear"},{"floor":12,"key":"TheCursedMod:SoulVessel"},{"floor":24,"key":"PreservedInsect"},{"floor":27,"key":"Nilry\u0027s Codex"},{"floor":28,"key":"Art of War"}],"event_choices":[{"damage_healed":0,"gold_gain":0,"player_choice":"Paid Gold","damage_taken":0,"relics_obtained":["Vajra"],"max_hp_gain":0,"max_hp_loss":0,"event_name":"WeMeetAgain","floor":8,"gold_loss":56},{"damage_healed":0,"gold_gain":0,"player_choice":"Entered Light","damage_taken":20,"max_hp_gain":0,"max_hp_loss":0,"event_name":"Shining Light","floor":14,"gold_loss":0,"cards_upgraded":["TheCursedMod:Obscuration","TheCursedMod:CircleOfCorruption"]},{"damage_healed":0,"gold_gain":99,"player_choice":"Stole From Cult","damage_taken":0,"max_hp_gain":0,"max_hp_loss":0,"event_name":"Nest","floor":20,"gold_loss":0},{"cards_removed":["TheCursedMod:Strike_TheCursed"],"damage_healed":0,"gold_gain":0,"player_choice":"Elegance","damage_taken":0,"max_hp_gain":0,"max_hp_loss":0,"event_name":"Back to Basics","floor":21,"gold_loss":0},{"damage_healed":0,"gold_gain":0,"player_choice":"Ignored","damage_taken":0,"max_hp_gain":0,"max_hp_loss":0,"event_name":"Ghosts","floor":25,"gold_loss":0},{"damage_healed":0,"gold_gain":0,"player_choice":"Obtained Book","damage_taken":16,"max_hp_gain":0,"max_hp_loss":0,"event_name":"Cursed Tome","floor":27,"gold_loss":0}],"is_beta":false,"boss_relics":[{"not_picked":["Empty Cage","SacredBark"],"picked":"TheCursedMod:BlackMagicAdvanced"}],"items_purged_floors":[],"is_endless":false,"potions_floor_spawned":[2,10,12,16,28],"killed_by":"Shelled Parasite and Fungi","ascension_level":0}}