{"host":"sc0o2qwpf9j16a4i","time":1609682841,"event":{"mods":["AchievementEnabler","BaseMod","BetterRewards","Block Reminder","Colored Map","Colored Powertips","Custom Start","Highlight Path","Minty Spire (QoL Compilation)","Relic Stats"],"gold_per_floor":[114,134,134,59,24,41,41,41,41,53,53,53,80,94,94,169,169,179,94,112,137,148,148,181,181,230,245,245,72,83,115,115,194,194,204,223,233,233,3,3,15,0,0,0,25,55,67,67,67,67,67,67],"floor_reached":51,"playtime":2337,"items_purged":["Strike_G"],"score":1730,"play_id":"9eafdb9b-4ed7-4bee-8cc9-853a30059f5f","local_time":"20210103160721","is_ascension_mode":true,"campfire_choices":[{"data":"Dash","floor":7.0,"key":"SMITH"},{"data":"Bane","floor":11.0,"key":"SMITH"},{"floor":15.0,"key":"REST"},{"data":"Well Laid Plans","floor":23.0,"key":"SMITH"},{"data":"Adrenaline","floor":25.0,"key":"SMITH"},{"data":"Poisoned Stab","floor":28.0,"key":"SMITH"},{"floor":32.0,"key":"REST"},{"data":"Noxious Fumes","floor":40,"key":"SMITH"},{"floor":44,"key":"RECALL"},{"floor":49,"key":"DIG"}],"circlet_count":0,"master_deck":["AscendersBane","Strike_G","Strike_G","Strike_G","Defend_G","Defend_G","Defend_G","Defend_G","Defend_G","Survivor","Neutralize","Footwork","Dash+1","Bane+1","Leg Sweep","Flying Knee","Well Laid Plans+1","Poisoned Stab","Adrenaline+1","PiercingWail","Skewer+1","Poisoned Stab+1","Backflip","Noxious Fumes+1","Dagger Spray","Bouncing Flask","Burst","Sucker Punch+1","Dash+1"],"relics":["Ring of the Snake","Oddly Smooth Stone","Dream Catcher","Snake Skull","Happy Flower","CaptainsWheel","Mummified Hand","Meat on the Bone","Busted Crown","Pear","MealTicket","Bottled Lightning","Potion Belt","Medical Kit","FossilizedHelix","SacredBark","Red Mask","Shovel","Molten Egg 2","Centennial Puzzle"],"acts_visited":["Exordium","TheCity","TheBeyond"],"potions_floor_usage":[47,50,50,50],"damage_taken":[{"damage":0.0,"enemies":"2 Louse","floor":1.0,"turns":5.0},{"damage":0.0,"enemies":"Cultist","floor":2.0,"turns":4.0},{"damage":0.0,"enemies":"Jaw Worm","floor":6.0,"turns":5.0},{"damage":0.0,"enemies":"Exordium Wildlife","floor":10.0,"turns":3.0},{"damage":9.0,"enemies":"Gremlin Nob","floor":13.0,"turns":6.0},{"damage":6.0,"enemies":"2 Fungi Beasts","floor":14.0,"turns":4.0},{"damage":4.0,"enemies":"The Guardian","floor":16.0,"turns":10.0},{"damage":0.0,"enemies":"Chosen","floor":18.0,"turns":5.0},{"damage":0.0,"enemies":"Shell Parasite","floor":20.0,"turns":5.0},{"damage":0.0,"enemies":"Snake Plant","floor":22.0,"turns":5.0},{"damage":11.0,"enemies":"Slavers","floor":24.0,"turns":7.0},{"damage":2.0,"enemies":"Snecko","floor":27.0,"turns":5.0},{"damage":0.0,"enemies":"Chosen and Byrds","floor":30.0,"turns":5.0},{"damage":33.0,"enemies":"Gremlin Leader","floor":31.0,"turns":9.0},{"damage":36.0,"enemies":"Champ","floor":33.0,"turns":14.0},{"damage":0.0,"enemies":"Orb Walker","floor":35.0,"turns":4.0},{"damage":0.0,"enemies":"3 Shapes","floor":36.0,"turns":5.0},{"damage":35.0,"enemies":"Writhing Mass","floor":37.0,"turns":9.0},{"damage":0,"enemies":"3 Darklings","floor":41,"turns":7},{"damage":0,"enemies":"Mind Bloom Boss Battle","floor":45,"turns":5},{"damage":26,"enemies":"Nemesis","floor":46,"turns":9},{"damage":6,"enemies":"Transient","floor":47,"turns":6},{"damage":112,"enemies":"Time Eater","floor":50,"turns":17},{"damage":31,"enemies":"Awakened One","floor":51,"turns":9}],"seed_played":"-7156754327691506468","potions_obtained":[{"floor":10.0,"key":"DistilledChaos"},{"floor":13.0,"key":"Poison Potion"},{"floor":14.0,"key":"Poison Potion"},{"floor":16.0,"key":"BlessingOfTheForge"},{"floor":24.0,"key":"Poison Potion"},{"floor":36.0,"key":"FairyPotion"},{"floor":41,"key":"Energy Potion"},{"floor":47,"key":"EntropicBrew"}],"is_trial":false,"path_per_floor":["M","M","?","$","?","M","R","T","T","M","R","$","E","M","R","B",null,"M","?","M","T","M","R","E","R","T","M","R","$","M","E","R","B",null,"M","M","M","?","$","R","M","?","T","R","?","E","M","$","R","B","B"],"character_chosen":"THE_SILENT","items_purchased":["Oddly Smooth Stone","Footwork","Dream Catcher","Snake Skull","Happy Flower","Medical Kit","Bouncing Flask","Burst"],"campfire_rested":2,"item_purchase_floors":[0,0,0,0,0,29,39,39],"current_hp_per_floor":[26,26,26,26,42,42,42,42,42,42,42,42,33,39,58,54,63,63,73,73,73,73,73,62,62,62,60,60,75,75,42,64,40,67,67,67,44,76,76,76,76,76,76,76,76,50,44,59,59,23,0,0],"gold":67,"neow_bonus":"","is_daily":false,"chose_seed":false,"campfire_upgraded":6,"win_rate":0.0,"timestamp":1609682841,"path_taken":["M","M","?","?","?","M","R","?","T","M","R","$","E","M","R","BOSS","M","?","M","?","M","R","E","R","T","M","R","$","M","E","R","BOSS","M","M","M","?","$","R","?","?","T","R","?","E","M","$","R","BOSS","BOSS"],"items_purchased_type":["Relic","Card","Relic","Relic","Relic","Relic","Card","Card"],"build_version":"2020-12-22","purchased_purges":1,"victory":false,"max_hp_per_floor":[66,66,66,66,66,66,66,66,66,66,66,66,66,66,66,66,66,66,76,76,76,76,76,76,76,76,76,76,76,76,76,76,76,76,76,76,76,76,76,76,76,76,76,76,76,76,76,76,76,76,76,76],"relic_stats":{"Happy Flower":[54],"counters":[50,281],"Snake Skull":[149],"Medical Kit":[8],"Dream Catcher":2,"Centennial Puzzle":[6],"Busted Crown":32,"Shovel":1,"Mummified Hand":[62],"MealTicket":30,"obtain_stats":[{"Regal Pillow":12,"Lantern":26,"Singing Bowl":6,"Gremlin Horn":9,"SacredBark":34,"GremlinMask":22,"Mango":31,"Snake Skull":0,"Ancient Tea Set":29,"Blood Vial":29,"Sozu":34,"Dream Catcher":0,"Centennial Puzzle":49,"Matryoshka":14,"Shovel":45,"Mummified Hand":9,"MealTicket":21,"Necronomicon":19,"Red Mask":42,"Kunai":26,"Ring of the Snake":0,"Runic Pyramid":17,"Potion Belt":26,"Pear":19,"Happy Flower":0,"Oddly Smooth Stone":0,"Eternal Feather":31,"Pen Nib":24,"Medical Kit":29,"WarpedTongs":36,"CaptainsWheel":8,"Busted Crown":17,"Pandora\u0027s Box":0,"Molten Egg 2":46,"Bottled Lightning":24,"FossilizedHelix":31,"Pocketwatch":41,"Meat on the Bone":13},{"Regal Pillow":5,"Lantern":12,"Singing Bowl":4,"Gremlin Horn":4,"SacredBark":41,"GremlinMask":10,"Mango":16,"Snake Skull":26,"Ancient Tea Set":13,"Blood Vial":13,"Sozu":17,"Dream Catcher":26,"Centennial Puzzle":48,"Matryoshka":6,"Shovel":46,"Mummified Hand":29,"MealTicket":35,"Necronomicon":8,"Red Mask":45,"Kunai":12,"Ring of the Snake":0,"Runic Pyramid":7,"Potion Belt":37,"Pear":34,"Happy Flower":26,"Oddly Smooth Stone":26,"Eternal Feather":16,"Pen Nib":11,"Medical Kit":38,"WarpedTongs":18,"CaptainsWheel":29,"Busted Crown":33,"Pandora\u0027s Box":0,"Molten Egg 2":47,"Bottled Lightning":37,"FossilizedHelix":40,"Pocketwatch":21,"Meat on the Bone":31},{"Regal Pillow":17,"Lantern":48,"Singing Bowl":10,"Gremlin Horn":10,"SacredBark":210,"GremlinMask":39,"Mango":65,"Snake Skull":118,"Ancient Tea Set":52,"Blood Vial":52,"Sozu":72,"Dream Catcher":118,"Centennial Puzzle":255,"Matryoshka":20,"Shovel":240,"Mummified Hand":132,"MealTicket":165,"Necronomicon":32,"Red Mask":235,"Kunai":48,"Ring of the Snake":0,"Runic Pyramid":28,"Potion Belt":177,"Pear":160,"Happy Flower":118,"Oddly Smooth Stone":118,"Eternal Feather":65,"Pen Nib":44,"Medical Kit":182,"WarpedTongs":76,"CaptainsWheel":132,"Busted Crown":155,"Pandora\u0027s Box":0,"Molten Egg 2":249,"Bottled Lightning":177,"FossilizedHelix":196,"Pocketwatch":86,"Meat on the Bone":141}],"Ring of the Snake":[48],"Meat on the Bone":204},"card_choices":[{"not_picked":["Backflip","Flying Knee"],"picked":"Dash","floor":1.0},{"not_picked":["Underhanded Strike","Acrobatics"],"picked":"Bane","floor":2.0},{"not_picked":["Cloak And Dagger","Blur"],"picked":"Leg Sweep","floor":6.0},{"not_picked":["Storm of Steel","Prepared"],"picked":"Flying Knee","floor":10.0},{"not_picked":["Dagger Throw","Slice"],"picked":"Well Laid Plans","floor":13.0},{"not_picked":["Deflect","Acrobatics"],"picked":"Poisoned Stab","floor":14.0},{"not_picked":["All Out Attack","Bane"],"picked":"Backstab","floor":15.0},{"not_picked":["Envenom","Wraith Form v2"],"picked":"Adrenaline","floor":16.0},{"not_picked":["Reflex"],"picked":"SKIP","floor":18.0},{"not_picked":[],"picked":"PiercingWail","floor":20.0},{"not_picked":[],"picked":"Skewer+1","floor":22.0},{"not_picked":[],"picked":"Poisoned Stab","floor":24.0},{"not_picked":["Deflect"],"picked":"SKIP","floor":27.0},{"not_picked":[],"picked":"Backflip","floor":30.0},{"not_picked":[],"picked":"Noxious Fumes","floor":31.0},{"not_picked":["Terror"],"picked":"SKIP","floor":35.0},{"not_picked":[],"picked":"Dagger Spray","floor":36.0},{"not_picked":["Underhanded Strike+1"],"picked":"SKIP","floor":37.0},{"not_picked":[],"picked":"Sucker Punch+1","floor":41},{"not_picked":[],"picked":"Dash+1","floor":46},{"not_picked":["Deflect"],"picked":"SKIP","floor":47}],"player_experience":533770,"relics_obtained":[{"floor":8.0,"key":"CaptainsWheel"},{"floor":9.0,"key":"Mummified Hand"},{"floor":13.0,"key":"Meat on the Bone"},{"floor":21.0,"key":"MealTicket"},{"floor":24.0,"key":"Bottled Lightning"},{"floor":26.0,"key":"Potion Belt"},{"floor":31.0,"key":"FossilizedHelix"},{"floor":45,"key":"Shovel"},{"floor":46,"key":"Molten Egg 2"},{"floor":49,"key":"Centennial Puzzle"}],"event_choices":[{"cards_removed":["Strike_G"],"damage_healed":0.0,"max_hp_gain":0.0,"max_hp_loss":0.0,"gold_gain":0.0,"event_name":"Purifier","player_choice":"Purged","floor":3.0,"gold_loss":0.0,"damage_taken":0.0},{"damage_healed":16.0,"max_hp_gain":0.0,"max_hp_loss":0.0,"gold_gain":0.0,"event_name":"The Cleric","player_choice":"Healed","floor":5.0,"gold_loss":35.0,"damage_taken":0.0},{"damage_healed":0.0,"max_hp_gain":0.0,"max_hp_loss":0.0,"gold_gain":0.0,"event_name":"Addict","player_choice":"Obtained Relic","floor":19.0,"gold_loss":85.0,"damage_taken":0.0,"relics_obtained":["Pear"]},{"cards_removed":["Backstab"],"damage_healed":32.0,"max_hp_gain":0.0,"max_hp_loss":0.0,"gold_gain":0.0,"event_name":"Bonfire Elementals","player_choice":"Offered Uncommon","floor":38.0,"gold_loss":0.0,"damage_taken":0.0},{"damage_healed":0,"gold_gain":0,"player_choice":"Paid","damage_taken":0,"relics_obtained":["Red Mask"],"max_hp_gain":0,"max_hp_loss":0,"event_name":"Tomb of Lord Red Mask","floor":42,"gold_loss":15},{"damage_healed":0,"gold_gain":0,"player_choice":"Fight","damage_taken":0,"max_hp_gain":0,"max_hp_loss":0,"event_name":"MindBloom","floor":45,"gold_loss":0}],"is_beta":false,"boss_relics":[{"not_picked":["Ectoplasm","Calling Bell"],"picked":"Busted Crown"},{"not_picked":["Black Star","HoveringKite"],"picked":"SacredBark"}],"items_purged_floors":[4],"is_endless":false,"potions_floor_spawned":[10,13,14,16,22,24,36,41,47],"killed_by":"Awakened One","ascension_level":20}}