{"host":"jm9833yuloeli2yd","time":1609701321,"event":{"mods":["AchievementEnabler","BaseMod","Better Altar","Better Match","Better Note","Better Sensory Stone","Better Skull","Better Third Choice","Better Vampires","BetterRewards","Colored Map","Colored Powertips","DeckTracker","Marked Mod","Minty Spire (QoL Compilation)","Permanent Neow","Quick Restart","StSLib","SuperFastMode"],"gold_per_floor":[110,121,101,118,137,177,177,218,218,260,44,78,78,98,98,181,181,202,245,261,261,274,274,300,340,364,404,404,317,317,353,353,434,434,447,469,494,369,393,437,437,474,522,522,385,412,431,431,431,431,431,431,4,38,38],"floor_reached":56,"playtime":2287,"items_purged":["Strike_R","Strike_R","Strike_R","Strike_R"],"score":2574,"play_id":"0dc21116-f4d6-4a95-ac6d-c771de783889","local_time":"20210103141521","is_ascension_mode":true,"campfire_choices":[{"data":"Flame Barrier","floor":7.0,"key":"SMITH"},{"data":"Limit Break","floor":13.0,"key":"SMITH"},{"data":"Demon Form","floor":15.0,"key":"SMITH"},{"data":"Body Slam","floor":23.0,"key":"SMITH"},{"floor":28.0,"key":"REST"},{"floor":32.0,"key":"REST"},{"data":"Dual Wield","floor":41.0,"key":"SMITH"},{"data":"Double Tap","floor":44.0,"key":"SMITH"},{"floor":49.0,"key":"RECALL"},{"data":"Evolve","floor":52.0,"key":"SMITH"}],"circlet_count":0,"master_deck":["AscendersBane","Strike_R","Defend_R","Defend_R","Defend_R","Defend_R","Bash","Pommel Strike","Perfected Strike","Flame Barrier+1","Pommel Strike","Inflame","Demon Form+1","Limit Break+1","Whirlwind","Shrug It Off+1","Master of Strategy","Reckless Charge","Body Slam+1","Fiend Fire","Dual Wield+1","Evolve+1","Offering","Power Through","Shrug It Off+1","Finesse","Disarm","Reaper","Rage+1","Seeing Red+1","Shockwave","Double Tap+1","Battle Trance","Heavy Blade+1"],"relics":["Burning Blood","Membership Card","TungstenRod","Mercury Hourglass","CeramicFish","Calipers","CaptainsWheel","Magic Flower","OrangePellets","Kunai","Black Star","Red Mask","CultistMask","Ancient Tea Set","Gremlin Horn","Art of War","Ornamental Fan","Shuriken","Blood Vial","Singing Bowl","The Courier","Busted Crown","Pocketwatch","Juzu Bracelet","Blood Vial","Boot","War Paint","Pear","Paper Frog","Red Skull","FossilizedHelix","Bag of Preparation","Ginger","Orichalcum","Bottled Tornado"],"acts_visited":["Exordium","TheCity","TheBeyond","TheEnding"],"potions_floor_usage":[55,55],"damage_taken":[{"damage":5.0,"enemies":"Cultist","floor":1.0,"turns":3.0},{"damage":0.0,"enemies":"Small Slimes","floor":2.0,"turns":2.0},{"damage":1.0,"enemies":"Jaw Worm","floor":4.0,"turns":3.0},{"damage":4.0,"enemies":"Exordium Wildlife","floor":5.0,"turns":5.0},{"damage":22.0,"enemies":"Gremlin Nob","floor":6.0,"turns":4.0},{"damage":18.0,"enemies":"3 Sentries","floor":8.0,"turns":5.0},{"damage":9.0,"enemies":"Lagavulin","floor":10.0,"turns":6.0},{"damage":13.0,"enemies":"3 Sentries","floor":12.0,"turns":5.0},{"damage":9.0,"enemies":"Exordium Thugs","floor":14.0,"turns":5.0},{"damage":7.0,"enemies":"Hexaghost","floor":16.0,"turns":7.0},{"damage":0.0,"enemies":"3 Byrds","floor":18.0,"turns":4.0},{"damage":17.0,"enemies":"Masked Bandits","floor":19.0,"turns":4.0},{"damage":3.0,"enemies":"Shell Parasite","floor":20.0,"turns":4.0},{"damage":4.0,"enemies":"Snecko","floor":22.0,"turns":3.0},{"damage":37.0,"enemies":"Cultist and Chosen","floor":24.0,"turns":5.0},{"damage":25.0,"enemies":"Book of Stabbing","floor":25.0,"turns":6.0},{"damage":11.0,"enemies":"Gremlin Leader","floor":27.0,"turns":4.0},{"damage":23.0,"enemies":"Book of Stabbing","floor":31.0,"turns":7.0},{"damage":35.0,"enemies":"Champ","floor":33.0,"turns":7.0},{"damage":22.0,"enemies":"Orb Walker","floor":35.0,"turns":6.0},{"damage":2.0,"enemies":"3 Darklings","floor":36.0,"turns":4.0},{"damage":0.0,"enemies":"Mind Bloom Boss Battle","floor":37.0,"turns":6.0},{"damage":14.0,"enemies":"4 Shapes","floor":39.0,"turns":7.0},{"damage":15.0,"enemies":"Giant Head","floor":40.0,"turns":6.0},{"damage":13.0,"enemies":"Reptomancer","floor":42.0,"turns":4.0},{"damage":15.0,"enemies":"Nemesis","floor":46.0,"turns":7.0},{"damage":5.0,"enemies":"Spire Growth","floor":47.0,"turns":4.0},{"damage":48.0,"enemies":"Time Eater","floor":50.0,"turns":6.0},{"damage":35.0,"enemies":"Shield and Spear","floor":54.0,"turns":6.0},{"damage":67,"enemies":"The Heart","floor":55,"turns":7}],"seed_played":"8416125799982602450","potions_obtained":[{"floor":2.0,"key":"LiquidMemories"},{"floor":3.0,"key":"ElixirPotion"},{"floor":6.0,"key":"SkillPotion"},{"floor":8.0,"key":"Dexterity Potion"},{"floor":16.0,"key":"Energy Potion"},{"floor":19.0,"key":"EntropicBrew"},{"floor":25.0,"key":"Block Potion"},{"floor":27.0,"key":"HeartOfIron"},{"floor":36.0,"key":"SteroidPotion"},{"floor":37.0,"key":"LiquidBronze"}],"is_trial":false,"path_per_floor":["M","M","?","M","M","E","R","E","T","E","$","E","R","M","R","B",null,"M","?","M","?","M","R","M","E","T","E","R","$","?","E","R","B",null,"M","M","?","?","M","E","R","E","T","R","$","E","M","T","R","B",null,"R","$","E","B",null],"character_chosen":"IRONCLAD","items_purchased":["Membership Card","Mercury Hourglass","Pommel Strike","OrangePellets","Shrug It Off","Master of Strategy","Finesse","Battle Trance","Ancient Potion","PowerPotion","DuplicationPotion","Block Potion","FossilizedHelix","Bag of Preparation","Ginger"],"campfire_rested":2,"item_purchase_floors":[0,0,0,11,11,11,29,45,45,45,53,53,53,53,53],"current_hp_per_floor":[61,67,67,72,74,58,58,46,46,43,43,39,39,39,39,41,67,75,67,73,73,75,75,47,31,31,29,51,51,29,18,40,17,61,53,77,79,79,79,73,73,75,75,75,75,85,93,93,93,54,83,83,83,63,63],"gold":38,"neow_bonus":"","is_daily":false,"chose_seed":false,"campfire_upgraded":7,"win_rate":0.0,"timestamp":1609701321,"path_taken":["M","?","?","M","M","E","R","E","T","E","$","E","R","?","R","BOSS","M","?","M","?","?","R","M","E","T","E","R","?","?","E","R","BOSS","M","M","?","?","M","E","R","E","T","R","$","E","M","?","R","BOSS","R","$","E","BOSS"],"items_purchased_type":["Relic","Relic","Card","Relic","Card","Card","Card","Card","Potion","Potion","Potion","Potion","Relic","Relic","Relic"],"build_version":"2020-12-22","purchased_purges":4,"victory":true,"max_hp_per_floor":[75,75,75,75,75,75,75,75,75,75,75,75,75,75,75,75,75,75,75,75,75,75,75,75,75,75,75,75,75,75,75,75,75,75,77,77,79,79,79,79,79,79,79,79,79,91,93,93,93,93,93,93,93,93,93],"card_choices":[{"not_picked":["Thunderclap","Dark Embrace"],"picked":"Perfected Strike","floor":1.0},{"not_picked":["Body Slam","Disarm"],"picked":"Flame Barrier","floor":2.0},{"not_picked":["Havoc","Iron Wave"],"picked":"Pommel Strike","floor":4.0},{"not_picked":["Sword Boomerang","Headbutt"],"picked":"Inflame","floor":5.0},{"not_picked":["Hemokinesis","Clash"],"picked":"Demon Form","floor":6.0},{"not_picked":["Sword Boomerang","Battle Trance"],"picked":"Limit Break","floor":8.0},{"not_picked":["Havoc","True Grit"],"picked":"Whirlwind","floor":10.0},{"not_picked":["Dual Wield","Thunderclap"],"picked":"Reckless Charge","floor":12.0},{"not_picked":["Wild Strike","Flex"],"picked":"Body Slam","floor":14.0},{"not_picked":["Corruption","Brutality"],"picked":"Fiend Fire","floor":16.0},{"not_picked":["Anger","Perfected Strike"],"picked":"Dual Wield","floor":18.0},{"not_picked":["Pommel Strike+1","Hemokinesis"],"picked":"Evolve","floor":19.0},{"not_picked":["Clothesline","Combust","Sword Boomerang"],"picked":"SKIP","floor":20.0},{"not_picked":["Clash","Twin Strike+1","Pommel Strike"],"picked":"SKIP","floor":22.0},{"not_picked":["Fire Breathing","Headbutt"],"picked":"Offering","floor":24.0},{"not_picked":["Warcry","Barricade"],"picked":"Power Through","floor":25.0},{"not_picked":["Body Slam","Wild Strike+1"],"picked":"Shrug It Off","floor":27.0},{"not_picked":["Infernal Blade","Armaments"],"picked":"Disarm","floor":31.0},{"not_picked":["Impervious","Brutality"],"picked":"Reaper","floor":33.0},{"not_picked":["Clash"],"picked":"Singing Bowl","floor":35.0},{"not_picked":[],"picked":"Rage+1","floor":36.0},{"not_picked":["Iron Wave+1"],"picked":"Singing Bowl","floor":37.0},{"not_picked":[],"picked":"Seeing Red+1","floor":39.0},{"not_picked":[],"picked":"Shockwave","floor":40.0},{"not_picked":[],"picked":"Double Tap","floor":42.0},{"not_picked":["Ghostly Armor"],"picked":"Singing Bowl","floor":46.0},{"not_picked":["Anger"],"picked":"Singing Bowl","floor":47.0},{"not_picked":[],"picked":"Heavy Blade+1","floor":54.0}],"player_experience":1249823,"relics_obtained":[{"floor":6.0,"key":"CeramicFish"},{"floor":8.0,"key":"Calipers"},{"floor":9.0,"key":"CaptainsWheel"},{"floor":10.0,"key":"Magic Flower"},{"floor":12.0,"key":"Kunai"},{"floor":19.0,"key":"Red Mask"},{"floor":25.0,"key":"Ancient Tea Set"},{"floor":25.0,"key":"Gremlin Horn"},{"floor":26.0,"key":"Art of War"},{"floor":27.0,"key":"Ornamental Fan"},{"floor":27.0,"key":"Shuriken"},{"floor":31.0,"key":"Singing Bowl"},{"floor":31.0,"key":"The Courier"},{"floor":37.0,"key":"Pocketwatch"},{"floor":40.0,"key":"Juzu Bracelet"},{"floor":40.0,"key":"Blood Vial"},{"floor":42.0,"key":"Boot"},{"floor":42.0,"key":"War Paint"},{"floor":46.0,"key":"Pear"},{"floor":46.0,"key":"Paper Frog"},{"floor":48.0,"key":"Red Skull"},{"floor":54.0,"key":"Orichalcum"},{"floor":54.0,"key":"Bottled Tornado"}],"event_choices":[{"damage_healed":0.0,"max_hp_gain":0.0,"max_hp_loss":0.0,"gold_gain":0.0,"event_name":"The Woman in Blue","player_choice":"Bought 1 Potion","floor":3.0,"gold_loss":0.0,"damage_taken":0.0},{"damage_healed":0.0,"max_hp_gain":0.0,"max_hp_loss":0.0,"gold_gain":0.0,"event_name":"Masked Bandits","player_choice":"Fought Bandits","floor":19.0,"gold_loss":0.0,"damage_taken":0.0},{"damage_healed":0.0,"max_hp_gain":0.0,"max_hp_loss":0.0,"gold_gain":0.0,"event_name":"FaceTrader","player_choice":"Trade","floor":21.0,"gold_loss":0.0,"damage_taken":0.0,"relics_obtained":["CultistMask"]},{"damage_healed":0.0,"max_hp_gain":51.0,"max_hp_loss":29.0,"gold_gain":0.0,"event_name":"betterAltar:BetterAltar","player_choice":" Vial ","floor":30.0,"potions_obtained":[],"relics_lost":[],"gold_loss":0.0,"damage_taken":23.0,"relics_obtained":["Blood Vial"]},{"damage_healed":0.0,"max_hp_gain":0.0,"max_hp_loss":0.0,"gold_gain":0.0,"event_name":"MindBloom","player_choice":"Fight","floor":37.0,"gold_loss":0.0,"damage_taken":0.0},{"damage_healed":0.0,"max_hp_gain":0.0,"max_hp_loss":0.0,"gold_gain":0.0,"event_name":"betterMatch:BetterMatch","player_choice":"2","floor":38.0,"gold_loss":0.0,"damage_taken":0.0,"cards_obtained":[]}],"is_beta":false,"boss_relics":[{"not_picked":["Coffee Dripper","Runic Dome"],"picked":"Black Star"},{"not_picked":["Empty Cage","Astrolabe"],"picked":"Busted Crown"}],"items_purged_floors":[11,29,45,53],"is_endless":false,"potions_floor_spawned":[2,6,8,16,19,22,25,27,36,37,46],"ascension_level":15}}