{"host":"zpo0s982nnba8fjk","time":1609689104,"event":{"mods":["Act Like it!","BaseMod","Downfall","GifTheSpireLib","Hubris","Infinite Spire","Minty Spire (QoL Compilation)","Replay The Spire","StSLib"],"gold_per_floor":[99,99,99,99,99,133,133,133,9,29,18,49,49,60,78,181,181,181,191,211,211,223,223,223,223,239,269,280,280,280],"floor_reached":29,"playtime":2283,"items_purged":["sneckomod:Strike","sneckomod:Defend"],"score":278,"play_id":"53fe2810-fcec-4258-a499-eff67c7522b0","local_time":"20210103165144","is_ascension_mode":false,"campfire_choices":[{"data":"sneckomod:TailWhip","floor":1,"key":"SMITH"},{"floor":18,"key":"DIG"},{"data":"sneckomod:CheapStock","floor":25,"key":"SMITH"}],"circlet_count":0,"master_deck":["sneckomod:Strike","sneckomod:Strike","sneckomod:Defend","sneckomod:Defend","sneckomod:TailWhip+1","sneckomod:SnekBite","sneckomod:Unknown","sneckomod:Unknown","sneckomod:CheapStock+1","sneckomod:SerpentIdol","sneckomod:SoulDraw","sneckomod:UnknownExhaust","sneckomod:SnakeSap","sneckomod:Unknown3Cost","sneckomod:Unknown3Cost","sneckomod:RainOfDice","sneckomod:Unknown0Cost","sneckomod:UnknownRareAttack","sneckomod:RainOfDice+1","sneckomod:Mudshield","Shame","sneckomod:WideSting","sneckomod:DiceBlock+1","sneckomod:UnknownRareAttack","sneckomod:QuickBite","sneckomod:DangerNoodle","sneckomod:UnknownVulnerable","sneckomod:DiceBlock","sneckomod:QuickMove+1"],"relics":["sneckomod:SneckoSoul","downfall:HeartsMalice","hubris:Icosahedron","Lantern","hubris:EvacipatedBox","Incense Burner","Replay:Baseball","Lizard Tail","downfall:ShatteredFragment","Prayer Wheel","Philosopher\u0027s Stone","ReplayFunnel","infinitespire:Satchel","hubris:CrystalStatue","Calipers"],"acts_visited":["Exordium","TheCity"],"potions_floor_usage":[9,9,9,11,16,16,26,27],"damage_taken":[{"damage":0,"enemies":"2 Louse","floor":3,"turns":1},{"damage":0,"enemies":"Lagavulin","floor":6,"turns":1},{"damage":0,"enemies":"Cultist","floor":8,"turns":1},{"damage":2,"enemies":"downfall:FleeingMerchant","floor":9,"turns":4},{"damage":0,"enemies":"Jaw Worm","floor":10,"turns":3},{"damage":11,"enemies":"Gremlin Gang","floor":11,"turns":6},{"damage":8,"enemies":"Gremlin Nob","floor":12,"turns":3},{"damage":1,"enemies":"Blue Slaver","floor":14,"turns":2},{"damage":0,"enemies":"3 Louse","floor":15,"turns":2},{"damage":12,"enemies":"downfall:Watcher","floor":16,"turns":6},{"damage":7,"enemies":"Spheric Guardian","floor":19,"turns":3},{"damage":24,"enemies":"Centurion and Healer","floor":20,"turns":5},{"damage":4,"enemies":"Snake Plant","floor":22,"turns":2},{"damage":8,"enemies":"Cultist and Chosen","floor":26,"turns":7},{"damage":27,"enemies":"Replay:Snechameleon","floor":27,"turns":5},{"damage":24,"enemies":"Centurion and Healer","floor":28,"turns":5},{"damage":26,"enemies":"Sentry and Sphere","floor":29,"turns":6}],"seed_played":"802579586727887077","potions_obtained":[{"floor":2,"key":"Energy Potion"},{"floor":2,"key":"LiquidMemories"},{"floor":2,"key":"Cursed Concoction"},{"floor":6,"key":"EssenceOfSteel"},{"floor":12,"key":"Strength Potion"},{"floor":22,"key":"sneckomod:MuddlingPotion"},{"floor":26,"key":"Weak Potion"},{"floor":28,"key":"Milkshake"}],"is_trial":false,"path_per_floor":["R","?","M","?","$","E","T","M","$","M","M","E","?","M","M","B",null,"R","M","M","?","M","?","T","R","M","E","M","M"],"character_chosen":"THE_SNECKO","items_purchased":["Lantern","hubris:EvacipatedBox","sneckomod:UnknownExhaust"],"campfire_rested":0,"item_purchase_floors":[5,5,9],"current_hp_per_floor":[90,90,90,90,56,56,56,56,55,58,53,46,25,24,25,18,95,95,88,79,79,75,76,76,76,71,45,21,30,30],"gold":280,"neow_bonus":"THREE_ENEMY_KILL","is_daily":false,"chose_seed":false,"campfire_upgraded":2,"win_rate":0.0,"timestamp":1609689104,"path_taken":["R","?","?","?","?","E","T","M","$","M","M","E","?","M","M","BOSS","R","M","M","?","M","?","T","R","M","E","M","M"],"items_purchased_type":["Relic","Relic","Card"],"build_version":"2020-12-22","purchased_purges":2,"victory":false,"max_hp_per_floor":[90,90,90,90,90,90,90,90,91,91,92,93,93,93,94,95,95,95,95,95,95,95,96,96,96,99,100,100,100,100],"card_choices":[{"not_picked":["sneckomod:UnknownStrike","sneckomod:UnknownClassPURPLE"],"picked":"sneckomod:CheapStock","floor":3},{"not_picked":["sneckomod:IronFang","sneckomod:UnknownUncommonPower"],"picked":"sneckomod:SerpentIdol","floor":6},{"not_picked":["sneckomod:QuickBite","sneckomod:UnknownVulnerable"],"picked":"sneckomod:SoulDraw","floor":8},{"not_picked":["sneckomod:UnknownStrike","sneckomod:UnknownClassTHE_CHAMP_GRAY","sneckomod:UnknownCommonAttack"],"picked":"SKIP","floor":9},{"not_picked":["sneckomod:SoulRoll","sneckomod:TrashToTreasure"],"picked":"sneckomod:SnakeSap","floor":10},{"not_picked":["sneckomod:SoulDraw","sneckomod:Nope"],"picked":"sneckomod:Unknown3Cost","floor":11},{"not_picked":["sneckomod:RainOfDice","sneckomod:UnknownVulnerable"],"picked":"sneckomod:Unknown3Cost","floor":12},{"not_picked":["sneckomod:WideSting","sneckomod:SoulDraw"],"picked":"sneckomod:RainOfDice","floor":14},{"not_picked":["sneckomod:UnknownWeak","sneckomod:SnakeSap"],"picked":"sneckomod:Unknown0Cost","floor":15},{"not_picked":["sneckomod:SoulExchange","sneckomod:Restock"],"picked":"sneckomod:UnknownRareAttack","floor":16},{"not_picked":["sneckomod:UnknownEthereal","sneckomod:UnknownX+1"],"picked":"sneckomod:RainOfDice+1","floor":19},{"not_picked":["sneckomod:UnknownCommonSkill+1","sneckomod:UnknownCommonAttack","sneckomod:UnknownBlock"],"picked":"SKIP","floor":19},{"not_picked":["sneckomod:SoulDraw","sneckomod:Unknown1Cost+1"],"picked":"sneckomod:Mudshield","floor":20},{"not_picked":["sneckomod:UnknownClassPURPLE","sneckomod:Nope","sneckomod:IronFang+1"],"picked":"SKIP","floor":20},{"not_picked":["sneckomod:IronFang","sneckomod:UnknownClassBLUE"],"picked":"sneckomod:WideSting","floor":22},{"not_picked":["sneckomod:SoulRoll","sneckomod:Unknown1Cost+1"],"picked":"sneckomod:DiceBlock+1","floor":22},{"not_picked":["sneckomod:ImprovisedAttack","sneckomod:MasterEye"],"picked":"sneckomod:QuickBite","floor":26},{"not_picked":["sneckomod:UnknownUncommonPower","sneckomod:UnknownClassHEXA_GHOST_PURPLE"],"picked":"sneckomod:DangerNoodle","floor":26},{"not_picked":["sneckomod:Unknown1Cost","sneckomod:IronFang"],"picked":"sneckomod:UnknownVulnerable","floor":27},{"not_picked":["sneckomod:UnknownClassPURPLE","sneckomod:Unknown0Cost"],"picked":"sneckomod:DiceBlock","floor":28},{"not_picked":["sneckomod:Unknown1Cost","sneckomod:Rotation"],"picked":"sneckomod:QuickMove+1","floor":28}],"player_experience":279593,"relics_obtained":[{"floor":6,"key":"Incense Burner"},{"floor":7,"key":"Replay:Baseball"},{"floor":12,"key":"Lizard Tail"},{"floor":18,"key":"ReplayFunnel"},{"floor":24,"key":"hubris:CrystalStatue"},{"floor":27,"key":"Calipers"}],"event_choices":[{"damage_healed":0,"gold_gain":0,"player_choice":"Got Potions","damage_taken":0,"max_hp_gain":0,"max_hp_loss":0,"event_name":"Lab","floor":2,"gold_loss":0},{"damage_healed":0,"gold_gain":0,"player_choice":"Stole Relic","damage_taken":0,"relics_obtained":["infinitespire:Satchel"],"max_hp_gain":0,"max_hp_loss":0,"event_name":"Addict","floor":21,"gold_loss":0,"cards_obtained":["Shame"]},{"damage_healed":0,"gold_gain":0,"player_choice":"Read","damage_taken":0,"max_hp_gain":0,"max_hp_loss":0,"event_name":"The Library","floor":23,"gold_loss":0,"cards_obtained":["sneckomod:UnknownRareAttack"]}],"is_beta":false,"boss_relics":[{"not_picked":["Painkiller Herb","SlaversCollar","Runic Dome"],"picked":"Philosopher\u0027s Stone"}],"items_purged_floors":[5,9],"is_endless":false,"potions_floor_spawned":[6,10,12,14,15,16,22,26,28],"killed_by":"Sentry and Sphere","ascension_level":0}}