{"host":"fkig9nrckec4xsh0","time":1609650901,"event":{"mods":["BaseMod","Colored Map","Minty Spire (QoL Compilation)","Quick Restart","Replay The Spire","StSLib"],"gold_per_floor":[112,387,169,185,185,213,223,223,223,258,277,277,277,352,352,452,452,464,464,379,379,395,428,159,190,190,220,220,137,137,137],"floor_reached":30,"playtime":1034,"items_purged":["Regret","Delirium","Sickly"],"score":481,"play_id":"fc721968-98d1-470a-ad64-aa6a0887ca44","local_time":"20210103001501","is_ascension_mode":true,"campfire_choices":[{"data":"Deadly Poison","floor":8,"key":"SMITH"},{"data":"Catalyst","floor":8,"key":"SMITH"},{"data":"Catalyst","floor":13,"key":"SMITH"},{"data":"Catalyst","floor":13,"key":"SMITH"},{"data":"Dash","floor":15,"key":"SMITH"},{"data":"Neutralize","floor":15,"key":"SMITH"}],"circlet_count":0,"master_deck":["Strike_G","Strike_G","Strike_G","Strike_G+1","Defend_G","Defend_G+1","Defend_G","Defend_G","Survivor","Neutralize+1","Deadly Poison+1","Backstab","Dash+1","Catalyst+1","Catalyst+1","Catalyst+1","Night Terror","Clumsy","ReplayTheSpireMod:Doomed","Replay:Poison Smokescreen","Flying Knee+1","Quick Slash","Master of Strategy","Escape Plan","Catalyst","Escape Plan","Poisoned Stab","Poisoned Stab"],"relics":["Ring of the Snake","NeowsBlessing","ClockworkSouvenir","Replay:Arrowhead","Durian","Simple Rune","Replay:Ancient Bell","Orichalcum","Replay:Bottled Steam","Tough Bandages","Potion Belt","Pear","BargainBundle","Replay:Accelerometer","Dead Branch","Smiling Mask","ReplayTheSpireMod:Ring of Collecting"],"acts_visited":["Exordium","TheCity"],"potions_floor_usage":[16,16,18,25],"damage_taken":[{"damage":0,"enemies":"2 Louse","floor":1,"turns":1},{"damage":0,"enemies":"Cultist","floor":4,"turns":1},{"damage":0,"enemies":"3 Sentries","floor":6,"turns":1},{"damage":7,"enemies":"Small Slimes","floor":7,"turns":3},{"damage":22,"enemies":"Gremlin Nob","floor":10,"turns":4},{"damage":0,"enemies":"3 Louse","floor":11,"turns":2},{"damage":0,"enemies":"Slime Boss","floor":16,"turns":4},{"damage":7,"enemies":"3 Byrds","floor":18,"turns":7},{"damage":4,"enemies":"Chosen","floor":22,"turns":2},{"damage":7,"enemies":"Replay:Snechameleon","floor":23,"turns":3},{"damage":40,"enemies":"Book of Stabbing","floor":25,"turns":5},{"damage":2,"enemies":"Replay:Snechameleon","floor":27,"turns":3},{"damage":14,"enemies":"Gremlin Leader","floor":30,"turns":2}],"seed_played":"3641242931721570581","potions_obtained":[{"floor":1,"key":"Strength Potion"},{"floor":7,"key":"Explosive Potion"},{"floor":10,"key":"LifebloodPotion"},{"floor":18,"key":"ColorlessPotion"},{"floor":22,"key":"LiquidMemories"}],"is_trial":false,"path_per_floor":["M","?","$","M","?","E","M","R","T","E","M","?","R","?","R","B",null,"M","?","?","?","M","E","$","E","T","E","?","$","E"],"character_chosen":"THE_SILENT","items_purchased":["ClockworkSouvenir","BargainBundle","Master of Strategy","Escape Plan","Languid Potion","FearPotion","SteroidPotion","Poisoned Stab"],"campfire_rested":0,"item_purchase_floors":[3,24,24,24,24,24,24,29],"current_hp_per_floor":[70,70,70,70,70,70,63,63,68,46,46,39,39,28,28,28,75,68,68,68,54,50,53,53,13,13,11,11,11,0,0],"gold":137,"neow_bonus":"THREE_ENEMY_KILL","is_daily":false,"chose_seed":false,"campfire_upgraded":6,"win_rate":0.0,"timestamp":1609650901,"path_taken":["M","?","$","?","?","E","M","R","T","E","?","?","R","?","R","BOSS","M","?","?","?","M","E","$","E","T","E","?","?","E"],"items_purchased_type":["Relic","Relic","Card","Card","Potion","Potion","Potion","Card"],"build_version":"2020-12-22","purchased_purges":3,"victory":false,"max_hp_per_floor":[70,70,70,70,70,70,70,70,75,75,75,75,75,75,75,75,75,75,75,75,80,80,90,90,90,90,90,90,90,90,90],"card_choices":[{"not_picked":["Heel Hook","Cloak And Dagger","Prepared"],"picked":"SKIP","floor":1},{"not_picked":["Sneak Up","Acrobatics"],"picked":"Deadly Poison","floor":4},{"not_picked":["Slice","Blade Dance"],"picked":"Dash","floor":6},{"not_picked":["Crippling Poison","Prepared"],"picked":"Catalyst","floor":7},{"not_picked":["Bane","Caltrops"],"picked":"Catalyst","floor":10},{"not_picked":["Backflip","Skewer"],"picked":"Catalyst","floor":11},{"not_picked":["Corpse Explosion","After Image"],"picked":"Night Terror","floor":16},{"not_picked":["Looming Evil","Decay"],"picked":"Delirium","floor":17},{"not_picked":["Pain","Voices"],"picked":"Clumsy","floor":17},{"not_picked":["CurseOfTheBell","Voices"],"picked":"ReplayTheSpireMod:Doomed","floor":17},{"not_picked":["Deadly Poison","Well Laid Plans"],"picked":"Replay:Poison Smokescreen","floor":18},{"not_picked":["ReplayTheSpireMod:Shiv Toss","Underhanded Strike"],"picked":"Flying Knee+1","floor":22},{"not_picked":["Cloak And Dagger","Slice"],"picked":"Quick Slash","floor":23},{"not_picked":["Acrobatics+1","Expertise+1"],"picked":"Catalyst","floor":25},{"not_picked":["Blade Dance+1","Dagger Throw"],"picked":"Escape Plan","floor":27}],"player_experience":281930,"relics_obtained":[{"floor":6,"key":"Replay:Arrowhead"},{"floor":9,"key":"Durian"},{"floor":10,"key":"Simple Rune"},{"floor":23,"key":"Pear"},{"floor":25,"key":"Replay:Accelerometer"},{"floor":26,"key":"Dead Branch"},{"floor":27,"key":"Smiling Mask"},{"floor":28,"key":"ReplayTheSpireMod:Ring of Collecting"}],"event_choices":[{"damage_healed":0,"gold_gain":275,"player_choice":"Desecrate","damage_taken":0,"max_hp_gain":0,"max_hp_loss":0,"event_name":"Golden Shrine","floor":2,"gold_loss":0,"cards_obtained":["Regret"]},{"damage_healed":0,"gold_gain":0,"cards_transformed":["Defend_G"],"player_choice":"Transformed","damage_taken":0,"max_hp_gain":0,"max_hp_loss":0,"event_name":"Transmorgrifier","floor":5,"gold_loss":0,"cards_obtained":["Backstab"]},{"cards_removed":["Strike_G"],"damage_healed":0,"gold_gain":0,"player_choice":"Card Removal","damage_taken":7,"max_hp_gain":0,"max_hp_loss":0,"event_name":"Golden Wing","floor":12,"gold_loss":0},{"damage_healed":0,"gold_gain":75,"player_choice":"Gather Gold","damage_taken":11,"max_hp_gain":0,"max_hp_loss":0,"event_name":"World of Goop","floor":14,"gold_loss":0},{"damage_healed":0,"gold_gain":0,"player_choice":"Ignored","damage_taken":0,"max_hp_gain":0,"max_hp_loss":0,"event_name":"Vampires","floor":19,"gold_loss":0},{"damage_healed":0,"gold_gain":0,"player_choice":"Obtained Relic","damage_taken":0,"relics_obtained":["Potion Belt"],"max_hp_gain":0,"max_hp_loss":0,"event_name":"Addict","floor":20,"gold_loss":85},{"damage_healed":0,"gold_gain":0,"player_choice":"Shed Blood","damage_taken":19,"max_hp_gain":5,"max_hp_loss":0,"event_name":"Forgotten Altar","floor":21,"gold_loss":0}],"is_beta":false,"boss_relics":[{"not_picked":["Philosopher\u0027s Stone","Tiny House"],"picked":"Replay:Ancient Bell"},{"not_picked":["Blue Doll","Vajra"],"picked":"Orichalcum"},{"not_picked":["Ornamental Fan","Garlic"],"picked":"Replay:Bottled Steam"},{"not_picked":["StoneCalendar","Replay:Kaleidoscope"],"picked":"Tough Bandages"}],"items_purged_floors":[3,24,29],"is_endless":false,"potions_floor_spawned":[1,7,10,18,22],"killed_by":"Gremlin Leader","ascension_level":2}}