{"host":"xwqwvmlzre68xjvm","time":1609663161,"event":{"mods":["AchievementEnabler","BaseMod","Colored Map","Colored Powertips","Hermit","Marisa£¨Ùöéë¡¡Øª×âÞÞ£©","Minty Spire (QoL Compilation)","Replay The Spire","StSLib","SuperFastMode","The Bug Knight","The Cursed","The Hierophant","The Runesmith"],"gold_per_floor":[110,110,110,35,35,70,70,81,127,143,168,14,26,37,37,135,135,152,170,181,181,6,6,6,32,58,58,58,58,70,99,99,112,112,112,112],"floor_reached":35,"playtime":1200,"items_purged":["Normality","ReplayReversal","Shame"],"score":345,"play_id":"e2645fd7-30a1-4b6a-962b-1ce8c6602bdb","local_time":"20210103173921","is_ascension_mode":true,"campfire_choices":[{"data":"Spot Weakness","floor":7,"key":"SMITH"},{"floor":15,"key":"REST"},{"floor":23,"key":"REST"},{"floor":27,"key":"REST"},{"floor":32,"key":"REST"},{"floor":34,"key":"REST"}],"circlet_count":0,"master_deck":["Strike_R","Strike_R","Defend_R","Defend_R","Defend_R","Spot Weakness+1","Flex+1","Bludgeon","Twin Strike","Sword Boomerang","Rampage","Double Tap+1","Carnage+1","Run Through+1","Warcry","Heavy Blade","Bloodletting+1","Warcry","Clash","Replay:Undeath\u0027s Touch","Replay:Undeath\u0027s Touch+1"],"relics":["Replay:Bronze Core","Ring of Panic","Ring of Fury","Mango","Replay:Wax Seal","Astrolabe","ReplayTheSpireMod:TigerMarble","Strawberry","MealTicket","Ornamental Fan"],"acts_visited":["Exordium","TheCity"],"potions_floor_usage":[11,13,16,16,31,31,31,35,35,35],"damage_taken":[{"damage":1,"enemies":"Cultist","floor":1,"turns":3},{"damage":40,"enemies":"3 Sentries","floor":6,"turns":9},{"damage":9,"enemies":"Jaw Worm","floor":8,"turns":4},{"damage":0,"enemies":"2 Louse","floor":10,"turns":2},{"damage":28,"enemies":"Lagavulin","floor":11,"turns":4},{"damage":0,"enemies":"Blue Slaver","floor":13,"turns":1},{"damage":0,"enemies":"Red Slaver","floor":14,"turns":1},{"damage":22,"enemies":"Hexaghost","floor":16,"turns":5},{"damage":22,"enemies":"Shell Parasite","floor":18,"turns":3},{"damage":15,"enemies":"3 Byrds","floor":19,"turns":4},{"damage":21,"enemies":"Snake Plant","floor":20,"turns":2},{"damage":59,"enemies":"Slavers","floor":25,"turns":5},{"damage":10,"enemies":"Chosen and Byrds","floor":30,"turns":3},{"damage":34,"enemies":"Gremlin Leader","floor":31,"turns":3},{"damage":22,"enemies":"Snecko","floor":33,"turns":4},{"damage":70,"enemies":"Collector","floor":35,"turns":5}],"seed_played":"3979711896212373444","potions_obtained":[{"floor":6,"key":"Toxic Potion"},{"floor":10,"key":"SpeedPotion"},{"floor":11,"key":"BloodPotion"},{"floor":13,"key":"FearPotion"},{"floor":19,"key":"SteroidPotion"},{"floor":30,"key":"EntropicBrew"},{"floor":31,"key":"Dexterity Potion"}],"is_trial":false,"path_per_floor":["M","?","?","$","?","E","R","M","T","M","E","$","M","M","R","B",null,"M","M","M","?","$","R","?","E","T","R","PTL","PTL","M","E","R","M","R","B"],"character_chosen":"IRONCLAD","items_purchased":["Sword Boomerang","Warcry"],"campfire_rested":5,"item_purchase_floors":[12,22],"current_hp_per_floor":[79,79,79,79,79,53,53,44,44,44,16,16,34,34,62,40,94,72,57,36,36,36,64,64,15,15,46,46,46,36,2,33,24,55,0,0],"gold":112,"neow_bonus":"BOSS_RELIC","is_daily":false,"chose_seed":false,"campfire_upgraded":1,"win_rate":0.0,"timestamp":1609663161,"path_taken":["M","?","?","?","?","E","R","?","T","M","E","?","M","M","R","BOSS","M","?","M","?","$","R","?","E","T","R","PTL","PTL","M","E","R","M","R","BOSS"],"items_purchased_type":["Card","Card"],"build_version":"2020-12-22","purchased_purges":3,"victory":false,"max_hp_per_floor":[80,80,80,80,80,94,94,94,94,94,94,94,94,94,94,94,94,94,94,94,94,94,94,94,104,104,104,104,104,104,104,104,104,104,104,104],"card_choices":[{"not_picked":["Heavy Blade","Perfected Strike"],"picked":"Spot Weakness","floor":1},{"not_picked":["Pummel","Clash"],"picked":"Bludgeon","floor":6},{"not_picked":["Perfected Strike","Dual Wield","Clothesline"],"picked":"SKIP","floor":8},{"not_picked":["Headbutt","Clothesline"],"picked":"Twin Strike","floor":10},{"not_picked":["Uppercut","Headbutt","Cleave"],"picked":"SKIP","floor":11},{"not_picked":["Twin Strike","Sword Boomerang"],"picked":"Rampage","floor":13},{"not_picked":["Anger","Entrench","Shrug It Off"],"picked":"SKIP","floor":14},{"not_picked":["Twin Strike","Life Link"],"picked":"Warcry","floor":18},{"not_picked":["Perfected Strike","Warcry"],"picked":"Heavy Blade","floor":19},{"not_picked":["Reckless Charge+1","Iron Wave"],"picked":"Bloodletting+1","floor":20},{"not_picked":["Armaments","Pommel Strike","Thunderclap"],"picked":"SKIP","floor":25},{"not_picked":["Perfected Strike","Thunderclap"],"picked":"Clash","floor":30},{"not_picked":["True Grit","Metallicize"],"picked":"Replay:Undeath\u0027s Touch","floor":31},{"not_picked":["Clothesline","Thunderclap"],"picked":"Replay:Undeath\u0027s Touch+1","floor":33}],"player_experience":45692,"relics_obtained":[{"floor":3,"key":"Ring of Panic"},{"floor":3,"key":"Ring of Fury"},{"floor":6,"key":"Mango"},{"floor":11,"key":"Replay:Wax Seal"},{"floor":25,"key":"Strawberry"},{"floor":26,"key":"MealTicket"},{"floor":31,"key":"Ornamental Fan"}],"event_choices":[{"damage_healed":0,"gold_gain":0,"cards_transformed":["Strike_R"],"player_choice":"Change","damage_taken":0,"max_hp_gain":0,"max_hp_loss":0,"event_name":"Living Wall","floor":2,"gold_loss":0,"cards_obtained":["ReplayReversal"]},{"damage_healed":0,"gold_gain":0,"player_choice":"Stole Relic","damage_taken":0,"relics_obtained":["ReplayTheSpireMod:TigerMarble"],"max_hp_gain":0,"max_hp_loss":0,"event_name":"Addict","floor":21,"gold_loss":0,"cards_obtained":["Shame"]},{"damage_healed":0,"gold_gain":0,"player_choice":"Ignored","damage_taken":0,"max_hp_gain":0,"max_hp_loss":0,"event_name":"Ghosts","floor":24,"gold_loss":0}],"is_beta":false,"boss_relics":[{"not_picked":["Runic Cube","Electric Blood"],"picked":"Astrolabe"}],"items_purged_floors":[4,12,22],"is_endless":false,"potions_floor_spawned":[6,10,11,13,19,30,31],"killed_by":"Collector","ascension_level":1}}