{"host":"qdfumeom6htv8yxl","time":1609703825,"event":{"mods":["AchievementEnabler","BaseMod","Block Reminder","Minty Spire (QoL Compilation)","Quick Restart","Relic Stats"],"gold_per_floor":[114,114,133,133,152,152,168,181,181,67,67,16,28,47,47,47,47],"floor_reached":16,"playtime":620,"items_purged":["Strike_G"],"score":169,"play_id":"10d2021c-0226-44b4-a95b-989c78839153","local_time":"20210103135705","is_ascension_mode":true,"campfire_choices":[{"data":"Neutralize","floor":6,"key":"SMITH"},{"data":"Cloak And Dagger","floor":15,"key":"SMITH"}],"circlet_count":0,"master_deck":["AscendersBane","Strike_G","Strike_G","Strike_G","Strike_G","Defend_G","Defend_G","Defend_G","Defend_G","Defend_G","Survivor","Neutralize+1","Deadly Poison","Dagger Throw","Dagger Spray","Cloak And Dagger+1","Well Laid Plans","Pain","Blade Dance","Cloak And Dagger"],"relics":["Ring of the Snake","Mummified Hand","WarpedTongs"],"acts_visited":["Exordium"],"potions_floor_usage":[8,14],"damage_taken":[{"damage":1.0,"enemies":"Small Slimes","floor":1.0,"turns":5.0},{"damage":1.0,"enemies":"2 Louse","floor":3.0,"turns":3.0},{"damage":2.0,"enemies":"Jaw Worm","floor":5.0,"turns":4.0},{"damage":4,"enemies":"Blue Slaver","floor":7,"turns":4},{"damage":11,"enemies":"Exordium Thugs","floor":8,"turns":4},{"damage":1,"enemies":"Red Slaver","floor":13,"turns":3},{"damage":12,"enemies":"Large Slime","floor":14,"turns":5},{"damage":8,"enemies":"Hexaghost","floor":16,"turns":6}],"seed_played":"969244279795777078","potions_obtained":[{"floor":5.0,"key":"EssenceOfSteel"},{"floor":8,"key":"AttackPotion"},{"floor":13,"key":"Strength Potion"}],"is_trial":false,"path_per_floor":["M","?","M","?","M","R","M","M","T","$","?","$","M","M","R","B"],"character_chosen":"THE_SILENT","items_purchased":["Well Laid Plans","Blade Dance"],"campfire_rested":0,"item_purchase_floors":[10,12],"current_hp_per_floor":[70,70,69,69,67,67,63,52,52,52,52,52,51,39,39,31,31],"gold":47,"neow_bonus":"TWENTY_PERCENT_HP_BONUS","is_daily":false,"chose_seed":false,"campfire_upgraded":2,"win_rate":0.0,"timestamp":1609703825,"path_taken":["M","?","M","?","M","R","?","M","T","$","?","?","M","M","R","BOSS"],"items_purchased_type":["Card","Card"],"build_version":"2020-12-22","purchased_purges":1,"victory":false,"max_hp_per_floor":[78,78,78,75,75,75,75,75,75,75,75,75,75,75,75,75,75],"relic_stats":{"counters":[8,34],"Mummified Hand":[3],"obtain_stats":[{"Mummified Hand":9,"Ring of the Snake":0,"WarpedTongs":11},{"Mummified Hand":5,"Ring of the Snake":0,"WarpedTongs":5},{"Mummified Hand":20,"Ring of the Snake":0,"WarpedTongs":20}],"Ring of the Snake":[16],"WarpedTongs":[14]},"card_choices":[{"not_picked":["Acrobatics","Masterful Stab"],"picked":"Deadly Poison","floor":1.0},{"not_picked":["Slice","Flechettes"],"picked":"Dagger Throw","floor":3.0},{"not_picked":["Slice","Calculated Gamble","Prepared"],"picked":"SKIP","floor":5.0},{"not_picked":["Dagger Throw","Infinite Blades"],"picked":"Dagger Spray","floor":7},{"not_picked":["Slice","Dagger Throw"],"picked":"Cloak And Dagger","floor":8},{"not_picked":["Well Laid Plans","Dagger Throw","Deadly Poison"],"picked":"SKIP","floor":13},{"not_picked":["Infinite Blades","Flying Knee"],"picked":"Cloak And Dagger","floor":14}],"player_experience":1696460,"relics_obtained":[{"floor":9,"key":"Mummified Hand"}],"event_choices":[{"damage_healed":0.0,"max_hp_gain":0.0,"max_hp_loss":0.0,"gold_gain":0.0,"event_name":"Liars Game","player_choice":"Ignored","floor":2.0,"gold_loss":0.0,"damage_taken":0.0},{"cards_removed":["Parasite"],"damage_healed":0.0,"max_hp_gain":0.0,"max_hp_loss":0.0,"gold_gain":0.0,"event_name":"Living Wall","player_choice":"Forget","floor":4.0,"gold_loss":0.0,"damage_taken":0.0},{"damage_healed":0,"gold_gain":0,"player_choice":"Rummage","damage_taken":0,"relics_obtained":["WarpedTongs"],"max_hp_gain":0,"max_hp_loss":0,"event_name":"Accursed Blacksmith","floor":11,"gold_loss":0,"cards_obtained":["Pain"]}],"is_beta":false,"boss_relics":[],"items_purged_floors":[10],"is_endless":false,"potions_floor_spawned":[5,8,13],"killed_by":"Hexaghost","ascension_level":16}}