{"host":"8g198xe1n7br41jb","time":1609681740,"event":{"mods":["BaseMod","Downfall","Minty Spire (QoL Compilation)","StSLib","SuperFastMode"],"gold_per_floor":[99,116,132,132,42,142,142,169,244,244,254,285,22,42,56,151,151,76,76,89,109,94,114,184,198,198,198,198,228,213,229,247,348,348,273,292,125,136,151,161,212,225,243,254,273,273,273,293,303,303],"floor_reached":51,"playtime":7601,"items_purged":["champ:Defend","champ:Strike","champ:Strike"],"score":687,"play_id":"621ff279-83b3-47b7-a3ff-f5e0deec6ec3","local_time":"20210103144900","is_ascension_mode":false,"campfire_choices":[{"data":"champ:PerfectForm","floor":1.0,"key":"SMITH"},{"floor":10.0,"key":"REST"},{"data":"champ:BerserkerStyle","floor":18.0,"key":"SMITH"},{"data":"champ:VampiricStrike","floor":26.0,"key":"SMITH"},{"floor":28.0,"key":"RECALL"},{"data":"champ:SteelEdge","floor":35,"key":"SMITH"},{"data":"expansioncontent:Chronoboost","floor":47,"key":"SMITH"}],"circlet_count":0,"master_deck":["champ:Strike","champ:Strike","champ:Defend","champ:Defend","champ:Defend","champ:Execute","champ:Taunt","champ:PerfectForm+1","champ:DeathBlow","champ:BringItOn","champ:Duel","champ:PerfectForm","champ:CrownThrow","champ:FaceSlap","champ:BerserkerStyle+1","champ:VampiricStrike+1","champ:ArenaPreparation","champ:BringItOn","champ:CrookedStrike","champ:Haymaker","champ:DefensiveStyle+1","champ:SteelEdge+1","champ:BerserkerStyle+1","champ:GladiatorStyle","champ:GladiatorStyle+1","expansioncontent:Chronoboost+1","champ:GladiatorStyle+1"],"relics":["champ:ChampionCrownUpgraded","Champion Belt","White Beast Statue","Ginger","Bottled Tornado","Dream Catcher","downfall:HeartBlessingGreen","champ:DefensiveTrainingManual","Sundial","Shuriken","Coffee Dripper","downfall:HeartBlessingRed","DollysMirror","InkBottle","Lantern"],"acts_visited":["Exordium","TheCity","TheBeyond"],"potions_floor_usage":[32,36,36,40,44,50],"damage_taken":[{"damage":13.0,"enemies":"Small Slimes","floor":2.0,"turns":4.0},{"damage":14.0,"enemies":"Cultist","floor":3.0,"turns":4.0},{"damage":23.0,"enemies":"downfall:FleeingMerchant","floor":5.0,"turns":4.0},{"damage":49.0,"enemies":"downfall:FleeingMerchant","floor":6.0,"turns":4.0},{"damage":47.0,"enemies":"Gremlin Nob","floor":8.0,"turns":4.0},{"damage":7.0,"enemies":"Jaw Worm","floor":11.0,"turns":3.0},{"damage":36.0,"enemies":"Lagavulin","floor":12.0,"turns":7.0},{"damage":11.0,"enemies":"downfall:FleeingMerchant","floor":13.0,"turns":4.0},{"damage":1.0,"enemies":"3 Louse","floor":14.0,"turns":3.0},{"damage":16.0,"enemies":"Blue Slaver","floor":15.0,"turns":3.0},{"damage":26.0,"enemies":"downfall:Silent","floor":16.0,"turns":5.0},{"damage":29.0,"enemies":"Chosen","floor":20.0,"turns":4.0},{"damage":26.0,"enemies":"Spheric Guardian","floor":21.0,"turns":3.0},{"damage":55.0,"enemies":"downfall:FleeingMerchant","floor":22.0,"turns":4.0},{"damage":59.0,"enemies":"3 Cultists","floor":23.0,"turns":5.0},{"damage":23.0,"enemies":"Snake Plant","floor":25.0,"turns":3.0},{"damage":36.0,"enemies":"Book of Stabbing","floor":29.0,"turns":4.0},{"damage":33.0,"enemies":"downfall:FleeingMerchant","floor":30.0,"turns":4.0},{"damage":41,"enemies":"Cultist and Chosen","floor":31,"turns":5},{"damage":33,"enemies":"Snecko","floor":32,"turns":4},{"damage":49,"enemies":"downfall:Defect","floor":33,"turns":6},{"damage":2,"enemies":"3 Shapes","floor":36,"turns":2},{"damage":18,"enemies":"downfall:FleeingMerchant","floor":37,"turns":2},{"damage":31,"enemies":"3 Darklings","floor":38,"turns":4},{"damage":39,"enemies":"Sphere and 2 Shapes","floor":39,"turns":4},{"damage":80,"enemies":"Transient","floor":40,"turns":5},{"damage":36,"enemies":"Jaw Worm Horde","floor":42,"turns":4},{"damage":51,"enemies":"Maw","floor":43,"turns":5},{"damage":27,"enemies":"Spire Growth","floor":44,"turns":3},{"damage":27,"enemies":"Jaw Worm Horde","floor":45,"turns":4},{"damage":60,"enemies":"3 Darklings","floor":48,"turns":3},{"damage":73,"enemies":"Transient","floor":49,"turns":5},{"damage":47,"enemies":"downfall:Ironclad","floor":50,"turns":6}],"seed_played":"4818039643119820664","potions_obtained":[{"floor":6.0,"key":"Explosive Potion"},{"floor":8.0,"key":"Fire Potion"},{"floor":11.0,"key":"Dexterity Potion"},{"floor":12.0,"key":"champ:OpenerPotion"},{"floor":13.0,"key":"LiquidBronze"},{"floor":16.0,"key":"sneckomod:MuddlingPotion"},{"floor":30,"key":"Ancient Potion"},{"floor":32,"key":"SkillPotion"},{"floor":33,"key":"Strength Potion"},{"floor":36,"key":"SpeedPotion"},{"floor":37,"key":"PowerPotion"},{"floor":40,"key":"DistilledChaos"},{"floor":44,"key":"BlessingOfTheForge"}],"is_trial":false,"path_per_floor":["R","M","M","?","$","?","T","E","T","R","M","E","$","M","M","B",null,"R","?","M","M","$","M","T","M","R","?","R","E","$","M","M","B",null,"R","M","$","M","M","M","T","M","M","M","M","?","R","M","M","B",null],"character_chosen":"THE_CHAMP","items_purchased":["champ:CrownThrow","DollysMirror","InkBottle"],"campfire_rested":1,"item_purchase_floors":[13,37,37],"current_hp_per_floor":[90,90,84,69,69,49,49,22,22,49,47,34,34,33,26,17,90,90,90,90,90,82,70,70,90,90,90,90,90,90,90,90,90,90,90,90,90,90,85,90,90,90,90,90,90,90,90,90,85,78],"gold":303,"neow_bonus":"ONE_RANDOM_RARE_CARD","is_daily":false,"chose_seed":false,"campfire_upgraded":5,"win_rate":0.0,"timestamp":1609681740,"path_taken":["R","M","M","?","?","?","T","E","?","R","M","E","$","M","M","BOSS","R","?","M","M","$","M","T","M","R","?","R","E","$","M","M","BOSS","R","M","$","M","M","M","T","M","M","M","M","?","R","M","M","BOSS"],"items_purchased_type":["Card","Relic","Relic"],"build_version":"2020-12-22","purchased_purges":3,"victory":true,"max_hp_per_floor":[90,90,90,90,90,90,90,90,90,90,90,90,90,90,90,90,90,90,90,90,90,90,90,90,90,90,90,90,90,90,90,90,90,90,90,90,90,90,90,90,90,90,90,90,90,90,90,90,90,90],"card_choices":[{"not_picked":["champ:CalledShot","champ:DefensiveShout","champ:Riposte"],"picked":"SKIP","floor":2.0},{"not_picked":["champ:BerserkerStyle","champ:FanOfKnives"],"picked":"champ:DeathBlow","floor":3.0},{"not_picked":["champ:FanOfKnives","champ:RapidStrikes","champ:Backstep"],"picked":"SKIP","floor":5.0},{"not_picked":["champ:PreciseThrust","champ:FlashCut"],"picked":"champ:BringItOn","floor":6.0},{"not_picked":["champ:Backstep","champ:Lariat"],"picked":"champ:Duel","floor":8.0},{"not_picked":["champ:PerfectedStrike","champ:FalseCounter"],"picked":"champ:PerfectForm","floor":11.0},{"not_picked":["champ:RapidStrikes","champ:FanOfKnives","champ:DeathBlow"],"picked":"SKIP","floor":12.0},{"not_picked":["champ:AdrenalArmor","champ:IronFortress","champ:StanceDance"],"picked":"SKIP","floor":13.0},{"not_picked":["champ:BladeFlurry","champ:ArenaPreparation"],"picked":"champ:FaceSlap","floor":14.0},{"not_picked":["champ:RapidStrikes","champ:StanceDance"],"picked":"champ:BerserkerStyle","floor":15.0},{"not_picked":["champ:Devastate","champ:MurderStrike"],"picked":"champ:VampiricStrike","floor":16.0},{"not_picked":["champ:StanceDance","champ:GladiatorsShout"],"picked":"champ:ArenaPreparation","floor":20.0},{"not_picked":["champ:BladeFlurry+1","champ:EnGarde+1","champ:FanOfKnives+1"],"picked":"SKIP","floor":21.0},{"not_picked":["champ:PerfectedStrike","champ:FlashCut"],"picked":"champ:BringItOn","floor":22.0},{"not_picked":["champ:BladeFlurry","champ:SwordThrow","champ:BringItOn+1"],"picked":"SKIP","floor":23.0},{"not_picked":["champ:BladeFlurry","champ:StanceDance","champ:PerfectedStrike"],"picked":"SKIP","floor":25.0},{"not_picked":["champ:BringItOn+1","champ:StrikeOfGenius"],"picked":"champ:CrookedStrike","floor":29.0},{"not_picked":["champ:BringItOn","champ:StanceDance"],"picked":"champ:Haymaker","floor":30},{"not_picked":["champ:RisingSlash","champ:FightOn"],"picked":"champ:DefensiveStyle+1","floor":31},{"not_picked":["champ:FanOfKnives","champ:CalledShot+1","champ:StanceDance+1"],"picked":"SKIP","floor":32},{"not_picked":["champ:HeavySlash","champ:SwordThrow"],"picked":"champ:SteelEdge","floor":33},{"not_picked":["champ:TornadoPunch","champ:FightOn","champ:DefensiveShout"],"picked":"SKIP","floor":36},{"not_picked":["champ:FanOfKnives+1","champ:RisingSlash","champ:Encircle"],"picked":"SKIP","floor":37},{"not_picked":["champ:BerserkersShout+1","champ:DefensiveShout"],"picked":"champ:GladiatorStyle","floor":38},{"not_picked":["champ:BladeFlurry+1","champ:FlashCut+1","champ:FalseCounter"],"picked":"SKIP","floor":39},{"not_picked":["champ:BladeFlurry","champ:Duel+1","champ:StanceDance+1"],"picked":"SKIP","floor":40},{"not_picked":["champ:CrookedStrike+1","champ:Lariat+1","champ:DefensiveShout+1"],"picked":"SKIP","floor":42},{"not_picked":["champ:PerfectedStrike","champ:CalledShot"],"picked":"champ:GladiatorStyle+1","floor":43},{"not_picked":["champ:Riposte+1","champ:HoldFirm","champ:SkillfulDodge+1"],"picked":"SKIP","floor":44},{"not_picked":["champ:EnragedBash","champ:DefensiveShout+1","champ:RapidStrikes"],"picked":"SKIP","floor":45},{"not_picked":["expansioncontent:AwakenDeath","expansioncontent:FaceSlap"],"picked":"expansioncontent:Chronoboost","floor":46},{"not_picked":["champ:PerfectedStrike+1","champ:AdrenalArmor","champ:FlashCut+1"],"picked":"SKIP","floor":48},{"not_picked":["champ:BladeFlurry+1","champ:FightOn"],"picked":"champ:GladiatorStyle+1","floor":49}],"player_experience":1197215,"relics_obtained":[{"floor":6.0,"key":"Champion Belt"},{"floor":7.0,"key":"White Beast Statue"},{"floor":8.0,"key":"Ginger"},{"floor":9.0,"key":"Bottled Tornado"},{"floor":12.0,"key":"Dream Catcher"},{"floor":24.0,"key":"Sundial"},{"floor":29.0,"key":"Shuriken"},{"floor":41,"key":"Lantern"}],"event_choices":[{"damage_healed":0.0,"max_hp_gain":0.0,"max_hp_loss":0.0,"gold_gain":0.0,"event_name":"Ghosts","player_choice":"Ignored","floor":27.0,"gold_loss":0.0,"damage_taken":0.0}],"is_beta":false,"boss_relics":[{"not_picked":["Cursed Key","Runic Dome"],"picked":"champ:ChampionCrownUpgraded"},{"not_picked":["Pandora\u0027s Box","SacredBark"],"picked":"Coffee Dripper"}],"items_purged_floors":[5,13,37],"is_endless":false,"potions_floor_spawned":[6,8,11,12,13,14,15,16,20,21,22,23,25,29,30,31,32,33,36,37,38,39,40,42,43,44,45,48,49],"ascension_level":0}}