{"host":"jqa9y4qkalbx8qgz","time":1609692438,"event":{"mods":["BaseMod","Bestiary","BetterRewards","CCEM","Downfall","Minty Spire (QoL Compilation)","Permanent Neow","Relic Stats","Replay The Spire","StSLib","The Alterego","Wandering Minibosses"],"gold_per_floor":[109,123,73,73,25,50,69,69,69,69,102,119,136,167,167,278,278,301,274,373,373,394,394,436,436,487,514,555,555,583,615,615,721,721,740,765,765,310,331,340,443,522,522,522,522,39,39,88,88,98],"floor_reached":51,"playtime":17851,"items_purged":["Pain","Hallucinations"],"score":1105,"play_id":"7a60ee9b-90c0-42ba-adbc-245b7385161a","local_time":"20210103194718","is_ascension_mode":true,"campfire_choices":[{"data":"Hologram","floor":15,"key":"SMITH"},{"data":"Hologram","floor":23,"key":"SMITH"},{"data":"Pot Of Greed","floor":29,"key":"SMITH"},{"data":"Defragment","floor":32,"key":"SMITH"},{"data":"Hologram","floor":45,"key":"SMITH"},{"floor":47,"key":"RECALL"}],"circlet_count":0,"master_deck":["Strike_B","Strike_B","Defend_B","Defend_B","Defend_B","Defend_B","Zap","Dualcast","Coolheaded+1","Sunder","Leap","Loop","Coolheaded","Go for the Eyes","Double Energy+1","Hologram+1","Genetic Algorithm","Panic Button","Gash","Hologram+1","Leap","FIFO Queue","Creative AI","Conserve Battery","Defragment+1","Defragment+1","Coolheaded","Machine Learning","Turbo+1","Pot Of Greed+1","Pot Of Greed","Pot Of Greed","Go for the Eyes+1","Conserve Battery","Mirror Shield","Turbo+1","Coolheaded+1","Pot Of Greed","ReplayGash+1","Recycle","Beam Cell+1","Hologram+1","Echo Form","White Noise","Hologram+1","Coolheaded"],"relics":["Cracked Core","Lee\u0027s Waffle","Replay:Ringing Soul","Peace Pipe","Akabeko","ReplayTheSpireMod:CursedCoin","Turnip","HornCleat","Shuriken","Vajra","Replay:Bandana","Sozu","ReplayTheSpireMod:Ninjato","Incense Burner","CCEMRelics:Pendulum","Grinning Jar","CCEMRelics:WarHorn","Honey Jar","ReplayTheSpireMod:Ring of Challenge","Ring of Misfortune","MealTicket","Omamori","Iron Hammer","Ornamental Fan","Divine Protection","Replay:Antivirus Software","Durian","Art of War"],"acts_visited":["Exordium","TheCity","TheBeyond"],"potions_floor_usage":[6,16,24,28,50],"damage_taken":[{"damage":0,"enemies":"2 Louse","floor":1,"turns":2},{"damage":2,"enemies":"Jaw Worm","floor":2,"turns":2},{"damage":4,"enemies":"Gremlin Nob","floor":6,"turns":3},{"damage":0,"enemies":"Cultist","floor":7,"turns":3},{"damage":1,"enemies":"3 Sentries","floor":11,"turns":9},{"damage":0,"enemies":"Looter","floor":12,"turns":1},{"damage":3,"enemies":"Lots of Slimes","floor":13,"turns":4},{"damage":10,"enemies":"Gremlin Nob","floor":14,"turns":4},{"damage":36,"enemies":"Slime Boss","floor":16,"turns":12},{"damage":23,"enemies":"3 Byrds","floor":18,"turns":8},{"damage":6,"enemies":"2 Thieves","floor":19,"turns":5},{"damage":16,"enemies":"Shelled Parasite and Fungi","floor":22,"turns":8},{"damage":25,"enemies":"Book of Stabbing","floor":24,"turns":12},{"damage":1,"enemies":"Snake Plant","floor":27,"turns":10},{"damage":24,"enemies":"Gremlin Leader","floor":28,"turns":10},{"damage":0,"enemies":"Snecko","floor":30,"turns":8},{"damage":17,"enemies":"Slavers","floor":31,"turns":8},{"damage":2,"enemies":"Champ","floor":33,"turns":11},{"damage":0,"enemies":"3 Shapes","floor":35,"turns":11},{"damage":0,"enemies":"Orb Walker","floor":36,"turns":2},{"damage":0,"enemies":"Jaw Worm Horde","floor":39,"turns":5},{"damage":0,"enemies":"Reptomancer","floor":40,"turns":10},{"damage":11,"enemies":"4 Shapes","floor":41,"turns":3},{"damage":7,"enemies":"Nemesis","floor":42,"turns":7},{"damage":0,"enemies":"R_Hoarder","floor":48,"turns":5},{"damage":0,"enemies":"Replay:Hell Engine","floor":50,"turns":9}],"seed_played":"9050940542497298399","potions_obtained":[{"floor":1,"key":"AttackPotion"},{"floor":6,"key":"Slimebound:ThreeZeroPotion"},{"floor":10,"key":"Block Potion"},{"floor":10,"key":"Languid Potion"},{"floor":16,"key":"Dexterity Potion"}],"is_trial":false,"path_per_floor":["M","M","?","?","$","E","M","$","T","?","E","M","M","E","R","B",null,"M","M","?","?","M","R","E","?","T","M","E","R","M","E","R","B",null,"M","M","?","$","M","E","M","E","T","?","R","$","R","E","R","B",null],"character_chosen":"DEFECT","items_purchased":["Lee\u0027s Waffle","Replay:Ringing Soul","Coolheaded","Sunder","Leap","Loop","Akabeko","ReplayTheSpireMod:CursedCoin","Coolheaded","Hologram","ReplayGash+1","MealTicket","Omamori","Replay:Antivirus Software","Durian","White Noise"],"campfire_rested":0,"item_purchase_floors":[0,0,0,0,0,0,0,0,0,5,38,38,38,46,46,46],"current_hp_per_floor":[88,89,89,71,74,73,76,76,76,76,78,81,81,74,74,41,115,95,92,92,95,82,82,60,63,63,65,44,44,47,33,33,34,148,151,154,157,160,163,166,158,154,154,154,154,177,177,180,183,183],"gold":98,"neow_bonus":"","is_daily":false,"chose_seed":false,"campfire_upgraded":5,"win_rate":0.0,"timestamp":1609692438,"path_taken":["M","M","?","?","?","E","?","$","T","?","E","?","M","E","R","BOSS","M","M","?","?","M","R","E","?","T","?","E","R","M","E","R","BOSS","M","M","?","$","M","E","M","E","T","?","R","$","R","E","R","BOSS"],"items_purchased_type":["Relic","Relic","Card","Card","Card","Card","Relic","Relic","Card","Card","Card","Relic","Relic","Relic","Relic","Card"],"build_version":"2020-12-22","purchased_purges":2,"victory":true,"max_hp_per_floor":[88,91,91,91,94,97,100,100,100,100,103,106,109,112,112,115,115,118,121,121,124,127,127,130,133,133,136,139,139,142,145,145,148,148,151,154,157,160,163,166,169,172,172,172,172,180,180,183,186,186],"relic_stats":{"Peace Pipe":0,"Sozu":7,"Lee\u0027s Waffle":55,"counters":[158,1043],"Shuriken":[48],"Ornamental Fan":[36],"MealTicket":15,"Turnip":[20],"Art of War":[28],"obtain_stats":[{"Golden Egg":6,"Replay:Accelerometer":23,"Spirit Poop":39,"downfall:HeartBlessingGreen":27,"infinitespire:Cubic Diamond":10,"Whetstone":6,"Sling":38,"Replay:Ringing Soul":0,"MealTicket":29,"CCEMRelics:Sandal":40,"Replay:Wax Seal":21,"Eternal Feather":54,"Pen Nib":38,"Akabeko":0,"Slimebound:TarBlob":17,"SlaversCollar":17,"CCEMRelics:FestiveHat":10,"ReplayTheSpireMod:Ring of Collecting":37,"Snecko Eye":34,"Abe\u0027s Treasure":17,"Torii":6,"Blue Doll":9,"StoneCalendar":28,"Bag of Preparation":0,"m_SlimeRing":10,"infinitespire:Bottled Soul":4,"Chemical X":30,"Replay:Bottled Eggs":45,"CCEMRelics:Icicle":53,"InkBottle":25,"CCEMRelics:OrganicArmor":46,"Lee\u0027s Waffle":0,"Inserter":17,"downfall:HeartBlessingRed":27,"Golden Idol":11,"PreservedInsect":36,"Geode":13,"Omamori":38,"infinitespire:Lucky Rock":6,"Frozen Egg 2":9,"MawBank":30,"Nuclear Battery":0,"Ornamental Fan":42,"Ring of Misfortune":37,"Turnip":0,"Slimebound:AbsorbEndCombat":0,"Durian":8,"Garlic":25,"Art of War":48,"ReplayTheSpireMod:Ring of Challenge":37,"ReplayTheSpireMod:Lightbulb":4,"Ice Cream":0,"Divine Protection":43,"Gremlin Horn":12,"Vajra":11,"Sozu":17,"Centennial Puzzle":24,"HornCleat":19,"Honey Jar":17,"Prayer Wheel":0,"Iron Hammer":39,"Girya":0,"ReplayTheSpireMod:CursedCoin":0,"Dead Branch":24,"Replay:Grab Bag":17,"Oddly Smooth Stone":26,"Replay:Kaleidoscope":20,"WarpedTongs":12,"Replay:Baseball":9,"ReplayTheSpireMod:Shallot":41,"Shuriken":2,"Molten Egg 2":48,"ReplayTheSpireMod:TigerMarble":7,"Nloth\u0027s Gift":19,"Black Star":34,"Grinning Jar":28,"CCEMRelics:WarHorn":31,"Pocketwatch":42,"Darkstone Periapt":9,"ReplayTheSpireMod:Ring of Exchange":43,"CCEMRelics:Pendulum":26,"Mango":52,"Incense Burner":25,"Replay:Mystery Machine":26,"Nunchaku":2,"Replay:Bandana":14,"Chameleon Ring":9,"TheAbacus":20,"Mummified Hand":38,"downfall:HeartBlessingBlue":44,"Tiny Chest":0,"Red Mask":46,"Replay:Antivirus Software":46,"Cracked Core":0,"infinitespire:Chaos":0,"Replay:Drink Me":34,"Gremlin Food":31,"CCEMRelics:Barrel":6,"ReplayTheSpireMod:Ninjato":41,"Replay:Towering Pillar of Hats":42,"infinitespire:EmptyRelic":0,"Replay:WaspNest":26,"Medical Kit":0,"Mercury Hourglass":48,"CCEMRelics:SpiritsEdge":46,"Peace Pipe":0,"Cauldron":0,"downfall:GremlinSack":29,"infinitespire:WardingShard":45,"Ring of Fury":37,"Snack Pack":13,"Coffee Dripper":34,"Bag of Marbles":43},{"Golden Egg":3,"Replay:Accelerometer":72,"Spirit Poop":125,"downfall:HeartBlessingGreen":17,"infinitespire:Cubic Diamond":112,"Whetstone":40,"Sling":80,"Replay:Ringing Soul":132,"MealTicket":51,"CCEMRelics:Sandal":126,"Replay:Wax Seal":49,"Eternal Feather":131,"Pen Nib":80,"Akabeko":132,"Slimebound:TarBlob":10,"SlaversCollar":115,"CCEMRelics:FestiveHat":99,"ReplayTheSpireMod:Ring of Collecting":124,"Snecko Eye":23,"Abe\u0027s Treasure":68,"Torii":65,"Blue Doll":66,"StoneCalendar":74,"Bag of Preparation":36,"m_SlimeRing":112,"infinitespire:Bottled Soul":110,"Chemical X":20,"Replay:Bottled Eggs":84,"CCEMRelics:Icicle":130,"InkBottle":16,"CCEMRelics:OrganicArmor":128,"Lee\u0027s Waffle":132,"Inserter":102,"downfall:HeartBlessingRed":17,"Golden Idol":99,"PreservedInsect":24,"Geode":67,"Omamori":152,"infinitespire:Lucky Rock":91,"Frozen Egg 2":91,"MawBank":76,"Nuclear Battery":36,"Ornamental Fan":156,"Ring of Misfortune":152,"Turnip":132,"Slimebound:AbsorbEndCombat":0,"Durian":42,"Garlic":73,"Art of War":157,"ReplayTheSpireMod:Ring of Challenge":152,"ReplayTheSpireMod:Lightbulb":2,"Ice Cream":60,"Divine Protection":156,"Gremlin Horn":113,"Vajra":137,"Sozu":141,"Centennial Puzzle":51,"HornCleat":116,"Honey Jar":47,"Prayer Wheel":36,"Iron Hammer":55,"Girya":87,"ReplayTheSpireMod:CursedCoin":132,"Dead Branch":15,"Replay:Grab Bag":102,"Oddly Smooth Stone":51,"Replay:Kaleidoscope":12,"WarpedTongs":99,"Replay:Baseball":5,"ReplayTheSpireMod:Shallot":82,"Shuriken":88,"Molten Egg 2":86,"ReplayTheSpireMod:TigerMarble":3,"Nloth\u0027s Gift":48,"Black Star":78,"Grinning Jar":147,"CCEMRelics:WarHorn":149,"Pocketwatch":28,"Darkstone Periapt":42,"ReplayTheSpireMod:Ring of Exchange":127,"CCEMRelics:Pendulum":145,"Mango":35,"Incense Burner":145,"Replay:Mystery Machine":118,"Nunchaku":37,"Replay:Bandana":140,"Chameleon Ring":98,"TheAbacus":104,"Mummified Hand":26,"downfall:HeartBlessingBlue":29,"Tiny Chest":36,"Red Mask":84,"Replay:Antivirus Software":156,"Cracked Core":0,"infinitespire:Chaos":87,"Replay:Drink Me":122,"Gremlin Food":52,"CCEMRelics:Barrel":111,"ReplayTheSpireMod:Ninjato":82,"Replay:Towering Pillar of Hats":127,"infinitespire:EmptyRelic":87,"Replay:WaspNest":73,"Medical Kit":36,"Mercury Hourglass":86,"CCEMRelics:SpiritsEdge":128,"Peace Pipe":132,"Cauldron":87,"downfall:GremlinSack":19,"infinitespire:WardingShard":128,"Ring of Fury":124,"Snack Pack":45,"Coffee Dripper":53,"Bag of Marbles":57},{"Golden Egg":19,"Replay:Accelerometer":431,"Spirit Poop":780,"downfall:HeartBlessingGreen":85,"infinitespire:Cubic Diamond":642,"Whetstone":194,"Sling":484,"Replay:Ringing Soul":871,"MealTicket":274,"CCEMRelics:Sandal":787,"Replay:Wax Seal":258,"Eternal Feather":861,"Pen Nib":484,"Akabeko":871,"Slimebound:TarBlob":47,"SlaversCollar":661,"CCEMRelics:FestiveHat":584,"ReplayTheSpireMod:Ring of Collecting":772,"Snecko Eye":114,"Abe\u0027s Treasure":408,"Torii":386,"Blue Doll":395,"StoneCalendar":444,"Bag of Preparation":179,"m_SlimeRing":642,"infinitespire:Bottled Soul":636,"Chemical X":96,"Replay:Bottled Eggs":511,"CCEMRelics:Icicle":852,"InkBottle":80,"CCEMRelics:OrganicArmor":821,"Lee\u0027s Waffle":871,"Inserter":606,"downfall:HeartBlessingRed":85,"Golden Idol":584,"PreservedInsect":117,"Geode":399,"Omamori":1004,"infinitespire:Lucky Rock":549,"Frozen Egg 2":549,"MawBank":460,"Nuclear Battery":179,"Ornamental Fan":1029,"Ring of Misfortune":1004,"Turnip":871,"Slimebound:AbsorbEndCombat":0,"Durian":209,"Garlic":439,"Art of War":1034,"ReplayTheSpireMod:Ring of Challenge":1004,"ReplayTheSpireMod:Lightbulb":10,"Ice Cream":365,"Divine Protection":1029,"Gremlin Horn":649,"Vajra":890,"Sozu":911,"Centennial Puzzle":274,"HornCleat":666,"Honey Jar":247,"Prayer Wheel":179,"Iron Hammer":328,"Girya":532,"ReplayTheSpireMod:CursedCoin":871,"Dead Branch":74,"Replay:Grab Bag":606,"Oddly Smooth Stone":274,"Replay:Kaleidoscope":57,"WarpedTongs":584,"Replay:Baseball":28,"ReplayTheSpireMod:Shallot":498,"Shuriken":534,"Molten Egg 2":527,"ReplayTheSpireMod:TigerMarble":19,"Nloth\u0027s Gift":252,"Black Star":473,"Grinning Jar":964,"CCEMRelics:WarHorn":980,"Pocketwatch":137,"Darkstone Periapt":209,"ReplayTheSpireMod:Ring of Exchange":813,"CCEMRelics:Pendulum":944,"Mango":171,"Incense Burner":944,"Replay:Mystery Machine":685,"Nunchaku":183,"Replay:Bandana":899,"Chameleon Ring":576,"TheAbacus":616,"Mummified Hand":129,"downfall:HeartBlessingBlue":144,"Tiny Chest":179,"Red Mask":511,"Replay:Antivirus Software":1029,"Cracked Core":0,"infinitespire:Chaos":532,"Replay:Drink Me":748,"Gremlin Food":283,"CCEMRelics:Barrel":639,"ReplayTheSpireMod:Ninjato":498,"Replay:Towering Pillar of Hats":813,"infinitespire:EmptyRelic":532,"Replay:WaspNest":439,"Medical Kit":179,"Mercury Hourglass":527,"CCEMRelics:SpiritsEdge":821,"Peace Pipe":871,"Cauldron":532,"downfall:GremlinSack":92,"infinitespire:WardingShard":821,"Ring of Fury":772,"Snack Pack":228,"Coffee Dripper":293,"Bag of Marbles":348}]},"card_choices":[{"not_picked":["Leap","Chaos"],"picked":"Go for the Eyes","floor":1},{"not_picked":["Compile Driver","Sunder"],"picked":"Double Energy","floor":2},{"not_picked":["White Noise","Steam Power"],"picked":"Genetic Algorithm","floor":6},{"not_picked":["Go for the Eyes","Tempest"],"picked":"Panic Button","floor":7},{"not_picked":["Panic Button","Auto Shields"],"picked":"Gash","floor":11},{"not_picked":["White Noise","Blizzard"],"picked":"Hologram","floor":12},{"not_picked":["Recycle","Tempest"],"picked":"Leap","floor":13},{"not_picked":["Aggregate","Redo"],"picked":"FIFO Queue","floor":14},{"not_picked":["Electrodynamics","Fission"],"picked":"Creative AI","floor":16},{"not_picked":["Go for the Eyes+1","Leap"],"picked":"Conserve Battery","floor":18},{"not_picked":["Doom and Gloom","Barrage"],"picked":"Defragment+1","floor":19},{"not_picked":["Panic Button","Static Discharge+1"],"picked":"Coolheaded","floor":22},{"not_picked":["Heatsinks","Leap"],"picked":"Machine Learning","floor":24},{"not_picked":["ReplaySort","ReplayTheSpireMod:GoodbyeWorld+1"],"picked":"Turbo+1","floor":27},{"not_picked":["Hologram","Go for the Eyes","ReplayTheSpireMod:System Scan"],"picked":"SKIP","floor":28},{"not_picked":["Compile Driver","Streamline"],"picked":"Go for the Eyes+1","floor":30},{"not_picked":["Reprogram","Machine Learning"],"picked":"Conserve Battery","floor":31},{"not_picked":["Machine Learning","Electrodynamics"],"picked":"Mirror Shield","floor":33},{"not_picked":["Gash+1","ReplayTheSpireMod:Repulse","Cold Snap+1"],"picked":"Turbo+1","floor":35},{"not_picked":["Storm+1","Beam Cell+1","Sweeping Beam+1"],"picked":"Coolheaded+1","floor":36},{"not_picked":["Cold Snap","Auto Shields","BootSequence"],"picked":"Recycle","floor":39},{"not_picked":["Compile Driver+1","Streamline+1","BasicCrystalCard+1"],"picked":"Beam Cell+1","floor":40},{"not_picked":["Turbo+1","Genetic Algorithm","Steam+1"],"picked":"Hologram","floor":41},{"not_picked":["Sweeping Beam","FTL","FIFO Queue+1"],"picked":"Echo Form","floor":42},{"not_picked":["Go for the Eyes+1","Cold Snap+1","FTL"],"picked":"Hologram+1","floor":48}],"player_experience":250045,"relics_obtained":[{"floor":6,"key":"HornCleat"},{"floor":9,"key":"Shuriken"},{"floor":11,"key":"Vajra"},{"floor":14,"key":"Replay:Bandana"},{"floor":24,"key":"ReplayTheSpireMod:Ninjato"},{"floor":26,"key":"CCEMRelics:Pendulum"},{"floor":28,"key":"Grinning Jar"},{"floor":31,"key":"CCEMRelics:WarHorn"},{"floor":37,"key":"ReplayTheSpireMod:Ring of Challenge"},{"floor":37,"key":"Ring of Misfortune"},{"floor":40,"key":"Iron Hammer"},{"floor":42,"key":"Ornamental Fan"},{"floor":43,"key":"Divine Protection"},{"floor":48,"key":"Art of War"}],"event_choices":[{"cards_removed":["Strike_B"],"damage_healed":0,"gold_gain":0,"player_choice":"Card Removal","damage_taken":0,"max_hp_gain":0,"max_hp_loss":0,"event_name":"The Cleric","floor":3,"gold_loss":50},{"damage_healed":0,"gold_gain":0,"player_choice":"Entered Light","damage_taken":18,"max_hp_gain":0,"max_hp_loss":0,"event_name":"Shining Light","floor":4,"gold_loss":0,"cards_upgraded":["Coolheaded","Double Energy"]},{"damage_healed":0,"gold_gain":0,"player_choice":"Got Potions","damage_taken":0,"max_hp_gain":0,"max_hp_loss":0,"event_name":"Lab","floor":10,"gold_loss":0},{"damage_healed":0,"gold_gain":99,"player_choice":"Stole From Cult","damage_taken":0,"max_hp_gain":0,"max_hp_loss":0,"event_name":"Nest","floor":20,"gold_loss":0},{"damage_healed":0,"gold_gain":0,"player_choice":"Read","damage_taken":0,"max_hp_gain":0,"max_hp_loss":0,"event_name":"The Library","floor":21,"gold_loss":0,"cards_obtained":["Defragment"]},{"cards_removed":["Hallucinations"],"damage_healed":0,"gold_gain":0,"player_choice":"Removed Curses","damage_taken":0,"max_hp_gain":0,"max_hp_loss":0,"event_name":"Fountain of Cleansing","floor":44,"gold_loss":0},{"damage_healed":0,"gold_gain":0,"cards_transformed":["Strike_B"],"player_choice":"Transformed","damage_taken":0,"max_hp_gain":0,"max_hp_loss":0,"event_name":"Transmorgrifier","floor":49,"gold_loss":0,"cards_obtained":["Coolheaded"]}],"is_beta":false,"boss_relics":[{"not_picked":["Replay:Drink Me","Replay:Wanted Poster"],"picked":"Sozu"},{"not_picked":["Runic Dome","Kintsugi"],"picked":"Honey Jar"}],"items_purged_floors":[0,38],"is_endless":false,"potions_floor_spawned":[1,6,14,16,18,24,28,30,31,36,48],"ascension_level":1}}