{"host":"c2vrdknshfutmcsq","time":1609709172,"event":{"mods":["BaseMod","Minty Spire (QoL Compilation)"],"gold_per_floor":[117,117,117,129,144,170,189,219,219,232,42,42,42,70,70,144,144,154,178,103,23,33,33,67,67,67,98,111,121,131,161,161,240,240,254,273,290,302,320,320,320,349,349,349,349],"floor_reached":44,"playtime":3987,"items_purged":["Defend_B"],"score":936,"play_id":"da018665-f6c1-4f4e-a0ef-f8967648286d","local_time":"20210103222612","is_ascension_mode":true,"campfire_choices":[{"floor":13.0,"key":"REST"},{"data":"Zap","floor":15.0,"key":"SMITH"},{"data":"Echo Form","floor":23.0,"key":"SMITH"},{"data":"Defragment","floor":25.0,"key":"SMITH"},{"floor":32.0,"key":"REST"},{"data":"Stack","floor":40.0,"key":"SMITH"}],"circlet_count":0,"master_deck":["AscendersBane","Zap+1","Dualcast+1","Chill","Auto Shields","Conserve Battery","Ball Lightning","Stack+1","Conserve Battery","Compile Driver","Genetic Algorithm","Defragment+1","Streamline+1","Thunder Strike+1","Hologram","Echo Form+1","Steam Power","Undo","Ball Lightning+1","Sweeping Beam+1","Streamline+1","Go for the Eyes+1","Lockon+1","Beam Cell+1","Leap","Rebound+1","Aggregate","Barrage+1","All For One+1","Lockon+1","Go for the Eyes+1","Leap","Conserve Battery","Biased Cognition"],"relics":["Cracked Core","Pantograph","Letter Opener","Bottled Lightning","Molten Egg 2","White Beast Statue","Pandora\u0027s Box","Toy Ornithopter","Bag of Marbles","Bag of Preparation","Bottled Flame","Lantern","Inserter","Akabeko","Mercury Hourglass"],"acts_visited":["Exordium","TheCity","TheBeyond"],"potions_floor_usage":[42,44],"damage_taken":[{"damage":0.0,"enemies":"Cultist","floor":1.0,"turns":4.0},{"damage":4.0,"enemies":"2 Louse","floor":4.0,"turns":3.0},{"damage":3.0,"enemies":"Small Slimes","floor":5.0,"turns":3.0},{"damage":26.0,"enemies":"Gremlin Nob","floor":6.0,"turns":5.0},{"damage":11.0,"enemies":"Red Slaver","floor":7.0,"turns":3.0},{"damage":6.0,"enemies":"Lagavulin","floor":8.0,"turns":7.0},{"damage":0.0,"enemies":"2 Fungi Beasts","floor":10.0,"turns":3.0},{"damage":4.0,"enemies":"Gremlin Nob","floor":14.0,"turns":4.0},{"damage":16.0,"enemies":"Hexaghost","floor":16.0,"turns":9.0},{"damage":0.0,"enemies":"Shell Parasite","floor":18.0,"turns":6.0},{"damage":0.0,"enemies":"Chosen","floor":22.0,"turns":3.0},{"damage":5.0,"enemies":"Slavers","floor":24.0,"turns":4.0},{"damage":8.0,"enemies":"Gremlin Leader","floor":27.0,"turns":6.0},{"damage":4.0,"enemies":"Snake Plant","floor":28.0,"turns":5.0},{"damage":13.0,"enemies":"Centurion and Healer","floor":29.0,"turns":5.0},{"damage":12.0,"enemies":"Sentry and Sphere","floor":30.0,"turns":5.0},{"damage":19.0,"enemies":"Slavers","floor":31.0,"turns":4.0},{"damage":43.0,"enemies":"Collector","floor":33.0,"turns":10.0},{"damage":0.0,"enemies":"3 Shapes","floor":35.0,"turns":2.0},{"damage":2.0,"enemies":"Orb Walker","floor":36.0,"turns":3.0},{"damage":0.0,"enemies":"4 Shapes","floor":37.0,"turns":4.0},{"damage":4.0,"enemies":"Jaw Worm Horde","floor":38.0,"turns":5.0},{"damage":1.0,"enemies":"Transient","floor":39.0,"turns":5.0},{"damage":77,"enemies":"Giant Head","floor":42,"turns":8},{"damage":8,"enemies":"Sphere and 2 Shapes","floor":44,"turns":3}],"seed_played":"-3583513998994677454","potions_obtained":[{"floor":5.0,"key":"Energy Potion"},{"floor":10.0,"key":"Ancient Potion"},{"floor":14.0,"key":"EssenceOfDarkness"},{"floor":16.0,"key":"AttackPotion"},{"floor":24.0,"key":"AttackPotion"},{"floor":27.0,"key":"Strength Potion"},{"floor":31.0,"key":"EssenceOfSteel"},{"floor":33.0,"key":"Strength Potion"},{"floor":36.0,"key":"FairyPotion"},{"floor":42,"key":"SpeedPotion"}],"is_trial":false,"path_per_floor":["M","?","?","M","M","E","M","E","T","M","$","?","R","E","R","B",null,"M","T","?","$","M","R","E","R","T","E","M","M","M","E","R","B",null,"M","M","M","M","M","R","?","E","T","M"],"character_chosen":"DEFECT","items_purchased":["Rip and Tear","Defragment","Sweeping Beam+1","Streamline+1"],"campfire_rested":2,"item_purchase_floors":[11,11,21,21],"current_hp_per_floor":[64,64,64,60,57,31,20,14,14,14,14,14,35,31,31,40,63,63,63,63,63,63,63,63,63,63,60,56,43,31,17,38,25,60,60,58,58,54,53,53,53,8,8,5,5],"gold":349,"neow_bonus":"TRANSFORM_CARD","is_daily":false,"chose_seed":false,"campfire_upgraded":4,"win_rate":0.0,"timestamp":1609709172,"path_taken":["M","?","?","M","?","E","M","E","T","M","$","?","R","E","R","BOSS","M","?","?","?","M","R","E","R","T","E","M","?","M","E","R","BOSS","M","M","M","M","M","R","?","E","T","M"],"items_purchased_type":["Card","Card","Card","Card"],"build_version":"2020-12-22","purchased_purges":1,"victory":false,"max_hp_per_floor":[71,71,71,71,71,71,71,71,71,71,71,71,71,71,71,71,71,71,71,71,71,71,71,71,71,71,71,71,71,71,71,71,71,71,71,71,71,71,71,71,71,71,71,71,71],"card_choices":[{"not_picked":["Sweeping Beam","Reprogram"],"picked":"Auto Shields","floor":1.0},{"not_picked":["Aggregate","Chill"],"picked":"Conserve Battery","floor":4.0},{"not_picked":["Auto Shields","Doom and Gloom"],"picked":"Ball Lightning","floor":5.0},{"not_picked":["Consume","Beam Cell"],"picked":"Stack","floor":6.0},{"not_picked":["Auto Shields","Cold Snap"],"picked":"Conserve Battery","floor":7.0},{"not_picked":["Go for the Eyes","Streamline"],"picked":"Compile Driver","floor":8.0},{"not_picked":["Barrage","Recycle"],"picked":"Genetic Algorithm","floor":10.0},{"not_picked":["Auto Shields","Steam"],"picked":"Streamline+1","floor":14.0},{"not_picked":["Buffer","Echo Form"],"picked":"Thunder Strike+1","floor":16.0},{"not_picked":["Go for the Eyes+1","Rebound+1"],"picked":"Ball Lightning+1","floor":18.0},{"not_picked":["Heatsinks","Rebound+1"],"picked":"Go for the Eyes+1","floor":22.0},{"not_picked":["Rebound+1","Force Field+1"],"picked":"Lockon+1","floor":24.0},{"not_picked":["Defragment+1","Scrape+1"],"picked":"Beam Cell+1","floor":27.0},{"not_picked":["Undo","Loop+1"],"picked":"Leap","floor":28.0},{"not_picked":["Hologram","Steam Power"],"picked":"Rebound+1","floor":29.0},{"not_picked":["Gash+1","Ball Lightning+1"],"picked":"Aggregate","floor":30.0},{"not_picked":["Hello World","Genetic Algorithm"],"picked":"Barrage+1","floor":31.0},{"not_picked":["Reboot","Rainbow"],"picked":"All For One+1","floor":33.0},{"not_picked":["Double Energy+1","Darkness","Turbo"],"picked":"SKIP","floor":35.0},{"not_picked":["Go for the Eyes+1","Storm"],"picked":"Lockon+1","floor":36.0},{"not_picked":["Hologram","Turbo"],"picked":"Go for the Eyes+1","floor":37.0},{"not_picked":["Capacitor+1","Self Repair"],"picked":"Leap","floor":38.0},{"not_picked":["Turbo","Rebound+1"],"picked":"Conserve Battery","floor":39.0},{"not_picked":["Reprogram+1","Reboot"],"picked":"Biased Cognition","floor":42}],"player_experience":1226052,"relics_obtained":[{"floor":6.0,"key":"Pantograph"},{"floor":8.0,"key":"Letter Opener"},{"floor":9.0,"key":"Bottled Lightning"},{"floor":12.0,"key":"Molten Egg 2"},{"floor":14.0,"key":"White Beast Statue"},{"floor":19.0,"key":"Toy Ornithopter"},{"floor":24.0,"key":"Bag of Marbles"},{"floor":26.0,"key":"Bag of Preparation"},{"floor":27.0,"key":"Bottled Flame"},{"floor":31.0,"key":"Lantern"},{"floor":42,"key":"Akabeko"},{"floor":43,"key":"Mercury Hourglass"}],"event_choices":[{"damage_healed":0.0,"max_hp_gain":0.0,"max_hp_loss":0.0,"gold_gain":0.0,"event_name":"Living Wall","player_choice":"Grow","floor":2.0,"gold_loss":0.0,"damage_taken":0.0,"cards_upgraded":["Dualcast"]},{"cards_removed":["Defend_B"],"damage_healed":0.0,"max_hp_gain":0.0,"max_hp_loss":0.0,"gold_gain":0.0,"event_name":"Purifier","player_choice":"Purged","floor":3.0,"gold_loss":0.0,"damage_taken":0.0},{"damage_healed":0.0,"max_hp_gain":0.0,"max_hp_loss":0.0,"gold_gain":0.0,"event_name":"Wheel of Change","player_choice":"Relic","floor":12.0,"gold_loss":0.0,"damage_taken":0.0},{"cards_removed":["Storm"],"damage_healed":0.0,"max_hp_gain":0.0,"max_hp_loss":0.0,"gold_gain":0.0,"event_name":"Beggar","player_choice":"Gave Gold","floor":20.0,"gold_loss":75.0,"damage_taken":0.0},{"cards_removed":["Rip and Tear"],"damage_healed":0.0,"max_hp_gain":0.0,"max_hp_loss":0.0,"gold_gain":0.0,"event_name":"Purifier","player_choice":"Purged","floor":41.0,"gold_loss":0.0,"damage_taken":0.0}],"is_beta":false,"boss_relics":[{"not_picked":["Velvet Choker","Sozu"],"picked":"Pandora\u0027s Box"},{"not_picked":["Black Star","Calling Bell"],"picked":"Inserter"}],"items_purged_floors":[11],"is_endless":false,"potions_floor_spawned":[5,10,14,16,18,22,24,27,28,29,30,31,33,35,36,37,38,39,42],"killed_by":"Sphere and 2 Shapes","ascension_level":16}}