{"host":"g5zc4ej6zn2at89o","time":1609677343,"event":{"mods":["2.2 Compatiblity","AchievementEnabler","BaseMod","Colored Map","DeckTracker","Highlight Path","KOR Keyword Fix","Keyboard Shortcuts","Minty Spire (QoL Compilation)","Permanent Neow","Quick Restart","Say the Spire","StSLib","SuperFastMode","everything is the same but u backflip on backflip"],"gold_per_floor":[112,130,130,80,9,41,41,41,41,41,56,69,69,402,402,502,502,521,346,346,346,346,346,72,82,136,150,150,350,368,385,385,484,484,499,499,499,549,563,563,563,39,62,80,100,111,145,193,193,193,193],"floor_reached":50,"playtime":3095,"items_purged":["Strike_R","Writhe"],"score":578,"play_id":"4b9e9c31-a465-4cc5-9670-15d84aa360a7","local_time":"20210103213543","is_ascension_mode":false,"campfire_choices":[{"floor":8.0,"key":"REST"},{"data":"Double Tap","floor":10.0,"key":"SMITH"},{"data":"Twin Strike","floor":13.0,"key":"SMITH"},{"floor":15.0,"key":"REST"},{"data":"Bloodletting","floor":23,"key":"SMITH"},{"floor":28,"key":"REST"},{"floor":32,"key":"REST"},{"floor":40,"key":"RECALL"},{"data":"Madness","floor":49,"key":"SMITH"}],"circlet_count":0,"master_deck":["Strike_R+1","Strike_R+1","Strike_R+1","Defend_R+1","Defend_R+1","Defend_R+1","Bash+1","Headbutt+1","Heavy Blade+1","Inflame+1","Double Tap+1","Twin Strike+1","Anger","Juggernaut+1","Flex","Bloodletting+1","Inflame+1","Impervious","Madness+1","Madness","Flex+1","Heavy Blade+1"],"relics":["Burning Blood","Frozen Egg 2","Ginger","The Courier","Old Coin","Black Star","Bag of Preparation","Nilry\u0027s Codex","White Beast Statue","Bronze Scales","Coffee Dripper","Champion Belt","PreservedInsect","Ancient Tea Set","Whetstone","Lantern","Du-Vu Doll","Bottled Tornado","Smiling Mask"],"acts_visited":["Exordium","TheCity","TheBeyond"],"potions_floor_usage":[33,33,35,38,39,45,50,50],"damage_taken":[{"damage":1.0,"enemies":"Cultist","floor":1.0,"turns":4.0},{"damage":3.0,"enemies":"Jaw Worm","floor":2.0,"turns":3.0},{"damage":15.0,"enemies":"Lagavulin","floor":6.0,"turns":5.0},{"damage":7.0,"enemies":"Small Slimes","floor":11.0,"turns":3.0},{"damage":9.0,"enemies":"2 Fungi Beasts","floor":12.0,"turns":2.0},{"damage":18.0,"enemies":"3 Sentries","floor":14.0,"turns":4.0},{"damage":55.0,"enemies":"The Guardian","floor":16.0,"turns":8.0},{"damage":25,"enemies":"2 Thieves","floor":18,"turns":4},{"damage":27,"enemies":"Shell Parasite","floor":25,"turns":5},{"damage":7,"enemies":"Centurion and Healer","floor":27,"turns":4},{"damage":5,"enemies":"Sentry and Sphere","floor":30,"turns":3},{"damage":10,"enemies":"Chosen and Byrds","floor":31,"turns":4},{"damage":18,"enemies":"Collector","floor":33,"turns":3},{"damage":3,"enemies":"Orb Walker","floor":35,"turns":1},{"damage":4,"enemies":"Mind Bloom Boss Battle","floor":38,"turns":4},{"damage":4,"enemies":"3 Darklings","floor":39,"turns":5},{"damage":7,"enemies":"4 Shapes","floor":44,"turns":5},{"damage":3,"enemies":"Sphere and 2 Shapes","floor":45,"turns":3},{"damage":10,"enemies":"3 Darklings","floor":46,"turns":4},{"damage":0,"enemies":"Giant Head","floor":47,"turns":3},{"damage":159,"enemies":"Awakened One","floor":50,"turns":9}],"seed_played":"-7448376680558811399","potions_obtained":[{"floor":1.0,"key":"BlessingOfTheForge"},{"floor":16.0,"key":"Fire Potion"},{"floor":18,"key":"AttackPotion"},{"floor":25,"key":"Strength Potion"},{"floor":27,"key":"Block Potion"},{"floor":31,"key":"DuplicationPotion"},{"floor":33,"key":"ColorlessPotion"},{"floor":35,"key":"Block Potion"},{"floor":38,"key":"FairyPotion"},{"floor":39,"key":"Regen Potion"},{"floor":44,"key":"LiquidBronze"},{"floor":45,"key":"PowerPotion"}],"is_trial":false,"path_per_floor":["M","M","?","?","$","E","?","R","T","R","M","M","R","E","R","B",null,"M","$","?","?","?","R","$","M","T","M","R","?","M","M","R","B",null,"M","?","?","?","M","R","?","$","T","M","M","M","E","T","R","B"],"character_chosen":"IRONCLAD","items_purchased":["Inflame+1","Bloodletting","Inflame+1","White Beast Statue","PreservedInsect","Heavy Blade","Ancient Tea Set","Whetstone","Lantern"],"campfire_rested":4,"item_purchase_floors":[5,19,19,24,42,42,42,42,42],"current_hp_per_floor":[61,64,64,64,64,55,39,63,63,63,62,59,59,47,71,22,80,61,61,61,61,45,45,45,24,24,23,47,47,48,44,68,56,80,80,80,70,72,74,74,74,74,74,73,76,72,78,78,78,0,0],"gold":193,"neow_bonus":"REMOVE_TWO","is_daily":false,"chose_seed":false,"campfire_upgraded":4,"win_rate":0.0,"timestamp":1609677343,"path_taken":["M","?","?","?","$","E","?","R","T","R","?","M","R","E","R","BOSS","M","$","?","?","?","R","$","M","T","M","R","?","M","?","R","BOSS","M","?","?","?","M","R","?","$","T","M","M","M","E","?","R","BOSS"],"items_purchased_type":["Card","Card","Card","Relic","Relic","Card","Relic","Relic","Relic"],"build_version":"2020-12-22","purchased_purges":2,"victory":false,"max_hp_per_floor":[80,80,80,80,80,80,80,80,80,80,80,80,80,80,80,80,80,80,80,80,80,80,80,80,80,80,80,80,80,80,80,80,80,80,80,80,80,80,80,80,80,80,80,80,80,80,80,80,80,80,80],"card_choices":[{"not_picked":["Metallicize","Second Wind"],"picked":"Headbutt","floor":1.0},{"not_picked":["Blood for Blood","Cleave"],"picked":"Heavy Blade","floor":2.0},{"not_picked":["Iron Wave","Anger"],"picked":"Double Tap","floor":6.0},{"not_picked":["Warcry","Clash"],"picked":"Twin Strike","floor":11.0},{"not_picked":["Exhume","Clash","True Grit"],"picked":"SKIP","floor":12.0},{"not_picked":["Body Slam","Iron Wave"],"picked":"Anger","floor":14.0},{"not_picked":["Brutality+1","Barricade+1"],"picked":"Juggernaut+1","floor":16.0},{"not_picked":["Twin Strike","Dropkick+1"],"picked":"Flex","floor":18},{"not_picked":["Pommel Strike","Burning Pact+1","Dropkick"],"picked":"SKIP","floor":25},{"not_picked":["Dual Wield","Wild Strike","Clothesline"],"picked":"SKIP","floor":27},{"not_picked":["Clash","Thunderclap","Perfected Strike"],"picked":"SKIP","floor":30},{"not_picked":["Perfected Strike","Bloodletting","Body Slam"],"picked":"SKIP","floor":31},{"not_picked":["Juggernaut+1","Fiend Fire"],"picked":"Impervious","floor":33},{"not_picked":["Perfected Strike","Combust+1","Whirlwind"],"picked":"SKIP","floor":35},{"not_picked":["Body Slam","Disarm"],"picked":"Flex+1","floor":38},{"not_picked":["Entrench","Burning Pact","Shockwave"],"picked":"SKIP","floor":39},{"not_picked":["Havoc+1","Heavy Blade","Clothesline+1"],"picked":"SKIP","floor":44},{"not_picked":["Iron Wave+1","Combust+1","Havoc"],"picked":"SKIP","floor":45},{"not_picked":["Disarm+1","Thunderclap+1","True Grit"],"picked":"SKIP","floor":46},{"not_picked":["Feed","Reckless Charge+1","Evolve+1"],"picked":"SKIP","floor":47}],"player_experience":124797,"relics_obtained":[{"floor":6.0,"key":"Ginger"},{"floor":9.0,"key":"The Courier"},{"floor":14.0,"key":"Old Coin"},{"floor":22,"key":"Nilry\u0027s Codex"},{"floor":26,"key":"Bronze Scales"},{"floor":38,"key":"Champion Belt"},{"floor":47,"key":"Du-Vu Doll"},{"floor":47,"key":"Bottled Tornado"},{"floor":48,"key":"Smiling Mask"}],"event_choices":[{"damage_healed":0.0,"max_hp_gain":0.0,"max_hp_loss":0.0,"gold_gain":0.0,"event_name":"Big Fish","player_choice":"Box","floor":3.0,"gold_loss":0.0,"damage_taken":0.0,"relics_obtained":["Frozen Egg 2"],"cards_obtained":["Regret"]},{"cards_removed":["Regret"],"damage_healed":0.0,"max_hp_gain":0.0,"max_hp_loss":0.0,"gold_gain":0.0,"event_name":"The Cleric","player_choice":"Card Removal","floor":4.0,"gold_loss":50.0,"damage_taken":0.0},{"damage_healed":0.0,"max_hp_gain":0.0,"max_hp_loss":0.0,"gold_gain":0.0,"event_name":"Shining Light","player_choice":"Entered Light","floor":7.0,"gold_loss":0.0,"damage_taken":16.0,"cards_upgraded":["Bash","Heavy Blade"]},{"damage_healed":0,"gold_gain":0,"player_choice":"Simplicity","damage_taken":0,"max_hp_gain":0,"max_hp_loss":0,"event_name":"Back to Basics","floor":20,"gold_loss":0,"cards_upgraded":["Strike_R","Strike_R","Strike_R","Defend_R","Defend_R","Defend_R"]},{"damage_healed":0,"gold_gain":0,"player_choice":"Opened","damage_taken":0,"relics_obtained":["Bag of Preparation"],"max_hp_gain":0,"max_hp_loss":0,"event_name":"The Mausoleum","floor":21,"gold_loss":0,"cards_obtained":["Writhe"]},{"damage_healed":0,"gold_gain":0,"player_choice":"Obtained Book","damage_taken":16,"max_hp_gain":0,"max_hp_loss":0,"event_name":"Cursed Tome","floor":22,"gold_loss":0},{"damage_healed":0,"gold_gain":200,"player_choice":"Gold","damage_taken":0,"max_hp_gain":0,"max_hp_loss":0,"event_name":"Wheel of Change","floor":29,"gold_loss":0},{"damage_healed":0,"gold_gain":0,"player_choice":"Ignored","damage_taken":0,"max_hp_gain":0,"max_hp_loss":0,"event_name":"Mysterious Sphere","floor":36,"gold_loss":0},{"damage_healed":0,"gold_gain":0,"player_choice":"Embrace Madness","damage_taken":10,"max_hp_gain":0,"max_hp_loss":0,"event_name":"Winding Halls","floor":37,"gold_loss":0,"cards_obtained":["Madness","Madness"]},{"damage_healed":0,"gold_gain":0,"player_choice":"Fight","damage_taken":0,"max_hp_gain":0,"max_hp_loss":0,"event_name":"MindBloom","floor":38,"gold_loss":0},{"damage_healed":0,"gold_gain":0,"player_choice":"Ignored","damage_taken":0,"max_hp_gain":0,"max_hp_loss":0,"event_name":"Tomb of Lord Red Mask","floor":41,"gold_loss":0}],"is_beta":false,"boss_relics":[{"not_picked":["Black Blood","Runic Pyramid"],"picked":"Black Star"},{"not_picked":["Runic Dome","Sozu"],"picked":"Coffee Dripper"}],"items_purged_floors":[19,24],"is_endless":false,"potions_floor_spawned":[1,16,18,25,27,30,31,33,35,38,39,44,45,46],"killed_by":"Awakened One","ascension_level":0}}