{"host":"9tzam4717zt8ei1o","time":1609661658,"event":{"mods":["BaseMod","Colored Map","Keyboard Shortcuts","Minty Spire (QoL Compilation)","Quick Restart","StSLib","SuperFastMode"],"gold_per_floor":[114,114,127,16,16,47,47,57,75,75,94,14,31,42,73,73,149,149,169,94,19,19,69,69,80,80,80,110,110,129,129,139,139,217,217,234,248,148,148,163,197,208,220,220,220,220],"floor_reached":45,"playtime":1151,"items_purged":["Strike_G","Bouncing Flask+1"],"score":1054,"play_id":"35f6bd5a-c0f6-48fb-bc5d-d36a4fcf12e9","local_time":"20210103171418","is_ascension_mode":true,"campfire_choices":[{"data":"Acrobatics","floor":7.0,"key":"SMITH"},{"data":"Bouncing Flask","floor":16.0,"key":"SMITH"},{"data":"Tactician","floor":24.0,"key":"SMITH"},{"data":"Backflip","floor":29.0,"key":"SMITH"},{"data":"Grand Finale","floor":31.0,"key":"SMITH"},{"data":"Grand Finale","floor":33.0,"key":"SMITH"}],"circlet_count":0,"master_deck":["AscendersBane","Strike_G","Strike_G","Strike_G","Defend_G","Defend_G","Defend_G","Defend_G","Defend_G","Survivor","Neutralize+1","Poisoned Stab","Acrobatics+1","Blade Dance","Finisher","Grand Finale+1","Acrobatics","Backflip+1","Tactician+1","Grand Finale+1"],"relics":["Ring of the Snake","NeowsBlessing","HornCleat","Mercury Hourglass","Pantograph","Ornamental Fan","Runic Pyramid","Pear","Blue Candle","Black Star","Bottled Flame","Gambling Chip","Sundial"],"acts_visited":["Exordium","TheCity","TheBeyond"],"potions_floor_usage":[45,45],"damage_taken":[{"damage":0.0,"enemies":"Small Slimes","floor":1.0,"turns":1.0},{"damage":0.0,"enemies":"Cultist","floor":3.0,"turns":1.0},{"damage":0.0,"enemies":"Lagavulin","floor":6.0,"turns":1.0},{"damage":7.0,"enemies":"Jaw Worm","floor":8.0,"turns":2.0},{"damage":7.0,"enemies":"Large Slime","floor":9.0,"turns":5.0},{"damage":12.0,"enemies":"Gremlin Gang","floor":11.0,"turns":2.0},{"damage":5.0,"enemies":"Lots of Slimes","floor":13.0,"turns":3.0},{"damage":0.0,"enemies":"2 Fungi Beasts","floor":14.0,"turns":3.0},{"damage":0.0,"enemies":"Gremlin Nob","floor":15.0,"turns":3.0},{"damage":21.0,"enemies":"Hexaghost","floor":17.0,"turns":8.0},{"damage":4.0,"enemies":"Spheric Guardian","floor":19.0,"turns":4.0},{"damage":9.0,"enemies":"2 Thieves","floor":25.0,"turns":3.0},{"damage":25.0,"enemies":"Slavers","floor":28.0,"turns":2.0},{"damage":0.0,"enemies":"Centurion and Healer","floor":30.0,"turns":3.0},{"damage":0.0,"enemies":"3 Cultists","floor":32.0,"turns":3.0},{"damage":39.0,"enemies":"Champ","floor":34.0,"turns":10.0},{"damage":10.0,"enemies":"3 Shapes","floor":36.0,"turns":3.0},{"damage":8.0,"enemies":"3 Darklings","floor":37.0,"turns":2.0},{"damage":17.0,"enemies":"Jaw Worm Horde","floor":40.0,"turns":3.0},{"damage":24.0,"enemies":"Nemesis","floor":41.0,"turns":5.0},{"damage":0.0,"enemies":"Maw","floor":42.0,"turns":4.0},{"damage":0.0,"enemies":"Spire Growth","floor":43.0,"turns":3.0},{"damage":26,"enemies":"Transient","floor":45,"turns":4}],"seed_played":"-1255217004054034906","potions_obtained":[{"floor":2.0,"key":"PowerPotion"},{"floor":2.0,"key":"Explosive Potion"},{"floor":9.0,"key":"CultistPotion"},{"floor":15.0,"key":"Poison Potion"},{"floor":25.0,"key":"AttackPotion"},{"floor":32.0,"key":"AttackPotion"},{"floor":40.0,"key":"SpeedPotion"},{"floor":42.0,"key":"Poison Potion"}],"is_trial":false,"path_per_floor":["M","?","M","$","?","E","R","M","M","T","M","$","M","M","E","R","B",null,"M","?","$","?","?","R","M","$","T","E","R","M","R","M","R","B",null,"M","M","$","?","M","E","M","M","T","M"],"character_chosen":"THE_SILENT","items_purchased":["Blade Dance","Finisher","Tactician"],"campfire_rested":0,"item_purchase_floors":[4,4,12],"current_hp_per_floor":[59,59,59,59,59,59,59,52,45,45,33,33,28,28,28,28,32,58,54,54,54,54,48,48,39,39,49,24,24,24,24,24,24,10,60,50,42,42,42,25,1,1,1,1,0,0],"gold":220,"neow_bonus":"THREE_ENEMY_KILL","is_daily":false,"chose_seed":false,"campfire_upgraded":6,"win_rate":0.0,"timestamp":1609661658,"path_taken":["M","?","?","$","?","E","R","M","?","T","M","$","M","M","E","R","BOSS","M","?","$","?","?","R","?","$","T","E","R","?","R","M","R","BOSS","M","M","$","?","M","E","M","M","T","?"],"items_purchased_type":["Card","Card","Card"],"build_version":"2020-12-22","purchased_purges":2,"victory":false,"max_hp_per_floor":[66,66,66,66,66,66,66,66,66,66,66,66,66,66,66,66,66,66,66,66,66,66,66,66,66,66,76,76,76,76,76,76,76,76,76,76,76,76,76,76,76,76,76,76,76,76],"card_choices":[{"not_picked":["Bane","Sucker Punch"],"picked":"Poisoned Stab","floor":1.0},{"not_picked":["Outmaneuver","PiercingWail"],"picked":"Acrobatics","floor":3.0},{"not_picked":["Flying Knee","Prepared"],"picked":"Grand Finale","floor":6.0},{"not_picked":["Catalyst","Bane","Deadly Poison"],"picked":"SKIP","floor":8.0},{"not_picked":["All Out Attack","Flying Knee"],"picked":"Acrobatics","floor":9.0},{"not_picked":["Prepared","Crippling Poison"],"picked":"Backflip","floor":11.0},{"not_picked":["Blade Dance","Deflect","Quick Slash"],"picked":"SKIP","floor":13.0},{"not_picked":["Backflip","Blade Dance","Distraction"],"picked":"SKIP","floor":14.0},{"not_picked":["Venomology","Distraction"],"picked":"Bouncing Flask","floor":15.0},{"not_picked":["Deflect","PiercingWail","Predator"],"picked":"SKIP","floor":19.0},{"not_picked":["Tactician","Deflect","Setup"],"picked":"SKIP","floor":25.0},{"not_picked":["Backstab","Footwork"],"picked":"Grand Finale","floor":28.0},{"not_picked":["Bane","Acrobatics+1","Dagger Throw+1"],"picked":"SKIP","floor":30.0},{"not_picked":["Quick Slash","Bane","Catalyst"],"picked":"SKIP","floor":32.0},{"not_picked":["Deadly Poison","Acrobatics","Sucker Punch"],"picked":"SKIP","floor":36.0},{"not_picked":["Blade Dance","Acrobatics","Slice"],"picked":"SKIP","floor":37.0},{"not_picked":["Underhanded Strike","Infinite Blades","Quick Slash+1"],"picked":"SKIP","floor":40.0},{"not_picked":["Malaise","Deadly Poison","Blade Dance"],"picked":"SKIP","floor":41.0},{"not_picked":["Terror","Acrobatics","Distraction"],"picked":"SKIP","floor":42.0},{"not_picked":["Terror+1","Accuracy+1","Setup"],"picked":"SKIP","floor":43.0}],"player_experience":149195,"relics_obtained":[{"floor":6.0,"key":"Mercury Hourglass"},{"floor":10.0,"key":"Pantograph"},{"floor":15.0,"key":"Ornamental Fan"},{"floor":27.0,"key":"Pear"},{"floor":28.0,"key":"Blue Candle"},{"floor":41.0,"key":"Bottled Flame"},{"floor":41.0,"key":"Gambling Chip"},{"floor":44.0,"key":"Sundial"}],"event_choices":[{"damage_healed":0.0,"max_hp_gain":0.0,"max_hp_loss":0.0,"gold_gain":0.0,"event_name":"Lab","player_choice":"Got Potions","floor":2.0,"gold_loss":0.0,"damage_taken":0.0},{"damage_healed":0.0,"max_hp_gain":0.0,"max_hp_loss":0.0,"gold_gain":0.0,"event_name":"WeMeetAgain","player_choice":"Gave Potion","floor":5.0,"gold_loss":0.0,"damage_taken":0.0,"relics_obtained":["HornCleat"]},{"cards_removed":["Strike_G"],"damage_healed":0.0,"max_hp_gain":0.0,"max_hp_loss":0.0,"gold_gain":0.0,"event_name":"Beggar","player_choice":"Gave Gold","floor":20.0,"gold_loss":75.0,"damage_taken":0.0},{"damage_healed":0.0,"max_hp_gain":0.0,"max_hp_loss":0.0,"gold_gain":0.0,"event_name":"The Mausoleum","player_choice":"Ignored","floor":22.0,"gold_loss":0.0,"damage_taken":0.0},{"damage_healed":0.0,"max_hp_gain":0.0,"max_hp_loss":0.0,"gold_gain":50.0,"event_name":"FaceTrader","player_choice":"Touch","floor":23.0,"gold_loss":0.0,"damage_taken":6.0},{"damage_healed":0.0,"max_hp_gain":0.0,"max_hp_loss":0.0,"gold_gain":0.0,"event_name":"Accursed Blacksmith","player_choice":"Forge","floor":39.0,"gold_loss":0.0,"damage_taken":0.0,"cards_upgraded":["Neutralize"]}],"is_beta":false,"boss_relics":[{"not_picked":["Velvet Choker","WristBlade"],"picked":"Runic Pyramid"},{"not_picked":["Cursed Key","SacredBark"],"picked":"Black Star"}],"items_purged_floors":[21,38],"is_endless":false,"potions_floor_spawned":[3,9,11,15,25,32,40,42,43],"killed_by":"Transient","ascension_level":20}}