{"host":"sav7uxregyirlf69","time":1609674833,"event":{"mods":["AchievementEnabler","BaseMod","Colored Map","DeckTracker","Keyboard Shortcuts","Minty Spire (QoL Compilation)","READ ME - Guardian Mod","StSLib","SuperFastMode"],"gold_per_floor":[109,109,34,50,69,69,69,69,94,126,155,199,229,260,272,358,370,361,383,395,395],"floor_reached":20,"playtime":556,"items_purged":["Pain"],"score":356,"play_id":"0c5e9a06-d08e-4489-8dcd-d65dc048e5e6","local_time":"20210103205353","is_ascension_mode":true,"campfire_choices":[{"data":"Bash","floor":6.0,"key":"SMITH"},{"data":"Double Tap","floor":8.0,"key":"SMITH"},{"data":"Uppercut","floor":15,"key":"SMITH"}],"circlet_count":0,"master_deck":["AscendersBane","Strike_R","Strike_R","Strike_R","Strike_R","Defend_R","Defend_R","Defend_R","Defend_R","Bash+1","Parasite","Double Tap+1","Sword Boomerang","Power Through","Shockwave","Clothesline","Cleave","Rage","Uppercut+1","Barricade","Fire Breathing"],"relics":["Burning Blood","WarpedTongs","MawBank","Lantern","Mark of Pain"],"acts_visited":["Exordium","TheCity"],"potions_floor_usage":[12,16,16],"damage_taken":[{"damage":12.0,"enemies":"Small Slimes","floor":1.0,"turns":5.0},{"damage":0.0,"enemies":"Cultist","floor":4.0,"turns":3.0},{"damage":5.0,"enemies":"2 Louse","floor":5.0,"turns":3.0},{"damage":7.0,"enemies":"Lots of Slimes","floor":10.0,"turns":4.0},{"damage":30,"enemies":"Gremlin Gang","floor":11,"turns":6},{"damage":39,"enemies":"3 Sentries","floor":12,"turns":11},{"damage":3,"enemies":"Looter","floor":13,"turns":3},{"damage":12,"enemies":"3 Louse","floor":14,"turns":3},{"damage":2,"enemies":"Hexaghost","floor":16,"turns":9},{"damage":33,"enemies":"2 Thieves","floor":18,"turns":4},{"damage":29,"enemies":"3 Byrds","floor":19,"turns":7},{"damage":14,"enemies":"Centurion and Healer","floor":20,"turns":1}],"seed_played":"-714678159578158922","potions_obtained":[{"floor":1.0,"key":"Swift Potion"},{"floor":5.0,"key":"DistilledChaos"},{"floor":11,"key":"SneckoOil"},{"floor":12,"key":"LiquidBronze"},{"floor":14,"key":"LiquidMemories"}],"is_trial":false,"path_per_floor":["M","?","$","M","M","R","?","R","T","M","M","E","M","M","R","B",null,"M","M","M"],"character_chosen":"IRONCLAD","items_purchased":[],"campfire_rested":0,"item_purchase_floors":[],"current_hp_per_floor":[62,62,62,68,69,69,69,69,69,68,44,11,14,8,8,12,59,32,9,0,0],"gold":395,"neow_bonus":"THREE_RARE_CARDS","is_daily":false,"chose_seed":false,"campfire_upgraded":3,"win_rate":0.0,"timestamp":1609674833,"path_taken":["M","?","$","M","?","R","?","R","T","M","M","E","M","?","R","BOSS","M","?","M"],"items_purchased_type":[],"build_version":"2020-12-22","purchased_purges":1,"victory":false,"max_hp_per_floor":[75,75,75,75,75,75,75,75,75,75,75,75,75,75,75,75,75,75,75,75,75],"card_choices":[{"not_picked":["Brutality","Demon Form"],"picked":"Double Tap","floor":0.0},{"not_picked":["Havoc","Dual Wield"],"picked":"Sword Boomerang","floor":1.0},{"not_picked":["Pommel Strike","Pummel"],"picked":"Power Through","floor":4.0},{"not_picked":["Headbutt","Perfected Strike","Rupture"],"picked":"SKIP","floor":5.0},{"not_picked":["Armaments","Uppercut"],"picked":"Shockwave","floor":10.0},{"not_picked":["Sword Boomerang","Heavy Blade"],"picked":"Clothesline","floor":11},{"not_picked":["Cleave","Hemokinesis","Entrench"],"picked":"SKIP","floor":12},{"not_picked":["Hemokinesis","Entrench"],"picked":"Cleave","floor":12},{"not_picked":["Wild Strike","Armaments"],"picked":"Rage","floor":13},{"not_picked":["Havoc","Sentinel"],"picked":"Uppercut","floor":14},{"not_picked":["Limit Break","Offering"],"picked":"Barricade","floor":16},{"not_picked":["Wild Strike","Flex","Rage"],"picked":"SKIP","floor":18},{"not_picked":["Spot Weakness","Havoc"],"picked":"Fire Breathing","floor":19}],"player_experience":1121791,"relics_obtained":[{"floor":9.0,"key":"MawBank"},{"floor":12,"key":"Lantern"}],"event_choices":[{"damage_healed":0.0,"max_hp_gain":0.0,"max_hp_loss":0.0,"gold_gain":0.0,"event_name":"Accursed Blacksmith","player_choice":"Rummage","floor":2.0,"gold_loss":0.0,"damage_taken":0.0,"relics_obtained":["WarpedTongs"],"cards_obtained":["Pain"]},{"cards_removed":["Strike_R"],"damage_healed":0.0,"max_hp_gain":0.0,"max_hp_loss":0.0,"gold_gain":0.0,"event_name":"Purifier","player_choice":"Purged","floor":7.0,"gold_loss":0.0,"damage_taken":0.0}],"is_beta":false,"boss_relics":[{"not_picked":["Sozu","SlaversCollar"],"picked":"Mark of Pain"}],"items_purged_floors":[3],"is_endless":false,"potions_floor_spawned":[1,5,11,12,14],"killed_by":"Centurion and Healer","ascension_level":20}}