{"host":"Bilverbakes","time":1609633113,"event":{"mods":["2.2 Compatiblity","AchievementEnabler","BaseMod","Bestiary","Colored Map","Minty Spire (QoL Compilation)","Relic Stats","StSLib","ojb\u0027s Info Mod"],"gold_per_floor":[361,361,381,109,125,125,160,160,160,160,177,210,225,235,235,313,313,327,242,253,268,280,306,306,333,333,359,359,377,377,407,407,484,484,504,517,564,582,194,228,253,287,287,313,313,326,123,136,136,136,136,136,36,61,61],"floor_reached":56,"playtime":4945,"items_purged":["Defend_B","Defend_B"],"score":2341,"play_id":"7dfbca7b-ca9a-457d-9794-62c4cbf061af","local_time":"20210102181833","is_ascension_mode":true,"campfire_choices":[{"data":"Zap","floor":6.0,"key":"SMITH"},{"data":"Rip and Tear","floor":8.0,"key":"SMITH"},{"data":"Dualcast","floor":10.0,"key":"SMITH"},{"data":"Sunder","floor":15.0,"key":"SMITH"},{"data":"Reprogram","floor":24.0,"key":"SMITH"},{"data":"Hologram","floor":28.0,"key":"SMITH"},{"data":"Buffer","floor":32.0,"key":"SMITH"},{"floor":49.0,"key":"RECALL"},{"floor":52.0,"key":"REST"}],"circlet_count":0,"master_deck":["AscendersBane","Defend_B","Defend_B","Zap+1","Dualcast+1","Self Repair","Genetic Algorithm","Rip and Tear+1","Compile Driver","Conserve Battery","Ball Lightning+1","Sunder+1","BootSequence","Buffer+1","Barrage+1","Genetic Algorithm+1","Hyperbeam+1","Reprogram+1","Hologram+1","Go for the Eyes+1","Rip and Tear","Turbo","Echo Form","Steam","Aggregate+1","Double Energy+1","Reprogram","Go for the Eyes+1","Recycle+1","Madness","Madness","Genetic Algorithm+1","Cold Snap","Beam Cell","Echo Form"],"relics":["Cracked Core","Lee\u0027s Waffle","Bird Faced Urn","Mango","Regal Pillow","Astrolabe","Eternal Feather","White Beast Statue","Whetstone","InkBottle","CaptainsWheel","Question Card","Fusion Hammer","Unceasing Top","Mummified Hand","Strange Spoon","Du-Vu Doll","Pocketwatch","FossilizedHelix","Ancient Tea Set","DollysMirror","Lizard Tail"],"acts_visited":["Exordium","TheCity","TheBeyond","TheEnding"],"potions_floor_usage":[55],"damage_taken":[{"damage":18.0,"enemies":"Small Slimes","floor":1.0,"turns":4.0},{"damage":7.0,"enemies":"Jaw Worm","floor":3.0,"turns":4.0},{"damage":0.0,"enemies":"2 Louse","floor":5.0,"turns":2.0},{"damage":35.0,"enemies":"3 Sentries","floor":7.0,"turns":8.0},{"damage":1.0,"enemies":"Looter","floor":11.0,"turns":3.0},{"damage":26.0,"enemies":"Gremlin Nob","floor":12.0,"turns":4.0},{"damage":15.0,"enemies":"Gremlin Gang","floor":13.0,"turns":3.0},{"damage":3.0,"enemies":"Blue Slaver","floor":14.0,"turns":3.0},{"damage":12.0,"enemies":"The Guardian","floor":16.0,"turns":7.0},{"damage":0.0,"enemies":"Spheric Guardian","floor":18.0,"turns":3.0},{"damage":6.0,"enemies":"3 Byrds","floor":20.0,"turns":5.0},{"damage":6.0,"enemies":"Shelled Parasite and Fungi","floor":21.0,"turns":6.0},{"damage":22.0,"enemies":"3 Cultists","floor":22.0,"turns":6.0},{"damage":22.0,"enemies":"Slavers","floor":23.0,"turns":3.0},{"damage":49.0,"enemies":"Book of Stabbing","floor":25.0,"turns":7.0},{"damage":10.0,"enemies":"Slavers","floor":27.0,"turns":8.0},{"damage":0.0,"enemies":"Chosen and Byrds","floor":29.0,"turns":5.0},{"damage":0.0,"enemies":"Gremlin Leader","floor":31.0,"turns":8.0},{"damage":49.0,"enemies":"Automaton","floor":33.0,"turns":14.0},{"damage":0.0,"enemies":"Orb Walker","floor":35.0,"turns":4.0},{"damage":19.0,"enemies":"3 Darklings","floor":36.0,"turns":6.0},{"damage":27.0,"enemies":"2 Orb Walkers","floor":37.0,"turns":5.0},{"damage":5.0,"enemies":"Writhing Mass","floor":38.0,"turns":6.0},{"damage":0.0,"enemies":"Giant Head","floor":40.0,"turns":5.0},{"damage":7.0,"enemies":"Mind Bloom Boss Battle","floor":41.0,"turns":6.0},{"damage":0.0,"enemies":"Reptomancer","floor":42.0,"turns":7.0},{"damage":0.0,"enemies":"Nemesis","floor":44.0,"turns":17.0},{"damage":0.0,"enemies":"Maw","floor":46.0,"turns":11.0},{"damage":0.0,"enemies":"Spire Growth","floor":48.0,"turns":4.0},{"damage":38.0,"enemies":"Time Eater","floor":50.0,"turns":12.0},{"damage":0.0,"enemies":"Shield and Spear","floor":54.0,"turns":8.0},{"damage":92,"enemies":"The Heart","floor":55,"turns":12}],"seed_played":"-2902717653639963013","potions_obtained":[{"floor":7.0,"key":"FairyPotion"},{"floor":11.0,"key":"Swift Potion"},{"floor":12.0,"key":"PowerPotion"},{"floor":13.0,"key":"PowerPotion"},{"floor":14.0,"key":"Fruit Juice"},{"floor":18.0,"key":"FearPotion"},{"floor":23.0,"key":"Weak Potion"},{"floor":25.0,"key":"Swift Potion"},{"floor":27.0,"key":"Explosive Potion"},{"floor":29.0,"key":"Block Potion"},{"floor":31.0,"key":"GamblersBrew"},{"floor":33.0,"key":"FocusPotion"},{"floor":35.0,"key":"LiquidBronze"},{"floor":36.0,"key":"ColorlessPotion"},{"floor":37.0,"key":"Block Potion"},{"floor":38.0,"key":"SpeedPotion"},{"floor":42.0,"key":"LiquidMemories"},{"floor":44.0,"key":"LiquidMemories"},{"floor":54.0,"key":"FocusPotion"}],"is_trial":false,"path_per_floor":["M","?","M","$","M","R","E","R","T","R","M","E","M","M","R","B",null,"M","?","M","M","M","E","R","E","T","E","R","M","?","E","R","B",null,"M","M","?","M","$","E","?","E","T","E","?","M","$","M","R","B",null,"R","$","E","B",null],"character_chosen":"DEFECT","items_purchased":["Lee\u0027s Waffle","SteroidPotion","Mummified Hand","Strange Spoon","DollysMirror","Cold Snap"],"campfire_rested":1,"item_purchase_floors":[4,4,39,39,47,47],"current_hp_per_floor":[28,28,28,78,78,78,50,50,64,64,72,55,49,55,55,54,83,85,85,90,92,79,59,71,33,33,34,46,57,57,68,80,42,80,89,97,80,90,90,97,97,97,97,97,80,93,93,97,97,59,88,97,97,97,20],"gold":61,"neow_bonus":"TWO_FIFTY_GOLD","is_daily":false,"chose_seed":false,"campfire_upgraded":7,"win_rate":0.0,"timestamp":1609633113,"path_taken":["M","?","M","$","M","R","E","R","T","R","M","E","M","M","R","BOSS","M","?","M","M","M","E","R","E","T","E","R","M","?","E","R","BOSS","M","M","?","M","$","E","?","E","T","E","?","M","?","M","R","BOSS","R","$","E","BOSS"],"items_purchased_type":["Relic","Potion","Relic","Relic","Relic","Card"],"build_version":"2020-12-18","purchased_purges":2,"victory":true,"max_hp_per_floor":[71,71,71,78,78,78,78,78,92,92,92,92,92,92,92,92,92,92,92,92,92,92,92,92,92,92,92,92,92,92,92,92,92,92,92,97,97,97,97,97,97,97,97,97,97,97,97,97,97,97,97,97,97,97,97],"relic_stats":{"Lee\u0027s Waffle":50,"Regal Pillow":0,"counters":[32,206],"Astrolabe":["Barrage","Genetic Algorithm","Hyperbeam"],"Eternal Feather":45,"Whetstone":["Ball Lightning","Go for the Eyes"],"Question Card":12,"Strange Spoon":[60],"Lizard Tail":0,"Mummified Hand":[25],"Bird Faced Urn":[96],"obtain_stats":[{"Lee\u0027s Waffle":4,"Regal Pillow":12,"Astrolabe":17,"Mango":9,"Eternal Feather":19,"Whetstone":25,"Question Card":31,"Ancient Tea Set":44,"White Beast Statue":23,"Du-Vu Doll":40,"Strange Spoon":39,"CaptainsWheel":27,"Lizard Tail":54,"Mummified Hand":39,"DollysMirror":47,"Bird Faced Urn":7,"Fusion Hammer":34,"Cracked Core":0,"InkBottle":26,"Unceasing Top":37,"FossilizedHelix":42,"Pocketwatch":41},{"Lee\u0027s Waffle":2,"Regal Pillow":6,"Astrolabe":9,"Mango":4,"Eternal Feather":10,"Whetstone":15,"Question Card":18,"Ancient Tea Set":27,"White Beast Statue":14,"Du-Vu Doll":24,"Strange Spoon":23,"CaptainsWheel":16,"Lizard Tail":31,"Mummified Hand":23,"DollysMirror":28,"Bird Faced Urn":4,"Fusion Hammer":19,"Cracked Core":0,"InkBottle":15,"Unceasing Top":22,"FossilizedHelix":26,"Pocketwatch":25},{"Lee\u0027s Waffle":8,"Regal Pillow":25,"Astrolabe":38,"Mango":18,"Eternal Feather":41,"Whetstone":68,"Question Card":89,"Ancient Tea Set":159,"White Beast Statue":61,"Du-Vu Doll":129,"Strange Spoon":124,"CaptainsWheel":76,"Lizard Tail":194,"Mummified Hand":124,"DollysMirror":170,"Bird Faced Urn":18,"Fusion Hammer":103,"Cracked Core":0,"InkBottle":68,"Unceasing Top":118,"FossilizedHelix":142,"Pocketwatch":135}],"InkBottle":[74],"Unceasing Top":[145],"Pocketwatch":[60]},"card_choices":[{"not_picked":["Sweeping Beam","Beam Cell"],"picked":"Self Repair","floor":1.0},{"not_picked":["Go for the Eyes","Streamline"],"picked":"Rip and Tear","floor":3.0},{"not_picked":["Steam","Sweeping Beam"],"picked":"Compile Driver","floor":5.0},{"not_picked":["Streamline","Hello World","Turbo"],"picked":"SKIP","floor":7.0},{"not_picked":["Blizzard","Redo"],"picked":"Conserve Battery","floor":11.0},{"not_picked":["Gash","Rebound"],"picked":"Ball Lightning","floor":12.0},{"not_picked":["Gash","Double Energy"],"picked":"Sunder","floor":13.0},{"not_picked":["Go for the Eyes","Beam Cell"],"picked":"BootSequence","floor":14.0},{"not_picked":["Creative AI","Reboot"],"picked":"Buffer","floor":16.0},{"not_picked":["Chaos","Tempest","Storm"],"picked":"SKIP","floor":18.0},{"not_picked":["Steam+1","Barrage"],"picked":"Reprogram","floor":20.0},{"not_picked":["Sweeping Beam+1","Defragment"],"picked":"Hologram","floor":21.0},{"not_picked":["Tempest","Gash"],"picked":"Go for the Eyes","floor":22.0},{"not_picked":["Redo","Streamline","Loop"],"picked":"SKIP","floor":23.0},{"not_picked":["Streamline","Reinforced Body"],"picked":"Rip and Tear","floor":25.0},{"not_picked":["Go for the Eyes","Multi-Cast"],"picked":"Turbo","floor":27.0},{"not_picked":["Barrage","Turbo","Rebound"],"picked":"SKIP","floor":29.0},{"not_picked":["Rip and Tear","Compile Driver","Multi-Cast"],"picked":"SKIP","floor":31.0},{"not_picked":["Biased Cognition","Core Surge","Electrodynamics"],"picked":"Echo Form","floor":33.0},{"not_picked":["Coolheaded","Gash","Scrape+1"],"picked":"Steam","floor":35.0},{"not_picked":["Beam Cell","Tempest","Double Energy+1"],"picked":"Aggregate+1","floor":36.0},{"not_picked":["Aggregate","Redo","Auto Shields"],"picked":"Double Energy+1","floor":37.0},{"not_picked":["Hello World","Chill","Tempest","Turbo"],"picked":"SKIP","floor":38.0},{"not_picked":["Streamline","Storm","Steam"],"picked":"Reprogram","floor":40.0},{"not_picked":["Redo","Coolheaded","Tempest+1"],"picked":"Go for the Eyes+1","floor":41.0},{"not_picked":["Reprogram","Biased Cognition","Turbo"],"picked":"Recycle+1","floor":42.0},{"not_picked":["Turbo","Self Repair","Redo+1","Steam+1"],"picked":"SKIP","floor":44.0},{"not_picked":["White Noise","Doom and Gloom+1","Gash+1","Compile Driver"],"picked":"SKIP","floor":46.0},{"not_picked":["Steam","Stack+1","Cold Snap"],"picked":"Beam Cell","floor":48.0},{"not_picked":["Turbo","Genetic Algorithm+1","Chaos"],"picked":"Echo Form","floor":54.0}],"player_experience":546826,"relics_obtained":[{"floor":7.0,"key":"Bird Faced Urn"},{"floor":9.0,"key":"Mango"},{"floor":12.0,"key":"Regal Pillow"},{"floor":23.0,"key":"White Beast Statue"},{"floor":25.0,"key":"Whetstone"},{"floor":26.0,"key":"InkBottle"},{"floor":27.0,"key":"CaptainsWheel"},{"floor":31.0,"key":"Question Card"},{"floor":37.0,"key":"Unceasing Top"},{"floor":40.0,"key":"Du-Vu Doll"},{"floor":41.0,"key":"Pocketwatch"},{"floor":42.0,"key":"FossilizedHelix"},{"floor":44.0,"key":"Ancient Tea Set"},{"floor":54.0,"key":"Lizard Tail"}],"event_choices":[{"damage_healed":0.0,"max_hp_gain":0.0,"max_hp_loss":0.0,"gold_gain":0.0,"cards_transformed":["Strike_B"],"event_name":"Living Wall","player_choice":"Change","floor":2.0,"gold_loss":0.0,"damage_taken":0.0,"cards_obtained":["Genetic Algorithm"]},{"damage_healed":0.0,"max_hp_gain":0.0,"max_hp_loss":0.0,"gold_gain":0.0,"event_name":"Addict","player_choice":"Obtained Relic","floor":19.0,"gold_loss":85.0,"damage_taken":0.0,"relics_obtained":["Eternal Feather"]},{"damage_healed":0.0,"max_hp_gain":0.0,"max_hp_loss":0.0,"gold_gain":0.0,"event_name":"Vampires","player_choice":"Ignored","floor":30.0,"gold_loss":0.0,"damage_taken":0.0},{"damage_healed":0.0,"max_hp_gain":0.0,"max_hp_loss":0.0,"gold_gain":0.0,"event_name":"Mysterious Sphere","player_choice":"Fight","floor":37.0,"gold_loss":0.0,"damage_taken":0.0},{"damage_healed":0.0,"max_hp_gain":0.0,"max_hp_loss":0.0,"gold_gain":0.0,"event_name":"MindBloom","player_choice":"Fight","floor":41.0,"gold_loss":0.0,"damage_taken":0.0},{"damage_healed":0.0,"max_hp_gain":0.0,"max_hp_loss":0.0,"gold_gain":0.0,"event_name":"Winding Halls","player_choice":"Embrace Madness","floor":45.0,"gold_loss":0.0,"damage_taken":17.0,"cards_obtained":["Madness","Madness"]}],"is_beta":true,"boss_relics":[{"not_picked":["Runic Dome","Velvet Choker"],"picked":"Astrolabe"},{"not_picked":["Pandora\u0027s Box","Cursed Key"],"picked":"Fusion Hammer"}],"items_purged_floors":[4,53],"is_endless":false,"potions_floor_spawned":[7,11,12,13,14,18,23,25,27,29,31,33,35,36,37,38,40,41,42,44,46,48,54],"ascension_level":15}}