{"host":"nvwxkcurnqq848ao","time":1609711905,"event":{"mods":["BaseMod","Block Reminder","Downfall","Infinite Spire","Minty Spire (QoL Compilation)","Relic Sorter","Replay The Spire","StSLib"],"gold_per_floor":[99,111,131,41,56,41,41,41,41,41,54,39,39,39,54,159,159,179,198,198,198,216,252,277,311,396,396,409,409,209,222,232,327,327,202,222,18,35,55,105,105,55,55,80,91,41,67,83,102,102,102,131,66,16,16],"floor_reached":56,"playtime":4642,"items_purged":["Parasite","Slimebound:Tackle","Slimebound:Defend_Slimebound"],"score":1312,"play_id":"3616bed9-af62-4800-b017-ba6588304c6c","local_time":"20210103161145","is_ascension_mode":false,"campfire_choices":[{"data":"Crow Ritual","floor":1.0,"key":"SMITH"},{"data":"Slimebound:Prepare","floor":8.0,"key":"SMITH"},{"data":"Slimebound:Split","floor":10.0,"key":"SMITH"},{"floor":30.0,"key":"RECALL"},{"data":"Slimebound:Equalize","floor":35.0,"key":"SMITH"},{"data":"Slimebound:Prepare","floor":42.0,"key":"SMITH"},{"data":"Slimebound:CorrosiveSpit","floor":46.0,"key":"PURGE"},{"floor":54.0,"key":"REST"}],"circlet_count":0,"master_deck":["Slimebound:Split+1","Crow Ritual+1","Slimebound:Prepare+1","Slimebound:Replication+1","Slimebound:FirmFortitude+1","Slimebound:Repurpose+1","Slimebound:SamplingLick+1","Slimebound:SamplingLick+1","Slimebound:Replication+1","Slimebound:Replication+1","Slimebound:Replication+1","Slimebound:Equalize+1","Slimebound:LeechEnergy+1","Slimebound:Prepare+1","Slimebound:Replication","Slimebound:Gluttony","Slimebound:FormOfPuddle+1","ReplayTheSpireMod:IOU","ReplayTheSpireMod:Brewmster"],"relics":["Slimebound:AbsorbEndCombat","infinitespire:CheckeredPen","Slimebound:GreedOozeRelic","Astrolabe","TungstenRod","Strawberry","Garlic","downfall:HeartBlessingBlue","downfall:HeartBlessingGreen","Empty Cage","downfall:HeartBlessingRed","PreservedInsect","Guide Book","Replay:Multitool","Darkstone Periapt","Durian","Lantern","Replay:Rubber Ducky","Replay:Wax Seal"],"acts_visited":["Exordium","TheCity","TheBeyond","TheEnding"],"potions_floor_usage":[55,55,55,55,55,55,55,55,55,55,55,55],"damage_taken":[{"damage":12.0,"enemies":"Small Slimes","floor":2.0,"turns":4.0},{"damage":10.0,"enemies":"Jaw Worm","floor":3.0,"turns":4.0},{"damage":9.0,"enemies":"downfall:FleeingMerchant","floor":4.0,"turns":4.0},{"damage":12.0,"enemies":"Cultist","floor":5.0,"turns":4.0},{"damage":7.0,"enemies":"downfall:FleeingMerchant","floor":6.0,"turns":4.0},{"damage":15.0,"enemies":"Exordium Thugs","floor":11.0,"turns":3.0},{"damage":18.0,"enemies":"downfall:FleeingMerchant","floor":12.0,"turns":4.0},{"damage":13.0,"enemies":"Blue Slaver","floor":15.0,"turns":3.0},{"damage":25.0,"enemies":"downfall:Ironclad","floor":16.0,"turns":5.0},{"damage":8.0,"enemies":"3 Byrds","floor":19.0,"turns":3.0},{"damage":8.0,"enemies":"Centurion and Healer","floor":22.0,"turns":3.0},{"damage":24.0,"enemies":"Gremlin Leader","floor":25.0,"turns":4.0},{"damage":11.0,"enemies":"Snecko","floor":28.0,"turns":5.0},{"damage":18.0,"enemies":"Snake Plant","floor":31.0,"turns":3.0},{"damage":0.0,"enemies":"Cultist and Chosen","floor":32.0,"turns":3.0},{"damage":9.0,"enemies":"downfall:Defect","floor":33.0,"turns":6.0},{"damage":16.0,"enemies":"3 Shapes","floor":36.0,"turns":3.0},{"damage":6.0,"enemies":"downfall:FleeingMerchant","floor":37.0,"turns":4.0},{"damage":13.0,"enemies":"3 Darklings","floor":38.0,"turns":3.0},{"damage":12.0,"enemies":"Writhing Mass","floor":39.0,"turns":3.0},{"damage":20.0,"enemies":"Mind Bloom Boss Battle","floor":40.0,"turns":4.0},{"damage":15.0,"enemies":"Giant Head","floor":44.0,"turns":5.0},{"damage":3.0,"enemies":"Spire Growth","floor":45.0,"turns":4.0},{"damage":15.0,"enemies":"Maw","floor":48.0,"turns":5.0},{"damage":0.0,"enemies":"Transient","floor":49.0,"turns":5.0},{"damage":0.0,"enemies":"downfall:Silent","floor":50.0,"turns":5.0},{"damage":72.0,"enemies":"downfall:CharBossMerchant","floor":52.0,"turns":6.0},{"damage":29,"enemies":"downfall:NeowBoss","floor":55,"turns":18}],"seed_played":"7594176513092842014","potions_obtained":[{"floor":3.0,"key":"BlessingOfTheForge"},{"floor":15.0,"key":"FearPotion"},{"floor":16.0,"key":"champ:CounterPotion"},{"floor":19.0,"key":"Milkshake"},{"floor":25.0,"key":"CultistPotion"},{"floor":44.0,"key":"champ:CounterPotion"},{"floor":48.0,"key":"ColorlessPotion"},{"floor":49.0,"key":"infinitespire:BlackPotion"}],"is_trial":false,"path_per_floor":["R","M","M","$","M","$","T","R","?","R","M","$","?","?","M","B",null,"R","M","?","T","M","?","T","E","?","?","M","AVR","R","M","M","B",null,"R","M","$","M","M","?","T","R","?","E","M","R","T","M","M","B",null,"E","$","R","B",null],"character_chosen":"SLIMEBOUND","items_purchased":["Slimebound:Replication","PreservedInsect","Guide Book","Slimebound:Gluttony","Replay:Wax Seal","ReplayTheSpireMod:Brewmster"],"campfire_rested":1,"item_purchase_floors":[37,37,37,37,53,53],"current_hp_per_floor":[60,60,58,55,57,57,57,57,57,57,57,54,54,54,52,51,57,57,57,57,57,57,57,64,47,36,36,45,45,55,61,65,74,74,74,68,74,74,74,73,73,73,73,79,79,79,79,64,79,79,79,27,39,66,91],"gold":16,"neow_bonus":"RANDOM_COLORLESS_2","is_daily":false,"chose_seed":false,"campfire_upgraded":5,"win_rate":0.0,"timestamp":1609711905,"path_taken":["R","M","M","$","M","$","T","R","?","R","M","$","?","?","M","BOSS","R","M","?","?","?","?","T","E","?","?","M","AVR","R","?","M","BOSS","R","M","$","M","M","?","T","R","?","E","M","R","?","M","M","BOSS","E","$","R","BOSS"],"items_purchased_type":["Card","Relic","Relic","Card","Relic","Card"],"build_version":"2020-12-22","purchased_purges":3,"victory":true,"max_hp_per_floor":[60,60,60,57,57,57,57,57,57,57,57,57,57,57,57,57,57,57,57,57,57,57,57,64,64,64,64,64,64,74,74,74,74,74,74,74,74,74,74,74,74,74,74,79,79,79,79,79,79,79,79,79,91,91,91],"card_choices":[{"not_picked":["Thinking Ahead","Apotheosis"],"picked":"Crow Ritual","floor":0.0},{"not_picked":["Slimebound:ViciousTackle","Slimebound:SplitMire","Slimebound:GoopSpray"],"picked":"SKIP","floor":2.0},{"not_picked":["Slimebound:RejuvenatingLick","Slimebound:SplitBruiser","Slimebound:GrowthPunch"],"picked":"SKIP","floor":3.0},{"not_picked":["Slimebound:RejuvenatingLick","Slimebound:SplitBruiser","Slimebound:GrowthPunch"],"picked":"SKIP","floor":3.0},{"not_picked":["Slimebound:ItLooksTasty","Slimebound:LeechEnergy","Slimebound:SamplingLick"],"picked":"SKIP","floor":4.0},{"not_picked":["Slimebound:SlimeSpikes","Slimebound:ViciousTackle"],"picked":"Slimebound:Prepare","floor":5.0},{"not_picked":["Slimebound:SlimeTap","Slimebound:Schlurp","Slimebound:Chomp"],"picked":"SKIP","floor":6.0},{"not_picked":["Slimebound:Repurpose","Slimebound:PressTheAttack"],"picked":"Slimebound:Replication","floor":11.0},{"not_picked":["Slimebound:LeechingTouch","Slimebound:HauntingLick","Slimebound:ProtectTheBoss"],"picked":"SKIP","floor":12.0},{"not_picked":["Slimebound:MinionMaster","Slimebound:LeechingTouch","Slimebound:SlimeSpikes"],"picked":"SKIP","floor":15.0},{"not_picked":["Slimebound:ViciousTackle","Slimebound:DivideAndConquer+1"],"picked":"Slimebound:Replication","floor":19.0},{"not_picked":["Slimebound:Gluttony+1","Slimebound:SplitLeeching"],"picked":"Slimebound:Replication","floor":22.0},{"not_picked":["Slimebound:SlimeBrawl+1","Slimebound:SplitLeeching"],"picked":"Slimebound:Replication+1","floor":23.0},{"not_picked":["Slimebound:DivideAndConquer","Slimebound:GrowthPunch+1"],"picked":"Slimebound:Equalize","floor":25.0},{"not_picked":["Slimebound:RollThrough","Slimebound:DivideAndConquer"],"picked":"Slimebound:LeechEnergy+1","floor":28.0},{"not_picked":["Slimebound:ServeAndProtect","Slimebound:ViciousTackle","Slimebound:Dissolve+1"],"picked":"SKIP","floor":31.0},{"not_picked":["Slimebound:LivingWall","Slimebound:SamplingLick","Slimebound:LeechingTouch"],"picked":"SKIP","floor":32.0},{"not_picked":["Slimebound:Replication","Slimebound:GrowthPunch"],"picked":"Slimebound:Prepare","floor":36.0},{"not_picked":["Slimebound:SlimeSpikes","Slimebound:DisruptingSlam","Slimebound:PressTheAttack"],"picked":"SKIP","floor":38.0},{"not_picked":["Slimebound:ServeAndProtect+1","Slimebound:LeechingTouch","Slimebound:FinishingTackle+1"],"picked":"SKIP","floor":39.0},{"not_picked":["Slimebound:ProtectTheBoss","Slimebound:SplitSpecialist"],"picked":"Slimebound:FormOfPuddle+1","floor":40.0},{"not_picked":["Slimebound:SplitMire+1","Slimebound:DivideAndConquer+1","Slimebound:PressTheAttack"],"picked":"SKIP","floor":44.0},{"not_picked":["Slimebound:FlameTackle","Slimebound:LeechingTouch","Slimebound:ComboTackle+1"],"picked":"SKIP","floor":45.0},{"not_picked":["Slimebound:Recollect+1","Slimebound:FinishingTackle","Slimebound:SplitMire+1"],"picked":"SKIP","floor":48.0},{"not_picked":["Slimebound:SplitBruiser+1","Slimebound:SlimeBarrage+1","Slimebound:RallyTheTroops"],"picked":"SKIP","floor":49.0},{"not_picked":["Slimebound:SplitMire","Slimebound:GrowthPunch+1","Slimebound:SplitBruiser+1"],"picked":"SKIP","floor":52.0}],"player_experience":603558,"relics_obtained":[{"floor":7.0,"key":"infinitespire:CheckeredPen"},{"floor":23.0,"key":"TungstenRod"},{"floor":24.0,"key":"Strawberry"},{"floor":25.0,"key":"Garlic"},{"floor":40.0,"key":"Replay:Multitool"},{"floor":41.0,"key":"Darkstone Periapt"},{"floor":44.0,"key":"Durian"},{"floor":47.0,"key":"Lantern"},{"floor":52.0,"key":"Replay:Rubber Ducky"}],"event_choices":[{"damage_healed":0.0,"max_hp_gain":0.0,"max_hp_loss":0.0,"gold_gain":0.0,"event_name":"Upgrade Shrine","player_choice":"Upgraded","floor":27.0,"gold_loss":0.0,"damage_taken":0.0,"cards_upgraded":["Slimebound:Replication"]}],"is_beta":false,"boss_relics":[{"not_picked":["Coffee Dripper","Philosopher\u0027s Stone"],"picked":"Astrolabe"},{"not_picked":["Slimebound:AbsorbEndCombatUpgraded","Snecko Heart"],"picked":"Empty Cage"}],"items_purged_floors":[4,29,37],"is_endless":false,"potions_floor_spawned":[3,15,16,19,25,28,44,48,49],"ascension_level":0}}