{"host":"n2cffu8lp3cvc20r","time":1609643035,"event":{"mods":["Aspiration","BaseMod","Colored Map","Colored Powertips","DeckTracker","Highlight Path","Hubris","Infinite Spire","Minty Spire (QoL Compilation)","Quick Restart","Random Character Button","Relic Sorter","Replay The Spire","StSLib","SuperFastMode","Synergy Search","The Cursed","The Disciple","The Jungle","The Runesmith"],"gold_per_floor":[113,2,2,18,36,51,70,95,95,115,115,115],"floor_reached":11,"playtime":617,"items_purged":["Defend_B"],"score":75,"play_id":"cbe6f04e-316e-425d-bb03-532cdb60ac4c","local_time":"20210103030355","is_ascension_mode":false,"campfire_choices":[],"circlet_count":0,"master_deck":["Strike_B","Strike_B","Strike_B","Defend_B","Defend_B","Defend_B","Zap","Dualcast","Fusion","Coolheaded","Streamline","Streamline","Gash","Gash","aspiration:Polymerization","Genetic Algorithm","Defragment","Seek","Sweeping Beam"],"relics":["Cracked Core","NlothsMask","Prayer Wheel","Snack Pack","Odd Mushroom"],"acts_visited":["Exordium"],"potions_floor_usage":[8,11,11],"damage_taken":[{"damage":0,"enemies":"2 Louse","floor":1,"turns":2},{"damage":0,"enemies":"Cultist","floor":4,"turns":3},{"damage":6,"enemies":"Small Slimes","floor":5,"turns":3},{"damage":7,"enemies":"Blue Slaver","floor":6,"turns":3},{"damage":14,"enemies":"2 Fungi Beasts","floor":7,"turns":4},{"damage":10,"enemies":"Lagavulin","floor":8,"turns":5},{"damage":24,"enemies":"The Mushroom Lair","floor":10,"turns":5},{"damage":20,"enemies":"3 Sentries","floor":11,"turns":4}],"seed_played":"-4340391362554121079","potions_obtained":[{"floor":4,"key":"DistilledChaos"},{"floor":7,"key":"FocusPotion"},{"floor":8,"key":"PotionOfCapacity"}],"is_trial":false,"path_per_floor":["M","$","?","M","M","M","M","E","T","?","E"],"character_chosen":"DEFECT","items_purchased":["Streamline"],"campfire_rested":0,"item_purchase_floors":[2],"current_hp_per_floor":[75,75,75,75,69,62,48,38,38,18,0,0],"gold":115,"neow_bonus":"TRANSFORM_CARD","is_daily":false,"chose_seed":false,"campfire_upgraded":0,"win_rate":0.0,"timestamp":1609643035,"path_taken":["M","$","?","M","?","M","M","E","T","?","E"],"items_purchased_type":["Card"],"build_version":"2020-12-22","purchased_purges":1,"victory":false,"max_hp_per_floor":[75,75,75,75,75,75,75,75,75,75,75,75],"card_choices":[{"not_picked":["Hologram","Cold Snap"],"picked":"Coolheaded","floor":1},{"not_picked":["Undo","Go for the Eyes"],"picked":"ReplayTheSpireMod:Fabricate Wheel","floor":4},{"not_picked":["Recycle","Hologram"],"picked":"Gash","floor":5},{"not_picked":["Hologram","Go for the Eyes"],"picked":"Gash","floor":5},{"not_picked":["Steam","Panic Button"],"picked":"aspiration:Polymerization","floor":6},{"not_picked":["Hologram","Rebound"],"picked":"Genetic Algorithm","floor":6},{"not_picked":["Consume","Conserve Battery"],"picked":"Defragment","floor":7},{"not_picked":["Steam","Turbo","Go for the Eyes"],"picked":"SKIP","floor":7},{"not_picked":["Heatsinks","Consume"],"picked":"Seek","floor":8},{"not_picked":["Coolheaded","Turbo"],"picked":"Sweeping Beam","floor":10}],"player_experience":302167,"relics_obtained":[{"floor":8,"key":"Snack Pack"},{"floor":10,"key":"Odd Mushroom"}],"event_choices":[{"damage_healed":0,"gold_gain":0,"player_choice":"Trade","damage_taken":0,"relics_obtained":["NlothsMask"],"max_hp_gain":0,"max_hp_loss":0,"event_name":"FaceTrader","floor":3,"gold_loss":0},{"damage_healed":0,"gold_gain":0,"player_choice":"Fought Mushrooms","damage_taken":0,"max_hp_gain":0,"max_hp_loss":0,"event_name":"Mushrooms","floor":10,"gold_loss":0}],"is_beta":false,"boss_relics":[],"items_purged_floors":[2],"is_endless":false,"potions_floor_spawned":[4,7,8],"killed_by":"3 Sentries","ascension_level":0}}