{"host":"d2y4rmbezebiv8aj","time":1609641564,"event":{"mods":["AchievementEnabler","BaseMod","BetterRewards","Colored Map","Colored Powertips","Custom Start","Highlight Path","Minty Spire (QoL Compilation)","Rare Cards Sparkle","Shop Mod","StSLib","SuperFastMode","Synergy Search"],"gold_per_floor":[118,133,152,164,164,199,199,225,252,252,271,236,247,265,265,369,369,382,21,21,21,36,61,79,79,79,93,93,108,108,134,134,231,231,251,251,263,263,279,279,299,74,74,126,126,146,156,176,176,176],"floor_reached":51,"playtime":2423,"items_purged":[],"score":826,"play_id":"a1f53980-2c7a-4490-a802-cbdc24dbaf16","local_time":"20210103033924","is_ascension_mode":true,"campfire_choices":[{"data":"Backstab","floor":7,"key":"SMITH"},{"floor":10,"key":"REST"},{"data":"Accuracy","floor":15,"key":"SMITH"},{"floor":28,"key":"REST"},{"floor":30,"key":"REST"},{"data":"Mayhem","floor":32,"key":"SMITH"},{"floor":40,"key":"REST"},{"floor":45,"key":"REST"},{"floor":49,"key":"REST"}],"circlet_count":0,"master_deck":["Survivor","Neutralize","Backstab+1","Dagger Throw","Blade Dance","Poisoned Stab","Expertise","Noxious Fumes","Accuracy+1","Dagger Spray","Dash","Slice","Cloak And Dagger","Corpse Explosion","Sucker Punch","Corpse Explosion","Adrenaline","Poisoned Stab","Reflex","Prepared","Adrenaline","Prepared","Slice","Night Terror","PiercingWail","Mayhem+1","Cloak And Dagger","Backstab","PiercingWail","Outmaneuver","Bane","Caltrops","Concentrate","Accuracy+1","Sucker Punch","Predator+1","After Image","CurseOfTheBell","Dagger Spray+1","Magnetism","All Out Attack+1","Footwork","Deflect+1","Backstab+1","Quick Slash+1","Noxious Fumes","Outmaneuver+1"],"relics":["Ring of the Snake","NeowsBlessing","Kunai","Centennial Puzzle","Dream Catcher","Pandora\u0027s Box","Anchor","Orichalcum","Shuriken","Eternal Feather","Calling Bell","Toy Ornithopter","Gremlin Horn","Incense Burner","Toolbox","White Beast Statue","Girya"],"acts_visited":["Exordium","TheCity","TheBeyond"],"potions_floor_usage":[6,6,29,29,33,33,47,50,50,50],"damage_taken":[{"damage":0,"enemies":"Cultist","floor":1,"turns":1},{"damage":0,"enemies":"Small Slimes","floor":2,"turns":1},{"damage":0,"enemies":"2 Louse","floor":3,"turns":1},{"damage":11,"enemies":"Looter","floor":4,"turns":3},{"damage":6,"enemies":"Gremlin Nob","floor":6,"turns":3},{"damage":16,"enemies":"Lagavulin","floor":8,"turns":6},{"damage":2,"enemies":"2 Fungi Beasts","floor":11,"turns":2},{"damage":8,"enemies":"Gremlin Gang","floor":13,"turns":4},{"damage":7,"enemies":"3 Louse","floor":14,"turns":2},{"damage":32,"enemies":"The Guardian","floor":16,"turns":12},{"damage":0,"enemies":"Spheric Guardian","floor":18,"turns":3},{"damage":0,"enemies":"Shell Parasite","floor":22,"turns":3},{"damage":24,"enemies":"Slavers","floor":23,"turns":6},{"damage":3,"enemies":"Sentry and Sphere","floor":24,"turns":5},{"damage":0,"enemies":"3 Cultists","floor":27,"turns":2},{"damage":26,"enemies":"Snecko","floor":29,"turns":5},{"damage":14,"enemies":"Book of Stabbing","floor":31,"turns":5},{"damage":44,"enemies":"Automaton","floor":33,"turns":7},{"damage":15,"enemies":"Orb Walker","floor":35,"turns":3},{"damage":5,"enemies":"3 Darklings","floor":37,"turns":4},{"damage":25,"enemies":"Jaw Worm Horde","floor":39,"turns":6},{"damage":35,"enemies":"Spire Growth","floor":41,"turns":6},{"damage":27,"enemies":"2 Orb Walkers","floor":44,"turns":3},{"damage":2,"enemies":"Sphere and 2 Shapes","floor":46,"turns":5},{"damage":27,"enemies":"Maw","floor":47,"turns":9},{"damage":34,"enemies":"4 Shapes","floor":48,"turns":5},{"damage":18,"enemies":"Donu and Deca","floor":50,"turns":9}],"seed_played":"-5868224603484736251","potions_obtained":[{"floor":2,"key":"Weak Potion"},{"floor":4,"key":"AttackPotion"},{"floor":6,"key":"Poison Potion"},{"floor":8,"key":"GamblersBrew"},{"floor":13,"key":"Weak Potion"},{"floor":31,"key":"Poison Potion"},{"floor":33,"key":"FearPotion"},{"floor":41,"key":"SteroidPotion"},{"floor":44,"key":"EssenceOfSteel"},{"floor":47,"key":"PowerPotion"}],"is_trial":false,"path_per_floor":["M","M","M","M","?","E","R","E","T","R","M","?","M","M","R","B",null,"M","$","?","?","M","E","M","?","T","M","R","M","R","E","R","B",null,"M","$","M","?","M","R","M","$","T","?","R","M","M","M","R","B",null],"character_chosen":"THE_SILENT","items_purchased":["Mayhem","Anchor","Cloak And Dagger","Toolbox","Footwork"],"campfire_rested":6,"item_purchase_floors":[19,19,19,42,42],"current_hp_per_floor":[70,70,70,59,59,53,53,37,37,58,56,70,62,55,55,23,70,70,70,57,57,57,33,30,30,30,30,52,26,48,34,55,11,75,60,60,55,55,30,75,40,40,40,13,59,57,35,1,50,47],"gold":176,"neow_bonus":"THREE_ENEMY_KILL","is_daily":false,"chose_seed":false,"campfire_upgraded":3,"win_rate":0.0,"timestamp":1609641564,"path_taken":["M","M","M","?","?","E","R","E","T","R","?","?","M","M","R","BOSS","M","$","?","?","M","E","M","?","T","M","R","M","R","E","R","BOSS","M","$","?","?","M","R","M","$","T","?","R","?","M","M","R","BOSS"],"items_purchased_type":["Card","Relic","Card","Relic","Card"],"build_version":"2020-12-22","purchased_purges":0,"victory":true,"max_hp_per_floor":[70,70,70,70,70,70,70,70,70,70,70,70,70,70,70,70,70,70,70,75,75,75,75,75,75,75,75,75,75,75,75,75,75,75,75,75,75,75,75,75,75,75,75,75,75,75,75,75,75,75],"card_choices":[{"not_picked":["Quick Slash","Bouncing Flask"],"picked":"Backstab","floor":1},{"not_picked":["Prepared","Outmaneuver"],"picked":"Dagger Throw","floor":2},{"not_picked":["Bullet Time","Backflip"],"picked":"Blade Dance","floor":3},{"not_picked":["Eviscerate","Catalyst"],"picked":"Poisoned Stab","floor":4},{"not_picked":["Doppelganger","Poisoned Stab"],"picked":"Noxious Fumes","floor":6},{"not_picked":["Cloak And Dagger","Leg Sweep"],"picked":"Accuracy","floor":8},{"not_picked":["Caltrops","Dodge and Roll"],"picked":"Dagger Spray","floor":10},{"not_picked":["Quick Slash","Acrobatics"],"picked":"Dash","floor":11},{"not_picked":["Eviscerate","Dagger Spray"],"picked":"Slice","floor":13},{"not_picked":["Poisoned Stab","Bullet Time"],"picked":"Cloak And Dagger","floor":14},{"not_picked":["Glass Knife","Wraith Form v2"],"picked":"Corpse Explosion","floor":16},{"not_picked":["Dodge and Roll+1","Setup"],"picked":"PiercingWail","floor":18},{"not_picked":["Prepared+1","Deflect"],"picked":"PiercingWail","floor":22},{"not_picked":["Escape Plan","Blur"],"picked":"Outmaneuver","floor":23},{"not_picked":["Deadly Poison","Poisoned Stab"],"picked":"Bane","floor":24},{"not_picked":["Well Laid Plans","Doppelganger"],"picked":"Concentrate","floor":27},{"not_picked":["Heel Hook","Distraction"],"picked":"Accuracy+1","floor":28},{"not_picked":["Acrobatics","Setup"],"picked":"Sucker Punch","floor":29},{"not_picked":["Sucker Punch+1","Quick Slash"],"picked":"Predator+1","floor":30},{"not_picked":["Riddle With Holes+1","Acrobatics","Eviscerate"],"picked":"SKIP","floor":31},{"not_picked":["Die Die Die","Night Terror"],"picked":"After Image","floor":33},{"not_picked":["Prepared","Riddle With Holes+1","Dodge and Roll+1"],"picked":"SKIP","floor":35},{"not_picked":["Escape Plan","Underhanded Strike+1"],"picked":"Dagger Spray+1","floor":37},{"not_picked":["Jack Of All Trades","Impatience"],"picked":"Magnetism","floor":38},{"not_picked":["Well Laid Plans","Cloak And Dagger","Acrobatics+1"],"picked":"SKIP","floor":39},{"not_picked":["Riddle With Holes+1","Choke"],"picked":"All Out Attack+1","floor":41},{"not_picked":["Dodge and Roll+1","Calculated Gamble+1"],"picked":"Deflect+1","floor":44},{"not_picked":["Dash+1","Poisoned Stab"],"picked":"Backstab+1","floor":46},{"not_picked":["Endless Agony","Outmaneuver"],"picked":"Quick Slash+1","floor":47},{"not_picked":["Flying Knee","Dodge and Roll+1"],"picked":"Noxious Fumes","floor":48},{"not_picked":["Poisoned Stab+1","Wraith Form v2"],"picked":"Outmaneuver+1","floor":49}],"player_experience":330471,"relics_obtained":[{"floor":6,"key":"Kunai"},{"floor":8,"key":"Centennial Puzzle"},{"floor":9,"key":"Dream Catcher"},{"floor":23,"key":"Orichalcum"},{"floor":26,"key":"Shuriken"},{"floor":31,"key":"Eternal Feather"},{"floor":34,"key":"Toy Ornithopter"},{"floor":34,"key":"Gremlin Horn"},{"floor":34,"key":"Incense Burner"},{"floor":43,"key":"White Beast Statue"},{"floor":44,"key":"Girya"}],"event_choices":[{"damage_healed":0,"gold_gain":0,"player_choice":"1 cards matched","damage_taken":0,"max_hp_gain":0,"max_hp_loss":0,"event_name":"Match and Keep!","floor":5,"gold_loss":0,"cards_obtained":["Expertise"]},{"damage_healed":17,"gold_gain":0,"player_choice":"Healed","damage_taken":0,"max_hp_gain":0,"max_hp_loss":0,"event_name":"The Cleric","floor":12,"gold_loss":35},{"damage_healed":0,"gold_gain":0,"player_choice":"Shed Blood","damage_taken":18,"max_hp_gain":5,"max_hp_loss":0,"event_name":"Forgotten Altar","floor":20,"gold_loss":0},{"damage_healed":0,"gold_gain":0,"player_choice":"Read","damage_taken":0,"max_hp_gain":0,"max_hp_loss":0,"event_name":"The Library","floor":21,"gold_loss":0,"cards_obtained":["Backstab"]},{"damage_healed":0,"gold_gain":0,"player_choice":"1 cards matched","damage_taken":0,"max_hp_gain":0,"max_hp_loss":0,"event_name":"Match and Keep!","floor":25,"gold_loss":0,"cards_obtained":["Caltrops"]},{"damage_healed":0,"gold_gain":0,"player_choice":"Memory 1","damage_taken":0,"max_hp_gain":0,"max_hp_loss":0,"event_name":"SensoryStone","floor":38,"gold_loss":0},{"damage_healed":0,"gold_gain":0,"player_choice":"Fight","damage_taken":0,"max_hp_gain":0,"max_hp_loss":0,"event_name":"Mysterious Sphere","floor":44,"gold_loss":0}],"is_beta":false,"boss_relics":[{"not_picked":["SacredBark","Ectoplasm"],"picked":"Pandora\u0027s Box"},{"not_picked":["SlaversCollar","Fusion Hammer"],"picked":"Calling Bell"}],"items_purged_floors":[],"is_endless":false,"potions_floor_spawned":[2,4,6,8,13,18,23,27,31,33,41,44,46,47,48],"ascension_level":3}}