{"host":"n2cffu8lp3cvc20r","time":1609642405,"event":{"mods":["Aspiration","BaseMod","Colored Map","Colored Powertips","DeckTracker","Highlight Path","Hubris","Infinite Spire","Minty Spire (QoL Compilation)","Quick Restart","Random Character Button","Relic Sorter","Replay The Spire","StSLib","SuperFastMode","Synergy Search","The Cursed","The Disciple","The Jungle","The Runesmith"],"gold_per_floor":[109,59,34,34,44,78,78,78,157,185,185,203,3,52,52,152,152,163,183,183,193,193,226,226,226,226,240,275,100,112,19,19,121,121,133,133,147,159,179,213,213,213,239,255,290,290,290],"floor_reached":46,"playtime":10191,"items_purged":["Runesmith:PerfectChisel"],"score":601,"play_id":"0740ad17-7789-44cf-8f82-f64a5d00d55e","local_time":"20210103025325","is_ascension_mode":false,"campfire_choices":[{"data":"Runesmith:EnergizedChisel","floor":8,"key":"SMITH"},{"floor":15,"key":"DIG"},{"floor":24,"key":"REST"},{"floor":32,"key":"REST"},{"data":"Replay:Fractal Strike","floor":42,"key":"SMITH"}],"circlet_count":0,"master_deck":["Runesmith:CraftFirestone+1","Runesmith:Fortify","Runesmith:HeatedChisel","Runesmith:EnergizedChisel+1","Runesmith:PerfectChisel+1","Runesmith:CraftObretio","Runesmith:NegativeSpace","Runesmith:CraftMagma","Runesmith:Duplicate","Runesmith:Permafrost","aspiration:UnbridledHammer","aspiration:UnbridledHammer","Runesmith:Retool","Runesmith:Malloc","Runesmith:CraftIncendium","Runesmith:BackupBattery","Replay:Fractal Strike+1","Runesmith:Terraform+1","Self Repair","Runesmith:OneForEveryone+1","Runesmith:CraftMagma+1","Runesmith:CraftMagma+1","Runesmith:ChaoticBlast+1","Runesmith:Superposition+1","Runesmith:CraftMedicinae+1","Runesmith:CraftMedicinae+1","Runesmith:ChaoticBlast+1","Runesmith:PoweredAnvil+1","Runesmith:BackupBattery+1","Purity+1","Runesmith:CraftPrismatica+1"],"relics":["Runesmith:BrokenRuby","NeowsBlessing","Nunchaku","Quantum Egg","Kunai","Singing Bowl","Blue Doll","Toy Ornithopter","aspiration:HatOfInfinitePower","Pandora\u0027s Box","StoneCalendar","hubris:Towel","Ice Cream","infinitespire:BottledMercury","Golden Egg","aspiration:MobileForge","Toxic Egg 2","Boot","Snack Pack"],"acts_visited":["Exordium","Exordium","TheBeyond"],"potions_floor_usage":[16,16,19,23,28,30,40,44,44,45,45,46],"damage_taken":[{"damage":0,"enemies":"Jaw Worm","floor":1,"turns":1},{"damage":0,"enemies":"Small Slimes","floor":5,"turns":1},{"damage":0,"enemies":"Lagavulin","floor":6,"turns":1},{"damage":19,"enemies":"Gremlin Nob","floor":10,"turns":5},{"damage":0,"enemies":"Cultist","floor":12,"turns":3},{"damage":32,"enemies":"Fading Forest","floor":16,"turns":11},{"damage":5,"enemies":"theJungle:5_Spyders","floor":18,"turns":7},{"damage":12,"enemies":"Shell Parasite","floor":19,"turns":5},{"damage":8,"enemies":"theJungle:SlimyTreeVines","floor":21,"turns":6},{"damage":35,"enemies":"theJungle:MamaSnecko","floor":23,"turns":5},{"damage":18,"enemies":"theJungle:Snecko_Cultist_And_Trap","floor":27,"turns":5},{"damage":9,"enemies":"theJungle:Cassacara","floor":28,"turns":5},{"damage":42,"enemies":"Snake Plant","floor":30,"turns":4},{"damage":4,"enemies":"theJungle:FunGuy","floor":33,"turns":8},{"damage":13,"enemies":"3 Darklings","floor":35,"turns":5},{"damage":0,"enemies":"Orb Walker","floor":37,"turns":4},{"damage":16,"enemies":"Spire Growth","floor":38,"turns":4},{"damage":0,"enemies":"Maw","floor":39,"turns":6},{"damage":15,"enemies":"R_Hoarder","floor":40,"turns":7},{"damage":35,"enemies":"3 Darklings","floor":44,"turns":4},{"damage":60,"enemies":"Nemesis","floor":45,"turns":5},{"damage":32,"enemies":"4 Shapes","floor":46,"turns":1}],"seed_played":"7946218289936120761","potions_obtained":[{"floor":6,"key":"Languid Potion"},{"floor":10,"key":"Block Potion"},{"floor":16,"key":"Block Potion"},{"floor":21,"key":"Death Potion"},{"floor":27,"key":"Ancient Potion"},{"floor":28,"key":"Regen Potion"},{"floor":30,"key":"SpeedPotion"},{"floor":39,"key":"GamblersBrew"},{"floor":40,"key":"EntropicBrew"},{"floor":45,"key":"BlessingOfTheForge"}],"is_trial":false,"path_per_floor":["M","?","$","?","M","E","?","R","T","E","?","M","$","T","R_BF","B",null,"M","M","AVR","M","?","E","R","?","T","M","E","$","M","$","R","B",null,"M","?","M","M","M","E","?","R","T","M","E","M"],"character_chosen":"RUNESMITH_CLASS","items_purchased":["Runesmith:EnergizedChisel","Blue Doll","Runesmith:CraftMagma","Runesmith:CraftMagma","Runesmith:ChaoticBlast","Runesmith:Superposition+1","Runesmith:CraftMedicinae"],"campfire_rested":2,"item_purchase_floors":[3,13,13,29,29,29,31],"current_hp_per_floor":[70,70,70,70,70,70,63,63,63,44,44,44,44,44,44,37,70,65,58,58,56,56,26,47,47,47,36,41,41,25,25,47,52,76,72,72,72,66,75,80,80,80,80,64,23,0,0],"gold":290,"neow_bonus":"THREE_ENEMY_KILL","is_daily":false,"chose_seed":false,"campfire_upgraded":2,"win_rate":0.0,"timestamp":1609642405,"path_taken":["M","?","?","?","?","E","?","R","T","E","?","?","?","?","R_BF","BOSS","M","M","AVR","M","?","E","R","?","T","?","E","?","M","$","R","BOSS","M","?","M","?","M","E","?","R","T","M","E","?"],"items_purchased_type":["Card","Relic","Card","Card","Card","Card","Card"],"build_version":"2020-12-22","purchased_purges":1,"victory":false,"max_hp_per_floor":[70,70,70,70,70,70,70,70,70,70,70,70,70,70,70,70,70,70,70,70,70,70,70,70,70,70,70,72,72,74,74,74,76,76,78,78,78,78,80,80,80,80,80,82,84,84,84],"card_choices":[{"not_picked":["Runesmith:Repurpose","Runesmith:HeatExchange"],"picked":"Runesmith:HeatedChisel","floor":1},{"not_picked":["Runesmith:Prism","Runesmith:StaticCage"],"picked":"Runesmith:PerfectChisel","floor":5},{"not_picked":["Runesmith:MakeshiftArmor","Runesmith:Augment","Runesmith:Superposition"],"picked":"SKIP","floor":6},{"not_picked":["Runesmith:Overpower","Runesmith:Prism"],"picked":"Runesmith:CraftObretio","floor":10},{"not_picked":["Runesmith:RuneHurl","Runesmith:HeatExchange"],"picked":"Runesmith:NegativeSpace","floor":12},{"not_picked":["Runesmith:CraftIndustria","Runesmith:FissionHammer"],"picked":"Runesmith:Duplicate","floor":16},{"not_picked":["Runesmith:Overpower","Runesmith:Discharge"],"picked":"Runesmith:CraftIncendium","floor":18},{"not_picked":["Runesmith:Attraction","Runesmith:Grindstone"],"picked":"Runesmith:BackupBattery","floor":19},{"not_picked":["Runesmith:MakeshiftArmor","Runesmith:CraftSpiculum"],"picked":"Runesmith:Terraform+1","floor":21},{"not_picked":["Runesmith:CraftMedicinae","Runesmith:ShiftingStrike"],"picked":"Runesmith:UnstableHammer","floor":23},{"not_picked":["Runesmith:RuneHurl","Runesmith:ChiselStab"],"picked":"Runesmith:OneForEveryone+1","floor":27},{"not_picked":["Runesmith:Overpower","Runesmith:LastStand","Runesmith:HammerAndChisel"],"picked":"Singing Bowl","floor":28},{"not_picked":["Runesmith:UnstableHammer","Runesmith:FrozenChisel","Runesmith:Overpower"],"picked":"Singing Bowl","floor":30},{"not_picked":["Runesmith:LastStand","Runesmith:FissionHammer","Runesmith:Duplicate"],"picked":"Singing Bowl","floor":33},{"not_picked":["Runesmith:ShiftingStrike","Runesmith:StaticCage+1","Runesmith:ChiselStab+1"],"picked":"Singing Bowl","floor":35},{"not_picked":["aspiration:UnbridledHammer","Runesmith:UnstableHammer+1"],"picked":"Runesmith:ChaoticBlast+1","floor":37},{"not_picked":["Runesmith:CraftMagma","Runesmith:EnergizedChisel"],"picked":"Runesmith:PoweredAnvil+1","floor":38},{"not_picked":["Runesmith:MakeshiftArmor+1","Runesmith:EarthShield+1","Runesmith:EnergizedChisel+1"],"picked":"Singing Bowl","floor":39},{"not_picked":["Runesmith:Prism","Runesmith:Terraform"],"picked":"Runesmith:BackupBattery+1","floor":40},{"not_picked":["Runesmith:Duplicate+1","Runesmith:MakeshiftArmor+1","Runesmith:Discharge+1"],"picked":"Singing Bowl","floor":44},{"not_picked":["Runesmith:Augment+1","Runesmith:NanitesCloud+1","Runesmith:Malloc+1"],"picked":"Singing Bowl","floor":45}],"player_experience":291976,"relics_obtained":[{"floor":6,"key":"Nunchaku"},{"floor":9,"key":"Kunai"},{"floor":10,"key":"Singing Bowl"},{"floor":14,"key":"Toy Ornithopter"},{"floor":15,"key":"aspiration:HatOfInfinitePower"},{"floor":23,"key":"Ice Cream"},{"floor":26,"key":"infinitespire:BottledMercury"},{"floor":28,"key":"Golden Egg"},{"floor":40,"key":"Toxic Egg 2"},{"floor":43,"key":"Boot"},{"floor":45,"key":"Snack Pack"}],"event_choices":[{"cards_removed":["Runesmith:Strike_RS"],"damage_healed":0,"gold_gain":0,"player_choice":"Card Removal","damage_taken":0,"max_hp_gain":0,"max_hp_loss":0,"event_name":"The Cleric","floor":2,"gold_loss":50},{"damage_healed":0,"gold_gain":0,"player_choice":"Upgraded","damage_taken":0,"max_hp_gain":0,"max_hp_loss":0,"event_name":"Upgrade Shrine","floor":4,"gold_loss":0,"cards_upgraded":["Runesmith:CraftFirestone"]},{"damage_healed":0,"gold_gain":0,"player_choice":"Success","damage_taken":7,"relics_obtained":["Quantum Egg"],"max_hp_gain":0,"max_hp_loss":0,"event_name":"Scrap Ooze","floor":7,"gold_loss":0},{"damage_healed":0,"gold_gain":0,"player_choice":"Forge","damage_taken":0,"max_hp_gain":0,"max_hp_loss":0,"event_name":"Accursed Blacksmith","floor":11,"gold_loss":0,"cards_upgraded":["Runesmith:PerfectChisel"]},{"cards_removed":["Runesmith:UnstableHammer"],"damage_healed":0,"gold_gain":0,"player_choice":"Took Card","damage_taken":0,"max_hp_gain":0,"max_hp_loss":0,"event_name":"NoteForYourself","floor":25,"gold_loss":0,"cards_obtained":["Self Repair"]},{"cards_removed":["Runesmith:LightningRod"],"damage_healed":0,"gold_gain":0,"player_choice":"Purged","damage_taken":0,"max_hp_gain":0,"max_hp_loss":0,"event_name":"Purifier","floor":36,"gold_loss":0},{"damage_healed":0,"gold_gain":0,"player_choice":"2 cards matched","damage_taken":0,"max_hp_gain":0,"max_hp_loss":0,"event_name":"Match and Keep!","floor":41,"gold_loss":0,"cards_obtained":["Purity","Runesmith:CraftPrismatica"]}],"is_beta":false,"boss_relics":[{"not_picked":["Ectoplasm","aspiration:DefectSkillbook"],"picked":"Pandora\u0027s Box"},{"not_picked":["Honey Jar","Philosopher\u0027s Stone"],"picked":"aspiration:MobileForge"}],"items_purged_floors":[29],"is_endless":false,"potions_floor_spawned":[6,10,16,21,27,28,30,39,40,45],"killed_by":"4 Shapes","ascension_level":0}}