{"host":"56ghxnzsglgdq727","time":1609662800,"event":{"mods":["AchievementEnabler","BaseMod","Downfall","Minty Spire (QoL Compilation)","StSLib"],"gold_per_floor":[99,99,99,99,18,18,91,91,102,102,136,153,78,95,111,111,111,111],"floor_reached":16,"playtime":366,"items_purged":[],"score":108,"play_id":"38d3961c-72f2-47a9-8dfe-17250c296346","local_time":"20210103033320","is_ascension_mode":true,"campfire_choices":[{"data":"Slimebound:Tackle","floor":1,"key":"SMITH"},{"data":"Slimebound:FirmFortitude","floor":6,"key":"SMITH"},{"data":"Slimebound:ComboTackle","floor":13,"key":"SMITH"}],"circlet_count":0,"master_deck":["Slimebound:Strike_Slimebound","Slimebound:Strike_Slimebound","Slimebound:Strike_Slimebound","Slimebound:Tackle+1","Slimebound:Defend_Slimebound","Slimebound:Defend_Slimebound","Slimebound:Defend_Slimebound","Slimebound:Split","Slimebound:CorrosiveSpit","Slimebound:FinishingTackle","Slimebound:FirmFortitude+1","Slimebound:ComboTackle+1","Slimebound:FirmFortitude","Slimebound:Equalize"],"relics":["Slimebound:AbsorbEndCombat","downfall:HeartsMalice","downfall:BrokenWingStatue","White Beast Statue","Centennial Puzzle","downfall:HeartBlessingGreen"],"acts_visited":["Exordium"],"potions_floor_usage":[11,14,14,16],"damage_taken":[{"damage":0,"enemies":"Cultist","floor":2,"turns":1},{"damage":0,"enemies":"downfall:FleeingMerchant","floor":5,"turns":1},{"damage":0,"enemies":"Small Slimes","floor":8,"turns":1},{"damage":5,"enemies":"Jaw Worm","floor":9,"turns":3},{"damage":20,"enemies":"Lagavulin","floor":11,"turns":5},{"damage":19,"enemies":"Red Slaver","floor":12,"turns":4},{"damage":0,"enemies":"3 Louse","floor":14,"turns":1},{"damage":24,"enemies":"Gremlin Gang","floor":15,"turns":4},{"damage":44,"enemies":"downfall:Silent","floor":16,"turns":4}],"seed_played":"-6083193432514033976","potions_obtained":[{"floor":8,"key":"BlessingOfTheForge"},{"floor":9,"key":"Explosive Potion"},{"floor":11,"key":"SpeedPotion"},{"floor":12,"key":"Explosive Potion"},{"floor":14,"key":"Dexterity Potion"},{"floor":15,"key":"ColorlessPotion"}],"is_trial":false,"path_per_floor":["R","M","?","?","$","R","T","M","M","?","E","M","R","M","M","B"],"character_chosen":"SLIMEBOUND","items_purchased":["Slimebound:FirmFortitude"],"campfire_rested":0,"item_purchase_floors":[5],"current_hp_per_floor":[60,60,60,60,60,60,60,60,59,59,52,41,41,41,25,0,0,0],"gold":111,"neow_bonus":"THREE_ENEMY_KILL","is_daily":false,"chose_seed":false,"campfire_upgraded":3,"win_rate":0.0,"timestamp":1609662800,"path_taken":["R","M","?","?","?","R","T","M","?","?","E","M","R","M","M","BOSS"],"items_purchased_type":["Card"],"build_version":"2020-12-22","purchased_purges":0,"victory":false,"max_hp_per_floor":[60,60,60,60,60,60,60,60,60,60,60,60,60,60,60,60,60,60],"card_choices":[{"not_picked":["Slimebound:SplitLeeching","Slimebound:Schlurp","Slimebound:SamplingLick"],"picked":"SKIP","floor":2},{"not_picked":["Slimebound:SplitLeeching","Slimebound:LeechingTouch"],"picked":"Slimebound:FinishingTackle","floor":5},{"not_picked":["Slimebound:LeechEnergy","Slimebound:ProtectTheBoss","Slimebound:GoopSpray"],"picked":"SKIP","floor":8},{"not_picked":["Slimebound:SplitBruiser","Slimebound:RejuvenatingLick","Slimebound:LeechEnergy"],"picked":"SKIP","floor":9},{"not_picked":["Slimebound:DivideAndConquer","Slimebound:LeechLife"],"picked":"Slimebound:ComboTackle","floor":11},{"not_picked":["Slimebound:SlimeBrawl","Slimebound:Schlurp","Slimebound:SplitLeeching"],"picked":"SKIP","floor":12},{"not_picked":["Slimebound:SplitMire","Slimebound:GoopSpray"],"picked":"Slimebound:FirmFortitude","floor":14},{"not_picked":["Slimebound:DivideAndConquer","Slimebound:FinishingTackle"],"picked":"Slimebound:Equalize","floor":15}],"player_experience":104778,"relics_obtained":[{"floor":7,"key":"White Beast Statue"},{"floor":11,"key":"Centennial Puzzle"}],"event_choices":[{"cards_removed":["Slimebound:Defend_Slimebound"],"damage_healed":0,"gold_gain":0,"player_choice":"Offered Basic","damage_taken":0,"max_hp_gain":0,"max_hp_loss":0,"event_name":"Bonfire Elementals","floor":10,"gold_loss":0}],"is_beta":false,"boss_relics":[],"items_purged_floors":[],"is_endless":false,"potions_floor_spawned":[8,9,11,12,14,15],"killed_by":"downfall:Silent","ascension_level":2}}