{"host":"j0vzbnzm6n2ctevn","time":1609665007,"event":{"mods":["AchievementEnabler","BaseMod","Minty Spire (QoL Compilation)","Quick Restart","Shop Mod","Spicy Shops","StSLib"],"gold_per_floor":[113,132,152,9,9,9,42,42,42,117,117,292,292,292],"floor_reached":13,"playtime":381,"items_purged":[],"score":81,"play_id":"064de1c9-74ec-4d7b-b4f5-c1fcd92fd5ef","local_time":"20210103171007","is_ascension_mode":false,"campfire_choices":[{"data":"Secret Technique","floor":6.0,"key":"SMITH"},{"data":"Shrug It Off","floor":8,"key":"SMITH"}],"circlet_count":0,"master_deck":["Strike_R","Strike_R","Strike_R","Strike_R","Strike_R+1","Defend_R","Defend_R","Defend_R","Defend_R","Bash","Secret Technique+1","Sword Boomerang","Seeing Red","Spot Weakness+1","Shrug It Off+1","Doubt"],"relics":["Burning Blood","Brimstone","Sundial"],"acts_visited":["Exordium"],"potions_floor_usage":[13],"damage_taken":[{"damage":13.0,"enemies":"Jaw Worm","floor":1.0,"turns":4.0},{"damage":7.0,"enemies":"Small Slimes","floor":2.0,"turns":3.0},{"damage":5.0,"enemies":"2 Louse","floor":3.0,"turns":2.0},{"damage":35,"enemies":"Lagavulin","floor":7,"turns":4},{"damage":19,"enemies":"3 Sentries","floor":13,"turns":6}],"seed_played":"8287962804908472296","potions_obtained":[{"floor":7,"key":"AttackPotion"}],"is_trial":false,"path_per_floor":["M","M","M","$","?","R","E","R","T","?","?","?","E"],"character_chosen":"IRONCLAD","items_purchased":["Brimstone"],"campfire_rested":0,"item_purchase_floors":[4],"current_hp_per_floor":[65,64,65,65,70,70,41,41,41,30,15,15,0,0],"gold":292,"neow_bonus":"RANDOM_COLORLESS_2","is_daily":false,"chose_seed":false,"campfire_upgraded":2,"win_rate":0.0,"timestamp":1609665007,"path_taken":["M","M","M","$","?","R","E","R","T","?","?","?","E"],"items_purchased_type":["Relic"],"build_version":"2020-12-22","purchased_purges":0,"victory":false,"max_hp_per_floor":[72,72,72,72,77,77,77,77,77,77,77,77,77,77],"card_choices":[{"not_picked":["Chrysalis","Mayhem"],"picked":"Secret Technique","floor":0.0},{"not_picked":["Blood for Blood","Thunderclap"],"picked":"Sword Boomerang","floor":1.0},{"not_picked":["True Grit","Perfected Strike"],"picked":"Seeing Red","floor":2.0},{"not_picked":["Whirlwind","Wild Strike"],"picked":"Spot Weakness","floor":3.0},{"not_picked":["Corruption","Heavy Blade"],"picked":"Shrug It Off","floor":7}],"player_experience":104657,"relics_obtained":[{"floor":7,"key":"Sundial"}],"event_choices":[{"damage_healed":0.0,"max_hp_gain":5.0,"max_hp_loss":0.0,"gold_gain":0.0,"event_name":"Big Fish","player_choice":"Donut","floor":5.0,"gold_loss":0.0,"damage_taken":0.0},{"damage_healed":0,"gold_gain":75,"player_choice":"Gather Gold","damage_taken":11,"max_hp_gain":0,"max_hp_loss":0,"event_name":"World of Goop","floor":10,"gold_loss":0},{"damage_healed":0,"gold_gain":0,"player_choice":"Entered Light","damage_taken":15,"max_hp_gain":0,"max_hp_loss":0,"event_name":"Shining Light","floor":11,"gold_loss":0,"cards_upgraded":["Spot Weakness","Strike_R"]},{"damage_healed":0,"gold_gain":175,"player_choice":"AGREE","damage_taken":0,"max_hp_gain":0,"max_hp_loss":0,"event_name":"Liars Game","floor":12,"gold_loss":0,"cards_obtained":["Doubt"]}],"is_beta":false,"boss_relics":[],"items_purged_floors":[],"is_endless":false,"potions_floor_spawned":[7],"killed_by":"3 Sentries","ascension_level":0}}