{"host":"1hyzy7ndnud2osw4","time":1609701092,"event":{"mods":["2.2 Compatiblity","Act Like it!","Arknights The Spire","Art Attack!","Aspiration","Astrologer","Bard","BaseMod","Beaked The Cultist","Better Third Choice","BetterRewards","Colored Powertips","Conspire","Decade(èÝá³Ù¥)","Dota2Spire","Elementarium","Gensokyo","GifTheSpireLib","GungeonMod","Hallownest","Hermit","Highlight Path","Hubris","Infinite Spire","Jorbs\u0027s Wanderer Trilogy","KinomotoSakuraMod(ÙÊñýÜâ?)","Koishi","KomeijiMod","Lobotomy","Menagerie","Minty Spire (QoL Compilation)","Quick Restart","SOS£¨ÞÙ÷é?ñýí­£©","Shop Mod","Spicy Shops","StSLib","The Administrix","The Bladedancer","The Bug Knight","The Construct","The Cursed","The Death Knight","The Disciple","The Dragon Tamer","The Factory","The Forsaken","The Gatherer","The Hierophant","The Jungle","The Marked","The Poker Player","The Runesmith","The Sage","The Senshi","The Wild Card","Uncapped","WarShipGirlsR/??á´Ò³R mod","Yuri Mod","Yuyuko","[IsaacMod]ì¤ß®ôÓ÷²"],"gold_per_floor":[109,140,150,150,3,3,13,13,64,99,122,139,139,165,165,266,266,283,127,143,143,143,168,168,197,223,223,242,255,255,287,287,383,383,395,414,30,30,47,47,73,105,105,132,132,147,174,187,187,187],"floor_reached":51,"playtime":4049,"items_purged":["Normality"],"score":1129,"play_id":"22b087e6-4434-4ebb-ada9-0e7b71ab86b5","local_time":"20210104041132","daily_mods":["Draft","Heirloom","Time Dilation","DeadlyEvents","Elite Swarm"],"is_ascension_mode":true,"campfire_choices":[{"floor":6.0,"key":"REST"},{"floor":8.0,"key":"REST"},{"floor":13.0,"key":"REST"},{"floor":15.0,"key":"REST"},{"floor":24,"key":"REST"},{"floor":27,"key":"REST"},{"floor":30,"key":"REST"},{"floor":32,"key":"REST"},{"floor":40,"key":"REST"},{"floor":45,"key":"REST"},{"floor":49,"key":"REST"}],"circlet_count":0,"master_deck":["Barrage","Static Discharge","Electrodynamics","Reboot","Coolheaded","Turbo","Conserve Battery","Reinforced Body","Tempest","Cold Snap","Compile Driver","Streamline","Defragment","Amplify","Hello World","Genetic Algorithm","Sweeping Beam","Aggregate","theForsaken:PlagueCurse","hubris:PowerSurge","Double Energy","Fission","Hologram","Echo Form","ElectricPowerLearning","Tempest+1","Static Discharge","Rebound+1","Defragment","Seek","Electrodynamics","Blizzard+1","Defragment+1","Echo Form","Meteor Strike","Chill","Turbo+1","Defragment","Madness","Madness","Fan+1","Thunder Strike","Electrodynamics","Buffer","Storm+1","Electrodynamics","Beam Cell+1"],"relics":["Cracked Core","HushsDoor","theForsaken:Kindling","Dota2Spire:MagicBottle","theForsaken:PlagueMask","OrangePellets","hubris:TenFootPole","Dota2Spire:ArcaneBoots","Dota2Spire:PowerTreads","Dota2Spire:EchoSabre","BelialBook","SlaversCollar","Bottled Tornado","aspiration:HummingbirdHeart","hubris:BallOfYels","construct:BoolHorns","Nuclear Battery","PreservedInsect","Habit","infinitespire:WardingShard","Turnip","Sundial","Kunai","Mango"],"acts_visited":["Exordium","TheCity","TheBeyond"],"potions_floor_usage":[18,23,23,29,39,48],"damage_taken":[{"damage":0.0,"enemies":"2 Louse","floor":1.0,"turns":2.0},{"damage":4.0,"enemies":"Small Slimes","floor":2.0,"turns":3.0},{"damage":1.0,"enemies":"Small Slimes","floor":3.0,"turns":2.0},{"damage":5.0,"enemies":"Jaw Worm","floor":7.0,"turns":2.0},{"damage":32.0,"enemies":"Gremlin Nob","floor":10.0,"turns":4.0},{"damage":12.0,"enemies":"Exordium Thugs","floor":12.0,"turns":2.0},{"damage":2.0,"enemies":"Lagavulin","floor":14.0,"turns":3.0},{"damage":14,"enemies":"The Guardian","floor":16,"turns":4},{"damage":0,"enemies":"2 Thieves","floor":18,"turns":1},{"damage":33,"enemies":"conspire:FuzzyDice","floor":20,"turns":3},{"damage":16,"enemies":"Gremlin Leader","floor":23,"turns":4},{"damage":19,"enemies":"conspire:Head Lice","floor":25,"turns":3},{"damage":0,"enemies":"Centurion and Healer","floor":28,"turns":2},{"damage":9,"enemies":"Snake Plant","floor":29,"turns":3},{"damage":19,"enemies":"HollowMod:Nosk","floor":31,"turns":4},{"damage":2,"enemies":"Champ","floor":33,"turns":4},{"damage":0,"enemies":"3 Shapes","floor":35,"turns":1},{"damage":1,"enemies":"3 Darklings","floor":36,"turns":2},{"damage":2,"enemies":"Transient","floor":39,"turns":5},{"damage":2,"enemies":"beaked:SuperParasite","floor":41,"turns":4},{"damage":5,"enemies":"Giant Head","floor":42,"turns":3},{"damage":0,"enemies":"Nemesis","floor":44,"turns":3},{"damage":0,"enemies":"Jaw Worm Horde","floor":46,"turns":2},{"damage":0,"enemies":"HollowMod:StalkingDevout","floor":47,"turns":3},{"damage":7,"enemies":"Sphere and 2 Shapes","floor":48,"turns":2},{"damage":18,"enemies":"hubris:GrandSnecko","floor":50,"turns":3}],"seed_played":"1344710188629913145","potions_obtained":[{"floor":3.0,"key":"Block Potion"},{"floor":7.0,"key":"Explosive Potion"},{"floor":10.0,"key":"Energy Potion"},{"floor":16,"key":"SteroidPotion"},{"floor":20,"key":"Weak Potion"},{"floor":21,"key":"CultistPotion"},{"floor":23,"key":"Energy Potion"},{"floor":28,"key":"Dota2Spire:Clarity"},{"floor":31,"key":"PotionOfCapacity"},{"floor":39,"key":"DemoMod:LeadSkinPotion"},{"floor":41,"key":"Block Potion"},{"floor":42,"key":"sagemod:Wine"},{"floor":48,"key":"Energy Potion"}],"is_trial":true,"path_per_floor":["M","?","M","?","$","R","M","R","T","E","T","M","R","E","R","B",null,"M","$","M","?","?","E","R","E","T","R","M","M","R","E","R","B",null,"M","M","$","?","M","R","E","E","T","E","R","M","E","M","R","B",null],"character_chosen":"DEFECT","items_purchased":["OrangePellets","hubris:PowerSurge","Static Discharge","Defragment","PreservedInsect","Habit"],"campfire_rested":11,"item_purchase_floors":[5,5,19,37,37,37],"current_hp_per_floor":[75,71,73,73,73,80,75,85,85,55,55,43,73,71,95,86,95,95,95,62,62,62,46,79,66,66,101,104,95,110,91,115,115,115,115,114,114,107,113,120,118,113,113,113,125,125,139,132,144,126],"gold":187,"neow_bonus":"","is_daily":false,"chose_seed":false,"campfire_upgraded":0,"win_rate":0.0,"timestamp":1609701092,"path_taken":["M","?","M","?","$","R","?","R","T","E","?","M","R","?","R","BOSS","M","$","M","?","?","E","R","E","T","R","?","M","R","E","R","BOSS","M","M","$","?","M","R","E","?","T","E","R","?","E","M","R","BOSS"],"items_purchased_type":["Relic","Card","Card","Card","Relic","Relic"],"build_version":"2020-12-22","purchased_purges":1,"victory":true,"max_hp_per_floor":[75,75,75,75,75,80,80,85,85,85,85,85,90,90,95,95,95,95,95,95,95,95,95,100,100,100,105,105,105,110,110,115,115,115,115,115,115,115,115,120,120,120,120,120,125,125,139,139,144,144],"card_choices":[{"not_picked":["Reprogram","Gash"],"picked":"Barrage","floor":0.0},{"not_picked":["Steam","Conserve Battery"],"picked":"Static Discharge","floor":0.0},{"not_picked":["Cold Snap","conspire:Rain"],"picked":"Electrodynamics","floor":0.0},{"not_picked":["Ball Lightning","Leap"],"picked":"Reboot","floor":0.0},{"not_picked":["Cold Snap","Ball Lightning"],"picked":"Coolheaded","floor":0.0},{"not_picked":["Stack","FTL"],"picked":"Turbo","floor":0.0},{"not_picked":["Blizzard","Coolheaded"],"picked":"Conserve Battery","floor":0.0},{"not_picked":["Stack","Darkness"],"picked":"Reinforced Body","floor":0.0},{"not_picked":["Gash","Sweeping Beam"],"picked":"Tempest","floor":0.0},{"not_picked":["Gash","Go for the Eyes"],"picked":"Cold Snap","floor":0.0},{"not_picked":["Coolheaded","Lockon"],"picked":"Compile Driver","floor":0.0},{"not_picked":["Gash","Reinforced Body"],"picked":"Streamline","floor":0.0},{"not_picked":["Loop","Blizzard"],"picked":"Defragment","floor":0.0},{"not_picked":["conspire:Rain","Streamline"],"picked":"Amplify","floor":0.0},{"not_picked":["Cancel","Sweeping Beam"],"picked":"Hello World","floor":0.0},{"not_picked":["Meteor Strike","Sweeping Beam"],"picked":"Genetic Algorithm","floor":1.0},{"not_picked":["Compile Driver","Barrage"],"picked":"Sweeping Beam","floor":2.0},{"not_picked":["hubris:Ukulele","BootSequence"],"picked":"Aggregate","floor":3.0},{"not_picked":["Ball Lightning","Redo"],"picked":"Double Energy","floor":7.0},{"not_picked":["Core Surge","Rainbow"],"picked":"Fission","floor":10.0},{"not_picked":["Conserve Battery","Stack"],"picked":"Hologram","floor":12.0},{"not_picked":["Machine Learning","Core Surge"],"picked":"Echo Form","floor":14.0},{"not_picked":["Hyperbeam","hubris:DoWhile"],"picked":"ElectricPowerLearning","floor":16},{"not_picked":["Consume","Coolheaded+1"],"picked":"Tempest+1","floor":18},{"not_picked":["Go for the Eyes","Redo"],"picked":"Rebound+1","floor":20},{"not_picked":["All For One","hubris:DoWhile"],"picked":"Seek","floor":23},{"not_picked":["Machine Learning","hubris:Prefetch"],"picked":"Electrodynamics","floor":25},{"not_picked":["Rebound","Turbo"],"picked":"Blizzard+1","floor":28},{"not_picked":["Stack","Turbo+1"],"picked":"Defragment+1","floor":29},{"not_picked":["Fission","Machine Learning"],"picked":"Echo Form","floor":31},{"not_picked":["Reboot","Rainbow"],"picked":"Meteor Strike","floor":33},{"not_picked":["Go for the Eyes","Coolheaded"],"picked":"Chill","floor":35},{"not_picked":["Auto Shields+1","Rebound+1"],"picked":"Turbo+1","floor":36},{"not_picked":["Go for the Eyes+1","Gash"],"picked":"Fan+1","floor":39},{"not_picked":["hubris:SpecializedCircuitry","Rainbow"],"picked":"Thunder Strike","floor":41},{"not_picked":["Seek","Machine Learning"],"picked":"Electrodynamics","floor":42},{"not_picked":["hubris:DoWhile","hubris:Prefetch"],"picked":"Buffer","floor":44},{"not_picked":["Coolheaded","Auto Shields"],"picked":"Storm+1","floor":46},{"not_picked":["ElectricPowerLearning","Core Surge"],"picked":"Electrodynamics","floor":47},{"not_picked":["Go for the Eyes+1","Streamline+1"],"picked":"Beam Cell+1","floor":48}],"player_experience":1015535,"relics_obtained":[{"floor":2.0,"key":"Dota2Spire:MagicBottle"},{"floor":9.0,"key":"hubris:TenFootPole"},{"floor":10.0,"key":"Dota2Spire:ArcaneBoots"},{"floor":11.0,"key":"Dota2Spire:PowerTreads"},{"floor":14.0,"key":"Dota2Spire:EchoSabre"},{"floor":23,"key":"Bottled Tornado"},{"floor":25,"key":"aspiration:HummingbirdHeart"},{"floor":26,"key":"hubris:BallOfYels"},{"floor":31,"key":"construct:BoolHorns"},{"floor":41,"key":"infinitespire:WardingShard"},{"floor":42,"key":"Turnip"},{"floor":43,"key":"Sundial"},{"floor":44,"key":"Kunai"},{"floor":47,"key":"Mango"}],"event_choices":[{"damage_healed":0.0,"max_hp_gain":0.0,"max_hp_loss":0.0,"gold_gain":0.0,"event_name":"Plague Doctor","player_choice":"Obtain Plague Curse","floor":4.0,"gold_loss":0.0,"damage_taken":0.0,"cards_obtained":["theForsaken:PlagueCurse"]},{"damage_healed":0,"gold_gain":0,"player_choice":"Got Potions","damage_taken":0,"max_hp_gain":0,"max_hp_loss":0,"event_name":"Lab","floor":21,"gold_loss":0},{"damage_healed":0,"gold_gain":0,"player_choice":"Read","damage_taken":0,"max_hp_gain":0,"max_hp_loss":0,"event_name":"The Library","floor":22,"gold_loss":0,"cards_obtained":["Defragment"]},{"damage_healed":0,"gold_gain":0,"player_choice":"Embrace Madness","damage_taken":14,"max_hp_gain":0,"max_hp_loss":0,"event_name":"Winding Halls","floor":38,"gold_loss":0,"cards_obtained":["Madness","Madness"]}],"is_beta":false,"boss_relics":[{"not_picked":["Snecko Eye","aspiration:Stellarator"],"picked":"SlaversCollar"},{"not_picked":[]},{"not_picked":["Cursed Key","conspire:RunicOctahedron"],"picked":"Nuclear Battery"},{"not_picked":[]}],"items_purged_floors":[37],"is_endless":false,"potions_floor_spawned":[3,7,10,16,20,23,28,31,39,41,42,48],"ascension_level":1}}