{"host":"armnliea5o2aqs4b","time":1609688376,"event":{"mods":["BaseMod","Hubris","Infinite Spire","Minty Spire (QoL Compilation)","Quick Restart","StSLib"],"gold_per_floor":[119,119,119,138,116,149,149,174,199,150,166,166,184,202,202,299,299,314,334,334,347,360,360,360,395,395,411,411,411,411,430,430,530,530,554,554,410,428,448,448,448,448,448,471,486,486,511,531,531,531],"floor_reached":51,"playtime":1209,"items_purged":[],"score":871,"play_id":"e35a49c6-c10d-4369-9588-a7749e60da73","local_time":"20210104023936","is_ascension_mode":true,"campfire_choices":[{"data":"Limit Break","floor":7.0,"key":"SMITH"},{"data":"Double Tap","floor":12.0,"key":"SMITH"},{"data":"Disarm","floor":15.0,"key":"SMITH"},{"data":"Heavy Blade","floor":24.0,"key":"SMITH"},{"data":"Spot Weakness","floor":29.0,"key":"SMITH"},{"data":"infinitespire:Gouge","floor":32.0,"key":"SMITH"},{"data":"Flex","floor":40,"key":"SMITH"},{"data":"Thunderclap","floor":42,"key":"SMITH"},{"floor":46,"key":"REST"},{"floor":49,"key":"REST"}],"circlet_count":0,"master_deck":["Strike_R+1","Strike_R+1","Strike_R+1","Strike_R+1","Strike_R+1","Defend_R+1","Defend_R+1","Defend_R+1","Defend_R+1","Bash","Cleave","Double Tap+1","Thunderclap+1","Heavy Blade+1","Flex+1","Disarm+1","Flex","Berserk+1","infinitespire:Gouge+1","Infernal Blade","Spot Weakness+1","Regret","hubris:Greed","infinitespire:UltimateForm+1","Writhe","Flex+1","hubris:DuctTapeCard"],"relics":["Burning Blood","NeowsBlessing","Bag of Preparation","hubris:Icosahedron","Frozen Egg 2","Boot","infinitespire:Lucky Rock","hubris:TerracottaHorce","Du-Vu Doll","MutagenicStrength","Red Mask","Mercury Hourglass","Philosopher\u0027s Stone","Orrery","hubris:Towel","hubris:DuctTape","Orichalcum","Lantern"],"acts_visited":["Exordium","TheCity","TheBeyond"],"potions_floor_usage":[45,50],"damage_taken":[{"damage":0.0,"enemies":"Jaw Worm","floor":1.0,"turns":1.0},{"damage":0.0,"enemies":"2 Louse","floor":4.0,"turns":1.0},{"damage":0.0,"enemies":"Gremlin Nob","floor":6.0,"turns":1.0},{"damage":20.0,"enemies":"Lagavulin","floor":8.0,"turns":5.0},{"damage":2.0,"enemies":"Small Slimes","floor":11.0,"turns":2.0},{"damage":0.0,"enemies":"2 Fungi Beasts","floor":13.0,"turns":1.0},{"damage":0.0,"enemies":"Large Slime","floor":14.0,"turns":3.0},{"damage":20.0,"enemies":"Hexaghost","floor":16.0,"turns":7.0},{"damage":2.0,"enemies":"Chosen","floor":18.0,"turns":3.0},{"damage":13.0,"enemies":"Shell Parasite","floor":19.0,"turns":4.0},{"damage":31.0,"enemies":"Snake Plant","floor":21.0,"turns":3.0},{"damage":0.0,"enemies":"Snecko","floor":22.0,"turns":3.0},{"damage":1.0,"enemies":"Masked Bandits","floor":25.0,"turns":3.0},{"damage":11.0,"enemies":"Shelled Parasite and Fungi","floor":27.0,"turns":3.0},{"damage":0.0,"enemies":"Centurion and Healer","floor":31.0,"turns":1.0},{"damage":20.0,"enemies":"hubris:MusketHawk","floor":33.0,"turns":5.0},{"damage":0.0,"enemies":"Orb Walker","floor":35.0,"turns":1.0},{"damage":6.0,"enemies":"3 Shapes","floor":38.0,"turns":3.0},{"damage":30,"enemies":"Sphere and 2 Shapes","floor":39,"turns":3},{"damage":44,"enemies":"Transient","floor":45,"turns":5},{"damage":9,"enemies":"4 Shapes","floor":48,"turns":2},{"damage":75,"enemies":"hubris:GrandSnecko","floor":50,"turns":6}],"seed_played":"-1457963772757909498","potions_obtained":[{"floor":1.0,"key":"SkillPotion"},{"floor":8.0,"key":"Fire Potion"},{"floor":11.0,"key":"Regen Potion"},{"floor":16.0,"key":"FairyPotion"},{"floor":25.0,"key":"Fruit Juice"},{"floor":31.0,"key":"Block Potion"}],"is_trial":false,"path_per_floor":["M","?","?","M","$","E","R","E","T","$","M","R","M","M","R","B",null,"M","M","AVR","M","M","?","R","?","T","M","?","R","?","M","R","B",null,"M","?","$","M","M","R","?","R","T","T","M","R","T","M","R","B",null],"character_chosen":"IRONCLAD","items_purchased":["Thunderclap","Flex","Orrery"],"campfire_rested":2,"item_purchase_floors":[5,10,37],"current_hp_per_floor":[80,80,80,80,80,80,80,66,66,66,70,70,76,80,80,66,77,80,73,73,48,54,54,54,64,64,59,59,59,59,65,65,51,77,83,85,85,85,61,61,61,61,61,61,23,48,48,45,70,16],"gold":531,"neow_bonus":"THREE_ENEMY_KILL","is_daily":false,"chose_seed":false,"campfire_upgraded":8,"win_rate":0.0,"timestamp":1609688376,"path_taken":["M","?","?","M","$","E","R","E","T","?","M","R","?","M","R","BOSS","M","M","AVR","M","M","?","R","?","T","M","?","R","?","M","R","BOSS","M","?","$","M","M","R","?","R","T","?","M","R","?","M","R","BOSS"],"items_purchased_type":["Card","Card","Relic"],"build_version":"2020-12-22","purchased_purges":0,"victory":true,"max_hp_per_floor":[80,80,80,80,80,80,80,80,80,80,80,80,80,80,80,80,80,80,80,80,80,80,80,80,85,85,85,85,85,85,85,85,85,85,85,85,85,85,85,85,85,85,85,85,85,85,85,85,85,85],"card_choices":[{"not_picked":["Havoc","Sword Boomerang"],"picked":"Cleave","floor":1.0},{"not_picked":["Flex","Cleave"],"picked":"Double Tap","floor":4.0},{"not_picked":["Intimidate","Wild Strike"],"picked":"Limit Break","floor":6.0},{"not_picked":["Intimidate","Sword Boomerang"],"picked":"Heavy Blade","floor":8.0},{"not_picked":["Shrug It Off","Armaments","Wild Strike"],"picked":"SKIP","floor":11.0},{"not_picked":["Power Through","Clash"],"picked":"Disarm","floor":13.0},{"not_picked":["Dark Embrace+1","hubris:ReadiedAction"],"picked":"Flex","floor":14.0},{"not_picked":["Immolate","hubris:StunningStrike"],"picked":"Berserk+1","floor":16.0},{"not_picked":["Sever Soul","Sword Boomerang","True Grit"],"picked":"SKIP","floor":18.0},{"not_picked":["Pommel Strike","Ghostly Armor+1","Armaments"],"picked":"SKIP","floor":19.0},{"not_picked":["Disarm","Warcry"],"picked":"Infernal Blade","floor":21.0},{"not_picked":["Perfected Strike","Flex","Sword Boomerang"],"picked":"SKIP","floor":22.0},{"not_picked":["Blood for Blood","hubris:ReadiedAction"],"picked":"Spot Weakness","floor":25.0},{"not_picked":["hubris:ReadiedAction","Clothesline","Bludgeon"],"picked":"SKIP","floor":27.0},{"not_picked":["infinitespire:Collect","infinitespire:TheBestDefense"],"picked":"infinitespire:UltimateForm","floor":30.0},{"not_picked":["Metallicize+1","hubris:ReadiedAction","Twin Strike"],"picked":"SKIP","floor":31.0},{"not_picked":["Sentinel","Warcry+1","hubris:ReadiedAction"],"picked":"SKIP","floor":35.0},{"not_picked":["True Grit+1","Dual Wield+1"],"picked":"Flex+1","floor":37.0},{"not_picked":["Warcry+1","Fiend Fire"],"picked":"Inflame+1","floor":37.0},{"not_picked":["Sever Soul","Hemokinesis","Entrench"],"picked":"SKIP","floor":38.0},{"not_picked":["Cleave+1","Sentinel","Intimidate"],"picked":"SKIP","floor":39},{"not_picked":["Rupture+1","Anger+1","True Grit+1"],"picked":"SKIP","floor":45},{"not_picked":["Havoc+1","Anger","Clothesline"],"picked":"SKIP","floor":48}],"player_experience":161985,"relics_obtained":[{"floor":2.0,"key":"Bag of Preparation"},{"floor":6.0,"key":"Frozen Egg 2"},{"floor":8.0,"key":"Boot"},{"floor":9.0,"key":"infinitespire:Lucky Rock"},{"floor":25.0,"key":"Red Mask"},{"floor":26.0,"key":"Mercury Hourglass"},{"floor":43,"key":"hubris:DuctTape"},{"floor":44,"key":"Orichalcum"},{"floor":47,"key":"Lantern"}],"event_choices":[{"damage_healed":0.0,"max_hp_gain":0.0,"max_hp_loss":0.0,"gold_gain":0.0,"event_name":"Drug Dealer","player_choice":"Inject Mutagens","floor":23.0,"gold_loss":0.0,"damage_taken":0.0,"relics_obtained":["MutagenicStrength"]},{"damage_healed":0.0,"max_hp_gain":0.0,"max_hp_loss":0.0,"gold_gain":0.0,"event_name":"Masked Bandits","player_choice":"Fought Bandits","floor":25.0,"gold_loss":0.0,"damage_taken":0.0},{"damage_healed":0.0,"max_hp_gain":0.0,"max_hp_loss":0.0,"gold_gain":0.0,"event_name":"Back to Basics","player_choice":"Simplicity","floor":28.0,"gold_loss":0.0,"damage_taken":0.0,"cards_upgraded":["Strike_R","Strike_R","Strike_R","Strike_R","Strike_R","Defend_R","Defend_R","Defend_R","Defend_R"]},{"damage_healed":21.0,"max_hp_gain":0.0,"max_hp_loss":0.0,"gold_gain":0.0,"event_name":"Winding Halls","player_choice":"Writhe","floor":36.0,"gold_loss":0.0,"damage_taken":0.0,"cards_obtained":["Writhe"]}],"is_beta":false,"boss_relics":[{"not_picked":["Calling Bell","Fusion Hammer"],"picked":"hubris:TerracottaHorce"},{"not_picked":["Black Blood","Empty Cage"],"picked":"Philosopher\u0027s Stone"}],"items_purged_floors":[],"is_endless":false,"potions_floor_spawned":[1,8,11,16,21,22,25,31,38],"ascension_level":5}}