{"host":"y7sd46uq4xlni546","time":1609708069,"event":{"mods":["AchievementEnabler","BaseMod","Colored Map","Colored Powertips","Curses Come First","Filter the Spire","Minty Spire (QoL Compilation)","Quick Restart","Random Character Button","Rare Cards Sparkle","StSLib"],"gold_per_floor":[412,362,362,375,45,59,85,100,100,112,199,211,223,265,277,289,289],"floor_reached":16,"playtime":502,"items_purged":["Strike_R"],"score":108,"play_id":"d29857dc-8be0-44cf-885a-23514e07beeb","local_time":"20210103220749","is_ascension_mode":false,"campfire_choices":[{"floor":10.0,"key":"REST"},{"data":"Body Slam","floor":12,"key":"SMITH"},{"floor":15,"key":"REST"}],"circlet_count":0,"master_deck":["Strike_R","Strike_R","Strike_R","Defend_R","Defend_R","Defend_R","Bash","CurseOfTheBell","Shrug It Off","Body Slam+1"],"relics":["Calling Bell","Oddly Smooth Stone","Matryoshka","Old Coin","Singing Bowl","Art of War","MawBank","Akabeko","Red Skull"],"acts_visited":["Exordium"],"potions_floor_usage":[14],"damage_taken":[{"damage":5.0,"enemies":"2 Louse","floor":1.0,"turns":3.0},{"damage":3.0,"enemies":"Cultist","floor":4.0,"turns":4.0},{"damage":2.0,"enemies":"Small Slimes","floor":6.0,"turns":4.0},{"damage":38.0,"enemies":"Gremlin Nob","floor":7.0,"turns":6.0},{"damage":10.0,"enemies":"Gremlin Gang","floor":8.0,"turns":7.0},{"damage":15,"enemies":"Lagavulin","floor":14,"turns":8},{"damage":64,"enemies":"Hexaghost","floor":16,"turns":11}],"seed_played":"2623568391362798041","potions_obtained":[{"floor":1.0,"key":"Dexterity Potion"},{"floor":6.0,"key":"Fruit Juice"},{"floor":8.0,"key":"Swift Potion"}],"is_trial":false,"path_per_floor":["M","?","?","M","$","M","E","M","T","R","?","R","$","E","R","B"],"character_chosen":"IRONCLAD","items_purchased":["Singing Bowl"],"campfire_rested":2,"item_purchase_floors":[5],"current_hp_per_floor":[75,75,75,72,72,77,39,31,31,57,49,49,49,36,63,0,0],"gold":289,"neow_bonus":"BOSS_RELIC","is_daily":false,"chose_seed":false,"campfire_upgraded":1,"win_rate":0.0,"timestamp":1609708069,"path_taken":["M","?","?","M","$","?","E","M","T","R","?","R","$","E","R","BOSS"],"items_purchased_type":["Relic"],"build_version":"2020-12-22","purchased_purges":1,"victory":false,"max_hp_per_floor":[80,80,80,80,80,87,87,89,89,89,89,89,89,91,91,91,91],"card_choices":[{"not_picked":["Cleave","Twin Strike"],"picked":"Shrug It Off","floor":1.0},{"not_picked":["Bloodletting","Infernal Blade","Pommel Strike"],"picked":"SKIP","floor":4.0},{"not_picked":["Cleave","Blood for Blood","Bludgeon"],"picked":"Singing Bowl","floor":6.0},{"not_picked":["Anger","Searing Blow"],"picked":"Body Slam","floor":7.0},{"not_picked":["Sword Boomerang","Feel No Pain","Havoc"],"picked":"Singing Bowl","floor":8.0},{"not_picked":["Second Wind","Flex","Limit Break"],"picked":"Singing Bowl","floor":14}],"player_experience":601598,"relics_obtained":[{"floor":0.0,"key":"Oddly Smooth Stone"},{"floor":0.0,"key":"Matryoshka"},{"floor":0.0,"key":"Old Coin"},{"floor":7.0,"key":"Art of War"},{"floor":9.0,"key":"MawBank"},{"floor":9.0,"key":"Akabeko"},{"floor":14,"key":"Red Skull"}],"event_choices":[{"cards_removed":["Defend_R"],"damage_healed":0.0,"max_hp_gain":0.0,"max_hp_loss":0.0,"gold_gain":0.0,"event_name":"The Cleric","player_choice":"Card Removal","floor":2.0,"gold_loss":50.0,"damage_taken":0.0},{"cards_removed":["Strike_R"],"damage_healed":0.0,"max_hp_gain":0.0,"max_hp_loss":0.0,"gold_gain":0.0,"event_name":"Bonfire Elementals","player_choice":"Offered Basic","floor":3.0,"gold_loss":0.0,"damage_taken":0.0},{"damage_healed":0,"gold_gain":75,"player_choice":"Touch","damage_taken":8,"max_hp_gain":0,"max_hp_loss":0,"event_name":"FaceTrader","floor":11,"gold_loss":0}],"is_beta":false,"boss_relics":[],"items_purged_floors":[5],"is_endless":false,"potions_floor_spawned":[1,6,8],"killed_by":"Hexaghost","ascension_level":0}}