{"host":"w0kqlntohdoatj1w","time":1609661493,"event":{"mods":["AchievementEnabler","BaseMod","Minty Spire (QoL Compilation)"],"gold_per_floor":[213,213,227,242,242,242,253,269,293,309,321,76,89,89,89,89,89],"floor_reached":16,"playtime":1464,"items_purged":["Strike_B"],"score":96,"play_id":"63f4342b-0f4d-4b7a-bb33-0a8a7b27d3a4","local_time":"20210103021133","is_ascension_mode":false,"campfire_choices":[{"data":"Redo","floor":6,"key":"SMITH"},{"floor":15,"key":"REST"}],"circlet_count":0,"master_deck":["Strike_B","Strike_B","Defend_B","Defend_B","Defend_B","Defend_B","Zap","Dualcast","Fusion","Redo+1","Fusion","Redo","Doom and Gloom","Compile Driver","Reinforced Body","Melter","Coolheaded","Loop","Beam Cell"],"relics":["Cracked Core","Toy Ornithopter"],"acts_visited":["Exordium"],"potions_floor_usage":[16,16,16],"damage_taken":[{"damage":0,"enemies":"Small Slimes","floor":1,"turns":3},{"damage":0,"enemies":"2 Louse","floor":3,"turns":3},{"damage":6,"enemies":"Jaw Worm","floor":4,"turns":4},{"damage":17,"enemies":"Exordium Thugs","floor":7,"turns":5},{"damage":6,"enemies":"2 Fungi Beasts","floor":8,"turns":5},{"damage":7,"enemies":"Blue Slaver","floor":10,"turns":3},{"damage":12,"enemies":"Exordium Wildlife","floor":11,"turns":4},{"damage":13,"enemies":"Lots of Slimes","floor":13,"turns":2},{"damage":51,"enemies":"Slime Boss","floor":16,"turns":9}],"seed_played":"-8790974214045457252","potions_obtained":[{"floor":3,"key":"PotionOfCapacity"},{"floor":4,"key":"Weak Potion"},{"floor":8,"key":"EssenceOfSteel"}],"is_trial":false,"path_per_floor":["M","?","M","M","?","R","M","M","T","M","M","$","M","$","R","B"],"character_chosen":"DEFECT","items_purchased":["Melter","Coolheaded","Loop"],"campfire_rested":1,"item_purchase_floors":[12,12,12],"current_hp_per_floor":[75,68,68,62,62,62,45,39,39,32,20,20,7,7,29,0,0],"gold":89,"neow_bonus":"HUNDRED_GOLD","is_daily":false,"chose_seed":false,"campfire_upgraded":1,"win_rate":0.0,"timestamp":1609661493,"path_taken":["M","?","M","M","?","R","M","M","T","?","M","?","M","$","R","BOSS"],"items_purchased_type":["Card","Card","Card"],"build_version":"2020-12-22","purchased_purges":1,"victory":false,"max_hp_per_floor":[75,75,75,75,75,75,75,75,75,75,75,75,75,75,75,75,75],"card_choices":[{"not_picked":["Stack","Beam Cell"],"picked":"Fusion","floor":1},{"not_picked":["Sweeping Beam","Consume"],"picked":"Redo","floor":3},{"not_picked":["Auto Shields","Cold Snap"],"picked":"Fusion","floor":4},{"not_picked":["Steam Power","Hologram"],"picked":"Redo","floor":7},{"not_picked":["Sweeping Beam","Streamline"],"picked":"Doom and Gloom","floor":8},{"not_picked":["Leap","Barrage"],"picked":"Compile Driver","floor":10},{"not_picked":["Scrape","Steam Power"],"picked":"Reinforced Body","floor":11},{"not_picked":["Leap","Gash"],"picked":"Beam Cell","floor":13}],"player_experience":53835,"relics_obtained":[{"floor":9,"key":"Toy Ornithopter"}],"event_choices":[{"cards_removed":["Strike_B"],"damage_healed":0,"gold_gain":0,"player_choice":"Card Removal","damage_taken":7,"max_hp_gain":0,"max_hp_loss":0,"event_name":"Golden Wing","floor":2,"gold_loss":0},{"damage_healed":0,"gold_gain":0,"player_choice":"Ignored","damage_taken":0,"max_hp_gain":0,"max_hp_loss":0,"event_name":"Liars Game","floor":5,"gold_loss":0}],"is_beta":false,"boss_relics":[],"items_purged_floors":[12],"is_endless":false,"potions_floor_spawned":[3,4,8],"killed_by":"Slime Boss","ascension_level":0}}