{"host":"rwmcmr2m88k7tuzm","time":1609690943,"event":{"mods":["BaseMod","BetterRewards","Conspire","Downfall","Hermit","Hubris","Infinite Spire","Minty Spire (QoL Compilation)","Replay The Spire","Shop Mod","StSLib","SuperFastMode","The Cursed","The Necromancer"],"gold_per_floor":[110,172,172,188,201,201,201,201,247,281,66,66,82,94,94,192,192,205,217,142,157,357,357,371,371,394,426,445,459,459,459,459],"floor_reached":31,"playtime":951,"items_purged":["Berserk"],"score":257,"play_id":"55e55dcb-97fc-4093-99e2-0ed88a38efff","local_time":"20210103162223","is_ascension_mode":false,"campfire_choices":[{"data":"1","floor":6,"key":"LIFT"},{"data":"2","floor":8,"key":"LIFT"},{"data":"3","floor":12,"key":"LIFT"},{"data":"hubris:ReadiedAction","floor":15,"key":"SMITH"},{"data":"hubris:ReadiedAction","floor":23,"key":"SMITH"},{"data":"expansioncontent:DarkVoid","floor":25,"key":"SMITH"}],"circlet_count":0,"master_deck":["Strike_R","Strike_R","Strike_R","Strike_R","Defend_R","Defend_R","Defend_R","Bash","Blood for Blood","Blood for Blood","hubris:ReadiedAction+1","Shrug It Off","Inflame","Cleave","Replay:Undeath\u0027s Touch","Iron Wave","expansioncontent:DarkVoid+1","hubris:ReadiedAction+1","Thunderclap+1","Flex"],"relics":["Burning Blood","Girya","Eternal Feather","Boot","hubris:Spice","Pen Nib","hubris:64BitClover"],"acts_visited":["Exordium","TheCity"],"potions_floor_usage":[10,16,16,27,27,29],"damage_taken":[{"damage":2,"enemies":"Jaw Worm","floor":1,"turns":4},{"damage":10,"enemies":"Small Slimes","floor":4,"turns":4},{"damage":9,"enemies":"Cultist","floor":5,"turns":4},{"damage":17,"enemies":"Gremlin Nob","floor":10,"turns":3},{"damage":2,"enemies":"2 Fungi Beasts","floor":13,"turns":2},{"damage":8,"enemies":"Red Slaver","floor":14,"turns":3},{"damage":10,"enemies":"Slime Boss","floor":16,"turns":6},{"damage":15,"enemies":"Chosen","floor":18,"turns":4},{"damage":20,"enemies":"Spheric Guardian","floor":19,"turns":4},{"damage":21,"enemies":"Cultist and Chosen","floor":21,"turns":6},{"damage":5,"enemies":"Chosen and Byrds","floor":24,"turns":4},{"damage":50,"enemies":"conspire:SneckoGhost","floor":27,"turns":7},{"damage":10,"enemies":"Centurion and Healer","floor":28,"turns":4},{"damage":21,"enemies":"Sentry and Sphere","floor":29,"turns":5},{"damage":32,"enemies":"Snake Plant","floor":31,"turns":2}],"seed_played":"-8279256571283816155","potions_obtained":[{"floor":3,"key":"Adrenaline Potion"},{"floor":3,"key":"Energy Potion"},{"floor":3,"key":"infinitespire:BlackPotion"},{"floor":14,"key":"Ancient Potion"},{"floor":16,"key":"FairyPotion"},{"floor":19,"key":"ColorlessPotion"},{"floor":27,"key":"Block Potion"}],"is_trial":false,"path_per_floor":["M","?","?","M","M","R","?","R","T","E","$","R","M","M","R","B",null,"M","M","?","M","?","R","M","R","T","E","M","M","?","M"],"character_chosen":"IRONCLAD","items_purchased":["Girya","Blood for Blood","hubris:ReadiedAction","Shrug It Off","Inflame","Eternal Feather","expansioncontent:DarkVoid","hubris:ReadiedAction"],"campfire_rested":0,"item_purchase_floors":[0,0,0,0,0,0,11,11],"current_hp_per_floor":[68,68,68,64,61,70,70,79,79,76,76,85,88,86,88,84,88,79,65,65,50,50,59,60,72,72,28,24,9,27,0,0],"gold":459,"neow_bonus":"","is_daily":false,"chose_seed":false,"campfire_upgraded":3,"win_rate":0.0,"timestamp":1609690943,"path_taken":["M","?","?","?","M","R","?","R","T","E","$","R","?","M","R","BOSS","M","?","?","M","?","R","?","R","T","E","M","M","?","M"],"items_purchased_type":["Relic","Card","Card","Card","Card","Relic","Card","Card"],"build_version":"2020-12-22","purchased_purges":1,"victory":false,"max_hp_per_floor":[80,80,80,80,80,80,80,80,80,88,88,88,88,88,88,88,88,88,88,88,88,88,88,88,88,88,88,88,88,93,93,93],"card_choices":[{"not_picked":["True Grit","Ghostly Armor","Iron Wave"],"picked":"SKIP","floor":1},{"not_picked":["Warcry","Thunderclap"],"picked":"Cleave","floor":4},{"not_picked":["Clothesline","Impervious"],"picked":"Replay:Undeath\u0027s Touch","floor":5},{"not_picked":["Anger","Clash"],"picked":"Iron Wave","floor":10},{"not_picked":["Anger","Sentinel","True Grit"],"picked":"SKIP","floor":13},{"not_picked":["Wild Strike","Sword Boomerang","Shockwave"],"picked":"SKIP","floor":14},{"not_picked":["Twin Strike","Evolve"],"picked":"Thunderclap+1","floor":18},{"not_picked":["Fire Breathing","ReplayTheSpireMod:Limb From Limb","Combust"],"picked":"SKIP","floor":19},{"not_picked":["True Grit","Disarm+1","Warcry"],"picked":"SKIP","floor":21},{"not_picked":["Iron Wave","Wild Strike"],"picked":"Flex","floor":24},{"not_picked":["Abandon","Sever Soul+1","Seeing Red"],"picked":"SKIP","floor":27},{"not_picked":["Warcry","Perfected Strike","Iron Wave"],"picked":"SKIP","floor":28},{"not_picked":["Body Slam","Clothesline+1","Limit Break"],"picked":"SKIP","floor":29}],"player_experience":178781,"relics_obtained":[{"floor":9,"key":"Boot"},{"floor":10,"key":"hubris:Spice"},{"floor":26,"key":"Pen Nib"},{"floor":27,"key":"hubris:64BitClover"}],"event_choices":[{"damage_healed":0,"gold_gain":62,"player_choice":"Gained Gold","damage_taken":0,"max_hp_gain":0,"max_hp_loss":0,"event_name":"Golden Wing","floor":2,"gold_loss":0},{"damage_healed":0,"gold_gain":0,"player_choice":"Got Potions","damage_taken":0,"max_hp_gain":0,"max_hp_loss":0,"event_name":"Lab","floor":3,"gold_loss":0},{"damage_healed":0,"gold_gain":0,"cards_transformed":["Defend_R"],"player_choice":"Transformed","damage_taken":0,"max_hp_gain":0,"max_hp_loss":0,"event_name":"Transmorgrifier","floor":7,"gold_loss":0,"cards_obtained":["Berserk"]},{"cards_removed":["Strike_R"],"damage_healed":0,"gold_gain":0,"player_choice":"Gave Gold","damage_taken":0,"max_hp_gain":0,"max_hp_loss":0,"event_name":"Beggar","floor":20,"gold_loss":75},{"damage_healed":0,"gold_gain":250,"player_choice":"Bet on Owner","damage_taken":0,"max_hp_gain":0,"max_hp_loss":0,"event_name":"The Joust","floor":22,"gold_loss":50},{"damage_healed":0,"gold_gain":0,"player_choice":"Shed Blood","damage_taken":22,"max_hp_gain":5,"max_hp_loss":0,"event_name":"Forgotten Altar","floor":30,"gold_loss":0}],"is_beta":false,"boss_relics":[{"not_picked":["ReplayTheSpireMod:SealedPack","hubris:BlackHole","hubris:Spice"]}],"items_purged_floors":[11],"is_endless":false,"potions_floor_spawned":[5,14,16,19,27],"killed_by":"Snake Plant","ascension_level":0}}