{"host":"u3zhfyeznnb1kiy1","time":1609697269,"event":{"mods":["BaseMod","Colored Map","Colored Powertips","Downfall","GifTheSpireLib","Highlight Path","Minty Spire (QoL Compilation)","StSLib"],"gold_per_floor":[99,111,111,121,140,172,172,188,221,131,164,14,25,125,145,243,243,243,260,260,276,296,327,627,212,247,200,229,229,229,229,247,344,344,344,362,362,93,109,126,126,139,46,46,76,76,1,31,49,49,49,83,6,6,6],"floor_reached":56,"playtime":5091,"items_purged":["champ:Defend","champ:Defend","champ:Strike","champ:Strike"],"score":1521,"play_id":"d8be5850-c2dc-49f8-891d-d89474f1cec5","local_time":"20210103130749","is_ascension_mode":true,"campfire_choices":[{"floor":1,"key":"RECALL"},{"data":"champ:RapidStrikes","floor":12,"key":"SMITH"},{"data":"champ:Improvising","floor":18,"key":"SMITH"},{"data":"expansioncontent:DashGenerateEvil","floor":30,"key":"SMITH"},{"data":"champ:Strike","floor":35,"key":"PURGE"},{"data":"champ:HoldFirm","floor":47,"key":"SMITH"},{"data":"champ:Backstep","floor":54,"key":"SMITH"}],"circlet_count":0,"master_deck":["champ:Execute","champ:Taunt+1","champ:GutPunch","champ:BringItOn","champ:PreciseThrust","champ:PerfectedStrike","champ:RapidStrikes+1","champ:Backstep+1","champ:BladeFlurry","champ:PerfectForm+1","champ:Haymaker","champ:Improvising+1","champ:RisingSlash","champ:DeathBlow+1","champ:PerfectForm+1","champ:PerfectForm+1","champ:EndlessRage+1","expansioncontent:DashGenerateEvil+1","champ:DeathBlow","champ:Aggression+1","champ:HoldFirm+1","champ:BringItOn+1","Sadistic Nature+1","champ:Duel+1","champ:ShieldWall+1","champ:BringItOn","champ:PerfectForm+1"],"relics":["Velvet Choker","champ:LiftRelic","Darkstone Periapt","Meat on the Bone","Peace Pipe","Lantern","downfall:HeartBlessingRed","downfall:HeartBlessingGreen","Runic Pyramid","Frozen Egg 2","Old Coin","DollysMirror","Blood Vial","StrikeDummy","Membership Card","Potion Belt","Runic Dome","Oddly Smooth Stone","Ornamental Fan","Eternal Feather","downfall:HeartBlessingBlue","Pocketwatch","HornCleat","Toy Ornithopter"],"acts_visited":["Exordium","TheCity","TheBeyond","TheEnding"],"potions_floor_usage":[6,9,23,23,50,55,55],"damage_taken":[{"damage":9,"enemies":"Small Slimes","floor":2,"turns":3},{"damage":3,"enemies":"2 Louse","floor":4,"turns":2},{"damage":5,"enemies":"Cultist","floor":5,"turns":2},{"damage":13,"enemies":"Gremlin Nob","floor":6,"turns":4},{"damage":6,"enemies":"Exordium Wildlife","floor":8,"turns":5},{"damage":27,"enemies":"Lagavulin","floor":9,"turns":4},{"damage":5,"enemies":"downfall:FleeingMerchant","floor":10,"turns":4},{"damage":5,"enemies":"Gremlin Nob","floor":11,"turns":3},{"damage":0,"enemies":"Blue Slaver","floor":13,"turns":2},{"damage":51,"enemies":"downfall:Heads","floor":14,"turns":4},{"damage":0,"enemies":"2 Fungi Beasts","floor":15,"turns":2},{"damage":22,"enemies":"downfall:Watcher","floor":16,"turns":5},{"damage":15,"enemies":"Chosen","floor":19,"turns":3},{"damage":13,"enemies":"3 Byrds","floor":21,"turns":4},{"damage":29,"enemies":"Centurion and Healer","floor":22,"turns":3},{"damage":61,"enemies":"Slavers","floor":23,"turns":4},{"damage":20,"enemies":"downfall:FleeingMerchant","floor":25,"turns":4},{"damage":39,"enemies":"Gremlin Leader","floor":26,"turns":5},{"damage":24,"enemies":"downfall:FleeingMerchant","floor":27,"turns":3},{"damage":16,"enemies":"Book of Stabbing","floor":28,"turns":4},{"damage":15,"enemies":"Snake Plant","floor":32,"turns":2},{"damage":37,"enemies":"downfall:Defect","floor":33,"turns":6},{"damage":39,"enemies":"3 Darklings","floor":36,"turns":4},{"damage":44,"enemies":"3 Shapes","floor":39,"turns":3},{"damage":39,"enemies":"Writhing Mass","floor":40,"turns":3},{"damage":24,"enemies":"Transient","floor":42,"turns":5},{"damage":42,"enemies":"Giant Head","floor":45,"turns":5},{"damage":33,"enemies":"Reptomancer","floor":48,"turns":5},{"damage":35,"enemies":"Maw","floor":49,"turns":5},{"damage":13,"enemies":"downfall:Silent","floor":50,"turns":5},{"damage":73,"enemies":"downfall:CharBossMerchant","floor":52,"turns":6},{"damage":134,"enemies":"downfall:NeowBoss","floor":55,"turns":13}],"seed_played":"-5292696947555684595","potions_obtained":[{"floor":5,"key":"ColorlessPotion"},{"floor":8,"key":"FearPotion"},{"floor":11,"key":"Explosive Potion"},{"floor":15,"key":"BlessingOfTheForge"},{"floor":19,"key":"champ:CounterPotion"},{"floor":20,"key":"SkillPotion"},{"floor":29,"key":"CultistPotion"},{"floor":32,"key":"Dexterity Potion"},{"floor":33,"key":"Swift Potion"},{"floor":36,"key":"FearPotion"}],"is_trial":false,"path_per_floor":["R","M","?","M","M","E","T","M","E","$","E","R","M","?","M","B",null,"R","M","?","M","M","E","T","$","E","$","E","?","R","?","M","B",null,"R","M","?","$","M","M","T","M","$","?","E","$","R","E","M","B",null,"E","$","R","B",null],"character_chosen":"THE_CHAMP","items_purchased":["DollysMirror","Blood Vial","champ:EndlessRage+1","Membership Card","expansioncontent:DashGenerateEvil","Oddly Smooth Stone","Ornamental Fan","Sadistic Nature+1","Toy Ornithopter"],"campfire_rested":0,"item_purchase_floors":[25,25,27,27,27,38,38,43,53],"current_hp_per_floor":[90,86,86,83,83,77,77,76,54,54,54,54,54,39,51,51,90,90,90,90,87,83,53,53,65,61,65,56,56,56,56,70,81,90,90,90,82,82,90,66,66,68,68,68,70,70,92,94,96,98,100,80,80,95,76],"gold":6,"neow_bonus":"BOSS_RELIC","is_daily":false,"chose_seed":false,"campfire_upgraded":5,"win_rate":0.0,"timestamp":1609697269,"path_taken":["R","M","?","M","M","E","T","M","E","$","E","R","M","?","M","BOSS","R","M","?","M","?","E","T","$","E","$","E","?","R","?","M","BOSS","R","M","?","$","M","M","T","?","$","?","E","?","R","E","M","BOSS","E","$","R","BOSS"],"items_purchased_type":["Relic","Relic","Card","Relic","Card","Relic","Relic","Card","Relic"],"build_version":"2020-12-22","purchased_purges":4,"victory":true,"max_hp_per_floor":[90,90,90,90,90,90,90,90,90,90,90,90,90,90,90,90,90,90,90,90,90,90,90,90,90,90,90,90,90,90,90,90,90,90,90,90,90,90,90,90,90,90,90,90,90,90,100,100,100,100,100,100,100,100,100],"card_choices":[{"not_picked":["champ:DefensiveShout","champ:RageSigil"],"picked":"champ:GutPunch","floor":2},{"not_picked":["champ:GladiatorsShout","champ:ShieldSigil"],"picked":"champ:BringItOn","floor":4},{"not_picked":["champ:GladiatorStyle","champ:FocusedGladiator","champ:StanceDance"],"picked":"SKIP","floor":5},{"not_picked":["champ:SwordThrow","champ:Shatter"],"picked":"champ:PreciseThrust","floor":6},{"not_picked":["champ:DefensiveStyle","champ:RageSigil"],"picked":"champ:PerfectedStrike","floor":8},{"not_picked":["champ:CrookedStrike","champ:ShieldSigil","champ:FanOfKnives"],"picked":"SKIP","floor":9},{"not_picked":["champ:GladiatorStyle","champ:Circumvent"],"picked":"champ:RapidStrikes","floor":10},{"not_picked":["champ:Circumvent","champ:SwordSigil"],"picked":"champ:Backstep","floor":11},{"not_picked":["champ:CrookedStrike","champ:LastStand"],"picked":"champ:BladeFlurry","floor":13},{"not_picked":["champ:Shatter","champ:BerserkerStyle"],"picked":"champ:PerfectForm","floor":14},{"not_picked":["champ:BringItOn","champ:FocusedGladiator","champ:StanceDance"],"picked":"SKIP","floor":15},{"not_picked":["champ:SwordThrow","champ:SteelEdge"],"picked":"champ:Improvising","floor":16},{"not_picked":["champ:CrookedStrike+1","champ:Duel"],"picked":"champ:RisingSlash","floor":19},{"not_picked":["champ:GutPunch","champ:GladiatorsShout+1"],"picked":"champ:DeathBlow+1","floor":21},{"not_picked":["champ:SkillfulDodge","champ:PerfectedStrike","champ:Backstep"],"picked":"SKIP","floor":22},{"not_picked":["champ:ViciousMockery","champ:SkillfulDodge","champ:EnGarde+1"],"picked":"SKIP","floor":23},{"not_picked":["champ:CrookedStrike","champ:FanOfKnives","champ:GutPunch"],"picked":"SKIP","floor":25},{"not_picked":["champ:Haymaker","champ:GladiatorStyle+1","champ:FocusedDefense+1"],"picked":"SKIP","floor":26},{"not_picked":["champ:EnGarde+1","champ:AdrenalArmor"],"picked":"champ:PerfectForm+1","floor":27},{"not_picked":["champ:StanceDance","champ:FocusedBerserking"],"picked":"champ:DeathBlow","floor":28},{"not_picked":["champ:BerserkersShout","champ:GutPunch"],"picked":"champ:Aggression+1","floor":32},{"not_picked":["champ:Improvising+1","champ:CrownThrow"],"picked":"champ:HoldFirm","floor":33},{"not_picked":["champ:GladiatorsShout+1","champ:GutPunch+1","champ:BerserkersShout+1"],"picked":"SKIP","floor":36},{"not_picked":["champ:FaceSlap","champ:BerserkersShout+1","champ:CalledShot+1"],"picked":"SKIP","floor":39},{"not_picked":["champ:StanceDance+1","champ:CrookedStrike+1","champ:BerserkersShout+1"],"picked":"SKIP","floor":40},{"not_picked":["champ:ArenaPreparation","champ:ViciousMockery"],"picked":"champ:BringItOn+1","floor":42},{"not_picked":["champ:FlashCut+1","champ:Circumvent+1"],"picked":"champ:Duel+1","floor":45},{"not_picked":["champ:GladiatorsShout+1","champ:Circumvent"],"picked":"champ:ShieldWall+1","floor":48},{"not_picked":["champ:Haymaker+1","champ:RisingSlash"],"picked":"champ:BringItOn","floor":49},{"not_picked":["champ:Haymaker","champ:ViciousMockery"],"picked":"champ:PerfectForm+1","floor":52}],"player_experience":1245792,"relics_obtained":[{"floor":6,"key":"Darkstone Periapt"},{"floor":7,"key":"Meat on the Bone"},{"floor":9,"key":"Peace Pipe"},{"floor":11,"key":"Lantern"},{"floor":23,"key":"Frozen Egg 2"},{"floor":24,"key":"Old Coin"},{"floor":26,"key":"StrikeDummy"},{"floor":28,"key":"Potion Belt"},{"floor":45,"key":"Eternal Feather"},{"floor":48,"key":"Pocketwatch"},{"floor":52,"key":"HornCleat"}],"event_choices":[{"damage_healed":0,"gold_gain":0,"player_choice":"Got Potions","damage_taken":0,"max_hp_gain":0,"max_hp_loss":0,"event_name":"Lab","floor":20,"gold_loss":0}],"is_beta":false,"boss_relics":[{"not_picked":["SlaversCollar","downfall:Hecktoplasm"],"picked":"Runic Pyramid"},{"not_picked":["Snecko Eye","SacredBark"],"picked":"Runic Dome"}],"items_purged_floors":[10,25,27,38],"is_endless":false,"potions_floor_spawned":[5,8,11,15,19,21,32,33,36,42,48],"ascension_level":2}}