{"host":"ftwnpa9ceeptmrn1","time":1609701860,"event":{"mods":["Aspiration","BaseMod","Colored Map","Colored Powertips","Conspire","Downfall","Hubris","Infinite Spire","Minty Spire (QoL Compilation)","Relic Stats","Replay The Spire","StSLib","Waifu the Spire","vexMod"],"gold_per_floor":[110,121,121,121,140,140,169,169,169,169,182,199,209,225,225,225,225],"floor_reached":16,"playtime":1166,"items_purged":[],"score":134,"play_id":"3c0efb53-3821-4ce2-9230-a5bff4d91f0a","local_time":"20210103132420","is_ascension_mode":true,"campfire_choices":[{"floor":6,"key":"RECALL"},{"floor":8,"key":"REST"},{"data":"Feed","floor":10,"key":"SMITH"},{"floor":15,"key":"REST"}],"circlet_count":0,"master_deck":["Strike_R","Strike_R","Strike_R","Strike_R","Strike_R","Defend_R","Defend_R","Defend_R","Defend_R","Bash","Feed+1","ReplayTheSpireMod:Corrosion Curse","Body Slam+1","Replay:Undeath\u0027s Touch","Armaments","Shrug It Off","Flex","Shrug It Off","Thunderclap"],"relics":["Burning Blood","Letter Opener","The Courier"],"acts_visited":["Exordium"],"potions_floor_usage":[16,16],"damage_taken":[{"damage":1,"enemies":"Cultist","floor":1,"turns":4},{"damage":8,"enemies":"2 Louse","floor":2,"turns":3},{"damage":3,"enemies":"Jaw Worm","floor":5,"turns":5},{"damage":71,"enemies":"3 Sentries","floor":7,"turns":17},{"damage":6,"enemies":"3 Louse","floor":11,"turns":3},{"damage":7,"enemies":"Looter","floor":12,"turns":4},{"damage":9,"enemies":"Exordium Wildlife","floor":13,"turns":4},{"damage":13,"enemies":"Large Slime","floor":14,"turns":8},{"damage":93,"enemies":"Hexaghost","floor":16,"turns":14}],"seed_played":"-2726800083406340607","potions_obtained":[{"floor":7,"key":"Ancient Potion"},{"floor":11,"key":"Milkshake"},{"floor":13,"key":"sneckomod:MuddlingPotion"}],"is_trial":false,"path_per_floor":["M","M","?","?","M","R","E","R","T","R","M","M","M","M","R","B"],"character_chosen":"IRONCLAD","items_purchased":[],"campfire_rested":2,"item_purchase_floors":[],"current_hp_per_floor":[83,84,84,86,89,89,27,54,54,54,58,61,62,59,91,0,0],"gold":225,"neow_bonus":"ONE_RANDOM_RARE_CARD","is_daily":false,"chose_seed":false,"campfire_upgraded":1,"win_rate":0.0,"timestamp":1609701860,"path_taken":["M","M","?","?","?","R","E","R","T","R","M","M","M","M","R","BOSS"],"items_purchased_type":[],"build_version":"2020-12-22","purchased_purges":0,"victory":false,"max_hp_per_floor":[83,86,86,86,89,89,92,92,92,92,96,100,104,108,108,108,108],"relic_stats":{"counters":[9,62],"Letter Opener":[40],"obtain_stats":[{"The Courier":9,"Letter Opener":7,"Burning Blood":0},{"The Courier":4,"Letter Opener":4,"Burning Blood":0},{"The Courier":29,"Letter Opener":29,"Burning Blood":0}],"Burning Blood":40},"card_choices":[{"not_picked":["Clothesline","Warcry"],"picked":"ReplayTheSpireMod:Corrosion Curse","floor":1},{"not_picked":["Pommel Strike","Rampage"],"picked":"Body Slam","floor":2},{"not_picked":["Hemokinesis","Feel No Pain"],"picked":"Replay:Undeath\u0027s Touch","floor":5},{"not_picked":["conspire:HitWhereItHurts","Rampage"],"picked":"Armaments","floor":7},{"not_picked":["Dropkick","Body Slam"],"picked":"Shrug It Off","floor":11},{"not_picked":["Pommel Strike","Clash"],"picked":"Flex","floor":12},{"not_picked":["Replay:Undeath\u0027s Touch","Bludgeon"],"picked":"Shrug It Off","floor":13},{"not_picked":["Body Slam","Rupture"],"picked":"Thunderclap","floor":14}],"player_experience":241681,"relics_obtained":[{"floor":7,"key":"Letter Opener"},{"floor":9,"key":"The Courier"}],"event_choices":[{"damage_healed":2,"gold_gain":0,"player_choice":"Full Heal","damage_taken":0,"max_hp_gain":0,"max_hp_loss":0,"event_name":"Wheel of Change","floor":4,"gold_loss":0}],"is_beta":false,"boss_relics":[],"items_purged_floors":[],"is_endless":false,"potions_floor_spawned":[7,11,13],"killed_by":"Hexaghost","ascension_level":1}}