{"host":"s46wxd55b7oh5kab","time":1609663030,"event":{"mods":["2.2 Compatiblity","BaseMod","Colored Map","Minty Spire (QoL Compilation)","StSLib","The Hierophant"],"gold_per_floor":[109,34,58,76,52,52,52,127,127,144,91,91,91],"floor_reached":12,"playtime":1061,"items_purged":["hierophant:Strike_Hierophant"],"score":76,"play_id":"92d3965b-030b-4e27-b7ea-5d2e46832df9","local_time":"20210103173710","is_ascension_mode":false,"campfire_choices":[{"data":"hierophant:RepressedViolence","floor":6.0,"key":"SMITH"}],"circlet_count":0,"master_deck":["hierophant:Strike_Hierophant","hierophant:Strike_Hierophant","hierophant:Punish","hierophant:Defend_Hierophant","hierophant:Defend_Hierophant","hierophant:Defend_Hierophant","hierophant:Defend_Hierophant","hierophant:ChurchCoffers","hierophant:Doubloon","hierophant:ConvertCurrency","hierophant:RepressedViolence+1","hierophant:Sermon","hierophant:Martyrdom","hierophant:ThreeLashes"],"relics":["hierophant:PropheticMaskRelic","NeowsBlessing","Bottled Flame","Omamori"],"acts_visited":["Exordium"],"potions_floor_usage":[10],"damage_taken":[{"damage":0.0,"enemies":"Cultist","floor":1.0,"turns":1.0},{"damage":0.0,"enemies":"Jaw Worm","floor":3.0,"turns":1.0},{"damage":0.0,"enemies":"Small Slimes","floor":4.0,"turns":1.0},{"damage":57,"enemies":"3 Sentries","floor":10,"turns":18},{"damage":21,"enemies":"Lagavulin","floor":12,"turns":5}],"seed_played":"8436714598371037618","potions_obtained":[{"floor":1.0,"key":"Energy Potion"}],"is_trial":false,"path_per_floor":["M","$","M","M","$","R","?","?","T","E","$","E"],"character_chosen":"HIEROPHANT","items_purchased":["hierophant:Sermon","hierophant:ThreeLashes"],"campfire_rested":0,"item_purchase_floors":[5,11],"current_hp_per_floor":[75,75,75,75,75,75,75,68,68,11,11,0,0],"gold":91,"neow_bonus":"THREE_ENEMY_KILL","is_daily":false,"chose_seed":false,"campfire_upgraded":1,"win_rate":0.0,"timestamp":1609663030,"path_taken":["M","$","?","M","?","R","?","?","T","E","$","E"],"items_purchased_type":["Card","Card"],"build_version":"2020-12-22","purchased_purges":1,"victory":false,"max_hp_per_floor":[75,75,75,75,75,75,75,75,75,75,75,75,75],"card_choices":[{"not_picked":["hierophant:OrnateJavelin","hierophant:Doubloon"],"picked":"hierophant:ConvertCurrency","floor":1.0},{"not_picked":["hierophant:Empathy","hierophant:Anathema"],"picked":"hierophant:RepressedViolence","floor":3.0},{"not_picked":["hierophant:Zeal","hierophant:Blessing","hierophant:PassingBell"],"picked":"SKIP","floor":4.0},{"not_picked":["hierophant:Upheaval","hierophant:Patience"],"picked":"hierophant:Martyrdom","floor":10}],"player_experience":90842,"relics_obtained":[{"floor":9,"key":"Bottled Flame"},{"floor":10,"key":"Omamori"}],"event_choices":[{"cards_removed":["hierophant:Strike_Hierophant"],"damage_healed":0.0,"max_hp_gain":0.0,"max_hp_loss":0.0,"gold_gain":0.0,"event_name":"Living Wall","player_choice":"Forget","floor":7.0,"gold_loss":0.0,"damage_taken":0.0},{"damage_healed":0,"gold_gain":75,"player_choice":"Touch","damage_taken":7,"max_hp_gain":0,"max_hp_loss":0,"event_name":"FaceTrader","floor":8,"gold_loss":0}],"is_beta":false,"boss_relics":[],"items_purged_floors":[2],"is_endless":false,"potions_floor_spawned":[1],"killed_by":"Lagavulin","ascension_level":0}}