{"host":"3iouabftir4t7z56","time":1609696844,"event":{"mods":["2.2 Compatiblity","Act Like it!","BaseMod","Colored Map","Hallownest","Minty Spire (QoL Compilation)","StSLib","The Bug Knight"],"gold_per_floor":[109,123,142,161,161,195,195,47,123,123,45,45,45,60,60,160,160,178,79,90,103,103,103,130,130,130,147,161,45,45,56,56,159,159,159,172,45,61,61,61],"floor_reached":39,"playtime":3900,"items_purged":["HollowMod:VengefulVoid","HollowMod:NailStrikeStart","Hallownest:curseDreamersLament"],"score":403,"play_id":"68eada3d-8e56-4c34-9b48-b96ecc3ee08f","local_time":"20210103190044","is_ascension_mode":false,"campfire_choices":[{"data":"HollowMod:DungDefenderAura","floor":7,"key":"SMITH"},{"data":"HollowMod:AwokenDreamNail","floor":10,"key":"SMITH"},{"floor":12,"key":"REST"},{"data":"HollowMod:CrystalDash","floor":15,"key":"SMITH"},{"floor":23,"key":"RECALL"},{"floor":25,"key":"REST"},{"floor":32,"key":"REST"}],"circlet_count":0,"master_deck":["HollowMod:NailStrikeStart","HollowMod:NailStrikeStart","HollowMod:NailStrikeStart","HollowMod:QuickDashStart","HollowMod:QuickDashStart","HollowMod:QuickDashStart","HollowMod:QuickDashStart","HollowMod:FocusHealStart+1","HollowMod:PogoStrike","HollowMod:PerfectDash","HollowMod:DungDefenderAura+1","HollowMod:FallenFury","HollowMod:AwokenDreamNail+1","HollowMod:HowlingWraiths","HollowMod:CrystalDash+1","HollowMod:HornetsHelp","HollowMod:ChannelNail","HollowMod:SoulStrike","HollowMod:Grubsong","HollowMod:BaldurShell","HollowMod:VengefulSpirit","HollowMod:CycloneSlash","HollowMod:FastStrike+1","HollowMod:SoulSplash","HollowMod:HowlingWraiths+1","HollowMod:SlysStrikes","HollowMod:MonarchWings+1","HollowMod:SoulShaman","HollowMod:MantisMark+1"],"relics":["HollowMod:VesselMask","Incense Burner","The Courier","Fusion Hammer","Bag of Preparation","StrikeDummy","Hallownest:WatcherSealRelic","Sozu"],"acts_visited":["Hallownest:Greenpath","Hallownest:CityofTears","Hallownest:KingdomsEdge"],"potions_floor_usage":[2,6,24,24,28,33,35],"damage_taken":[{"damage":0,"enemies":"Hallownest:2_Baldur","floor":1,"turns":3},{"damage":4,"enemies":"Hallownest:monsterHuskGuard","floor":2,"turns":5},{"damage":16,"enemies":"Hallownest:2_Tiktiks_and_1_Crawlid","floor":3,"turns":6},{"damage":16,"enemies":"Hallownest:Wandering_and_Horned","floor":4,"turns":5},{"damage":2,"enemies":"Hallownest:monsterAspidMother","floor":5,"turns":5},{"damage":28,"enemies":"Hallownest:eliteCrystalGuardian","floor":6,"turns":10},{"damage":0,"enemies":"Hallownest:monsterMossCharger","floor":14,"turns":4},{"damage":69,"enemies":"Hallownest:BossBrokenVessel","floor":16,"turns":11},{"damage":4,"enemies":"Hallownest:Flukemon_and_Top","floor":18,"turns":6},{"damage":4,"enemies":"Hallownest:2_Mistakes","floor":20,"turns":10},{"damage":25,"enemies":"Hallownest:2_Husk_Sentries","floor":21,"turns":5},{"damage":5,"enemies":"Hallownest:Nosk","floor":24,"turns":16},{"damage":21,"enemies":"Hallownest:3_Mistakes","floor":27,"turns":10},{"damage":11,"enemies":"Hallownest:monsterMisterMushroom","floor":28,"turns":8},{"damage":32,"enemies":"Hallownest:Warrior_and_Youth","floor":31,"turns":5},{"damage":22,"enemies":"Hallownest:BossSoulMaster","floor":33,"turns":9},{"damage":13,"enemies":"Hallownest:Shield_Heavy","floor":35,"turns":4},{"damage":28,"enemies":"Hallownest:3_Siblings","floor":36,"turns":5},{"damage":28,"enemies":"Hallownest:monsterPrimalAspid","floor":38,"turns":4},{"damage":13,"enemies":"Hallownest:Xero_Hu_Marmu","floor":39,"turns":3}],"seed_played":"-2257535070607470833","potions_obtained":[{"floor":1,"key":"Block Potion"},{"floor":4,"key":"SkillPotion"},{"floor":14,"key":"DuplicationPotion"},{"floor":16,"key":"BlessingOfTheForge"},{"floor":21,"key":"Weak Potion"},{"floor":24,"key":"Fire Potion"},{"floor":28,"key":"Swift Potion"}],"is_trial":false,"path_per_floor":["M","M","M","M","M","E","R","$","T","R","$","R","?","M","R","B",null,"M","$","M","M","?","R","E","R","T","M","M","$","?","M","R","B",null,"M","M","$","M","M"],"character_chosen":"THE_BUGKNIGHT","items_purchased":["HollowMod:AwokenDreamNail","HollowMod:HowlingWraiths","HollowMod:SoulStrike","HollowMod:Grubsong","HollowMod:SoulSplash","HollowMod:SoulShaman"],"campfire_rested":3,"item_purchase_floors":[8,11,19,19,29,37],"current_hp_per_floor":[75,73,63,57,61,43,43,43,43,43,43,65,65,65,65,2,75,71,71,73,58,58,58,63,75,75,60,55,55,55,29,51,35,75,62,34,34,6,0,0],"gold":61,"neow_bonus":"UPGRADE_CARD","is_daily":false,"chose_seed":false,"campfire_upgraded":3,"win_rate":0.0,"timestamp":1609696844,"path_taken":["M","M","M","M","M","E","R","$","T","R","$","R","?","M","R","BOSS","M","$","M","M","?","R","E","R","T","?","M","$","?","M","R","BOSS","M","M","$","M","M"],"items_purchased_type":["Card","Card","Card","Card","Card","Card"],"build_version":"2020-12-22","purchased_purges":3,"victory":false,"max_hp_per_floor":[75,75,75,75,75,75,75,75,75,75,75,75,75,75,75,75,75,75,75,75,75,75,75,75,75,75,75,75,75,75,75,75,75,75,75,75,75,75,75,75],"card_choices":[{"not_picked":["HollowMod:MawleksShell","HollowMod:QuirrelsAssistance","HollowMod:CornifersMapStart"],"picked":"SKIP","floor":1},{"not_picked":["HollowMod:BaldurShell","HollowMod:ChannelNail","HollowMod:InfectionAssault"],"picked":"SKIP","floor":2},{"not_picked":["HollowMod:BaldurShell","HollowMod:InfectedCysts"],"picked":"HollowMod:VengefulVoid","floor":3},{"not_picked":["HollowMod:BaldurShell","HollowMod:ChannelNail"],"picked":"HollowMod:PerfectDash","floor":4},{"not_picked":["HollowMod:NewLittleFool","HollowMod:CloakDash"],"picked":"HollowMod:DungDefenderAura","floor":5},{"not_picked":["HollowMod:TaintedHusks","HollowMod:SharpenedNail"],"picked":"HollowMod:FallenFury","floor":6},{"not_picked":["HollowMod:NewJinnsSoul","HollowMod:FastStrike"],"picked":"HollowMod:CrystalDash","floor":14},{"not_picked":["HollowMod:Hiveblood","HollowMod:ElderbugsWisdom"],"picked":"HollowMod:HornetsHelp","floor":16},{"not_picked":["HollowMod:InfectionAssault","HollowMod:SiblingsSouls"],"picked":"HollowMod:ChannelNail","floor":18},{"not_picked":["HollowMod:TaintedHusks+1","HollowMod:SharpenedNail","HollowMod:VengefulVoid"],"picked":"SKIP","floor":20},{"not_picked":["HollowMod:CornifersMapStart","HollowMod:HuntersJournal"],"picked":"HollowMod:BaldurShell","floor":21},{"not_picked":["HollowMod:CycloneSlash","HollowMod:DoubleDash"],"picked":"HollowMod:VengefulSpirit","floor":24},{"not_picked":["HollowMod:InfectedCysts+1","HollowMod:SoulStrike"],"picked":"HollowMod:CycloneSlash","floor":27},{"not_picked":["HollowMod:InfectedAttack","HollowMod:ElderbugsWisdom"],"picked":"HollowMod:FastStrike+1","floor":28},{"not_picked":["HollowMod:HuntersJournal","HollowMod:DoubleDash"],"picked":"HollowMod:HowlingWraiths+1","floor":31},{"not_picked":["HollowMod:PureVessel","HollowMod:AwokenDreamNail"],"picked":"HollowMod:SlysStrikes","floor":33},{"not_picked":["HollowMod:SoulSplash","HollowMod:SharpenedNail"],"picked":"HollowMod:MonarchWings+1","floor":36},{"not_picked":["HollowMod:DescendingDark","HollowMod:SoulStrike"],"picked":"HollowMod:MantisMark+1","floor":38}],"player_experience":601666,"relics_obtained":[{"floor":6,"key":"Incense Burner"},{"floor":9,"key":"The Courier"},{"floor":24,"key":"Bag of Preparation"},{"floor":26,"key":"StrikeDummy"}],"event_choices":[],"is_beta":false,"boss_relics":[{"not_picked":["Empty Cage","Runic Dome"],"picked":"Fusion Hammer"},{"not_picked":["SlaversCollar","HollowMod:VoidIdolRelic"],"picked":"Sozu"}],"items_purged_floors":[11,29,37],"is_endless":false,"potions_floor_spawned":[1,4,14,16,21,24,28,31,36,38],"killed_by":"Hallownest:Xero_Hu_Marmu","ascension_level":0}}