{"host":"3zqlgdr138v4qupe","time":1609660810,"event":{"mods":["BaseMod","Hermit","Minty Spire (QoL Compilation)","StSLib","The Cursed","The Poker Player"],"gold_per_floor":[112,112,187,187,200,228,250,437,474,486,528,540,579,609,621,729,741,773,818,840,852,879,922,934,946,946],"floor_reached":25,"playtime":921,"items_purged":[],"score":254,"play_id":"e927c7e4-808e-49b3-b829-70817b8eea97","local_time":"20210103170010","is_ascension_mode":false,"campfire_choices":[{"data":"Noxious Fumes","floor":10,"key":"SMITH"},{"floor":15,"key":"REST"},{"floor":24,"key":"REST"}],"circlet_count":0,"master_deck":["Strike_G","Strike_G+1","Strike_G","Strike_G","Strike_G","Defend_G","Defend_G","Defend_G","Defend_G","Defend_G","Survivor+1","Neutralize","Noxious Fumes+1","Quick Slash","Heel Hook","Prepared","Doubt","Noxious Fumes+1","Bouncing Flask+1","Burst+1","Dagger Spray+1","After Image","Dagger Throw+1","Bouncing Flask+1"],"relics":["Ring of the Snake","NeowsBlessing","MawBank","Orichalcum","Toxic Egg 2","Odd Mushroom","Sozu","Red Mask","Meat on the Bone"],"acts_visited":["Exordium","TheCity"],"potions_floor_usage":[14,16,16,25],"damage_taken":[{"damage":0,"enemies":"Jaw Worm","floor":1,"turns":1},{"damage":0,"enemies":"2 Louse","floor":5,"turns":1},{"damage":0,"enemies":"3 Sentries","floor":6,"turns":1},{"damage":0,"enemies":"Small Slimes","floor":7,"turns":3},{"damage":16,"enemies":"Gremlin Nob","floor":11,"turns":5},{"damage":21,"enemies":"The Mushroom Lair","floor":13,"turns":5},{"damage":0,"enemies":"3 Louse","floor":14,"turns":1},{"damage":12,"enemies":"Hexaghost","floor":16,"turns":7},{"damage":14,"enemies":"Chosen","floor":18,"turns":5},{"damage":37,"enemies":"Masked Bandits","floor":19,"turns":4},{"damage":2,"enemies":"Shell Parasite","floor":20,"turns":3},{"damage":2,"enemies":"3 Cultists","floor":22,"turns":5},{"damage":29,"enemies":"Slavers","floor":23,"turns":4},{"damage":34,"enemies":"Gremlin Leader","floor":25,"turns":4}],"seed_played":"6104653476312729255","potions_obtained":[{"floor":6,"key":"Explosive Potion"},{"floor":7,"key":"ColorlessPotion"},{"floor":13,"key":"GamblersBrew"},{"floor":16,"key":"Dexterity Potion"}],"is_trial":false,"path_per_floor":["M","$","?","?","M","E","M","?","T","R","E","?","?","M","R","B",null,"M","?","M","?","M","E","R","E"],"character_chosen":"THE_SILENT","items_purchased":[],"campfire_rested":2,"item_purchase_floors":[],"current_hp_per_floor":[70,70,59,45,45,45,45,45,45,45,29,29,8,8,29,17,70,56,19,17,40,38,9,30,0,0],"gold":946,"neow_bonus":"THREE_ENEMY_KILL","is_daily":false,"chose_seed":false,"campfire_upgraded":1,"win_rate":0.0,"timestamp":1609660810,"path_taken":["M","$","?","?","M","E","M","?","T","R","E","?","?","M","R","BOSS","M","?","M","?","M","E","R","E"],"items_purchased_type":[],"build_version":"2020-12-22","purchased_purges":0,"victory":false,"max_hp_per_floor":[70,70,70,70,70,70,70,70,70,70,70,70,70,70,70,70,70,70,70,70,70,70,70,70,70,70],"card_choices":[{"not_picked":["Poisoned Stab","Infinite Blades"],"picked":"Noxious Fumes","floor":1},{"not_picked":["Slice","Dodge and Roll"],"picked":"Quick Slash","floor":5},{"not_picked":["Deflect","Reflex"],"picked":"Heel Hook","floor":6},{"not_picked":["Acrobatics","Outmaneuver"],"picked":"Prepared","floor":7},{"not_picked":["Flying Knee","Eviscerate"],"picked":"Noxious Fumes","floor":11},{"not_picked":["Flying Knee","All Out Attack"],"picked":"Bouncing Flask+1","floor":14},{"not_picked":["After Image","Wraith Form v2"],"picked":"Burst+1","floor":16},{"not_picked":["Underhanded Strike","Deflect+1"],"picked":"Dagger Spray+1","floor":18},{"not_picked":["Underhanded Strike","Blur+1"],"picked":"After Image","floor":19},{"not_picked":["Slice","Blade Dance+1"],"picked":"Dagger Throw+1","floor":20},{"not_picked":["Finisher","Blade Dance+1","Dodge and Roll+1"],"picked":"SKIP","floor":22},{"not_picked":["Escape Plan+1","Venomology+1"],"picked":"Bouncing Flask+1","floor":23}],"player_experience":12541,"relics_obtained":[{"floor":6,"key":"MawBank"},{"floor":9,"key":"Orichalcum"},{"floor":11,"key":"Toxic Egg 2"},{"floor":13,"key":"Odd Mushroom"},{"floor":19,"key":"Red Mask"},{"floor":23,"key":"Meat on the Bone"}],"event_choices":[{"damage_healed":0,"gold_gain":75,"player_choice":"Gather Gold","damage_taken":11,"max_hp_gain":0,"max_hp_loss":0,"event_name":"World of Goop","floor":3,"gold_loss":0},{"damage_healed":0,"gold_gain":0,"player_choice":"Entered Light","damage_taken":14,"max_hp_gain":0,"max_hp_loss":0,"event_name":"Shining Light","floor":4,"gold_loss":0,"cards_upgraded":["Strike_G","Survivor"]},{"damage_healed":0,"gold_gain":175,"player_choice":"AGREE","damage_taken":0,"max_hp_gain":0,"max_hp_loss":0,"event_name":"Liars Game","floor":8,"gold_loss":0,"cards_obtained":["Doubt"]},{"damage_healed":0,"gold_gain":0,"player_choice":"Grow","damage_taken":0,"max_hp_gain":0,"max_hp_loss":0,"event_name":"Living Wall","floor":12,"gold_loss":0,"cards_upgraded":["Noxious Fumes"]},{"damage_healed":0,"gold_gain":0,"player_choice":"Fought Mushrooms","damage_taken":0,"max_hp_gain":0,"max_hp_loss":0,"event_name":"Mushrooms","floor":13,"gold_loss":0},{"damage_healed":0,"gold_gain":0,"player_choice":"Fought Bandits","damage_taken":0,"max_hp_gain":0,"max_hp_loss":0,"event_name":"Masked Bandits","floor":19,"gold_loss":0},{"damage_healed":23,"gold_gain":0,"player_choice":"Heal","damage_taken":0,"max_hp_gain":0,"max_hp_loss":0,"event_name":"The Library","floor":21,"gold_loss":0}],"is_beta":false,"boss_relics":[{"not_picked":["Tiny House","Coffee Dripper"],"picked":"Sozu"}],"items_purged_floors":[],"is_endless":false,"potions_floor_spawned":[6,7,13,16,19,20,23],"killed_by":"Gremlin Leader","ascension_level":0}}