{"host":"5dk97cf2ubw2v967","time":1609668888,"event":{"mods":["AlwaysNeverKeys","BaseMod","Better Altar","Better Vampires","Block Reminder","Colored Powertips","Downfall","Googly Eyes","Highlight Path","Minty Spire (QoL Compilation)","Permanent Neow","Potion Indicator Mod","Quick Restart","Relic Filter","Relic Stats","Say the Spire","Spicy Shops","StSLib","Waifu the Spire","everything is the same but u backflip on backflip"],"gold_per_floor":[12,287,302,15,26,26,55,55,55,55,55,55,83,3,3,81,81,96,114,114,124,12,12,46,46,46,46,46,46,46,61,61,135,435,446,464,464,481,190,190,190],"floor_reached":40,"playtime":1868,"items_purged":["Regret","Strike_B"],"score":824,"play_id":"c53b0e6d-de18-4176-b912-baabfb37ddeb","local_time":"20210103101448","is_ascension_mode":true,"campfire_choices":[{"data":"Zap","floor":6.0,"key":"SMITH"},{"data":"Defragment","floor":10,"key":"SMITH"},{"data":"Ball Lightning","floor":12,"key":"SMITH"},{"data":"Rainbow","floor":15,"key":"SMITH"},{"floor":23,"key":"REST"},{"data":"Seek","floor":25,"key":"SMITH"},{"data":"Machine Learning","floor":27,"key":"SMITH"},{"data":"Leap","floor":30,"key":"SMITH"},{"data":"Conserve Battery","floor":32,"key":"SMITH"}],"circlet_count":0,"master_deck":["AscendersBane","Strike_B","Defend_B","Defend_B","Defend_B","Defend_B","Zap+1","Dualcast","Rainbow+1","Leap","Ball Lightning+1","FTL","Defragment+1","Leap+1","Go for the Eyes+1","Machine Learning+1","Sunder+1","Necronomicurse","Steam Power+1","Self Repair","Seek+1","Conserve Battery+1","Echo Form","CurseOfTheBell","BootSequence+1","Defragment+1","Heatsinks","Skim"],"relics":["Cracked Core","Happy Flower","Mummified Hand","Meat on the Bone","Molten Egg 2","Art of War","Inserter","Necronomicon","Cables","InkBottle","Calling Bell","Symbiotic Virus","Smiling Mask","Old Coin","Nunchaku","Membership Card"],"acts_visited":["Exordium","TheCity","TheBeyond"],"potions_floor_usage":[8,13,19,21,33,39,40],"damage_taken":[{"damage":14.0,"enemies":"Small Slimes","floor":1.0,"turns":3.0},{"damage":3.0,"enemies":"Cultist","floor":3.0,"turns":3.0},{"damage":2.0,"enemies":"2 Louse","floor":5.0,"turns":3.0},{"damage":8.0,"enemies":"Gremlin Nob","floor":7.0,"turns":3.0},{"damage":0,"enemies":"Exordium Thugs","floor":8,"turns":1},{"damage":11,"enemies":"Lagavulin","floor":13,"turns":4},{"damage":11,"enemies":"Slime Boss","floor":16,"turns":9},{"damage":10,"enemies":"Shell Parasite","floor":18,"turns":5},{"damage":0,"enemies":"Spheric Guardian","floor":19,"turns":3},{"damage":19,"enemies":"3 Cultists","floor":21,"turns":5},{"damage":38,"enemies":"Slavers","floor":24,"turns":5},{"damage":4,"enemies":"Snecko","floor":31,"turns":5},{"damage":23,"enemies":"Collector","floor":33,"turns":8},{"damage":0,"enemies":"3 Shapes","floor":35,"turns":3},{"damage":0,"enemies":"Orb Walker","floor":36,"turns":3},{"damage":30,"enemies":"Jaw Worm Horde","floor":38,"turns":5},{"damage":57,"enemies":"Giant Head","floor":40,"turns":9}],"seed_played":"-8189396216571816720","potions_obtained":[{"floor":5.0,"key":"SmokeBomb"},{"floor":7.0,"key":"SkillPotion"},{"floor":16,"key":"Slimebound:ThreeZeroPotion"},{"floor":18,"key":"DistilledChaos"},{"floor":21,"key":"BlessingOfTheForge"},{"floor":31,"key":"Dexterity Potion"},{"floor":36,"key":"FocusPotion"},{"floor":38,"key":"Fruit Juice"}],"is_trial":false,"path_per_floor":["M","?","M","$","M","R","E","M","T","R","?","R","E","$","R","B",null,"M","M","?","M","$","R","E","R","T","R","?","$","R","M","R","B",null,"M","M","?","M","$","E"],"character_chosen":"DEFECT","items_purchased":["Happy Flower","FTL","AttackPotion","Art of War","Self Repair","Weak Potion","Membership Card","Heatsinks","Skim"],"campfire_rested":1,"item_purchase_floors":[4,4,4,14,22,22,39,39,39],"current_hp_per_floor":[50,50,47,47,45,45,37,37,37,37,37,37,38,38,38,39,63,53,53,32,25,25,46,27,27,27,27,27,27,27,42,42,38,63,63,63,63,52,57,0,0],"gold":190,"neow_bonus":"THREE_RARE_CARDS","is_daily":false,"chose_seed":false,"campfire_upgraded":8,"win_rate":0.0,"timestamp":1609668888,"path_taken":["M","?","?","$","M","R","E","?","T","R","?","R","E","?","R","BOSS","M","M","?","M","$","R","E","R","T","R","?","?","R","M","R","BOSS","M","M","?","M","?","E"],"items_purchased_type":["Relic","Card","Potion","Relic","Card","Potion","Relic","Card","Card"],"build_version":"2020-12-22","purchased_purges":2,"victory":false,"max_hp_per_floor":[71,71,71,71,71,71,71,71,71,71,71,71,71,71,71,71,71,71,71,71,71,71,71,71,71,71,71,71,71,71,71,71,71,71,71,71,71,71,76,76,76],"relic_stats":{"Nunchaku":[2],"Inserter":[25],"Happy Flower":[23],"counters":[17,77],"Mummified Hand":[47],"Art of War":[9],"Necronomicon":[9],"Smiling Mask":0,"obtain_stats":[{"Inserter":17,"Happy Flower":4,"Smiling Mask":34,"Cables":24,"Old Coin":34,"Calling Bell":34,"Nunchaku":37,"Mummified Hand":7,"Molten Egg 2":13,"Art of War":14,"Necronomicon":20,"Membership Card":39,"Cracked Core":0,"Symbiotic Virus":34,"InkBottle":26,"Meat on the Bone":9},{"Inserter":7,"Happy Flower":2,"Smiling Mask":13,"Cables":11,"Old Coin":13,"Calling Bell":13,"Nunchaku":15,"Mummified Hand":4,"Molten Egg 2":6,"Art of War":6,"Necronomicon":9,"Membership Card":16,"Cracked Core":0,"Symbiotic Virus":13,"InkBottle":11,"Meat on the Bone":5},{"Inserter":26,"Happy Flower":6,"Smiling Mask":57,"Cables":44,"Old Coin":57,"Calling Bell":57,"Nunchaku":63,"Mummified Hand":12,"Molten Egg 2":17,"Art of War":17,"Necronomicon":34,"Membership Card":68,"Cracked Core":0,"Symbiotic Virus":57,"InkBottle":44,"Meat on the Bone":13}],"InkBottle":[16],"Meat on the Bone":84,"Cables":[29,27,1,1,0]},"card_choices":[{"not_picked":["Meteor Strike","Seek"],"picked":"Rainbow","floor":0.0},{"not_picked":["Redo","Steam"],"picked":"Leap","floor":1.0},{"not_picked":["Compile Driver","Leap"],"picked":"Ball Lightning","floor":3.0},{"not_picked":["Melter","Conserve Battery"],"picked":"Defragment","floor":5.0},{"not_picked":["Sweeping Beam","Ball Lightning"],"picked":"Leap","floor":7.0},{"not_picked":["Beam Cell+1","Darkness"],"picked":"Go for the Eyes+1","floor":13},{"not_picked":["Meteor Strike+1","Biased Cognition"],"picked":"Machine Learning","floor":16},{"not_picked":["Coolheaded","Gash+1"],"picked":"Sunder+1","floor":18},{"not_picked":["Leap","Turbo","Redo+1"],"picked":"SKIP","floor":19},{"not_picked":["Hologram","Sweeping Beam+1"],"picked":"Steam Power+1","floor":21},{"not_picked":["Reinforced Body","Genetic Algorithm"],"picked":"Seek","floor":24},{"not_picked":["Hologram","Leap"],"picked":"Conserve Battery","floor":31},{"not_picked":["Meteor Strike+1","Fission"],"picked":"Echo Form","floor":33},{"not_picked":["Recycle","Cold Snap+1"],"picked":"BootSequence+1","floor":35},{"not_picked":["Conserve Battery","Gash+1","Turbo+1"],"picked":"SKIP","floor":36},{"not_picked":["Rebound+1","Chaos"],"picked":"Defragment+1","floor":38}],"player_experience":1285297,"relics_obtained":[{"floor":7.0,"key":"Mummified Hand"},{"floor":9,"key":"Meat on the Bone"},{"floor":13,"key":"Molten Egg 2"},{"floor":20,"key":"Necronomicon"},{"floor":24,"key":"Cables"},{"floor":26,"key":"InkBottle"},{"floor":34,"key":"Symbiotic Virus"},{"floor":34,"key":"Smiling Mask"},{"floor":34,"key":"Old Coin"}],"event_choices":[{"damage_healed":0.0,"max_hp_gain":0.0,"max_hp_loss":0.0,"gold_gain":275.0,"event_name":"Golden Shrine","player_choice":"Desecrate","floor":2.0,"gold_loss":0.0,"damage_taken":0.0,"cards_obtained":["Regret"]},{"cards_removed":["Strike_B"],"damage_healed":0,"gold_gain":0,"player_choice":"Offered Basic","damage_taken":0,"max_hp_gain":0,"max_hp_loss":0,"event_name":"Bonfire Elementals","floor":11,"gold_loss":0},{"damage_healed":0,"gold_gain":0,"player_choice":"Obtained Book","damage_taken":21,"max_hp_gain":0,"max_hp_loss":0,"event_name":"Cursed Tome","floor":20,"gold_loss":0},{"cards_removed":["Strike_B"],"damage_healed":0,"gold_gain":0,"player_choice":"Elegance","damage_taken":0,"max_hp_gain":0,"max_hp_loss":0,"event_name":"Back to Basics","floor":28,"gold_loss":0},{"damage_healed":0,"gold_gain":0,"player_choice":"Gave Potion","damage_taken":0,"relics_obtained":["Nunchaku"],"max_hp_gain":0,"max_hp_loss":0,"event_name":"WeMeetAgain","floor":37,"gold_loss":0}],"is_beta":false,"boss_relics":[{"not_picked":["Busted Crown","Runic Dome"],"picked":"Inserter"},{"not_picked":["Nuclear Battery","Coffee Dripper"],"picked":"Calling Bell"}],"items_purged_floors":[4,39],"is_endless":false,"potions_floor_spawned":[5,7,16,18,21,31,36,38],"killed_by":"Giant Head","ascension_level":20}}