{"host":"bf9sa99gaumonoeu","time":1609708845,"event":{"mods":["AchievementEnabler","Act Like it!","BaseMod","Better Sensory Stone","Colored Map","Colored Powertips","Downfall","Duelist Mod","Friendly Minions","Gensokyo","GifTheSpireLib","Hallownest","Hermit","Hubris","Jorbs\u0027s Wanderer Trilogy","KinomotoSakuraMod(????)","Koishi","Lobotomy","Marisa????????","Minty Spire (QoL Compilation)","Reimu??????","Remilia??????","Replay The Spire","Shop Mod","StSLib","The Administrix","The Animator","The Blue Laboratory","The Bug Knight","The Construct","The Cursed","The Disciple","The Hierophant","The Mystic","The Necromancer","The Poker Player","The Runesmith","The Senshi","The Servant 0.9.4","Waifu the Spire"],"gold_per_floor":[113,127,139,149,149,149,161,161,161,192,207,223,223,239,239,339,339,357,375,375,394,404,437,437,451,499,513,538,556,556,432,432,517,517,531,228,238,249,267,267,299,314,314,328,328,88,107,0,0,0],"floor_reached":51,"playtime":4424,"items_purged":["Pain","construct:PanicFire+1"],"score":779,"play_id":"d4347814-50c0-4e5d-a254-c67bd5bc878f","local_time":"20210103192045","is_ascension_mode":false,"campfire_choices":[{"data":"construct:HyperBeam","floor":6.0,"key":"SMITH"},{"data":"construct:Impenetrable","floor":8.0,"key":"SMITH"},{"data":"construct:Enhance","floor":15.0,"key":"SMITH"},{"floor":24.0,"key":"REST"},{"floor":30.0,"key":"REST"},{"floor":32.0,"key":"REST"},{"floor":40,"key":"REST"},{"floor":45,"key":"REST"},{"floor":49,"key":"DIG"}],"circlet_count":0,"master_deck":["construct:Strike_Gold","construct:Strike_Gold","construct:Strike_Gold","construct:Strike_Gold","construct:Strike_Gold","construct:Defend_Gold","construct:Defend_Gold","construct:Defend_Gold","construct:Defend_Gold","construct:Defend_Gold","construct:AttackMode","construct:DefenseMode","construct:ScrapCannon","construct:Overcharge","construct:VentSteam","construct:HyperBeam+1","construct:Impenetrable+1","construct:SweepLaser","construct:SyphonStrike","construct:Enhance+1","construct:VentSteam","construct:Electrocute","construct:Forcefield","construct:Analyze+1","construct:ModeShift+1","construct:MetalShell","construct:ModeShift+1","construct:FlakBarrage+1","construct:Isolate","construct:Zapper+1","construct:Multistage","construct:Forcefield","construct:Reinforce","construct:Reinforce","construct:ModeShift+1","construct:Forcefield"],"relics":["construct:Cogwheel","Oddly Smooth Stone","AntiCross","Tea:ReiMu","Frozen Egg 2","Philosopher\u0027s Stone","WarpedTongs","Pen Nib","Pet Ghost","Simple Rune","Fusion Hammer","Happy Flower","Eternal Feather","Replay:Bottled Eggs","Meat on the Bone","Red Mask","HollowMod:PaleOreRelic"],"acts_visited":["Exordium","TheCity","TheBeyond"],"potions_floor_usage":[41,44,50,50],"damage_taken":[{"damage":0.0,"enemies":"Small Slimes","floor":1.0,"turns":7.0},{"damage":6.0,"enemies":"Jaw Worm","floor":2.0,"turns":3.0},{"damage":4.0,"enemies":"Cultist","floor":3.0,"turns":4.0},{"damage":14.0,"enemies":"Exordium Wildlife","floor":4.0,"turns":7.0},{"damage":24.0,"enemies":"Lots of Slimes","floor":7.0,"turns":5.0},{"damage":6.0,"enemies":"Gremlin Nob","floor":10.0,"turns":3.0},{"damage":0.0,"enemies":"Red Slaver","floor":11.0,"turns":3.0},{"damage":0.0,"enemies":"Exordium Thugs","floor":12.0,"turns":2.0},{"damage":0.0,"enemies":"Large Slime","floor":14.0,"turns":3.0},{"damage":0.0,"enemies":"Slime Boss","floor":16.0,"turns":5.0},{"damage":19.0,"enemies":"2 Thieves","floor":18.0,"turns":4.0},{"damage":34.0,"enemies":"3 Byrds","floor":19.0,"turns":5.0},{"damage":17.0,"enemies":"Centurion and Healer","floor":21.0,"turns":4.0},{"damage":12.0,"enemies":"Snecko","floor":22.0,"turns":4.0},{"damage":29.0,"enemies":"Gremlin Leader","floor":23.0,"turns":7.0},{"damage":6.0,"enemies":"Cultist and Chosen","floor":25.0,"turns":3.0},{"damage":0.0,"enemies":"Centurion and Healer","floor":27.0,"turns":4.0},{"damage":13.0,"enemies":"theDuelist:KaibaA2","floor":28.0,"turns":4.0},{"damage":6.0,"enemies":"Snecko","floor":29.0,"turns":3.0},{"damage":25.0,"enemies":"Automaton","floor":33.0,"turns":7.0},{"damage":0,"enemies":"3 Shapes","floor":35,"turns":5},{"damage":9,"enemies":"3 Darklings","floor":37,"turns":8},{"damage":0,"enemies":"Transient","floor":38,"turns":5},{"damage":22,"enemies":"Maw","floor":39,"turns":7},{"damage":27,"enemies":"Giant Head","floor":41,"turns":7},{"damage":3,"enemies":"Spire Growth","floor":42,"turns":3},{"damage":14,"enemies":"4 Shapes","floor":44,"turns":6},{"damage":0,"enemies":"Sphere and 2 Shapes","floor":47,"turns":3},{"damage":76,"enemies":"Time Eater","floor":50,"turns":11}],"seed_played":"3844094222753359324","potions_obtained":[{"floor":0.0,"key":"blueLaboratory:PhilterOfMotion"},{"floor":0.0,"key":"Languid Potion"},{"floor":0.0,"key":"Fruit Juice"},{"floor":3.0,"key":"blueLaboratory:FruitPreserves"},{"floor":12.0,"key":"DuplicationPotion"},{"floor":16.0,"key":"blueLaboratory:BottleOfVodka"},{"floor":21.0,"key":"FearPotion"},{"floor":22.0,"key":"Fire Potion"},{"floor":25.0,"key":"Flashbang"},{"floor":29.0,"key":"AttackPotion"},{"floor":35,"key":"blueLaboratory:BottleOfVodka"},{"floor":37,"key":"ZuzhouPotion:ReiMu"},{"floor":42,"key":"blueLaboratory:HummingbirdPotion"}],"is_trial":false,"path_per_floor":["M","M","M","M","?","R","M","R","T","E","M","M","?","M","R","B",null,"M","M","?","M","M","E","R","M","T","M","E","M","R","$","R","B",null,"M","$","M","M","M","R","E","M","T","M","R","$","M","?","R_BF","B",null],"character_chosen":"THE_CONSTRUCT_MOD","items_purchased":["PowerPotion","construct:Reinforce","Happy Flower","Meat on the Bone"],"campfire_rested":5,"item_purchase_floors":[31,36,36,46],"current_hp_per_floor":[90,84,80,66,63,63,39,39,39,33,33,33,33,33,33,33,90,71,37,37,20,45,16,43,37,37,37,24,18,45,45,72,47,90,90,90,81,81,59,86,59,56,56,42,90,90,90,90,90,26],"gold":0,"neow_bonus":"THREE_SMALL_POTIONS","is_daily":false,"chose_seed":false,"campfire_upgraded":3,"win_rate":0.0,"timestamp":1609708845,"path_taken":["M","M","M","M","?","R","M","R","T","E","M","M","?","M","R","BOSS","M","?","?","M","M","E","R","M","T","M","E","?","R","?","R","BOSS","M","$","M","M","M","R","E","M","T","M","R","$","M","?","R_BF","BOSS"],"items_purchased_type":["Potion","Card","Relic","Relic"],"build_version":"2020-12-22","purchased_purges":2,"victory":true,"max_hp_per_floor":[90,90,90,90,90,90,90,90,90,90,90,90,90,90,90,90,90,90,90,90,90,90,90,90,90,90,90,90,90,90,90,90,90,90,90,90,90,90,90,90,90,90,90,90,90,90,90,90,90,90],"card_choices":[{"not_picked":["construct:Reinforce","construct:ShiftStrike"],"picked":"construct:ScrapCannon","floor":1.0},{"not_picked":["construct:LaserCore","construct:ShiftStrike"],"picked":"construct:Overcharge","floor":2.0},{"not_picked":["construct:ScopeCore","construct:Zapper"],"picked":"construct:VentSteam","floor":3.0},{"not_picked":["construct:ClusterMines","construct:FocusedBeam"],"picked":"construct:HyperBeam","floor":4.0},{"not_picked":["construct:ScopeCore","construct:ShiftStrike"],"picked":"construct:Impenetrable","floor":7.0},{"not_picked":["construct:ShiftStrike","construct:FlameCore"],"picked":"construct:SweepLaser","floor":10.0},{"not_picked":["construct:Analyze","construct:PowerUp"],"picked":"construct:SyphonStrike","floor":11.0},{"not_picked":["construct:Reinforce","construct:ScrapCannon"],"picked":"construct:Enhance","floor":12.0},{"not_picked":["construct:Enhance+1","construct:Accumulate"],"picked":"construct:VentSteam","floor":14.0},{"not_picked":["construct:ShieldBurst","construct:ShiftingStance+1"],"picked":"construct:PanicFire+1","floor":16.0},{"not_picked":["construct:GuardCore+1","construct:ClusterMines"],"picked":"construct:Electrocute","floor":18.0},{"not_picked":["construct:FierceBash","construct:FocusedBeam"],"picked":"construct:Forcefield","floor":19.0},{"not_picked":["construct:SuppressiveFire","construct:Tumble+1"],"picked":"construct:Analyze+1","floor":21.0},{"not_picked":["construct:FocusedBeam","construct:Stasis"],"picked":"construct:ModeShift+1","floor":22.0},{"not_picked":["construct:Synchronize+1","construct:Autoturret+1"],"picked":"construct:MetalShell","floor":23.0},{"not_picked":["construct:SaveState","construct:ModeShift+1","construct:HeavyBolt"],"picked":"SKIP","floor":25.0},{"not_picked":["construct:SaveState","construct:HeavyBolt"],"picked":"construct:ModeShift+1","floor":25.0},{"not_picked":["construct:SiegeForm+1","construct:Synchronize+1"],"picked":"construct:FlakBarrage","floor":27.0},{"not_picked":["construct:SweepLaser","construct:HeavyBolt"],"picked":"construct:Isolate","floor":28.0},{"not_picked":["construct:Autoturret+1","construct:Accumulate+1"],"picked":"construct:Zapper+1","floor":29.0},{"not_picked":["construct:ShieldBurst","construct:ClockworkEgg"],"picked":"construct:Multistage","floor":33.0},{"not_picked":["construct:Missile+1","construct:SaveState"],"picked":"construct:Forcefield","floor":35},{"not_picked":["construct:SyphonStrike+1","construct:Backfire+1"],"picked":"construct:Reinforce","floor":37},{"not_picked":["construct:ModeShift+1","construct:ElectricArmor+1","construct:Forcefield"],"picked":"SKIP","floor":38},{"not_picked":["construct:FierceBash+1","construct:FlakBarrage+1"],"picked":"construct:ModeShift+1","floor":39},{"not_picked":["construct:Missile","construct:GoldenBullet","construct:Autoturret+1"],"picked":"SKIP","floor":41},{"not_picked":["construct:FierceBash","construct:Backfire","construct:Synchronize+1"],"picked":"SKIP","floor":42},{"not_picked":["construct:Isolate","construct:ShiftStrike","construct:ForceCore+1"],"picked":"SKIP","floor":44},{"not_picked":["construct:Autoturret+1","construct:ScrapCannon+1"],"picked":"construct:Forcefield","floor":47}],"player_experience":720638,"relics_obtained":[{"floor":9.0,"key":"AntiCross"},{"floor":10.0,"key":"Tea:ReiMu"},{"floor":23.0,"key":"Pen Nib"},{"floor":26.0,"key":"Pet Ghost"},{"floor":28.0,"key":"Simple Rune"},{"floor":41,"key":"Eternal Feather"},{"floor":43,"key":"Replay:Bottled Eggs"},{"floor":49,"key":"HollowMod:PaleOreRelic"}],"event_choices":[{"damage_healed":0.0,"max_hp_gain":0.0,"max_hp_loss":0.0,"gold_gain":0.0,"event_name":"Scrap Ooze","player_choice":"Success","floor":5.0,"gold_loss":0.0,"damage_taken":3.0,"relics_obtained":["Oddly Smooth Stone"]},{"damage_healed":0.0,"max_hp_gain":0.0,"max_hp_loss":0.0,"gold_gain":0.0,"event_name":"WeMeetAgain","player_choice":"Gave Potion","floor":13.0,"gold_loss":0.0,"damage_taken":0.0,"relics_obtained":["Frozen Egg 2"]},{"damage_healed":0.0,"max_hp_gain":0.0,"max_hp_loss":0.0,"gold_gain":0.0,"event_name":"Accursed Blacksmith","player_choice":"Rummage","floor":20.0,"gold_loss":0.0,"damage_taken":0.0,"relics_obtained":["WarpedTongs"],"cards_obtained":["Pain"]},{"damage_healed":0,"gold_gain":0,"player_choice":"Paid","damage_taken":0,"relics_obtained":["Red Mask"],"max_hp_gain":0,"max_hp_loss":0,"event_name":"Tomb of Lord Red Mask","floor":48,"gold_loss":107}],"is_beta":false,"boss_relics":[{"not_picked":["hubris:RunicObelisk","Runic Pyramid"],"picked":"Philosopher\u0027s Stone"},{"not_picked":["Replay:Ancient Bell","Abe\u0027s Treasure"],"picked":"Fusion Hammer"}],"items_purged_floors":[31,36],"is_endless":false,"potions_floor_spawned":[3,12,16,21,22,25,29,35,37,42],"ascension_level":0}}