{"host":"g75gtovmj0ine2rf","time":1609676406,"event":{"mods":["2.2 Compatiblity","AchievementEnabler","Act Like it!","Aspiration","Astrologer","Bard","BaseMod","Better Match","BetterRewards","CapriCore","Challenge The Spire","ChefMod","Colored Map","Conspire","Elementarium","Energized Spire","Friendly Minions","Gensokyo","Halation","Hallownest","Hermit","HexUI Lib","Highlight Path","Hubris","Infinite Spire","Jedi Mod","Lobotomy","Menagerie","Minty Spire (QoL Compilation)","Puzzle Mod","Quick Restart","Rare Cards Sparkle","Relic Stats","Replay The Spire","Robot Space Explorer","Shade Mod","Shop Mod","Spicy Shops","StSLib","SuperFastMode","The Construct","The Cursed","The Dragon Tamer","The Factory","The Jungle","The Marked","The Runesmith","TheBandit","TheFirefly","TheSwordswoman","TheVacant","Transform Curses","Wandering Minibosses","thorton","vexMod"],"gold_per_floor":[109,120,120,135,153,187,187,216,286,286,286,65,65,65,65,175,175,200,0,0,0,22,22,46,46],"floor_reached":24,"playtime":1209,"items_purged":["theMarked:Strike","theMarked:Strike"],"score":202,"play_id":"cd44a3c7-e5f5-4275-83ad-85ba8fd6c200","local_time":"20210103232006","is_ascension_mode":false,"campfire_choices":[{"data":"theMarked:AttractMetal","floor":7,"key":"SMITH"},{"floor":11,"key":"REST"},{"data":"theMarked:SoldierOfQuellstein","floor":13,"key":"SMITH"},{"floor":15,"key":"REST"},{"floor":21,"key":"RECALL"},{"data":"theMarked:EternalStudent","floor":23,"key":"SMITH"}],"circlet_count":0,"master_deck":["theMarked:Strike","theMarked:Defend","theMarked:Defend","theMarked:Defend","theMarked:Defend","theMarked:SoldierOfQuellstein+1","theMarked:ElementalBlade","theMarked:AttractMetal+1","theMarked:BindingBlade","theMarked:HeritageOfTheMarked+1","theMarked:SoldierForm","theMarked:EternalStudent+1"],"relics":["theMarked:ArtifactOfAir","jedi:arcanewood","infinitespire:WardingShard","Mercury Hourglass","conspire:TreasureMap","infinitespire:Midas Blood","thethorton:GreedFountain","vexMod:GildedClover","Prayer Wheel"],"acts_visited":["Exordium","Exordium"],"potions_floor_usage":[6,8,16,24],"damage_taken":[{"damage":1,"enemies":"Cultist","floor":1,"turns":4},{"damage":4,"enemies":"infinitespire:Voidling","floor":2,"turns":4},{"damage":0,"enemies":"conspire:RoseBush","floor":4,"turns":2},{"damage":0,"enemies":"conspire:2 RoseBushes","floor":5,"turns":8},{"damage":21,"enemies":"3 Sentries","floor":6,"turns":8},{"damage":28,"enemies":"Lagavulin","floor":8,"turns":9},{"damage":15,"enemies":"Fading Forest","floor":16,"turns":11},{"damage":1,"enemies":"Gensokyo:3_Dogs","floor":18,"turns":7},{"damage":11,"enemies":"Gensokyo:Chomper","floor":22,"turns":4},{"damage":63,"enemies":"Gensokyo:Reisen","floor":24,"turns":5}],"seed_played":"1436166797987570544","potions_obtained":[{"floor":3,"key":"Adrenaline Potion"},{"floor":3,"key":"Elixir"},{"floor":3,"key":"Flashbang"},{"floor":6,"key":"ColorlessPotion"}],"is_trial":false,"path_per_floor":["M","M","?","M","M","E","R","E","T","?","R","$","R","T","R","B",null,"M","?","AVR","R","M","R","E"],"character_chosen":"THE_DEFAULT","items_purchased":["conspire:TreasureMap"],"campfire_rested":2,"item_purchase_floors":[12],"current_hp_per_floor":[69,69,69,69,69,48,48,20,20,20,41,41,41,41,62,47,70,69,69,69,69,58,58,0,0],"gold":46,"neow_bonus":"REMOVE_CARD","is_daily":false,"chose_seed":false,"campfire_upgraded":3,"win_rate":0.0,"timestamp":1609676406,"path_taken":["M","M","?","?","M","E","R","E","T","?","R","?","R","?","R","BOSS","M","?","AVR","?","?","R","E"],"items_purchased_type":["Relic"],"build_version":"2020-12-22","purchased_purges":2,"victory":false,"max_hp_per_floor":[70,70,70,70,70,70,70,70,70,70,70,70,70,70,70,70,70,70,70,70,70,70,70,70,70],"relic_stats":{"counters":[10,62],"Prayer Wheel":1,"obtain_stats":[{"theMarked:ArtifactOfAir":0,"vexMod:GildedClover":19,"conspire:TreasureMap":12,"infinitespire:WardingShard":8,"Prayer Wheel":20,"thethorton:GreedFountain":17,"jedi:command_shop":19,"jedi:arcanewood":6,"Mercury Hourglass":9,"infinitespire:Midas Blood":14},{"theMarked:ArtifactOfAir":0,"vexMod:GildedClover":8,"conspire:TreasureMap":6,"infinitespire:WardingShard":6,"Prayer Wheel":8,"thethorton:GreedFountain":7,"jedi:command_shop":8,"jedi:arcanewood":5,"Mercury Hourglass":6,"infinitespire:Midas Blood":6},{"theMarked:ArtifactOfAir":0,"vexMod:GildedClover":53,"conspire:TreasureMap":35,"infinitespire:WardingShard":35,"Prayer Wheel":53,"thethorton:GreedFountain":46,"jedi:command_shop":53,"jedi:arcanewood":26,"Mercury Hourglass":35,"infinitespire:Midas Blood":35}],"Mercury Hourglass":[180]},"card_choices":[{"not_picked":["theMarked:ShockingTouch","theMarked:BanishingStrike","theMarked:KeepCalmAndFightOn"],"picked":"SKIP","floor":1},{"not_picked":["theMarked:WastefulAttack","theMarked:Parkour","theMarked:ShockingTouch"],"picked":"SKIP","floor":2},{"not_picked":["theMarked:ElectricStrings","theMarked:SwordAndMagic","theMarked:HeightenedSenses"],"picked":"SKIP","floor":4},{"not_picked":["theMarked:Improvise","theMarked:Frustration"],"picked":"theMarked:ElementalBlade","floor":5},{"not_picked":["theMarked:TakeCover","theMarked:Improvise"],"picked":"theMarked:AttractMetal","floor":6},{"not_picked":["theMarked:Aftermath","theMarked:ContemptForTheProud","theMarked:ThrowWeapon"],"picked":"SKIP","floor":8},{"not_picked":["theMarked:Defy","theMarked:Abjuration"],"picked":"theMarked:BindingBlade","floor":16},{"not_picked":["theMarked:EnhanceMovement+1","theMarked:HeightenedSenses"],"picked":"theMarked:HeritageOfTheMarked+1","floor":18},{"not_picked":["theMarked:ThrowWeapon","theMarked:Vacuum"],"picked":"theMarked:SoldierForm","floor":22},{"not_picked":["theMarked:FavorableWinds","theMarked:TurnInvisible"],"picked":"theMarked:EternalStudent","floor":22}],"player_experience":1376539,"relics_obtained":[{"floor":6,"key":"jedi:arcanewood"},{"floor":8,"key":"infinitespire:WardingShard"},{"floor":9,"key":"Mercury Hourglass"},{"floor":14,"key":"infinitespire:Midas Blood"}],"event_choices":[{"damage_healed":0,"gold_gain":0,"player_choice":"Got Potions","damage_taken":0,"max_hp_gain":0,"max_hp_loss":0,"event_name":"Lab","floor":3,"gold_loss":0}],"is_beta":false,"boss_relics":[{"not_picked":["halation:MonkeysPaw","Replay:Fungal Core"],"picked":"thethorton:GreedFountain"}],"items_purged_floors":[12,20],"is_endless":false,"potions_floor_spawned":[5,6],"killed_by":"Gensokyo:Reisen","ascension_level":0}}