{"host":"x3lqeik2a5qeoft8","time":1609698792,"event":{"mods":["AchievementEnabler","BaseMod","Minty Spire (QoL Compilation)","SuperFastMode"],"gold_per_floor":[362,377,396,249,249,249,275,275,275,285,285,285],"floor_reached":11,"playtime":364,"items_purged":["Decay"],"score":80,"play_id":"05483fe7-8ce1-4ca3-b8d2-d4055d712292","local_time":"20210103193312","is_ascension_mode":true,"campfire_choices":[{"floor":6,"key":"REST"}],"circlet_count":0,"master_deck":["Strike_B","Strike_B","Strike_B","Defend_B","Defend_B","Defend_B","Defend_B","Zap","Dualcast","Consume","Doom and Gloom","Consume","Storm+1","FTL","Ball Lightning"],"relics":["Cracked Core","Question Card","Matryoshka"],"acts_visited":["Exordium"],"potions_floor_usage":[11],"damage_taken":[{"damage":5,"enemies":"Jaw Worm","floor":1,"turns":4},{"damage":26,"enemies":"Small Slimes","floor":2,"turns":4},{"damage":1,"enemies":"Cultist","floor":3,"turns":3},{"damage":48,"enemies":"3 Sentries","floor":7,"turns":8},{"damage":15,"enemies":"2 Fungi Beasts","floor":10,"turns":3},{"damage":13,"enemies":"Lagavulin","floor":11,"turns":2}],"seed_played":"5668746926705451021","potions_obtained":[{"floor":2,"key":"AttackPotion"},{"floor":7,"key":"FocusPotion"},{"floor":10,"key":"SteroidPotion"}],"is_trial":false,"path_per_floor":["M","M","M","$","?","R","E","?","T","M","E"],"character_chosen":"DEFECT","items_purchased":["Storm"],"campfire_rested":1,"item_purchase_floors":[4],"current_hp_per_floor":[70,44,43,43,43,65,17,17,17,2,0,0],"gold":285,"neow_bonus":"TWO_FIFTY_GOLD","is_daily":false,"chose_seed":false,"campfire_upgraded":0,"win_rate":0.0,"timestamp":1609698792,"path_taken":["M","M","M","$","?","R","E","?","T","?","E"],"items_purchased_type":["Card"],"build_version":"2020-12-22","purchased_purges":1,"victory":false,"max_hp_per_floor":[75,75,75,75,75,75,75,75,75,75,75,75],"card_choices":[{"not_picked":["Gash","Turbo"],"picked":"Consume","floor":1},{"not_picked":["Streamline","Gash"],"picked":"Doom and Gloom","floor":2},{"not_picked":["Hologram","Beam Cell"],"picked":"Consume","floor":3},{"not_picked":["Streamline","Rip and Tear"],"picked":"FTL","floor":7},{"not_picked":["White Noise","Barrage","Streamline"],"picked":"Ball Lightning","floor":10}],"player_experience":99641,"relics_obtained":[{"floor":7,"key":"Question Card"},{"floor":9,"key":"Matryoshka"}],"event_choices":[{"damage_healed":0,"gold_gain":0,"player_choice":"Grow","damage_taken":0,"max_hp_gain":0,"max_hp_loss":0,"event_name":"Living Wall","floor":5,"gold_loss":0,"cards_upgraded":["Storm"]},{"cards_removed":["Strike_B"],"damage_healed":0,"gold_gain":0,"player_choice":"Purged","damage_taken":0,"max_hp_gain":0,"max_hp_loss":0,"event_name":"Purifier","floor":8,"gold_loss":0}],"is_beta":false,"boss_relics":[],"items_purged_floors":[4],"is_endless":false,"potions_floor_spawned":[2,7,10],"killed_by":"Lagavulin","ascension_level":2}}