{"host":"ormi09wwzv7sq47a","time":1609717818,"event":{"mods":["2.2 Compatiblity","AchievementEnabler","Act Like it!","BaseMod","Bestiary","Better Altar","Better Note","Better Sensory Stone","Better Skull","Better Third Choice","Better Vampires","BetterRewards","Block Reminder","Card Forge","Colored Map","Colored Powertips","Curses Come First","DeckTracker","Downfall","Highlight Path","Minty Spire (QoL Compilation)","Permanent Neow","Quick Restart","Rare Cards Sparkle","Relic Stats","Shop Mod","StSLib","The Jungle","The Servant 0.9.4"],"gold_per_floor":[109,34,34,34,34,34,50,61,61,61,77,88,88,103,103,178,178,198,217,217,217,237,237,265,285,285,302,302,314,340,440,440,513,513,528,547,547,263,310,310,310,310,310,310,350,376,376,385,385,385,385,385,26,60,60],"floor_reached":56,"playtime":4506,"items_purged":["Guardian:Strike_Guardian","Guardian:Defend_Guardian"],"score":2502,"play_id":"c8ba0e61-ddb7-4044-b974-fe794cca5eaf","local_time":"20210103205018","is_ascension_mode":true,"campfire_choices":[{"data":"Guardian:CurlUp","floor":6.0,"key":"SMITH"},{"data":"Guardian:SentryBeam","floor":10.0,"key":"SMITH"},{"data":"Guardian:ArmoredProtocol","floor":13.0,"key":"SMITH"},{"data":"Guardian:GuardianWhirl","floor":15.0,"key":"SMITH"},{"data":"Guardian:CrystalBeam","floor":23,"key":"SMITH"},{"data":"Guardian:PrismaticBeam","floor":28,"key":"SMITH"},{"data":"expansioncontent:YouAreMine","floor":32,"key":"SMITH"},{"data":"Guardian:SphericShield","floor":40,"key":"SMITH"},{"data":"expansioncontent:Corrupt","floor":41,"key":"SMITH"},{"data":"Guardian:TemporalShield","floor":44,"key":"SMITH"},{"floor":47,"key":"RECALL"},{"data":"Guardian:ShieldSpikes","floor":49,"key":"SMITH"},{"data":"Guardian:Suspension","floor":52,"key":"SMITH"}],"circlet_count":0,"master_deck":["AscendersBane","Guardian:CurlUp+1","Guardian:TwinSlam","Guardian:FuturePlans","expansioncontent:YouAreMine+1","Guardian:Incinerate","Guardian:SentryBeam+1","Guardian:GuardianWhirl+1","Guardian:ArmoredProtocol+1","Guardian:Recover","Guardian:AncientConstruct","Guardian:Suspension+1","Guardian:ArmoredProtocol","Guardian:TimeCapacitor+1","Guardian:CrystalBeam+1","Guardian:FloatingOrbs+1","Guardian:PrismaticBeam+1","Guardian:FloatingOrbs+1","Guardian:ShieldSpikes+1","Guardian:SphericShield+1","Guardian:BronzeOrb","Guardian:TemporalShield+1","Master of Strategy","expansioncontent:Corrupt+1","Injury","Guardian:Repulse+1","Guardian:VentSteam","Writhe","Guardian:ArmoredProtocol+1"],"relics":["Guardian:ModeShifter","Hammer of Thor","Seething Fire","Anvil of the Gods","TungstenRod","Mummified Hand","Gambling Chip","Bag of Marbles","Question Card","Matryoshka","Pandora\u0027s Box","Darkstone Periapt","HornCleat","Anchor","WingedGreaves","Pear","Cursed Key","Frozen Egg 2","Torii","Du-Vu Doll","CeramicFish","Bottled Lightning","Ginger","Guardian:PocketSentry"],"acts_visited":["Exordium","TheCity","TheBeyond","TheEnding"],"potions_floor_usage":[25,27,30,31,46],"damage_taken":[{"damage":0.0,"enemies":"2 Louse","floor":1.0,"turns":3.0},{"damage":7.0,"enemies":"Small Slimes","floor":7.0,"turns":3.0},{"damage":0.0,"enemies":"Jaw Worm","floor":8.0,"turns":3.0},{"damage":3.0,"enemies":"Red Slaver","floor":11.0,"turns":3.0},{"damage":0.0,"enemies":"Exordium Wildlife","floor":12.0,"turns":1.0},{"damage":0.0,"enemies":"Gremlin Gang","floor":14.0,"turns":1.0},{"damage":9.0,"enemies":"Hexaghost","floor":16.0,"turns":11.0},{"damage":12.0,"enemies":"Shell Parasite","floor":18.0,"turns":4.0},{"damage":0.0,"enemies":"Spheric Guardian","floor":19.0,"turns":4.0},{"damage":0,"enemies":"Centurion and Healer","floor":22,"turns":4},{"damage":7,"enemies":"Gremlin Leader","floor":24,"turns":5},{"damage":7,"enemies":"Snecko","floor":25,"turns":4},{"damage":0,"enemies":"Sentry and Sphere","floor":27,"turns":3},{"damage":0,"enemies":"Snake Plant","floor":29,"turns":3},{"damage":9,"enemies":"Slavers","floor":30,"turns":4},{"damage":0,"enemies":"Colosseum Slavers","floor":31,"turns":3},{"damage":0,"enemies":"Colosseum Nobs","floor":31,"turns":3},{"damage":1,"enemies":"Collector","floor":33,"turns":7},{"damage":0,"enemies":"3 Shapes","floor":35,"turns":7},{"damage":0,"enemies":"3 Darklings","floor":36,"turns":4},{"damage":0,"enemies":"2 Orb Walkers","floor":39,"turns":5},{"damage":0,"enemies":"Giant Head","floor":45,"turns":6},{"damage":11,"enemies":"Jaw Worm Horde","floor":46,"turns":5},{"damage":21,"enemies":"Time Eater","floor":50,"turns":10},{"damage":27,"enemies":"Shield and Spear","floor":54,"turns":6},{"damage":21,"enemies":"The Heart","floor":55,"turns":8}],"seed_played":"2076133897311305350","potions_obtained":[{"floor":1.0,"key":"Guardian:StasisDiscoveryPotion"},{"floor":7.0,"key":"Dexterity Potion"},{"floor":18.0,"key":"Guardian:StasisDiscoveryPotion"},{"floor":25,"key":"Explosive Potion"},{"floor":30,"key":"Swift Potion"},{"floor":33,"key":"EssenceOfSteel"},{"floor":35,"key":"sneckomod:MuddlingPotion"},{"floor":54,"key":"LiquidMemories"}],"is_trial":false,"path_per_floor":["M","?","?","T","$","R","M","M","T","R","M","M","R","M","R","B",null,"M","M","?","?","M","R","E","M","T","M","R","M","E","?","R","B",null,"M","M","?","$","?","R","R","?","T","R","E","M","R","?","R","B",null,"R","$","E","B",null],"character_chosen":"GUARDIAN","items_purchased":["Mummified Hand","Guardian:FuturePlans","Guardian:Gem_White","expansioncontent:YouAreMine","Frozen Egg 2","Guardian:ArmoredProtocol+1","Ginger"],"campfire_rested":0,"item_purchase_floors":[0,0,0,0,38,53,53],"current_hp_per_floor":[51,51,36,36,36,36,29,29,29,29,26,26,26,26,26,17,58,46,46,46,46,46,46,39,32,32,32,32,32,23,33,33,32,70,70,70,70,70,70,70,70,70,76,76,76,65,65,89,89,68,88,88,88,61,40],"gold":60,"neow_bonus":"","is_daily":false,"chose_seed":false,"campfire_upgraded":12,"win_rate":0.0,"timestamp":1609717818,"path_taken":["M","?","?","?","$","R","M","?","T","R","M","M","R","M","R","BOSS","M","M","?","?","M","R","E","?","T","M","R","M","E","?","R","BOSS","M","M","?","$","?","R","R","?","T","R","E","?","R","?","R","BOSS","R","$","E","BOSS"],"items_purchased_type":["Relic","Card","Card","Card","Relic","Card","Relic"],"build_version":"2020-12-22","purchased_purges":2,"victory":true,"max_hp_per_floor":[72,72,72,72,72,72,72,72,72,72,72,72,72,72,72,72,72,72,72,72,72,72,72,72,72,72,72,72,72,72,82,82,82,82,82,82,82,82,82,82,82,82,88,88,88,88,88,94,94,94,94,94,94,94,94],"relic_stats":{"Darkstone Periapt":12,"Torii":7,"counters":[374,1738],"Mummified Hand":[159],"Gambling Chip":[41],"CeramicFish":36,"Pandora\u0027s Box":["Guardian:Suspension","Guardian:Gem_Yellow","Guardian:EvasiveProtocol","Guardian:Gem_Blue","Guardian:Gem_Synthetic"],"Ginger":[4],"Question Card":24,"Cursed Key":3,"obtain_stats":[{"Guardian:StasisEgg":37,"Ginger":0,"Whetstone":26,"Sling":0,"Boot":53,"Old Coin":43,"Guardian:PickAxe":14,"Blood Vial":23,"Sundial":30,"MealTicket":0,"Kunai":53,"MerchantsRug":21,"Pear":40,"Blue Candle":0,"Eternal Feather":9,"Pen Nib":44,"Guardian:PocketSentry":6,"Akabeko":0,"MutagenicStrength":22,"Bird Faced Urn":0,"Snecko Eye":17,"Pandora\u0027s Box":34,"StrikeDummy":43,"Unceasing Top":7,"Guardian:StasisSlotReductionRelic":17,"Lantern":29,"Regal Pillow":7,"Torii":12,"Singing Bowl":21,"Guardian:StasisCodex":54,"StoneCalendar":38,"Bag of Preparation":21,"Ancient Tea Set":26,"Smiling Mask":30,"Cursed Key":17,"Matryoshka":9,"Shovel":40,"WingedGreaves":37,"InkBottle":47,"Lee\u0027s Waffle":0,"Golden Idol":13,"Thread and Needle":12,"PreservedInsect":17,"The Courier":34,"Omamori":46,"Seething Fire":0,"Frozen Egg 2":9,"MawBank":9,"betterThird:SlimedRelic":2,"Turnip":0,"Art of War":48,"Bottled Lightning":26,"hexamod:BolsterEngine":13,"Toy Ornithopter":44,"Ice Cream":31,"Calipers":30,"Tiny House":17,"Gremlin Horn":26,"Nilry\u0027s Codex":25,"CeramicFish":7,"Vajra":31,"Guardian:SackOfGems":23,"Hammer of Thor":0,"Lizard Tail":0,"Centennial Puzzle":29,"HornCleat":22,"DollysMirror":31,"Strawberry":10,"Prayer Wheel":17,"Philosopher\u0027s Stone":34,"Toxic Egg 2":29,"Girya":10,"Guardian:BottledStasis":36,"Happy Flower":54,"Astrolabe":17,"Dead Branch":0,"Guardian:ModeShifter":0,"Oddly Smooth Stone":37,"Letter Opener":9,"War Paint":9,"Question Card":40,"Du-Vu Doll":0,"OrangePellets":0,"Bottled Flame":26,"Shuriken":26,"Anvil of the Gods":0,"Bronze Scales":0,"Black Star":34,"Nloth\u0027s Gift":22,"Pocketwatch":7,"Meat on the Bone":24,"Darkstone Periapt":17,"Guardian:ModeShifterPlus":34,"Incense Burner":7,"Juzu Bracelet":7,"Dream Catcher":14,"Nunchaku":0,"Mummified Hand":8,"Gambling Chip":0,"Tiny Chest":25,"Orichalcum":43,"Odd Mushroom":10,"Medical Kit":0,"White Beast Statue":21,"Mercury Hourglass":45,"Calling Bell":17,"Peace Pipe":0,"Guardian:StasisUpgradeRelic":53,"CaptainsWheel":9,"Anchor":9,"Bag of Marbles":48,"Membership Card":21,"FossilizedHelix":38,"TungstenRod":26},{"Guardian:StasisEgg":218,"Ginger":39,"Whetstone":249,"Sling":39,"Boot":346,"Old Coin":342,"Guardian:PickAxe":24,"Blood Vial":51,"Sundial":12,"MealTicket":171,"Kunai":109,"MerchantsRug":96,"Pear":320,"Blue Candle":136,"Eternal Feather":44,"Pen Nib":35,"Guardian:PocketSentry":44,"Akabeko":84,"MutagenicStrength":180,"Bird Faced Urn":225,"Snecko Eye":246,"Pandora\u0027s Box":14,"StrikeDummy":256,"Unceasing Top":69,"Guardian:StasisSlotReductionRelic":7,"Lantern":29,"Regal Pillow":329,"Torii":143,"Singing Bowl":209,"Guardian:StasisCodex":65,"StoneCalendar":189,"Bag of Preparation":96,"Ancient Tea Set":28,"Smiling Mask":99,"Cursed Key":177,"Matryoshka":194,"Shovel":220,"WingedGreaves":318,"InkBottle":37,"Lee\u0027s Waffle":162,"Golden Idol":5,"Thread and Needle":331,"PreservedInsect":25,"The Courier":276,"Omamori":106,"Seething Fire":0,"Frozen Egg 2":89,"MawBank":204,"betterThird:SlimedRelic":40,"Turnip":66,"Art of War":133,"Bottled Lightning":10,"hexamod:BolsterEngine":45,"Toy Ornithopter":105,"Ice Cream":275,"Calipers":124,"Tiny House":333,"Gremlin Horn":52,"Nilry\u0027s Codex":149,"CeramicFish":305,"Vajra":30,"Guardian:SackOfGems":210,"Hammer of Thor":0,"Lizard Tail":17,"Centennial Puzzle":53,"HornCleat":50,"DollysMirror":99,"Strawberry":90,"Prayer Wheel":25,"Philosopher\u0027s Stone":186,"Toxic Egg 2":215,"Girya":80,"Guardian:BottledStasis":277,"Happy Flower":110,"Astrolabe":47,"Dead Branch":111,"Guardian:ModeShifter":0,"Oddly Smooth Stone":32,"Letter Opener":242,"War Paint":69,"Question Card":255,"Du-Vu Doll":288,"OrangePellets":111,"Bottled Flame":123,"Shuriken":97,"Anvil of the Gods":0,"Bronze Scales":162,"Black Star":100,"Nloth\u0027s Gift":209,"Pocketwatch":116,"Meat on the Bone":248,"Darkstone Periapt":25,"Guardian:ModeShifterPlus":55,"Incense Burner":4,"Juzu Bracelet":168,"Dream Catcher":6,"Nunchaku":66,"Mummified Hand":141,"Gambling Chip":348,"Tiny Chest":123,"Orichalcum":34,"Odd Mushroom":331,"Medical Kit":66,"White Beast Statue":96,"Mercury Hourglass":157,"Calling Bell":25,"Peace Pipe":76,"Guardian:StasisUpgradeRelic":109,"CaptainsWheel":4,"Anchor":21,"Bag of Marbles":63,"Membership Card":96,"FossilizedHelix":58,"TungstenRod":212},{"Guardian:StasisEgg":983,"Ginger":211,"Whetstone":1148,"Sling":211,"Boot":1601,"Old Coin":1571,"Guardian:PickAxe":121,"Blood Vial":270,"Sundial":61,"MealTicket":775,"Kunai":521,"MerchantsRug":476,"Pear":1454,"Blue Candle":609,"Eternal Feather":237,"Pen Nib":184,"Guardian:PocketSentry":237,"Akabeko":446,"MutagenicStrength":815,"Bird Faced Urn":1021,"Snecko Eye":1137,"Pandora\u0027s Box":75,"StrikeDummy":1185,"Unceasing Top":367,"Guardian:StasisSlotReductionRelic":38,"Lantern":150,"Regal Pillow":1502,"Torii":640,"Singing Bowl":955,"Guardian:StasisCodex":340,"StoneCalendar":861,"Bag of Preparation":476,"Ancient Tea Set":145,"Smiling Mask":485,"Cursed Key":801,"Matryoshka":883,"Shovel":992,"WingedGreaves":1450,"InkBottle":196,"Lee\u0027s Waffle":727,"Golden Idol":22,"Thread and Needle":1508,"PreservedInsect":130,"The Courier":1282,"Omamori":510,"Seething Fire":0,"Frozen Egg 2":456,"MawBank":929,"betterThird:SlimedRelic":214,"Turnip":349,"Art of War":591,"Bottled Lightning":50,"hexamod:BolsterEngine":240,"Toy Ornithopter":504,"Ice Cream":1273,"Calipers":565,"Tiny House":1521,"Gremlin Horn":274,"Nilry\u0027s Codex":664,"CeramicFish":1404,"Vajra":154,"Guardian:SackOfGems":959,"Hammer of Thor":0,"Lizard Tail":91,"Centennial Puzzle":277,"HornCleat":266,"DollysMirror":485,"Strawberry":460,"Prayer Wheel":130,"Philosopher\u0027s Stone":845,"Toxic Egg 2":974,"Girya":426,"Guardian:BottledStasis":1284,"Happy Flower":525,"Astrolabe":259,"Dead Branch":532,"Guardian:ModeShifter":0,"Oddly Smooth Stone":167,"Letter Opener":1119,"War Paint":367,"Question Card":1177,"Du-Vu Doll":1325,"OrangePellets":532,"Bottled Flame":561,"Shuriken":479,"Anvil of the Gods":0,"Bronze Scales":727,"Black Star":490,"Nloth\u0027s Gift":955,"Pocketwatch":545,"Meat on the Bone":1146,"Darkstone Periapt":130,"Guardian:ModeShifterPlus":288,"Incense Burner":18,"Juzu Bracelet":761,"Dream Catcher":28,"Nunchaku":349,"Mummified Hand":631,"Gambling Chip":1619,"Tiny Chest":561,"Orichalcum":177,"Odd Mushroom":1508,"Medical Kit":349,"White Beast Statue":476,"Mercury Hourglass":698,"Calling Bell":130,"Peace Pipe":412,"Guardian:StasisUpgradeRelic":521,"CaptainsWheel":18,"Anchor":107,"Bag of Marbles":326,"Membership Card":476,"FossilizedHelix":296,"TungstenRod":962}],"TungstenRod":35},"card_choices":[{"not_picked":["Guardian:CrystalBeam","Guardian:PrismaticBarrier"],"picked":"Guardian:Incinerate","floor":1.0},{"not_picked":["Guardian:PrismaticBarrier","Guardian:Gem_Crimson","Guardian:TemporalStrike"],"picked":"Guardian:SentryBeam","floor":7.0},{"not_picked":["Guardian:Gem_Red","Guardian:RefractedBeam","Guardian:Planning"],"picked":"Guardian:GuardianWhirl","floor":8.0},{"not_picked":["Guardian:Clone","Guardian:Recover","Guardian:Incinerate"],"picked":"Guardian:Gem_Blue","floor":11.0},{"not_picked":["Guardian:BronzeArmor","Guardian:TemporalStrike","Guardian:Gem_Green"],"picked":"Guardian:ArmoredProtocol","floor":12.0},{"not_picked":["Guardian:PrimingBeam","Guardian:ChargeCore","Guardian:Reroute"],"picked":"Guardian:Recover","floor":14.0},{"not_picked":["Guardian:CompilePackage","Guardian:StasisEngine","Guardian:RevengeProtocol"],"picked":"Guardian:AncientConstruct","floor":16.0},{"not_picked":["Guardian:EvasiveProtocol","Guardian:TemporalStrike","Guardian:VentSteam"],"picked":"Guardian:ArmoredProtocol","floor":18.0},{"not_picked":["Guardian:Reroute","Guardian:ArmoredProtocol","Guardian:VentSteam"],"picked":"Guardian:TimeCapacitor+1","floor":19.0},{"not_picked":["Guardian:Preprogram","Guardian:DonusPower","Guardian:DecasProtection"],"picked":"Guardian:FloatingOrbs+1","floor":22},{"not_picked":["Guardian:Gem_Cyan","Guardian:StasisField","Guardian:VentSteam"],"picked":"Guardian:PrismaticBeam","floor":24},{"not_picked":["Guardian:WalkerClaw","Guardian:ChargeCore","Guardian:Reroute"],"picked":"Guardian:FloatingOrbs+1","floor":25},{"not_picked":["Guardian:VentSteam+1","Guardian:Incinerate","Guardian:EvasiveProtocol"],"picked":"Guardian:SpikerProtocol","floor":27},{"not_picked":["Guardian:Preprogram","Guardian:RollAttack","Guardian:Gem_Cyan"],"picked":"Guardian:Gem_Purple","floor":29},{"not_picked":["Guardian:ShieldCharger","Guardian:Gem_Fragmented","Guardian:Gem_Crimson"],"picked":"Guardian:ShieldSpikes","floor":30},{"not_picked":["Guardian:BronzeArmor","Guardian:AncientConstruct","Guardian:WalkerClaw"],"picked":"Guardian:Gem_Cyan","floor":31},{"not_picked":["Guardian:StasisEngine","Guardian:TimeSifter","Guardian:Gem_Orange"],"picked":"Guardian:SphericShield","floor":33},{"not_picked":["Guardian:Gem_Fragmented","Guardian:VentSteam","Guardian:TemporalStrike"],"picked":"Guardian:BronzeOrb","floor":35},{"not_picked":["Guardian:Clone+1","Guardian:ArmoredProtocol","Guardian:PrimingBeam"],"picked":"Guardian:TemporalShield","floor":36},{"not_picked":["expansioncontent:CaCaw","expansioncontent:Corrupt","Mind Blast"],"picked":"Master of Strategy","floor":37},{"not_picked":["expansioncontent:DarkVoid","Thinking Ahead","expansioncontent:DefensiveStance"],"picked":"expansioncontent:Corrupt","floor":37},{"not_picked":["Guardian:Emergency","Guardian:WalkerClaw","Guardian:FloatingOrbs+1"],"picked":"Guardian:Repulse+1","floor":45},{"not_picked":["Guardian:Gem_Red","Guardian:PiercingHide","Guardian:PrimingBeam"],"picked":"Guardian:VentSteam","floor":46},{"not_picked":["Guardian:CrystalBeam","Guardian:Suspension+1","Guardian:WalkerClaw","Guardian:VentSteam"],"picked":"SKIP","floor":54}],"player_experience":873881,"relics_obtained":[{"floor":4.0,"key":"Question Card"},{"floor":9.0,"key":"Matryoshka"},{"floor":24,"key":"Darkstone Periapt"},{"floor":26,"key":"HornCleat"},{"floor":30,"key":"Anchor"},{"floor":31,"key":"WingedGreaves"},{"floor":31,"key":"Pear"},{"floor":39,"key":"Torii"},{"floor":43,"key":"Du-Vu Doll"},{"floor":43,"key":"CeramicFish"},{"floor":45,"key":"Bottled Lightning"},{"floor":54,"key":"Guardian:PocketSentry"}],"event_choices":[{"cards_removed":["Guardian:Strike_Guardian"],"damage_healed":0.0,"max_hp_gain":0.0,"max_hp_loss":0.0,"gold_gain":0.0,"event_name":"The Cleric","player_choice":"Card Removal","floor":2.0,"gold_loss":75.0,"damage_taken":0.0},{"damage_healed":0.0,"max_hp_gain":0.0,"max_hp_loss":0.0,"gold_gain":0.0,"event_name":"betterThird:BetterScrap","player_choice":"Relic ","floor":3.0,"gold_loss":0.0,"damage_taken":18.0,"cards_obtained":["Dual Wield"]},{"damage_healed":0.0,"max_hp_gain":0.0,"max_hp_loss":0.0,"gold_gain":0.0,"cards_transformed":["Guardian:Gem_Blue","Guardian:EvasiveProtocol"],"event_name":"Drug Dealer","player_choice":"Became Test Subject","floor":20.0,"gold_loss":0.0,"damage_taken":0.0,"cards_obtained":["Guardian:Gem_Orange","Guardian:CrystalBeam"]},{"damage_healed":0,"gold_gain":0,"player_choice":"3 cards matched","damage_taken":0,"max_hp_gain":0,"max_hp_loss":0,"event_name":"Match and Keep!","floor":21,"gold_loss":0,"cards_obtained":["Guardian:Gem_Cyan","Guardian:Gem_Red","Guardian:Gem_Crimson"]},{"damage_healed":0,"gold_gain":0,"player_choice":"Fight","damage_taken":0,"max_hp_gain":0,"max_hp_loss":0,"event_name":"Colosseum","floor":31,"gold_loss":0},{"damage_healed":0,"gold_gain":0,"player_choice":"Fought Nobs","damage_taken":0,"max_hp_gain":0,"max_hp_loss":0,"event_name":"Colosseum","floor":31,"gold_loss":0},{"damage_healed":0,"gold_gain":3,"player_choice":"1","damage_taken":0,"max_hp_gain":0,"max_hp_loss":0,"event_name":"betterStone:BetterStone","floor":37,"gold_loss":0},{"damage_healed":0,"gold_gain":0,"player_choice":"Fight","damage_taken":0,"max_hp_gain":0,"max_hp_loss":0,"event_name":"Mysterious Sphere","floor":39,"gold_loss":0},{"cards_removed":["Guardian:SpikerProtocol"],"damage_healed":0,"gold_gain":0,"player_choice":"Removed Power","damage_taken":0,"max_hp_gain":0,"max_hp_loss":0,"event_name":"Falling","floor":42,"gold_loss":0},{"damage_healed":18,"gold_gain":0,"player_choice":"Writhe","damage_taken":0,"max_hp_gain":0,"max_hp_loss":0,"event_name":"Winding Halls","floor":48,"gold_loss":0,"cards_obtained":["Writhe"]}],"is_beta":false,"boss_relics":[{"not_picked":["SlaversCollar","Runic Dome"],"picked":"Pandora\u0027s Box"},{"not_picked":["Fusion Hammer","Velvet Choker"],"picked":"Cursed Key"}],"items_purged_floors":[0,0],"is_endless":false,"potions_floor_spawned":[1,7,14,18,22,25,30,31,33,35,39,54],"ascension_level":19}}