{"host":"novohdx135h0xyrr","time":1609703994,"event":{"mods":["BaseMod","Colored Map","Colored Powertips","Highlight Path","Minty Spire (QoL Compilation)"],"gold_per_floor":[110,65,81,97,97,127,127,144,168,168,191,191,210,210,210],"floor_reached":14,"playtime":1011,"items_purged":[],"score":110,"play_id":"4e3d043a-2510-4fa3-a680-cfd76a7bdf6f","local_time":"20210103115954","is_ascension_mode":true,"campfire_choices":[{"data":"True Grit","floor":7,"key":"SMITH"},{"floor":10,"key":"REST"},{"floor":12,"key":"REST"}],"circlet_count":0,"master_deck":["Strike_R","Strike_R","Strike_R","Strike_R","Strike_R","Defend_R","Defend_R","Defend_R","Defend_R","Bash+1","True Grit+1","Thunderclap","Twin Strike"],"relics":["Burning Blood","CultistMask","CeramicFish"],"acts_visited":[],"potions_floor_usage":[6,14],"damage_taken":[{"damage":1,"enemies":"Cultist","floor":1,"turns":3},{"damage":6,"enemies":"2 Louse","floor":3,"turns":3},{"damage":5,"enemies":"Small Slimes","floor":4,"turns":4},{"damage":63,"enemies":"3 Sentries","floor":6,"turns":13},{"damage":11,"enemies":"Blue Slaver","floor":8,"turns":5},{"damage":40,"enemies":"Exordium Thugs","floor":11,"turns":7},{"damage":17,"enemies":"Looter","floor":13,"turns":4},{"damage":38,"enemies":"Lagavulin","floor":14,"turns":6}],"seed_played":"2689237330240403832","potions_obtained":[{"floor":3,"key":"SteroidPotion"},{"floor":6,"key":"Swift Potion"},{"floor":11,"key":"EssenceOfSteel"}],"is_trial":false,"path_per_floor":["M","$","M","M","?","E","R","M","T","R","M","R","M","E"],"character_chosen":"IRONCLAD","items_purchased":["True Grit"],"campfire_rested":2,"item_purchase_floors":[2],"current_hp_per_floor":[80,80,80,80,80,23,23,18,18,42,8,32,21,0,0],"gold":210,"neow_bonus":"UPGRADE_CARD","is_daily":false,"chose_seed":false,"campfire_upgraded":1,"win_rate":0.0,"timestamp":1609703994,"path_taken":["M","$","M","?","?","E","R","M","T","R","?","R","M","E"],"items_purchased_type":["Card"],"build_version":"2020-12-22","purchased_purges":0,"victory":false,"max_hp_per_floor":[80,80,80,80,80,80,80,80,80,80,80,80,80,80,80],"card_choices":[{"not_picked":["Perfected Strike","Clothesline","Wild Strike"],"picked":"SKIP","floor":1},{"not_picked":["Flex","Havoc","Perfected Strike"],"picked":"SKIP","floor":3},{"not_picked":["Power Through","Perfected Strike","Reckless Charge"],"picked":"SKIP","floor":4},{"not_picked":["Burning Pact","Reckless Charge","Pummel"],"picked":"SKIP","floor":6},{"not_picked":["Wild Strike","Carnage","Offering"],"picked":"SKIP","floor":8},{"not_picked":["Wild Strike","Anger"],"picked":"Thunderclap","floor":11},{"not_picked":["Headbutt","Dropkick"],"picked":"Twin Strike","floor":13}],"player_experience":197629,"relics_obtained":[{"floor":6,"key":"CeramicFish"}],"event_choices":[{"damage_healed":0,"gold_gain":0,"player_choice":"Trade","damage_taken":0,"relics_obtained":["CultistMask"],"max_hp_gain":0,"max_hp_loss":0,"event_name":"FaceTrader","floor":5,"gold_loss":0}],"is_beta":false,"boss_relics":[],"items_purged_floors":[],"is_endless":false,"potions_floor_spawned":[3,6,11],"killed_by":"Lagavulin","ascension_level":4}}