{"host":"dw8ij7emqco3quom","time":1609714458,"event":{"mods":["BaseMod","Minty Spire (QoL Compilation)"],"gold_per_floor":[118,135,155,155,155,188,40,40,40,40,67,81,81,92,92,197,197,207,207,207,177,188,188,188,188],"floor_reached":24,"playtime":1091,"items_purged":["Strike_R"],"score":268,"play_id":"f8e1070d-066d-4a5c-87f5-63adde374de1","local_time":"20210103235417","is_ascension_mode":true,"campfire_choices":[{"data":"Uppercut","floor":8,"key":"SMITH"},{"floor":10,"key":"REST"},{"floor":15,"key":"REST"},{"floor":23,"key":"REST"}],"circlet_count":0,"master_deck":["Strike_R","Strike_R","Defend_R","Defend_R","Bash","Flex","Uppercut+1","Shrug It Off","Pommel Strike","Flame Barrier+1","Dual Wield+1","Feed","Rampage","Body Slam","Double Tap+1","Second Wind+1","Corruption+1","Ghostly Armor+1","Shrug It Off+1","Armaments+1"],"relics":["Burning Blood","Toxic Egg 2","Kunai","Art of War","Astrolabe"],"acts_visited":["Exordium","TheCity"],"potions_floor_usage":[6,12,16,20,22],"damage_taken":[{"damage":11,"enemies":"Cultist","floor":1,"turns":4},{"damage":0,"enemies":"2 Louse","floor":2,"turns":2},{"damage":7,"enemies":"Jaw Worm","floor":3,"turns":3},{"damage":35,"enemies":"Gremlin Nob","floor":6,"turns":4},{"damage":38,"enemies":"Lagavulin","floor":11,"turns":9},{"damage":20,"enemies":"Exordium Thugs","floor":12,"turns":5},{"damage":12,"enemies":"Exordium Wildlife","floor":14,"turns":4},{"damage":60,"enemies":"Hexaghost","floor":16,"turns":11},{"damage":19,"enemies":"Shell Parasite","floor":18,"turns":6},{"damage":0,"enemies":"2 Thieves","floor":20,"turns":1},{"damage":11,"enemies":"Snake Plant","floor":22,"turns":3},{"damage":91,"enemies":"Gremlin Leader","floor":24,"turns":6}],"seed_played":"-3648722557068410927","potions_obtained":[{"floor":0,"key":"SmokeBomb"},{"floor":0,"key":"SneckoOil"},{"floor":0,"key":"LiquidBronze"},{"floor":3,"key":"AttackPotion"},{"floor":11,"key":"Ancient Potion"},{"floor":14,"key":"Regen Potion"},{"floor":21,"key":"DuplicationPotion"},{"floor":21,"key":"Swift Potion"}],"is_trial":false,"path_per_floor":["M","M","M","?","?","E","$","R","T","R","E","M","?","M","R","B",null,"M","?","M","?","M","R","E"],"character_chosen":"IRONCLAD","items_purchased":["Flame Barrier+1"],"campfire_rested":3,"item_purchase_floors":[7],"current_hp_per_floor":[67,73,72,77,77,48,48,48,48,73,41,27,27,24,50,11,69,56,56,62,62,57,83,0,0],"gold":188,"neow_bonus":"THREE_SMALL_POTIONS","is_daily":false,"chose_seed":false,"campfire_upgraded":1,"win_rate":0.0,"timestamp":1609714457,"path_taken":["M","M","?","?","?","E","?","R","T","R","E","?","?","M","R","BOSS","M","?","M","?","M","R","E"],"items_purchased_type":["Card"],"build_version":"2020-12-22","purchased_purges":1,"victory":false,"max_hp_per_floor":[80,80,80,85,85,85,85,85,85,85,85,85,85,88,88,88,88,88,88,88,88,88,88,88,88],"card_choices":[{"not_picked":["True Grit","Second Wind"],"picked":"Flex","floor":1},{"not_picked":["Anger","Havoc"],"picked":"Uppercut","floor":2},{"not_picked":["Burning Pact","Pommel Strike"],"picked":"Shrug It Off","floor":3},{"not_picked":["Clothesline","Thunderclap"],"picked":"Pommel Strike","floor":6},{"not_picked":["Sword Boomerang","True Grit+1"],"picked":"Dual Wield+1","floor":11},{"not_picked":["Heavy Blade","Anger"],"picked":"Feed","floor":12},{"not_picked":["Burning Pact+1","Infernal Blade+1"],"picked":"Body Slam","floor":14},{"not_picked":["Brutality","Demon Form"],"picked":"Double Tap+1","floor":16},{"not_picked":["Ghostly Armor+1","True Grit+1"],"picked":"Shrug It Off+1","floor":18},{"not_picked":["Pommel Strike+1","Dual Wield+1"],"picked":"Armaments+1","floor":22}],"player_experience":601091,"relics_obtained":[{"floor":6,"key":"Toxic Egg 2"},{"floor":9,"key":"Kunai"},{"floor":11,"key":"Art of War"}],"event_choices":[{"damage_healed":0,"gold_gain":0,"player_choice":"Donut","damage_taken":0,"max_hp_gain":5,"max_hp_loss":0,"event_name":"Big Fish","floor":4,"gold_loss":0},{"damage_healed":0,"gold_gain":0,"player_choice":"Leave","damage_taken":0,"max_hp_gain":0,"max_hp_loss":0,"event_name":"The Cleric","floor":5,"gold_loss":0},{"damage_healed":0,"gold_gain":0,"cards_transformed":["Defend_R"],"player_choice":"Change","damage_taken":0,"max_hp_gain":0,"max_hp_loss":0,"event_name":"Living Wall","floor":13,"gold_loss":0,"cards_obtained":["Rampage"]},{"damage_healed":0,"gold_gain":0,"player_choice":"Ignored","damage_taken":0,"max_hp_gain":0,"max_hp_loss":0,"event_name":"Cursed Tome","floor":19,"gold_loss":0},{"damage_healed":0,"gold_gain":0,"player_choice":"Bought 2 Potions","damage_taken":0,"max_hp_gain":0,"max_hp_loss":0,"event_name":"The Woman in Blue","floor":21,"gold_loss":0}],"is_beta":false,"boss_relics":[{"not_picked":["Ectoplasm","Sozu"],"picked":"Astrolabe"}],"items_purged_floors":[7],"is_endless":false,"potions_floor_spawned":[3,11,14],"killed_by":"Gremlin Leader","ascension_level":6}}