{"host":"rolltorest","time":1609635392,"event":{"mods":["BaseMod","Minty Spire (QoL Compilation)","Relic Stats","Robot Space Explorer","Slay the Relics Exporter","StSLib"],"gold_per_floor":[109,109,109,28,40,68,168,200,200,214,214,214,244,271,271,376,376,386,412,412,27,27,61,61,78,378,406,13,28,54,154,154,258,258,275,287,287,297,311,339,339,264,264,281,281,314,191,219,219,219,219,219,0,31,31,31],"floor_reached":55,"playtime":1865,"items_purged":["Writhe","RobotSpaceExplorer:Strike","RobotSpaceExplorer:Strike"],"score":1335,"play_id":"e8ab909d-0597-4c3e-ad76-7bda478f8b50","local_time":"20210102165632","is_ascension_mode":true,"campfire_choices":[{"floor":12,"key":"REST"},{"data":"RobotSpaceExplorer:Arsenal","floor":15,"key":"SMITH"},{"data":"RobotSpaceExplorer:PlasmaMissile","floor":24,"key":"SMITH"},{"data":"1","floor":32,"key":"LIFT"},{"floor":45,"key":"RECALL"},{"data":"2","floor":49,"key":"LIFT"},{"data":"3","floor":52,"key":"LIFT"}],"circlet_count":0,"master_deck":["RobotSpaceExplorer:Strike","RobotSpaceExplorer:Strike+1","RobotSpaceExplorer:Defend","RobotSpaceExplorer:Defend","RobotSpaceExplorer:Defend","RobotSpaceExplorer:Defend","RobotSpaceExplorer:Scan","RobotSpaceExplorer:MiniLasers+1","RobotSpaceExplorer:SlimeMissile","RobotSpaceExplorer:Electropulse","RobotSpaceExplorer:SurgingShield","RobotSpaceExplorer:Arsenal+1","RobotSpaceExplorer:DoubleBlock+1","RobotSpaceExplorer:PlasmaMissile+1","RobotSpaceExplorer:SurgingShield+1","RobotSpaceExplorer:Ammunition+1","RobotSpaceExplorer:Comet+1","RobotSpaceExplorer:Electroshield+1","RobotSpaceExplorer:BlastShield+1","RobotSpaceExplorer:RigExplosive+1","RobotSpaceExplorer:DoubleFind+1","Blind+1","RobotSpaceExplorer:BigMissile+1","RobotSpaceExplorer:Counterblock+1","RobotSpaceExplorer:ScrapMissile+1"],"relics":["Philosopher\u0027s Stone","RobotSpaceExplorer:RingOfTheNewt","Centennial Puzzle","Toxic Egg 2","Bag of Marbles","Odd Mushroom","SacredBark","RobotSpaceExplorer:BottledGravity","Red Mask","Omamori","Lee\u0027s Waffle","Vajra","Frozen Egg 2","Old Coin","Letter Opener","Medical Kit","RobotSpaceExplorer:ToughPlating","Girya","HornCleat","Busted Crown","Calipers","Smiling Mask","Anchor","Ginger","Eternal Feather","ClockworkSouvenir","Happy Flower"],"acts_visited":["Exordium","TheCity","TheBeyond","TheEnding"],"potions_floor_usage":[6,33,36,36,38,39,40,46,50,50,54,54,54,55,55,55,55],"damage_taken":[{"damage":0,"enemies":"Small Slimes","floor":1,"turns":4},{"damage":0,"enemies":"2 Louse","floor":5,"turns":2},{"damage":31,"enemies":"Lagavulin","floor":6,"turns":7},{"damage":12,"enemies":"3 Sentries","floor":8,"turns":6},{"damage":0,"enemies":"Cultist","floor":10,"turns":2},{"damage":6,"enemies":"Gremlin Nob","floor":13,"turns":3},{"damage":1,"enemies":"The Mushroom Lair","floor":14,"turns":3},{"damage":9,"enemies":"Slime Boss","floor":16,"turns":5},{"damage":15,"enemies":"Chosen","floor":18,"turns":5},{"damage":0,"enemies":"Masked Bandits","floor":19,"turns":2},{"damage":1,"enemies":"Gremlin Leader","floor":23,"turns":3},{"damage":0,"enemies":"2 Thieves","floor":25,"turns":1},{"damage":16,"enemies":"Slavers","floor":27,"turns":2},{"damage":0,"enemies":"Snake Plant","floor":29,"turns":2},{"damage":11,"enemies":"Book of Stabbing","floor":30,"turns":5},{"damage":0,"enemies":"Colosseum Slavers","floor":31,"turns":3},{"damage":6,"enemies":"Colosseum Nobs","floor":31,"turns":2},{"damage":9,"enemies":"Automaton","floor":33,"turns":8},{"damage":0,"enemies":"Orb Walker","floor":35,"turns":1},{"damage":0,"enemies":"3 Shapes","floor":36,"turns":2},{"damage":0,"enemies":"3 Darklings","floor":38,"turns":4},{"damage":0,"enemies":"Transient","floor":39,"turns":5},{"damage":0,"enemies":"Nemesis","floor":40,"turns":7},{"damage":0,"enemies":"4 Shapes","floor":44,"turns":2},{"damage":0,"enemies":"Reptomancer","floor":46,"turns":5},{"damage":0,"enemies":"Nemesis","floor":48,"turns":5},{"damage":1,"enemies":"Awakened One","floor":50,"turns":16},{"damage":5,"enemies":"Shield and Spear","floor":54,"turns":6},{"damage":110,"enemies":"The Heart","floor":55,"turns":9}],"seed_played":"-2002468308162316992","potions_obtained":[{"floor":5,"key":"RobotSpaceExplorer:PlasmaFlask"},{"floor":14,"key":"PowerPotion"},{"floor":16,"key":"Ancient Potion"},{"floor":18,"key":"RobotSpaceExplorer:PlasmaFlask"},{"floor":35,"key":"EssenceOfSteel"},{"floor":36,"key":"DistilledChaos"},{"floor":54,"key":"Dexterity Potion"}],"is_trial":false,"path_per_floor":["M","?","?","$","M","E","?","E","T","M","?","R","E","?","R","B",null,"M","?","?","$","?","E","R","M","T","E","$","M","E","?","R","B",null,"M","M","?","M","M","E","?","?","T","M","R","E","$","E","R","B",null,"R","$","E","B"],"character_chosen":"RobotSpaceExplorer","items_purchased":["RobotSpaceExplorer:Electropulse","Lee\u0027s Waffle","Vajra","RobotSpaceExplorer:Comet+1","Medical Kit","Regen Potion","ClockworkSouvenir","RobotSpaceExplorer:Counterblock+1","SkillPotion"],"campfire_rested":1,"item_purchase_floors":[4,21,21,28,28,47,53,53,53],"current_hp_per_floor":[68,73,57,57,57,26,26,14,14,14,14,38,32,31,31,22,66,51,51,51,87,87,86,86,86,86,70,70,70,59,53,53,44,76,76,76,87,87,87,87,87,87,87,87,87,87,87,87,87,86,87,87,87,82,0,0],"gold":31,"neow_bonus":"BOSS_RELIC","is_daily":false,"chose_seed":false,"campfire_upgraded":2,"win_rate":0.0,"timestamp":1609635392,"path_taken":["M","?","?","$","M","E","?","E","T","?","?","R","E","?","R","BOSS","M","?","?","$","?","E","R","?","T","E","?","M","E","?","R","BOSS","M","M","?","?","?","E","?","?","T","?","R","E","$","E","R","BOSS","R","$","E","BOSS"],"items_purchased_type":["Card","Relic","Relic","Card","Relic","Potion","Relic","Card","Potion"],"build_version":"2020-12-18","purchased_purges":3,"victory":false,"max_hp_per_floor":[75,80,80,80,80,80,80,80,80,80,80,80,80,80,80,80,80,80,80,80,87,87,87,87,87,87,87,87,87,87,87,87,87,87,87,87,87,87,87,87,87,87,87,87,87,87,87,87,87,87,87,87,87,87,87,87],"relic_stats":{"Centennial Puzzle":[36],"Lee\u0027s Waffle":36,"Busted Crown":20,"Happy Flower":[3],"counters":[29,127],"Eternal Feather":0,"Letter Opener":[261],"Ginger":[4],"Medical Kit":[41],"Smiling Mask":75,"obtain_stats":[{"Calipers":38,"SacredBark":17,"Vajra":21,"Ginger":46,"Smiling Mask":40,"Old Coin":26,"ClockworkSouvenir":53,"Centennial Puzzle":8,"HornCleat":31,"RobotSpaceExplorer:BottledGravity":18,"Philosopher\u0027s Stone":0,"Red Mask":19,"Toxic Egg 2":9,"Girya":31,"Lee\u0027s Waffle":21,"Happy Flower":54,"RobotSpaceExplorer:RoboCore":0,"RobotSpaceExplorer:RingOfTheNewt":6,"Eternal Feather":48,"Omamori":20,"Letter Opener":27,"Odd Mushroom":14,"Frozen Egg 2":23,"Medical Kit":28,"Anchor":42,"Busted Crown":34,"RobotSpaceExplorer:ToughPlating":30,"Bag of Marbles":13},{"Calipers":21,"SacredBark":8,"Vajra":10,"Ginger":25,"Smiling Mask":23,"Old Coin":12,"ClockworkSouvenir":27,"Centennial Puzzle":4,"HornCleat":17,"RobotSpaceExplorer:BottledGravity":9,"Philosopher\u0027s Stone":0,"Red Mask":10,"Toxic Egg 2":4,"Girya":17,"Lee\u0027s Waffle":10,"Happy Flower":28,"RobotSpaceExplorer:RoboCore":0,"RobotSpaceExplorer:RingOfTheNewt":3,"Eternal Feather":26,"Omamori":10,"Letter Opener":13,"Odd Mushroom":7,"Frozen Egg 2":11,"Medical Kit":13,"Anchor":23,"Busted Crown":18,"RobotSpaceExplorer:ToughPlating":15,"Bag of Marbles":6},{"Calipers":72,"SacredBark":32,"Vajra":39,"Ginger":91,"Smiling Mask":84,"Old Coin":43,"ClockworkSouvenir":112,"Centennial Puzzle":19,"HornCleat":57,"RobotSpaceExplorer:BottledGravity":37,"Philosopher\u0027s Stone":0,"Red Mask":39,"Toxic Egg 2":19,"Girya":57,"Lee\u0027s Waffle":39,"Happy Flower":118,"RobotSpaceExplorer:RoboCore":0,"RobotSpaceExplorer:RingOfTheNewt":13,"Eternal Feather":96,"Omamori":39,"Letter Opener":45,"Odd Mushroom":27,"Frozen Egg 2":42,"Medical Kit":45,"Anchor":84,"Busted Crown":65,"RobotSpaceExplorer:ToughPlating":52,"Bag of Marbles":24}]},"card_choices":[{"not_picked":["RobotSpaceExplorer:ShockKick","RobotSpaceExplorer:MiniBoosters"],"picked":"RobotSpaceExplorer:SlimeMissile","floor":1},{"not_picked":["RobotSpaceExplorer:FranticSearch","RobotSpaceExplorer:GlueSpray"],"picked":"RobotSpaceExplorer:SurgingShield","floor":5},{"not_picked":["RobotSpaceExplorer:StunGrenade","RobotSpaceExplorer:MetalStrike"],"picked":"RobotSpaceExplorer:Arsenal","floor":6},{"not_picked":["RobotSpaceExplorer:Probe","RobotSpaceExplorer:ScrapToss","RobotSpaceExplorer:LuckyStrike"],"picked":"SKIP","floor":8},{"not_picked":["RobotSpaceExplorer:SwiftStep+1","RobotSpaceExplorer:MakeshiftVolley"],"picked":"RobotSpaceExplorer:DoubleBlock+1","floor":10},{"not_picked":["RobotSpaceExplorer:SwiftStep+1","RobotSpaceExplorer:MakeshiftVolley"],"picked":"RobotSpaceExplorer:PlasmaMissile","floor":13},{"not_picked":["RobotSpaceExplorer:Comet+1","RobotSpaceExplorer:ChargingLaser"],"picked":"RobotSpaceExplorer:Exploration+1","floor":16},{"not_picked":["RobotSpaceExplorer:MetalStrike","RobotSpaceExplorer:MiniBoosters"],"picked":"RobotSpaceExplorer:SurgingShield+1","floor":18},{"not_picked":["RobotSpaceExplorer:StunGrenade","RobotSpaceExplorer:MiniDrones"],"picked":"RobotSpaceExplorer:Ammunition+1","floor":23},{"not_picked":["RobotSpaceExplorer:MiniDrones+1","RobotSpaceExplorer:LuckyStrike+1","RobotSpaceExplorer:FranticSearch+1"],"picked":"SKIP","floor":25},{"not_picked":["RobotSpaceExplorer:ScrapToss+1","RobotSpaceExplorer:Ammunition+1","RobotSpaceExplorer:StunGrenade"],"picked":"SKIP","floor":27},{"not_picked":["RobotSpaceExplorer:IronShell+1","RobotSpaceExplorer:SurgingStrike"],"picked":"RobotSpaceExplorer:Electroshield+1","floor":29},{"not_picked":["RobotSpaceExplorer:PlasmaMissile","RobotSpaceExplorer:SurgingShield+1"],"picked":"RobotSpaceExplorer:BlastShield+1","floor":30},{"not_picked":["RobotSpaceExplorer:SwiftStep+1","RobotSpaceExplorer:StunGrenade"],"picked":"RobotSpaceExplorer:RigExplosive+1","floor":31},{"not_picked":["RobotSpaceExplorer:Wormhole+1","RobotSpaceExplorer:BlastShield+1"],"picked":"RobotSpaceExplorer:Exploration+1","floor":33},{"not_picked":["RobotSpaceExplorer:SwiftStep+1"],"picked":"SKIP","floor":35},{"not_picked":["RobotSpaceExplorer:SurgingShield+1"],"picked":"SKIP","floor":36},{"not_picked":["RobotSpaceExplorer:GlueShot+1"],"picked":"SKIP","floor":38},{"not_picked":["RobotSpaceExplorer:SwiftStep+1"],"picked":"SKIP","floor":39},{"not_picked":[],"picked":"RobotSpaceExplorer:DoubleFind+1","floor":40},{"not_picked":[],"picked":"Blind+1","floor":41},{"not_picked":["RobotSpaceExplorer:FreezingShield+1"],"picked":"SKIP","floor":44},{"not_picked":["RobotSpaceExplorer:Ammunition+1"],"picked":"SKIP","floor":46},{"not_picked":[],"picked":"RobotSpaceExplorer:BigMissile+1","floor":48},{"not_picked":[],"picked":"RobotSpaceExplorer:ScrapMissile+1","floor":54}],"player_experience":1748855,"relics_obtained":[{"floor":6,"key":"RobotSpaceExplorer:RingOfTheNewt"},{"floor":8,"key":"Centennial Puzzle"},{"floor":9,"key":"Toxic Egg 2"},{"floor":13,"key":"Bag of Marbles"},{"floor":14,"key":"Odd Mushroom"},{"floor":18,"key":"RobotSpaceExplorer:BottledGravity"},{"floor":19,"key":"Red Mask"},{"floor":23,"key":"Frozen Egg 2"},{"floor":26,"key":"Old Coin"},{"floor":27,"key":"Letter Opener"},{"floor":30,"key":"RobotSpaceExplorer:ToughPlating"},{"floor":31,"key":"Girya"},{"floor":31,"key":"HornCleat"},{"floor":38,"key":"Calipers"},{"floor":40,"key":"Smiling Mask"},{"floor":46,"key":"Ginger"},{"floor":48,"key":"Eternal Feather"},{"floor":54,"key":"Happy Flower"}],"event_choices":[{"damage_healed":0,"gold_gain":0,"player_choice":"Donut","damage_taken":0,"max_hp_gain":5,"max_hp_loss":0,"event_name":"Big Fish","floor":2,"gold_loss":0},{"damage_healed":0,"gold_gain":0,"player_choice":"Entered Light","damage_taken":16,"max_hp_gain":0,"max_hp_loss":0,"event_name":"Shining Light","floor":3,"gold_loss":0,"cards_upgraded":["RobotSpaceExplorer:Strike","RobotSpaceExplorer:MiniLasers"]},{"damage_healed":0,"gold_gain":100,"player_choice":"Pray","damage_taken":0,"max_hp_gain":0,"max_hp_loss":0,"event_name":"Golden Shrine","floor":7,"gold_loss":0},{"damage_healed":0,"gold_gain":0,"player_choice":"Ignored","damage_taken":0,"max_hp_gain":0,"max_hp_loss":0,"event_name":"Liars Game","floor":11,"gold_loss":0},{"damage_healed":0,"gold_gain":0,"player_choice":"Fought Mushrooms","damage_taken":0,"max_hp_gain":0,"max_hp_loss":0,"event_name":"Mushrooms","floor":14,"gold_loss":0},{"damage_healed":0,"gold_gain":0,"player_choice":"Fought Bandits","damage_taken":0,"max_hp_gain":0,"max_hp_loss":0,"event_name":"Masked Bandits","floor":19,"gold_loss":0},{"damage_healed":0,"gold_gain":0,"player_choice":"Opened","damage_taken":0,"relics_obtained":["Omamori"],"max_hp_gain":0,"max_hp_loss":0,"event_name":"The Mausoleum","floor":20,"gold_loss":0,"cards_obtained":["Writhe"]},{"damage_healed":0,"gold_gain":0,"player_choice":"Ignored","damage_taken":0,"max_hp_gain":0,"max_hp_loss":0,"event_name":"N\u0027loth","floor":22,"gold_loss":0},{"damage_healed":0,"gold_gain":0,"player_choice":"Fight","damage_taken":0,"max_hp_gain":0,"max_hp_loss":0,"event_name":"Colosseum","floor":31,"gold_loss":0},{"damage_healed":0,"gold_gain":0,"player_choice":"Fought Nobs","damage_taken":0,"max_hp_gain":0,"max_hp_loss":0,"event_name":"Colosseum","floor":31,"gold_loss":0},{"damage_healed":11,"gold_gain":0,"player_choice":"Full Heal","damage_taken":0,"max_hp_gain":0,"max_hp_loss":0,"event_name":"Wheel of Change","floor":37,"gold_loss":0},{"damage_healed":0,"gold_gain":0,"player_choice":"Memory 1","damage_taken":0,"max_hp_gain":0,"max_hp_loss":0,"event_name":"SensoryStone","floor":41,"gold_loss":0},{"damage_healed":0,"gold_gain":0,"player_choice":"Paid Gold","damage_taken":0,"relics_obtained":["Anchor"],"max_hp_gain":0,"max_hp_loss":0,"event_name":"WeMeetAgain","floor":42,"gold_loss":75}],"is_beta":true,"boss_relics":[{"not_picked":["Tiny House","Coffee Dripper"],"picked":"SacredBark"},{"not_picked":["Cursed Key","RobotSpaceExplorer:Reprocessor"],"picked":"Busted Crown"}],"items_purged_floors":[21,28,47],"is_endless":false,"potions_floor_spawned":[5,14,16,18,23,25,29,35,36,39,40,46,54],"killed_by":"The Heart","ascension_level":9}}