{"host":"baymyijz6sxaqj5s","time":1609660953,"event":{"mods":["AchievementEnabler","BaseMod","Colored Map","Colored Powertips","DeckTracker","Highlight Path","KOR Keyword Fix","Keyboard Shortcuts","Minty Spire (QoL Compilation)","Quick Restart","StSLib","SuperFastMode"],"gold_per_floor":[116,134,134,144,144,144,163,163,163,176,195,69,69,89,89,184,184,203,203,203,221,233,244,44,44,44,44,55,67,67,78,78,78,78],"floor_reached":33,"playtime":995,"items_purged":[],"score":304,"play_id":"81796844-b93d-4ec7-9484-aef8756b49a0","local_time":"20210103170233","is_ascension_mode":true,"campfire_choices":[{"data":"Survivor","floor":6,"key":"SMITH"},{"data":"Noxious Fumes","floor":8,"key":"SMITH"},{"data":"Blur","floor":13,"key":"SMITH"},{"data":"Neutralize","floor":15,"key":"SMITH"},{"floor":27,"key":"REST"},{"floor":32,"key":"REST"}],"circlet_count":0,"master_deck":["Strike_G+1","Strike_G+1","Strike_G+1","Strike_G+1","Strike_G+1","Defend_G+1","Defend_G+1","Defend_G+1","Defend_G+1","Defend_G+1","Survivor+1","Neutralize+1","Blur+1","Noxious Fumes+1","Flying Knee","Corpse Explosion","Necronomicurse","Deadly Poison","Bouncing Flask+1"],"relics":["Ring of the Snake","The Courier","Bottled Tornado","Lantern","SacredBark","Necronomicon","Gremlin Horn","White Beast Statue"],"acts_visited":["Exordium","TheCity"],"potions_floor_usage":[2,14,16,29,29,31,31,33],"damage_taken":[{"damage":0,"enemies":"Cultist","floor":1,"turns":6},{"damage":0,"enemies":"Jaw Worm","floor":2,"turns":9},{"damage":4,"enemies":"Small Slimes","floor":4,"turns":4},{"damage":0,"enemies":"Red Slaver","floor":7,"turns":6},{"damage":1,"enemies":"Blue Slaver","floor":10,"turns":4},{"damage":1,"enemies":"Looter","floor":11,"turns":3},{"damage":1,"enemies":"Gremlin Gang","floor":14,"turns":5},{"damage":16,"enemies":"Hexaghost","floor":16,"turns":13},{"damage":0,"enemies":"Chosen","floor":18,"turns":6},{"damage":2,"enemies":"2 Thieves","floor":21,"turns":4},{"damage":34,"enemies":"Chosen and Byrds","floor":22,"turns":7},{"damage":18,"enemies":"Cultist and Chosen","floor":23,"turns":5},{"damage":12,"enemies":"Sentry and Sphere","floor":28,"turns":7},{"damage":0,"enemies":"Shelled Parasite and Fungi","floor":29,"turns":6},{"damage":22,"enemies":"Snake Plant","floor":31,"turns":4},{"damage":45,"enemies":"Automaton","floor":33,"turns":10}],"seed_played":"-476181901584328837","potions_obtained":[{"floor":1,"key":"Fruit Juice"},{"floor":11,"key":"SkillPotion"},{"floor":14,"key":"Swift Potion"},{"floor":22,"key":"PowerPotion"},{"floor":25,"key":"EssenceOfSteel"},{"floor":25,"key":"FearPotion"},{"floor":25,"key":"BlessingOfTheForge"},{"floor":28,"key":"Fruit Juice"},{"floor":29,"key":"SpeedPotion"},{"floor":31,"key":"ColorlessPotion"}],"is_trial":false,"path_per_floor":["M","M","?","M","T","R","M","R","T","M","M","$","R","M","R","B",null,"M","?","?","M","M","M","$","?","T","R","M","M","$","M","R","B"],"character_chosen":"THE_SILENT","items_purchased":["Lantern","Gremlin Horn"],"campfire_rested":2,"item_purchase_floors":[12,24],"current_hp_per_floor":[77,82,82,78,78,78,78,78,78,77,76,76,76,75,75,59,82,82,66,66,64,30,12,12,12,12,36,24,34,34,12,39,0,0],"gold":78,"neow_bonus":"TEN_PERCENT_HP_BONUS","is_daily":false,"chose_seed":false,"campfire_upgraded":4,"win_rate":0.0,"timestamp":1609660953,"path_taken":["M","M","?","M","?","R","M","R","T","M","?","?","R","M","R","BOSS","M","?","?","M","M","M","$","?","T","R","?","M","$","M","R","BOSS"],"items_purchased_type":["Relic","Relic"],"build_version":"2020-12-22","purchased_purges":0,"victory":false,"max_hp_per_floor":[77,82,82,82,82,82,82,82,82,82,82,82,82,82,82,82,82,82,82,82,82,82,82,82,82,82,82,82,92,92,92,92,92,92],"card_choices":[{"not_picked":["Setup","PiercingWail"],"picked":"Blur","floor":1},{"not_picked":["Eviscerate","Dagger Throw","Cloak And Dagger"],"picked":"SKIP","floor":2},{"not_picked":["Leg Sweep","Outmaneuver"],"picked":"Noxious Fumes","floor":4},{"not_picked":["Infinite Blades","Underhanded Strike"],"picked":"Flying Knee","floor":7},{"not_picked":["Finisher","Dagger Throw","Expertise"],"picked":"SKIP","floor":10},{"not_picked":["Cloak And Dagger","Tools of the Trade","Noxious Fumes"],"picked":"SKIP","floor":11},{"not_picked":["Dagger Spray","Acrobatics","Well Laid Plans"],"picked":"SKIP","floor":14},{"not_picked":["Adrenaline","Glass Knife"],"picked":"Corpse Explosion","floor":16},{"not_picked":["Predator+1","Backstab+1","Underhanded Strike"],"picked":"SKIP","floor":18},{"not_picked":["Crippling Poison","All Out Attack+1"],"picked":"Deadly Poison","floor":21},{"not_picked":["Dodge and Roll","Setup","Prepared"],"picked":"SKIP","floor":22},{"not_picked":["Bullet Time","Flying Knee","Blade Dance"],"picked":"SKIP","floor":23},{"not_picked":["Sucker Punch+1","Cloak And Dagger","Caltrops"],"picked":"SKIP","floor":28},{"not_picked":["Deadly Poison","Acrobatics"],"picked":"Bouncing Flask+1","floor":29},{"not_picked":["Venomology","Blade Dance","Masterful Stab"],"picked":"SKIP","floor":31}],"player_experience":306371,"relics_obtained":[{"floor":5,"key":"The Courier"},{"floor":9,"key":"Bottled Tornado"},{"floor":19,"key":"Necronomicon"},{"floor":26,"key":"White Beast Statue"}],"event_choices":[{"damage_healed":0,"gold_gain":0,"player_choice":"Ignored","damage_taken":0,"max_hp_gain":0,"max_hp_loss":0,"event_name":"Liars Game","floor":3,"gold_loss":0},{"damage_healed":0,"gold_gain":0,"player_choice":"Obtained Book","damage_taken":16,"max_hp_gain":0,"max_hp_loss":0,"event_name":"Cursed Tome","floor":19,"gold_loss":0},{"damage_healed":0,"gold_gain":0,"player_choice":"Simplicity","damage_taken":0,"max_hp_gain":0,"max_hp_loss":0,"event_name":"Back to Basics","floor":20,"gold_loss":0,"cards_upgraded":["Strike_G","Strike_G","Strike_G","Strike_G","Strike_G","Defend_G","Defend_G","Defend_G","Defend_G","Defend_G"]},{"damage_healed":0,"gold_gain":0,"player_choice":"Got Potions","damage_taken":0,"max_hp_gain":0,"max_hp_loss":0,"event_name":"Lab","floor":25,"gold_loss":0}],"is_beta":false,"boss_relics":[{"not_picked":["Coffee Dripper","Black Star"],"picked":"SacredBark"}],"items_purged_floors":[],"is_endless":false,"potions_floor_spawned":[1,11,14,22,28,29,31],"killed_by":"Automaton","ascension_level":3}}