{"host":"s41rn2jhghpwfrvz","time":1609651203,"event":{"mods":["BaseMod","Minty Spire (QoL Compilation)","Quick Restart","Relic Stats","SuperFastMode"],"gold_per_floor":[112,125,125,138,154,181,191,221,244,279,295,324,324,354,354,430,430,441,441,467,477,487,515,440,466,466,484,509,543,543,563,563,640,640,655,655,635,651,663,697,713,744,744,744,775,411,442,460,460,460,460,460,460,71,102,102],"floor_reached":57,"playtime":1974,"items_purged":["Warcry","Dash+1","Swivel+1"],"score":4324,"play_id":"06bd0fa2-4b81-456b-b2de-497c2221c210","local_time":"20210103072003","daily_mods":["SealedDeck","Diverse","DeadlyEvents"],"is_ascension_mode":true,"campfire_choices":[{"data":"Prostrate","floor":13,"key":"SMITH"},{"data":"Body Slam","floor":15,"key":"SMITH"},{"data":"Feel No Pain","floor":30,"key":"SMITH"},{"data":"Skim","floor":32,"key":"SMITH"},{"floor":44,"key":"RECALL"},{"data":"Scrawl","floor":49,"key":"SMITH"},{"floor":53,"key":"DIG"}],"circlet_count":0,"master_deck":["AscendersBane","Recycle+1","Blade Dance+1","Double Energy+1","Hologram+1","Prostrate+1","Genetic Algorithm+1","Acrobatics+1","Feel No Pain+1","Skim+1","Body Slam+1","LessonLearned+1","Panacea+1","Scrawl+1","Madness+1"],"relics":["Burning Blood","CaptainsWheel","Magic Flower","Happy Flower","Bird Faced Urn","InkBottle","Pen Nib","Coffee Dripper","Lantern","PreservedInsect","Vajra","Thread and Needle","Orichalcum","Pantograph","Black Star","Toy Ornithopter","Dream Catcher","Shovel","Pear","White Beast Statue","Anchor","Bag of Preparation","Darkstone Periapt","Bottled Lightning","Self Forming Clay","OrangePellets","Ornamental Fan","Red Skull"],"acts_visited":["Exordium","TheCity","TheBeyond","TheEnding"],"potions_floor_usage":[6,10,23,56,56],"damage_taken":[{"damage":0,"enemies":"Cultist","floor":1,"turns":3},{"damage":1,"enemies":"Small Slimes","floor":2,"turns":3},{"damage":0,"enemies":"2 Louse","floor":4,"turns":3},{"damage":0,"enemies":"2 Fungi Beasts","floor":5,"turns":4},{"damage":0,"enemies":"3 Sentries","floor":6,"turns":5},{"damage":3,"enemies":"Lots of Slimes","floor":7,"turns":4},{"damage":0,"enemies":"Lagavulin","floor":8,"turns":5},{"damage":21,"enemies":"Gremlin Nob","floor":10,"turns":4},{"damage":0,"enemies":"Gremlin Gang","floor":11,"turns":3},{"damage":0,"enemies":"3 Sentries","floor":12,"turns":9},{"damage":0,"enemies":"Lagavulin","floor":14,"turns":3},{"damage":0,"enemies":"The Guardian","floor":16,"turns":3},{"damage":0,"enemies":"Chosen","floor":18,"turns":3},{"damage":0,"enemies":"Gremlin Leader","floor":20,"turns":3},{"damage":0,"enemies":"Spheric Guardian","floor":21,"turns":3},{"damage":0,"enemies":"Cultist and Chosen","floor":22,"turns":3},{"damage":0,"enemies":"Slavers","floor":23,"turns":3},{"damage":0,"enemies":"Gremlin Leader","floor":25,"turns":2},{"damage":0,"enemies":"Snake Plant","floor":27,"turns":2},{"damage":0,"enemies":"Book of Stabbing","floor":28,"turns":2},{"damage":0,"enemies":"Gremlin Leader","floor":29,"turns":1},{"damage":0,"enemies":"Centurion and Healer","floor":31,"turns":2},{"damage":0,"enemies":"Automaton","floor":33,"turns":2},{"damage":0,"enemies":"Orb Walker","floor":35,"turns":1},{"damage":0,"enemies":"3 Shapes","floor":38,"turns":4},{"damage":0,"enemies":"Jaw Worm Horde","floor":39,"turns":4},{"damage":0,"enemies":"Nemesis","floor":40,"turns":1},{"damage":0,"enemies":"Sphere and 2 Shapes","floor":41,"turns":1},{"damage":0,"enemies":"Giant Head","floor":42,"turns":3},{"damage":0,"enemies":"Reptomancer","floor":45,"turns":1},{"damage":0,"enemies":"Nemesis","floor":47,"turns":1},{"damage":0,"enemies":"Spire Growth","floor":48,"turns":1},{"damage":0,"enemies":"Donu and Deca","floor":50,"turns":1},{"damage":0,"enemies":"Awakened One","floor":51,"turns":3},{"damage":0,"enemies":"Shield and Spear","floor":55,"turns":1},{"damage":14,"enemies":"The Heart","floor":56,"turns":5}],"seed_played":"-8208109617636973077","potions_obtained":[{"floor":1,"key":"DistilledChaos"},{"floor":4,"key":"FairyPotion"},{"floor":5,"key":"Energy Potion"},{"floor":7,"key":"Explosive Potion"},{"floor":16,"key":"DistilledChaos"},{"floor":21,"key":"PowerPotion"},{"floor":22,"key":"SpeedPotion"},{"floor":27,"key":"Fire Potion"},{"floor":38,"key":"Dexterity Potion"}],"is_trial":true,"path_per_floor":["M","M","T","M","M","E","M","E","T","E","M","E","R","E","R","B",null,"M","?","E","M","M","E","$","E","T","M","E","E","R","M","R","B",null,"M","?","?","M","M","E","M","E","T","R","E","$","E","M","R","B","B",null,"R","$","E","B",null],"character_chosen":"IRONCLAD","items_purchased":["Panacea","Scrawl","OrangePellets","Madness"],"campfire_rested":0,"item_purchase_floors":[46,46,54,54],"current_hp_per_floor":[74,75,75,75,75,75,75,75,75,63,75,75,75,75,75,75,75,75,75,75,75,75,75,75,75,75,75,75,75,75,75,75,75,75,75,75,75,75,75,75,75,85,85,85,85,85,85,85,85,85,85,85,85,85,85,80],"gold":102,"neow_bonus":"","is_daily":false,"chose_seed":false,"campfire_upgraded":5,"win_rate":0.0,"timestamp":1609651203,"path_taken":["M","M","?","M","M","E","M","E","T","E","M","E","R","E","R","BOSS","M","?","?","M","M","E","$","E","T","M","E","?","R","M","R","BOSS","M","?","?","M","M","E","M","E","T","R","E","$","?","M","R","BOSS","BOSS","R","$","E","BOSS"],"items_purchased_type":["Card","Card","Relic","Card"],"build_version":"2020-12-22","purchased_purges":3,"victory":true,"max_hp_per_floor":[75,75,75,75,75,75,75,75,75,75,75,75,75,75,75,75,75,75,75,75,75,75,75,75,75,75,75,75,75,75,75,75,75,75,75,75,75,75,75,75,75,85,85,85,85,85,85,85,85,85,85,85,85,85,85,85],"relic_stats":{"Darkstone Periapt":0,"Happy Flower":[25],"counters":[36,102],"Self Forming Clay":[21],"Magic Flower":[10],"Pen Nib":[23],"PreservedInsect":506,"Bag of Preparation":[12],"Orichalcum":[6],"Burning Blood":38,"OrangePellets":[1],"Dream Catcher":0,"Shovel":1,"Ornamental Fan":[44],"Bird Faced Urn":[3],"Pantograph":0,"Black Star":5,"obtain_stats":[{"Darkstone Periapt":47,"Lantern":20,"Magic Flower":6,"Vajra":25,"Bag of Preparation":45,"Burning Blood":0,"Dream Catcher":40,"Shovel":42,"Pantograph":29,"InkBottle":12,"Red Skull":55,"Pear":42,"Happy Flower":8,"Self Forming Clay":53,"Thread and Needle":26,"Pen Nib":14,"PreservedInsect":23,"Orichalcum":28,"White Beast Statue":43,"OrangePellets":54,"CaptainsWheel":3,"Anchor":45,"Ornamental Fan":55,"Bird Faced Urn":10,"Coffee Dripper":17,"Black Star":34,"Bottled Lightning":47,"Toy Ornithopter":40},{"Darkstone Periapt":31,"Lantern":14,"Magic Flower":5,"Vajra":18,"Bag of Preparation":30,"Burning Blood":0,"Dream Catcher":27,"Shovel":29,"Pantograph":21,"InkBottle":10,"Red Skull":35,"Pear":29,"Happy Flower":7,"Self Forming Clay":34,"Thread and Needle":18,"Pen Nib":11,"PreservedInsect":17,"Orichalcum":20,"White Beast Statue":29,"OrangePellets":34,"CaptainsWheel":2,"Anchor":30,"Ornamental Fan":35,"Bird Faced Urn":8,"Coffee Dripper":12,"Black Star":23,"Bottled Lightning":31,"Toy Ornithopter":27},{"Darkstone Periapt":91,"Lantern":55,"Magic Flower":18,"Vajra":66,"Bag of Preparation":90,"Burning Blood":0,"Dream Catcher":85,"Shovel":89,"Pantograph":71,"InkBottle":43,"Red Skull":97,"Pear":89,"Happy Flower":27,"Self Forming Clay":96,"Thread and Needle":66,"Pen Nib":46,"PreservedInsect":64,"Orichalcum":70,"White Beast Statue":89,"OrangePellets":96,"CaptainsWheel":6,"Anchor":90,"Ornamental Fan":97,"Bird Faced Urn":31,"Coffee Dripper":49,"Black Star":75,"Bottled Lightning":91,"Toy Ornithopter":85}],"InkBottle":[54],"Toy Ornithopter":0},"card_choices":[{"not_picked":["Twin Strike","Leg Sweep","Perfected Strike"],"picked":"SKIP","floor":1},{"not_picked":["Barrage","Flechettes"],"picked":"Acrobatics","floor":2},{"not_picked":["Wild Strike","Indignation"],"picked":"Feel No Pain","floor":4},{"not_picked":["Flechettes","Bane"],"picked":"Skim","floor":5},{"not_picked":["Coolheaded","Deadly Poison","Bane"],"picked":"SKIP","floor":6},{"not_picked":["Headbutt","Brilliance","Warcry"],"picked":"SKIP","floor":7},{"not_picked":["Conclude","DevaForm","FollowUp"],"picked":"SKIP","floor":8},{"not_picked":["Inflame","EmptyMind","Stack"],"picked":"SKIP","floor":10},{"not_picked":["Quick Slash","Metallicize","Havoc"],"picked":"SKIP","floor":11},{"not_picked":["JustLucky","Compile Driver","Sever Soul"],"picked":"SKIP","floor":12},{"not_picked":["FlurryOfBlows","Bouncing Flask"],"picked":"Body Slam","floor":14},{"not_picked":["SashWhip","Dagger Spray","Clash"],"picked":"SKIP","floor":18},{"not_picked":["Multi-Cast","Brutality","Outmaneuver"],"picked":"SKIP","floor":20},{"not_picked":["Halt+1","Double Energy","Underhanded Strike"],"picked":"SKIP","floor":21},{"not_picked":["Study+1","Vengeance","Searing Blow"],"picked":"SKIP","floor":22},{"not_picked":["Thunderclap","Uppercut+1","Protect"],"picked":"SKIP","floor":23},{"not_picked":["Indignation","Riddle With Holes","Setup"],"picked":"SKIP","floor":25},{"not_picked":["ThirdEye","Evaluate","Dagger Spray"],"picked":"SKIP","floor":27},{"not_picked":["Glacier","Bloodletting","Wireheading"],"picked":"SKIP","floor":28},{"not_picked":["Force Field","Lockon","Pommel Strike+1"],"picked":"SKIP","floor":29},{"not_picked":["Clothesline","EmptyBody","Rebound"],"picked":"SKIP","floor":31},{"not_picked":["Malaise","Echo Form"],"picked":"LessonLearned","floor":33},{"not_picked":["Thunderclap+1","ThirdEye+1","Dagger Spray+1"],"picked":"SKIP","floor":35},{"not_picked":["Concentrate","Conserve Battery","Halt+1"],"picked":"SKIP","floor":38},{"not_picked":["Streamline+1","Chill","ThirdEye"],"picked":"SKIP","floor":39},{"not_picked":["Cold Snap","Headbutt","Fission"],"picked":"SKIP","floor":40},{"not_picked":["Spot Weakness","Deflect","Compile Driver+1"],"picked":"SKIP","floor":41},{"not_picked":["Clash+1","Flex+1","Heavy Blade"],"picked":"SKIP","floor":42},{"not_picked":["Choke","Tantrum","Redo"],"picked":"SKIP","floor":45},{"not_picked":["Hologram","Feed","Armaments"],"picked":"SKIP","floor":47},{"not_picked":["BattleHymn","Poisoned Stab+1","Genetic Algorithm+1"],"picked":"SKIP","floor":48},{"not_picked":["Heel Hook","Dagger Throw","FlurryOfBlows"],"picked":"SKIP","floor":55}],"player_experience":1636692,"relics_obtained":[{"floor":3,"key":"CaptainsWheel"},{"floor":6,"key":"Magic Flower"},{"floor":8,"key":"Happy Flower"},{"floor":10,"key":"Bird Faced Urn"},{"floor":12,"key":"InkBottle"},{"floor":14,"key":"Pen Nib"},{"floor":20,"key":"Lantern"},{"floor":23,"key":"PreservedInsect"},{"floor":25,"key":"Vajra"},{"floor":26,"key":"Thread and Needle"},{"floor":28,"key":"Orichalcum"},{"floor":29,"key":"Pantograph"},{"floor":40,"key":"Toy Ornithopter"},{"floor":40,"key":"Dream Catcher"},{"floor":42,"key":"Shovel"},{"floor":42,"key":"Pear"},{"floor":43,"key":"White Beast Statue"},{"floor":45,"key":"Anchor"},{"floor":45,"key":"Bag of Preparation"},{"floor":47,"key":"Darkstone Periapt"},{"floor":47,"key":"Bottled Lightning"},{"floor":53,"key":"Self Forming Clay"},{"floor":55,"key":"Ornamental Fan"},{"floor":55,"key":"Red Skull"}],"event_choices":[{"damage_healed":0,"gold_gain":0,"player_choice":"Upgraded","damage_taken":0,"max_hp_gain":0,"max_hp_loss":0,"event_name":"Upgrade Shrine","floor":19,"gold_loss":0,"cards_upgraded":["Genetic Algorithm"]},{"cards_removed":["Sunder"],"damage_healed":0,"gold_gain":0,"player_choice":"Removed Attack","damage_taken":0,"max_hp_gain":0,"max_hp_loss":0,"event_name":"Falling","floor":36,"gold_loss":0},{"damage_healed":0,"gold_gain":0,"player_choice":"Bought 1 Potion","damage_taken":0,"max_hp_gain":0,"max_hp_loss":0,"event_name":"The Woman in Blue","floor":37,"gold_loss":0}],"is_beta":false,"boss_relics":[{"not_picked":["SlaversCollar","Runic Dome"],"picked":"Coffee Dripper"},{"not_picked":["Astrolabe","Black Blood"],"picked":"Black Star"}],"items_purged_floors":[24,46,54],"is_endless":false,"potions_floor_spawned":[1,4,5,7,16,20,21,22,27,31,35,38,40,45,47,48,55],"ascension_level":20}}