{"host":"4kbqeuw4a1wt9r2z","time":1609713482,"event":{"mods":["Act Like it!","Aspiration","Astrologer","Bard","BaseMod","Chen","Conspire","Downfall","Duelist Mod","Gensokyo","GifTheSpireLib","Googly Eyes","Hallownest","Hermit","Hubris","Koishi","Marisa????????","Minty Spire (QoL Compilation)","Reimu??????","Replay The Spire","SOS???????","StSLib","The Administrix","The Bug Knight","The Construct","The Cursed","The Disciple","The Forsaken","The Gatherer","The Hierophant","The Kombatant","The Necromancer","The Runesmith","The Senshi","The Servant 0.9.4","The Wild Card"],"gold_per_floor":[114,134,150,3,17,48,48,79,104,139,154,154,7,7,7,106,106,368,368,384,56,76,101,201,232,272,272,272,289,304,61,61,161,161,161,161],"floor_reached":35,"playtime":3359,"items_purged":["AdministrixMod:Strike_Administrix"],"score":465,"play_id":"a8e5d513-7f73-430f-9f8e-f8122da28e30","local_time":"20210104013802","is_ascension_mode":false,"campfire_choices":[{"data":"AdministrixMod:BegetEternity","floor":7,"key":"SMITH"},{"data":"AdministrixMod:ArmillarySphere","floor":12,"key":"SMITH"},{"data":"AdministrixMod:SipOfSparks","floor":15,"key":"SMITH"},{"floor":27,"key":"REST"},{"floor":32,"key":"REST"}],"circlet_count":0,"master_deck":["AdministrixMod:Strike_Administrix","AdministrixMod:Strike_Administrix","AdministrixMod:Strike_Administrix","AdministrixMod:RedCloak","AdministrixMod:Defend_Administrix","AdministrixMod:Defend_Administrix","AdministrixMod:Defend_Administrix","AdministrixMod:Defend_Administrix","AdministrixMod:BlueCloak","AdministrixMod:BegetEternity+1","AdministrixMod:BloodBargain","Pot Of Greed","Pot Of Greed","AdministrixMod:SipOfSparks+1","AdministrixMod:ChooseYourEnd","AdministrixMod:NoblePath","AdministrixMod:LuminaryPath+1","AdministrixMod:ArmillarySphere+1","AdministrixMod:DeathByGlamour+1","AdministrixMod:ExtolVirtue","AdministrixMod:SeventeenArticleLaser+1","Pot Of Greed","AdministrixMod:Katabasis","AdministrixMod:PlateOfAntiquity+1","AdministrixMod:XianArts","AdministrixMod:TrickOfTheLight"],"relics":["AdministrixMod:ConductorRitualBaton","aspiration:ChemicalBlood","Grinning Jar","Runesmith:AutoHammer","Anchor","MealTicket","conspire:DeflatedDodgeball","Gensokyo:Mercy","conspire:SpecialSausage","hubris:Towel","Dream Catcher","conspire:BottledYoYo","Lizard Tail","Runesmith:Nanobots","Turnip","aspiration:DSix","Regal Pillow","AdministrixMod:GoldenChickadee","Bottled Tornado","hubris:CrackedHourglass"],"acts_visited":["Gensokyo:Gensokyo","Gensokyo:Gensokyoer","Gensokyo:Gensokyoest"],"potions_floor_usage":[8,8,16,16,16,18,20,22,23,23,24,24,25,25,33,33,33,33],"damage_taken":[{"damage":3,"enemies":"Gensokyo:Python","floor":1,"turns":4},{"damage":0,"enemies":"Gensokyo:3_Fairies","floor":2,"turns":4},{"damage":0,"enemies":"Gensokyo:2_Kodama","floor":3,"turns":4},{"damage":0,"enemies":"Gensokyo:LivingMonolith","floor":5,"turns":2},{"damage":1,"enemies":"Gensokyo:Cirno","floor":6,"turns":6},{"damage":0,"enemies":"Gensokyo:Aya","floor":8,"turns":2},{"damage":13,"enemies":"Gensokyo:Mamizou","floor":10,"turns":8},{"damage":1,"enemies":"Gensokyo:Gryphon_and_Rabbit","floor":11,"turns":4},{"damage":30,"enemies":"Gensokyo:Reimu","floor":16,"turns":9},{"damage":23,"enemies":"Gensokyo:2_Gloops","floor":18,"turns":7},{"damage":3,"enemies":"Gensokyo:CosmicMonolith","floor":20,"turns":5},{"damage":35,"enemies":"Gensokyo:3_Gloops","floor":22,"turns":6},{"damage":21,"enemies":"Gensokyo:Reisen","floor":23,"turns":6},{"damage":16,"enemies":"Gensokyo:Reisen","floor":24,"turns":7},{"damage":0,"enemies":"Gensokyo:Koishi","floor":25,"turns":5},{"damage":0,"enemies":"Gensokyo:Mirror_and_Dog","floor":29,"turns":2},{"damage":20,"enemies":"Gensokyo:Monolith_and_Dog","floor":30,"turns":4},{"damage":92,"enemies":"Gensokyo:Eternal_Rivals","floor":33,"turns":10},{"damage":0,"enemies":"Gensokyo:AncientGuardian","floor":35,"turns":3}],"seed_played":"-6816293778030864641","potions_obtained":[{"floor":1,"key":"Strength Potion"},{"floor":6,"key":"Strength Potion"},{"floor":10,"key":"FearPotion"},{"floor":16,"key":"Dexterity Potion"},{"floor":18,"key":"Fruit Juice"},{"floor":22,"key":"PowerPotion"},{"floor":23,"key":"Strength Potion"},{"floor":33,"key":"ColorlessPotion"},{"floor":33,"key":"Strength Potion"},{"floor":33,"key":"BlessingOfTheForge"},{"floor":33,"key":"Guardian:BlockOnCardUsePotion"}],"is_trial":false,"path_per_floor":["M","M","M","$","M","E","R","E","T","E","M","R","COS","?","R","B",null,"M","?","M","$","M","E","?","E","T","R","?","M","M","$","R","B",null,"M"],"character_chosen":"TheAdministrix","items_purchased":["Grinning Jar","conspire:BottledYoYo","Bottled Tornado"],"campfire_rested":2,"item_purchase_floors":[4,21,31],"current_hp_per_floor":[62,62,62,62,62,61,61,61,61,48,47,47,47,47,47,17,65,47,47,44,59,24,3,14,14,14,50,50,50,30,45,70,13,70,70,70],"gold":161,"neow_bonus":"RANDOM_COMMON_RELIC","is_daily":false,"chose_seed":false,"campfire_upgraded":3,"win_rate":0.0,"timestamp":1609713482,"path_taken":["M","M","M","$","M","E","R","E","T","E","M","R","COS","?","R","BOSS","M","?","M","$","M","E","?","E","T","R","?","M","M","$","R","BOSS","M"],"items_purchased_type":["Relic","Relic","Relic"],"build_version":"2020-12-22","purchased_purges":1,"victory":false,"max_hp_per_floor":[65,65,65,65,65,65,65,65,65,65,65,65,65,65,65,65,65,70,70,70,70,70,70,70,70,70,70,70,70,70,70,70,70,70,70,70],"card_choices":[{"not_picked":["AdministrixMod:BloodBargain","AdministrixMod:CenturiesAscent"],"picked":"AdministrixMod:BegetEternity","floor":1},{"not_picked":["AdministrixMod:QuietConspiracy","AdministrixMod:XianArts"],"picked":"AdministrixMod:BloodBargain","floor":2},{"not_picked":["AdministrixMod:Wuji","AdministrixMod:Transition"],"picked":"AdministrixMod:ShadowPlay","floor":3},{"not_picked":["AdministrixMod:PassageOfAges","AdministrixMod:PlateOfAntiquity"],"picked":"AdministrixMod:SipOfSparks","floor":5},{"not_picked":["AdministrixMod:DiversionaryTactic","AdministrixMod:ShadowPlay"],"picked":"AdministrixMod:ChooseYourEnd","floor":6},{"not_picked":["AdministrixMod:CrackingPangu","AdministrixMod:BloodBargain"],"picked":"AdministrixMod:NoblePath","floor":8},{"not_picked":["AdministrixMod:Transition","AdministrixMod:DiversionaryTactic"],"picked":"AdministrixMod:LuminaryPath","floor":10},{"not_picked":["AdministrixMod:ShadowPlay","AdministrixMod:DiversionaryTactic"],"picked":"AdministrixMod:ArmillarySphere","floor":11},{"not_picked":["AdministrixMod:BrewingCloister","AdministrixMod:WifeLightning"],"picked":"AdministrixMod:DeathByGlamour","floor":16},{"not_picked":["AdministrixMod:ImmortalGrace","AdministrixMod:BloodBargain"],"picked":"AdministrixMod:ExtolVirtue","floor":18},{"not_picked":["AdministrixMod:ShadowPlay","AdministrixMod:FuneraryRites"],"picked":"AdministrixMod:SeventeenArticleLaser+1","floor":20},{"not_picked":["AdministrixMod:CenturiesAscent","AdministrixMod:ChooseYourEnd"],"picked":"AdministrixMod:Katabasis","floor":22},{"not_picked":["AdministrixMod:BegetEternity","AdministrixMod:RebukeDesires","AdministrixMod:HaveItAll"],"picked":"SKIP","floor":23},{"not_picked":["AdministrixMod:SealAway+1","AdministrixMod:LightOfYourLife"],"picked":"AdministrixMod:PlateOfAntiquity+1","floor":24},{"not_picked":["AdministrixMod:UnstableVigor","AdministrixMod:DiversionaryTactic"],"picked":"AdministrixMod:XianArts","floor":25},{"not_picked":["AdministrixMod:SipOfSparks","AdministrixMod:FuneraryRites","AdministrixMod:MixOfMercury"],"picked":"SKIP","floor":29},{"not_picked":["AdministrixMod:WickedPunishment","AdministrixMod:DiversionaryTactic+1"],"picked":"AdministrixMod:TrickOfTheLight","floor":30}],"player_experience":534041,"relics_obtained":[{"floor":6,"key":"Runesmith:AutoHammer"},{"floor":8,"key":"Anchor"},{"floor":9,"key":"MealTicket"},{"floor":10,"key":"conspire:DeflatedDodgeball"},{"floor":23,"key":"Runesmith:Nanobots"},{"floor":24,"key":"Turnip"},{"floor":24,"key":"aspiration:DSix"},{"floor":25,"key":"Regal Pillow"},{"floor":26,"key":"AdministrixMod:GoldenChickadee"}],"event_choices":[],"is_beta":false,"boss_relics":[{"not_picked":["aspiration:BardSkillbook","Ectoplasm"],"picked":"conspire:SpecialSausage"},{"not_picked":["hubris:RunicObelisk","hubris:ScarierMask"],"picked":"hubris:CrackedHourglass"}],"items_purged_floors":[21],"is_endless":false,"potions_floor_spawned":[1,6,10,16,18,23,33],"killed_by":"Gensokyo:AncientGuardian","ascension_level":0}}