{"host":"mj8akmyfd5lo602f","time":1609713275,"event":{"mods":["2.2 Compatiblity","Act Like it!","BaseMod","Bestiary","BshForSts","Colored Map","Colored Powertips","Downfall","Highlight Path","Minty Spire (QoL Compilation)","Permanent Neow","Relic Stats","StSLib","The Servant 0.9.4"],"gold_per_floor":[99,114,133,152,170,170,170,183,197,197,229,241,151,182,200,303,303,228,244,255,240,253,273,273,283,293,293,202,202,213,243,261,362,362,287,307,307,292,292,292,316,326,326,351,373,310,342,371,403,415,415,415],"floor_reached":50,"playtime":2735,"items_purged":["champ:Shatter"],"score":639,"play_id":"cac0786c-29a5-4877-b779-39c98cac18bb","local_time":"20210103223435","is_ascension_mode":false,"campfire_choices":[{"data":"champ:Taunt","floor":1.0,"key":"SMITH"},{"data":"champ:Improvising","floor":10.0,"key":"SMITH"},{"data":"champ:Circumvent","floor":18.0,"key":"SMITH"},{"data":"champ:EnchantShield","floor":27.0,"key":"SMITH"},{"floor":35.0,"key":"RECALL"},{"floor":46,"key":"REST"}],"circlet_count":0,"master_deck":["champ:Strike","champ:Strike","champ:Strike","champ:Strike","champ:Defend","champ:Defend","champ:Defend","champ:Defend","champ:Taunt+1","champ:Improvising+1","champ:BringItOn","champ:Circumvent+1","champ:SwordSigil","champ:RisingSlash","champ:DefensiveStyle+1","champ:Improvising+1","champ:EnGarde+1","champ:DefensiveShout","champ:EnchantShield","champ:FocusedDefense","champ:TornadoPunch","champ:FocusedDefense","champ:Devastate","champ:FalseCounter+1","champ:IgnorePain"],"relics":["champ:ChampionCrown","Frozen Egg 2","Sozu","downfall:HeartBlessingBlue","Bird Faced Urn","Blue Candle","sneckomod:SneckoTalon","downfall:HeartBlessingGreen","Strawberry","Nunchaku","MawBank","downfall:HeartBlessingRed"],"acts_visited":["Exordium","TheCity","TheBeyond"],"potions_floor_usage":[50],"damage_taken":[{"damage":10.0,"enemies":"Small Slimes","floor":2.0,"turns":3.0},{"damage":5.0,"enemies":"Cultist","floor":3.0,"turns":4.0},{"damage":0.0,"enemies":"2 Louse","floor":4.0,"turns":3.0},{"damage":5.0,"enemies":"Exordium Thugs","floor":5.0,"turns":4.0},{"damage":0.0,"enemies":"2 Fungi Beasts","floor":8.0,"turns":3.0},{"damage":4.0,"enemies":"Large Slime","floor":9.0,"turns":7.0},{"damage":39.0,"enemies":"Gremlin Nob","floor":11.0,"turns":5.0},{"damage":1.0,"enemies":"Red Slaver","floor":12.0,"turns":4.0},{"damage":0.0,"enemies":"downfall:FleeingMerchant","floor":13.0,"turns":4.0},{"damage":15.0,"enemies":"3 Sentries","floor":14.0,"turns":9.0},{"damage":1.0,"enemies":"2 Fungi Beasts","floor":15.0,"turns":5.0},{"damage":21.0,"enemies":"downfall:Silent","floor":16.0,"turns":13.0},{"damage":4.0,"enemies":"3 Byrds","floor":19.0,"turns":7.0},{"damage":5.0,"enemies":"Chosen","floor":20.0,"turns":4.0},{"damage":5.0,"enemies":"downfall:FleeingMerchant","floor":21.0,"turns":4.0},{"damage":3.0,"enemies":"Snake Plant","floor":22.0,"turns":2.0},{"damage":20.0,"enemies":"Chosen and Byrds","floor":23.0,"turns":6.0},{"damage":0.0,"enemies":"Snecko","floor":25.0,"turns":5.0},{"damage":23.0,"enemies":"Shelled Parasite and Fungi","floor":26.0,"turns":4.0},{"damage":24.0,"enemies":"downfall:FleeingMerchant","floor":28.0,"turns":4.0},{"damage":7.0,"enemies":"Cultist and Chosen","floor":30.0,"turns":6.0},{"damage":0.0,"enemies":"Gremlin Leader","floor":31.0,"turns":7.0},{"damage":11.0,"enemies":"Centurion and Healer","floor":32.0,"turns":6.0},{"damage":0.0,"enemies":"downfall:Defect","floor":33.0,"turns":8.0},{"damage":11.0,"enemies":"3 Darklings","floor":36.0,"turns":7.0},{"damage":0.0,"enemies":"downfall:FleeingMerchant","floor":38.0,"turns":4.0},{"damage":23.0,"enemies":"Orb Walker","floor":42.0,"turns":4.0},{"damage":62.0,"enemies":"Reptomancer","floor":44.0,"turns":8.0},{"damage":0.0,"enemies":"Spire Growth","floor":45.0,"turns":5.0},{"damage":27,"enemies":"3 Darklings","floor":47,"turns":4},{"damage":0,"enemies":"Jaw Worm Horde","floor":48,"turns":4},{"damage":24,"enemies":"Maw","floor":49,"turns":6},{"damage":51,"enemies":"downfall:Ironclad","floor":50,"turns":9}],"seed_played":"6232708069633114894","potions_obtained":[{"floor":3.0,"key":"Fire Potion"},{"floor":9.0,"key":"SkillPotion"},{"floor":14.0,"key":"champ:CounterPotion"},{"floor":15.0,"key":"Ancient Potion"},{"floor":16.0,"key":"Fruit Juice"}],"is_trial":false,"path_per_floor":["R","M","M","M","M","?","T","M","M","R","E","M","$","E","M","B",null,"R","M","M","$","M","M","T","M","M","R","$","?","M","E","M","B",null,"R","M","?","$","?","?","T","M","?","E","M","R","M","M","M","B"],"character_chosen":"THE_CHAMP","items_purchased":["champ:FocusedDefense"],"campfire_rested":1,"item_purchase_floors":[28],"current_hp_per_floor":[90,90,90,90,90,90,90,90,86,86,47,46,46,31,30,9,90,100,96,91,86,83,63,63,67,50,50,41,41,40,46,41,47,100,100,89,89,93,93,93,100,81,81,25,31,63,42,46,28,0,0,0],"gold":415,"neow_bonus":"ONE_RANDOM_RARE_CARD","is_daily":false,"chose_seed":false,"campfire_upgraded":4,"win_rate":0.0,"timestamp":1609713275,"path_taken":["R","M","M","M","M","?","T","M","M","R","E","M","$","E","M","BOSS","R","M","M","$","?","M","T","M","M","R","$","?","M","E","M","BOSS","R","M","?","$","?","?","T","M","?","E","M","R","M","?","M","BOSS"],"items_purchased_type":["Card"],"build_version":"2020-12-22","purchased_purges":1,"victory":false,"max_hp_per_floor":[90,90,90,90,90,90,90,90,90,90,90,90,90,90,90,90,90,100,100,100,100,100,100,100,100,100,100,100,100,100,100,100,100,100,100,100,100,100,100,100,107,107,107,107,107,107,107,107,107,112,112,112],"relic_stats":{"Sozu":7,"Nunchaku":[4],"counters":[33,178],"Bird Faced Urn":[82],"Blue Candle":[0],"MawBank":72,"obtain_stats":[{"downfall:HeartBlessingRed":46,"Blue Candle":31,"champ:ChampionCrown":0,"downfall:HeartBlessingGreen":35,"Frozen Egg 2":11,"sneckomod:SneckoTalon":34,"MawBank":44,"Sozu":17,"Bottled Flame":14,"Nunchaku":43,"downfall:HeartBlessingBlue":18,"Bird Faced Urn":24,"Strawberry":41},{"downfall:HeartBlessingRed":29,"Blue Candle":22,"champ:ChampionCrown":0,"downfall:HeartBlessingGreen":24,"Frozen Egg 2":7,"sneckomod:SneckoTalon":24,"MawBank":28,"Sozu":12,"Bottled Flame":10,"Nunchaku":27,"downfall:HeartBlessingBlue":12,"Bird Faced Urn":17,"Strawberry":26},{"downfall:HeartBlessingRed":155,"Blue Candle":113,"champ:ChampionCrown":0,"downfall:HeartBlessingGreen":127,"Frozen Egg 2":29,"sneckomod:SneckoTalon":127,"MawBank":150,"Sozu":64,"Bottled Flame":46,"Nunchaku":142,"downfall:HeartBlessingBlue":64,"Bird Faced Urn":87,"Strawberry":138}]},"card_choices":[{"not_picked":["champ:GladiatorsShout","champ:Haymaker"],"picked":"champ:BringItOn","floor":2.0},{"not_picked":["champ:CrookedStrike","champ:Riposte","champ:AdrenalArmor"],"picked":"SKIP","floor":3.0},{"not_picked":["champ:BerserkerStyle","champ:BladeFlurry"],"picked":"champ:Circumvent","floor":4.0},{"not_picked":["champ:FaceSlap","champ:GladiatorsShout"],"picked":"champ:SwordSigil","floor":5.0},{"not_picked":["champ:RageSigil","champ:EndlessRage","champ:RecklessLeap"],"picked":"SKIP","floor":8.0},{"not_picked":["champ:DefensiveShout","champ:FanOfKnives"],"picked":"champ:RisingSlash","floor":9.0},{"not_picked":["champ:ShieldSigil","champ:CheapShot","champ:FaceSlap"],"picked":"SKIP","floor":11.0},{"not_picked":["champ:Lariat","champ:Circumvent"],"picked":"champ:DefensiveStyle+1","floor":12.0},{"not_picked":["champ:FanOfKnives","champ:Control","champ:GutPunch"],"picked":"SKIP","floor":13.0},{"not_picked":["champ:BladeFlurry","champ:PerfectedStrike","champ:AdrenalArmor"],"picked":"SKIP","floor":14.0},{"not_picked":["champ:CrookedStrike","champ:RecklessLeap","champ:Riposte"],"picked":"SKIP","floor":15.0},{"not_picked":["champ:StrikeOfGenius+1","champ:PerfectForm+1"],"picked":"champ:Improvising+1","floor":16.0},{"not_picked":["champ:ViciousMockery","champ:DefensiveShout"],"picked":"champ:EnGarde+1","floor":19.0},{"not_picked":["champ:GladiatorsShout","champ:Backstep"],"picked":"champ:DefensiveShout","floor":20.0},{"not_picked":["champ:EnGarde","champ:Haymaker","champ:Control+1"],"picked":"SKIP","floor":21.0},{"not_picked":["champ:DefensiveShout+1","champ:IronFortress+1","champ:BerserkersShout"],"picked":"SKIP","floor":22.0},{"not_picked":["champ:FlashCut","champ:CrookedStrike","champ:DefensiveShout"],"picked":"SKIP","floor":23.0},{"not_picked":["champ:FlashCut","champ:CrookedStrike","champ:DefensiveShout"],"picked":"SKIP","floor":23.0},{"not_picked":["champ:BringItOn","champ:Haymaker+1"],"picked":"champ:EnchantShield","floor":25.0},{"not_picked":["champ:AdrenalArmor+1","champ:BladeFlurry+1","champ:Duel"],"picked":"SKIP","floor":26.0},{"not_picked":["champ:PerfectedStrike+1","champ:CheapShot"],"picked":"champ:EnchantShield","floor":28.0},{"not_picked":["champ:PerfectedStrike","champ:ArenaPreparation+1"],"picked":"champ:FocusedDefense","floor":30.0},{"not_picked":["champ:EndlessRage+1","champ:PerfectedStrike","champ:StanceDance"],"picked":"SKIP","floor":31.0},{"not_picked":["champ:EnGarde+1","champ:PerfectedStrike+1","champ:BladeFlurry"],"picked":"SKIP","floor":32.0},{"not_picked":["champ:BringItOn+1","champ:AdrenalArmor","champ:BerserkersShout+1"],"picked":"SKIP","floor":36.0},{"not_picked":["champ:RapidStrikes","champ:ShieldSigil"],"picked":"champ:FalseCounter+1","floor":38.0},{"not_picked":["champ:GladiatorsShout+1","champ:Control","champ:RageSigil"],"picked":"SKIP","floor":42.0},{"not_picked":["champ:DefensiveShout+1","champ:ShieldSigil+1","champ:Encircle"],"picked":"SKIP","floor":44.0},{"not_picked":["champ:DefensiveShout+1","champ:Backstep","champ:FightOn"],"picked":"SKIP","floor":45.0},{"not_picked":["champ:RapidStrikes+1","champ:EnGarde","champ:Encircle"],"picked":"SKIP","floor":47},{"not_picked":["champ:StanceDance+1","champ:FlashCut","champ:DefensiveShout"],"picked":"SKIP","floor":48},{"not_picked":["champ:ShieldSigil+1","champ:PerfectedStrike+1"],"picked":"champ:IgnorePain","floor":49}],"player_experience":470328,"relics_obtained":[{"floor":11.0,"key":"Frozen Egg 2"},{"floor":14.0,"key":"Bottled Flame"},{"floor":24.0,"key":"Bird Faced Urn"},{"floor":31.0,"key":"Blue Candle"},{"floor":41.0,"key":"Strawberry"},{"floor":43.0,"key":"Nunchaku"},{"floor":44.0,"key":"MawBank"}],"event_choices":[{"damage_healed":0.0,"max_hp_gain":0.0,"max_hp_loss":0.0,"gold_gain":0.0,"cards_transformed":["champ:Execute"],"event_name":"Transmorgrifier","player_choice":"Transformed","floor":6.0,"gold_loss":0.0,"damage_taken":0.0,"cards_obtained":["champ:Shatter"]},{"damage_healed":0.0,"max_hp_gain":0.0,"max_hp_loss":0.0,"gold_gain":0.0,"event_name":"The Library","player_choice":"Read","floor":29.0,"gold_loss":0.0,"damage_taken":0.0,"cards_obtained":["champ:TornadoPunch"]},{"cards_removed":["champ:EnchantShield"],"damage_healed":0.0,"max_hp_gain":0.0,"max_hp_loss":0.0,"gold_gain":0.0,"event_name":"Falling","player_choice":"Removed Skill","floor":40.0,"gold_loss":0.0,"damage_taken":0.0},{"damage_healed":0.0,"max_hp_gain":0.0,"max_hp_loss":0.0,"gold_gain":0.0,"event_name":"Wheel of Change","player_choice":"Relic","floor":43.0,"gold_loss":0.0,"damage_taken":0.0}],"is_beta":false,"boss_relics":[{"not_picked":["Empty Cage","Busted Crown"],"picked":"Sozu"},{"not_picked":["Velvet Choker","Tiny House"],"picked":"sneckomod:SneckoTalon"}],"items_purged_floors":[13],"is_endless":false,"potions_floor_spawned":[3,9,14,15,16,20,22,26,30,33,44,45,49],"killed_by":"downfall:Ironclad","ascension_level":0}}