{"host":"61ejhfsushs0xmcl","time":1609692343,"event":{"mods":["ATMod(阿瑾Mod)","Act Like it!","BaseMod","Colored Map","Gold Saver","Minty Spire (QoL Compilation)","MostiFishMod","Pale of the Ancients","Spicy Shops","StSLib","TestMod","Waifu the Spire","[IsaacMod]以撒尖塔","【遗物卡牌】REMEMod","篝火指南"],"gold_per_floor":[112,162,179,179,179,179,221,221,221,236,236,153,69,114,114,207,-1193,-1169,-1169,-1151,-1111,-1088,-1037,-1005,-956,-956,-956,-736,-292,-292,-251,-251,-141,-141,-21,-7,326,343,343,343,384,402,402,429,429,429,455,464,464,473,476,476,360,360,388,480],"floor_reached":57,"playtime":2791,"items_purged":["Defend_P","Defend_P","Defend_P","Strike_P","Shame","Strike_P","AT_OneInchPunch","MostiFishMod:Disappear+1","Strike_P","Strike_P","Defend_P+1","Eruption+1"],"score":3017,"play_id":"93073cf7-e1ec-4a6e-98e5-977ccef5e3eb","local_time":"20210104004543","is_ascension_mode":true,"campfire_choices":[{"data":"Eruption","floor":6.0,"key":"SMITH"},{"data":"AT_DarkMatter","floor":8.0,"key":"SMITH"},{"data":"Double Tap","floor":11.0,"key":"SMITH"},{"data":"AT_ChampionKick","floor":15.0,"key":"SMITH"},{"floor":30.0,"key":"RECALL"},{"data":"MostiFishMod:KamiSmash","floor":32.0,"key":"SMITH"}],"circlet_count":0,"master_deck":["AscendersBane","Vigilance+1","AT_DarkMatter+1","Double Tap+1","TalkToTheHand+1","AT_ChampionKick+1","Ragnarok+1","MostiFishMod:KamiSmash+1","FlurryOfBlows+1","EmptyMind+1","TalkToTheHand+1","MostiFishMod:ButterFly+1","TalkToTheHand+1"],"relics":["PureWater","testmod-TestBox","AT_ATBox","REME_ComplimentaryCards","HushsDoor","testmod-PortableAltar","ImprovedEquipment","SteamSale","NeowsBlessing","SynthV:TestCard","Blue Candle","SalivaCoin","AT_BladeRuinedKing","Membership Card","AT_SeraphEmbrace","AT_RedTearstoneRing","testmod-InjuryResistance","MealTicket","Lee\u0027s Waffle","Bottled Flame","SynthV:MejaisSoulstealer","REME_HourglassOfDeath","Red Mask","testmod-Acrobat","Meat on the Bone","testmod-CyclicPeriapt","Old Coin","Gremlin Horn","Boot","AT_TrinityForce","Ornamental Fan","testmod-IndustrialRevolution","testmod-OneHitWonder","ClockworkSouvenir","Cauldron","GnawedLeaf","testmod-InfectionSource","MetatronsCube","TheBattery","AT_ForceNature","AT_SilvercatRing","Damaru","War Paint","CeramicFish","DaveBox","Strange Spoon","AT_TimeSand","Nunchaku","AT_Manta","HornCleat","ThornShield","REME_LimitBreaker","AT_SunfireAegis","Pantograph","BrkXgEgg","Toolbox","AT_ImmortalShieldbow","testmod-Antiphasic","InkBottle","SatanicBible","Yang","testmod-ArcanaOfDestiny","Habit","OrangePellets","AnarchistCookbook"],"acts_visited":["Exordium","TheCity","TheBeyond","TheEnding"],"potions_floor_usage":[56,56,56,56],"damage_taken":[{"damage":1.0,"enemies":"Small Slimes","floor":1.0,"turns":1.0},{"damage":27.0,"enemies":"Hiden Room Battle","floor":2.0,"turns":3.0},{"damage":1.0,"enemies":"Cultist","floor":3.0,"turns":1.0},{"damage":0.0,"enemies":"Gremlin Nob","floor":7.0,"turns":2.0},{"damage":0.0,"enemies":"2 Louse","floor":10.0,"turns":2.0},{"damage":0.0,"enemies":"3 Sentries","floor":14.0,"turns":3.0},{"damage":0.0,"enemies":"Hexaghost","floor":16.0,"turns":2.0},{"damage":0.0,"enemies":"Chosen","floor":18.0,"turns":1.0},{"damage":0.0,"enemies":"Shell Parasite","floor":20.0,"turns":2.0},{"damage":0.0,"enemies":"Masked Bandits","floor":21.0,"turns":1.0},{"damage":0.0,"enemies":"Cultist and Chosen","floor":22.0,"turns":5.0},{"damage":0.0,"enemies":"Slavers","floor":23.0,"turns":4.0},{"damage":0.0,"enemies":"Snake Plant","floor":24.0,"turns":5.0},{"damage":4.0,"enemies":"Gremlin Leader","floor":25.0,"turns":5.0},{"damage":32.0,"enemies":"Centurion and Healer","floor":28.0,"turns":15.0},{"damage":1.0,"enemies":"Colosseum Slavers","floor":29.0,"turns":6.0},{"damage":2.0,"enemies":"Colosseum Nobs","floor":29.0,"turns":3.0},{"damage":0.0,"enemies":"Book of Stabbing","floor":31.0,"turns":1.0},{"damage":0.0,"enemies":"Collector","floor":33.0,"turns":7.0},{"damage":0.0,"enemies":"3 Darklings","floor":35.0,"turns":2.0},{"damage":0.0,"enemies":"3 Shapes","floor":36.0,"turns":3.0},{"damage":0.0,"enemies":"Writhing Mass","floor":38.0,"turns":2.0},{"damage":0.0,"enemies":"Giant Head","floor":41.0,"turns":3.0},{"damage":0.0,"enemies":"Jaw Worm Horde","floor":42.0,"turns":2.0},{"damage":0.0,"enemies":"4 Shapes","floor":47.0,"turns":2.0},{"damage":0,"enemies":"Time Eater","floor":50,"turns":2},{"damage":0,"enemies":"Donu and Deca","floor":51,"turns":1},{"damage":0,"enemies":"Shield and Spear","floor":55,"turns":1},{"damage":0,"enemies":"Delirium","floor":56,"turns":4}],"seed_played":"244625719812581406","potions_obtained":[{"floor":1.0,"key":"LiquidMemories"},{"floor":5.0,"key":"Fruit Juice"},{"floor":5.0,"key":"SmokeBomb"},{"floor":7.0,"key":"PowerPotion"},{"floor":14.0,"key":"SkillPotion"},{"floor":28.0,"key":"Strength Potion"},{"floor":29.0,"key":"DuplicationPotion"}],"is_trial":false,"path_per_floor":["M","?","M","?","?","R","E","R","T","M","R","$","$","E","R","B",null,"M","?","M","?","M","E","M","E","T","$","M","?","R","E","R","B",null,"M","M","?","M","$","R","E","M","T","T","?","R","M","?","R","B","B",null,"R","$","E","B",null],"character_chosen":"WATCHER","items_purchased":["AT_ChampionKick","Membership Card","AT_ArchangelStaff","AT_RedTearstoneRing","testmod-InjuryResistance","MealTicket","Lee\u0027s Waffle","Ragnarok","MostiFishMod:Disappear","Ornamental Fan","testmod-IndustrialRevolution","testmod-OneHitWonder","ClockworkSouvenir","Cauldron","GnawedLeaf","testmod-InfectionSource","MetatronsCube","TheBattery","AT_ForceNature","AT_SilvercatRing","Strange Spoon","AT_TimeSand","Nunchaku","AT_Manta","HornCleat","REME_LimitBreaker","AT_SunfireAegis","testmod-SpacePotion","Pantograph","BrkXgEgg","Toolbox","AT_ImmortalShieldbow","testmod-Antiphasic","InkBottle","TalkToTheHand","Ambrosia","FearPotion","SatanicBible","Yang","testmod-ArcanaOfDestiny","Habit","OrangePellets"],"campfire_rested":0,"item_purchase_floors":[12,13,13,13,13,13,13,13,17,39,39,39,39,39,40,40,40,40,40,40,46,46,46,46,46,49,49,49,53,53,53,53,53,53,53,53,53,54,54,54,54,54],"current_hp_per_floor":[60,18,17,17,22,22,22,22,22,22,22,22,61,60,59,58,48,47,46,45,44,43,42,41,36,36,38,17,26,26,26,26,26,24,23,22,21,20,19,18,17,16,15,14,13,12,11,10,9,8,7,6,5,4,3,2],"gold":480,"neow_bonus":"THREE_ENEMY_KILL","is_daily":false,"chose_seed":false,"campfire_upgraded":5,"win_rate":0.0,"timestamp":1609692343,"path_taken":["M","?","M","?","?","R","E","R","T","M","R","?","$","E","R","BOSS","M","?","?","?","?","E","M","E","T","$","M","?","R","E","R","BOSS","M","M","?","M","$","R","E","M","T","?","?","R","?","?","R","BOSS","BOSS","R","$","E","BOSS"],"items_purchased_type":["Card","Relic","Relic","Relic","Relic","Relic","Relic","Card","Card","Relic","Relic","Relic","Relic","Relic","Relic","Relic","Relic","Relic","Relic","Relic","Relic","Relic","Relic","Relic","Relic","Relic","Relic","Potion","Relic","Relic","Relic","Relic","Relic","Relic","Card","Potion","Potion","Relic","Relic","Relic","Relic","Relic"],"build_version":"2020-12-22","purchased_purges":12,"victory":true,"max_hp_per_floor":[67,66,65,58,62,61,60,59,58,57,56,55,61,60,59,58,48,47,46,45,44,43,42,41,40,39,38,37,36,35,34,33,32,24,23,22,21,20,19,18,17,16,15,14,13,12,11,10,9,8,7,6,5,4,3,2],"card_choices":[{"not_picked":["BowlingBash","FlyingSleeves","CrushJoints"],"picked":"SKIP","floor":1.0},{"not_picked":["Protect","Collect","FollowUp","Vengeance"],"picked":"TalkToTheHand","floor":3.0},{"not_picked":["MostiFishMod:Nomercy","SashWhip","Crescendo","CrushJoints"],"picked":"AT_OneInchPunch","floor":7.0},{"not_picked":["SandsOfTime","Crescendo","CutThroughFate","Evaluate","EmptyFist"],"picked":"SKIP","floor":10.0},{"not_picked":["ReachHeaven","REME_Repentance","AT_MachinaRedman","CutThroughFate","FollowUp"],"picked":"SKIP","floor":14.0},{"not_picked":["SpiritShield","Omniscience","Judgement","Establishment"],"picked":"MostiFishMod:KamiSmash","floor":16.0},{"not_picked":["ForeignInfluence+1","SashWhip","LikeWater","Wallop","CutThroughFate"],"picked":"SKIP","floor":18.0},{"not_picked":["BowlingBash","Study","SashWhip","Collect+1","EmptyBody"],"picked":"SKIP","floor":20.0},{"not_picked":["LikeWater","CrushJoints","REME_Repentance","FollowUp"],"picked":"FlurryOfBlows+1","floor":21.0},{"not_picked":["SashWhip","REME_Repentance","AT_MachinaRedman","MostiFishMod:FlowState"],"picked":"EmptyMind+1","floor":22.0},{"not_picked":["MostiFishMod:PathToVictory","REME_Repentance","WheelKick","Crescendo","ClearTheMind"],"picked":"SKIP","floor":23.0},{"not_picked":["REME_Repentance","Prostrate","FollowUp","Worship","JustLucky+1"],"picked":"SKIP","floor":24.0},{"not_picked":["CutThroughFate","Wireheading","Fasting2","Evaluate+1","BowlingBash+1"],"picked":"SKIP","floor":25.0},{"not_picked":["Evaluate","EmptyFist","ClearTheMind","Halt","CutThroughFate"],"picked":"SKIP","floor":28.0},{"not_picked":["BowlingBash+1","BattleHymn","JustLucky","ReachHeaven"],"picked":"TalkToTheHand","floor":31.0},{"not_picked":["MostiFishMod:Minus","MostiFishMod:Dust","SpiritShield","Blasphemy"],"picked":"MostiFishMod:CyberBuddha","floor":33.0},{"not_picked":["Adaptation","CutThroughFate","MostiFishMod:PathToVictory","Protect","PathToVictory"],"picked":"SKIP","floor":35.0},{"not_picked":["Wireheading","CutThroughFate","Fasting2+1","Pray","BowlingBash+1"],"picked":"SKIP","floor":36.0},{"not_picked":["MostiFishMod:Clarity","Wireheading","Swivel","Fasting2","Indignation"],"picked":"SKIP","floor":38.0},{"not_picked":["MostiFishMod:Speedup","DevaForm","CrushJoints","AT_SoftenMuscles","Collect"],"picked":"SKIP","floor":41.0},{"not_picked":["DeceiveReality+1","Halt+1","REME_MusicOfDeath+1","Study+1","BowlingBash"],"picked":"SKIP","floor":42.0},{"not_picked":["FollowUp","MostiFishMod:Nomercy","CarveReality","FlurryOfBlows","AT_MachinaRedman"],"picked":"SKIP","floor":47.0},{"not_picked":["testmod-WeaknessCounterattack","testmod-FightingIntention","testmod-Provocation","AT_CelerityRune"],"picked":"MostiFishMod:ButterFly","floor":48.0},{"not_picked":["FlurryOfBlows+1","Perseverance","MostiFishMod:Nomercy+1","Omniscience+1","FearNoEvil"],"picked":"SKIP","floor":55}],"player_experience":784827,"relics_obtained":[{"floor":1.0,"key":"SynthV:TestCard"},{"floor":2.0,"key":"Blue Candle"},{"floor":2.0,"key":"SalivaCoin"},{"floor":7.0,"key":"AT_BladeRuinedKing"},{"floor":14.0,"key":"Bottled Flame"},{"floor":21.0,"key":"Red Mask"},{"floor":23.0,"key":"testmod-Acrobat"},{"floor":25.0,"key":"Meat on the Bone"},{"floor":26.0,"key":"testmod-CyclicPeriapt"},{"floor":29.0,"key":"Old Coin"},{"floor":29.0,"key":"Gremlin Horn"},{"floor":31.0,"key":"Boot"},{"floor":41.0,"key":"Damaru"},{"floor":43.0,"key":"War Paint"},{"floor":44.0,"key":"CeramicFish"},{"floor":55,"key":"AnarchistCookbook"}],"event_choices":[{"damage_healed":0.0,"max_hp_gain":0.0,"max_hp_loss":0.0,"gold_gain":0.0,"event_name":"HidenRoomEvent","player_choice":"Fight","floor":2.0,"gold_loss":0.0,"damage_taken":0.0},{"damage_healed":0.0,"max_hp_gain":0.0,"max_hp_loss":6.0,"gold_gain":0.0,"event_name":"Golden Idol","player_choice":"Lose Max HP","floor":4.0,"gold_loss":0.0,"damage_taken":0.0,"relics_obtained":["Golden Idol"]},{"damage_healed":0.0,"max_hp_gain":0.0,"max_hp_loss":0.0,"gold_gain":0.0,"event_name":"Lab","player_choice":"Got Potions","floor":5.0,"gold_loss":0.0,"damage_taken":0.0},{"damage_healed":0.0,"max_hp_gain":0.0,"max_hp_loss":0.0,"gold_gain":0.0,"event_name":"Addict","player_choice":"Stole Relic","floor":19.0,"gold_loss":0.0,"damage_taken":0.0,"relics_obtained":["REME_HourglassOfDeath"],"cards_obtained":["Shame"]},{"damage_healed":0.0,"max_hp_gain":0.0,"max_hp_loss":0.0,"gold_gain":0.0,"event_name":"Masked Bandits","player_choice":"Fought Bandits","floor":21.0,"gold_loss":0.0,"damage_taken":0.0},{"damage_healed":0.0,"max_hp_gain":0.0,"max_hp_loss":0.0,"gold_gain":0.0,"event_name":"Colosseum","player_choice":"Fight","floor":29.0,"gold_loss":0.0,"damage_taken":0.0},{"damage_healed":0.0,"max_hp_gain":0.0,"max_hp_loss":0.0,"gold_gain":0.0,"event_name":"Colosseum","player_choice":"Fought Nobs","floor":29.0,"gold_loss":0.0,"damage_taken":0.0},{"damage_healed":0.0,"max_hp_gain":0.0,"max_hp_loss":0.0,"gold_gain":333.0,"event_name":"The Moai Head","player_choice":"Gave Idol","floor":37.0,"relics_lost":["Golden Idol"],"gold_loss":0.0,"damage_taken":0.0},{"damage_healed":0.0,"max_hp_gain":0.0,"max_hp_loss":0.0,"gold_gain":0.0,"event_name":"给自己的盒子","player_choice":"Swap Relic","floor":45.0,"relics_lost":["DaveBox"],"gold_loss":0.0,"damage_taken":0.0,"relics_obtained":["DaveBox"]},{"damage_healed":0.0,"max_hp_gain":0.0,"max_hp_loss":0.0,"gold_gain":0.0,"event_name":"SensoryStone","player_choice":"Memory 1","floor":48.0,"gold_loss":0.0,"damage_taken":0.0}],"is_beta":false,"boss_relics":[{"not_picked":["TimeKeys","FeatherPendant"],"picked":"SynthV:MejaisSoulstealer"},{"not_picked":[]},{"not_picked":["testmod-KeyOfTheVoid","JellyFishMachine"],"picked":"AT_TrinityForce"},{"not_picked":[]}],"items_purged_floors":[12,13,17,34,39,40,46,49,53,53,54,54],"is_endless":false,"potions_floor_spawned":[1,7,14,16,18,20,24,28,29,29,31,35,36],"ascension_level":20}}