{"host":"56ghxnzsglgdq727","time":1609662208,"event":{"mods":["AchievementEnabler","BaseMod","Downfall","Minty Spire (QoL Compilation)","StSLib"],"gold_per_floor":[0,12,30,88,107,126,126,301,301,311,311,311,311],"floor_reached":11,"playtime":362,"items_purged":[],"score":65,"play_id":"42716d37-9183-4f99-aaad-b132816f716d","local_time":"20210103032328","is_ascension_mode":false,"campfire_choices":[{"data":"Slimebound:Split","floor":1,"key":"SMITH"},{"data":"Slimebound:Equalize","floor":9,"key":"SMITH"}],"circlet_count":0,"master_deck":["Slimebound:Strike_Slimebound","Slimebound:Strike_Slimebound","Slimebound:Strike_Slimebound","Slimebound:Defend_Slimebound","Slimebound:Defend_Slimebound","Slimebound:Defend_Slimebound","Slimebound:Split+1","Slimebound:CorrosiveSpit","Slimebound:SplitMire","Slimebound:Repurpose","Slimebound:Equalize+1","Slimebound:Replication","Slimebound:SplitBruiser","Doubt"],"relics":["Slimebound:AbsorbEndCombat","Turnip","Slimebound:MaxSlimesRelic"],"acts_visited":["Exordium"],"potions_floor_usage":[4,6],"damage_taken":[{"damage":8,"enemies":"Cultist","floor":2,"turns":3},{"damage":17,"enemies":"2 Louse","floor":3,"turns":2},{"damage":52,"enemies":"3 Sentries","floor":4,"turns":7},{"damage":14,"enemies":"Jaw Worm","floor":5,"turns":3},{"damage":24,"enemies":"2 Fungi Beasts","floor":6,"turns":2},{"damage":31,"enemies":"Large Slime","floor":10,"turns":3},{"damage":36,"enemies":"3 Sentries","floor":11,"turns":4}],"seed_played":"2893033260520604814","potions_obtained":[{"floor":2,"key":"SneckoOil"},{"floor":5,"key":"AttackPotion"}],"is_trial":false,"path_per_floor":["R","M","M","?","M","M","T","?","R","M","E"],"character_chosen":"SLIMEBOUND","items_purchased":[],"campfire_rested":0,"item_purchase_floors":[],"current_hp_per_floor":[60,60,57,24,32,32,32,32,32,33,3,3,3],"gold":311,"neow_bonus":"REMOVE_TWO","is_daily":false,"chose_seed":false,"campfire_upgraded":2,"win_rate":0.0,"timestamp":1609662208,"path_taken":["R","M","M","?","M","M","T","?","R","M","E"],"items_purchased_type":[],"build_version":"2020-12-22","purchased_purges":0,"victory":false,"max_hp_per_floor":[60,60,60,60,60,60,60,60,60,60,60,60,60],"card_choices":[{"not_picked":["Slimebound:DivideAndConquer","Slimebound:ForwardTackle"],"picked":"Slimebound:SplitMire","floor":2},{"not_picked":["Slimebound:DisruptingSlam","Slimebound:SplitMire"],"picked":"Slimebound:Repurpose","floor":3},{"not_picked":["Slimebound:Gluttony","Slimebound:SamplingLick"],"picked":"Slimebound:Equalize","floor":4},{"not_picked":["Slimebound:GoopSpray","Slimebound:GrowthPunch"],"picked":"Slimebound:Replication","floor":5},{"not_picked":["Slimebound:SlimeSpikes","Slimebound:ComboTackle"],"picked":"Slimebound:SplitBruiser","floor":6},{"not_picked":["Slimebound:SplitBruiser","Slimebound:SamplingLick","Slimebound:ComboTackle"],"picked":"SKIP","floor":10}],"player_experience":104218,"relics_obtained":[{"floor":7,"key":"Slimebound:MaxSlimesRelic"}],"event_choices":[],"is_beta":false,"boss_relics":[],"items_purged_floors":[],"is_endless":false,"potions_floor_spawned":[2,5],"killed_by":"3 Sentries","ascension_level":0}}