{"host":"65bhxfoqsqjg61le","time":1609706466,"event":{"mods":["2.2 Compatiblity","AchievementEnabler","BaseMod","Better Third Choice","Colored Powertips","Conspire","DeckTracker","Downfall","Energized Spire","GifTheSpireLib","Googly Eyes","Hubris","Infinite Spire","Minty Spire (QoL Compilation)","Quick Restart","RRrroohrrRGHHhhh!!","Random Character Button","Rare Cards Sparkle","Replay The Spire","Shade Mod","StSLib","Stuff the Spire","The IronCluck","Wandering Minibosses","egg","everything is the same but u backflip on backflip","slay the spire mod where everything is the same but ironclad has a cowboy hat","thorton"],"gold_per_floor":[111,126,126,126,126,137,150,75,100,125,145,171,171,171,171,206,206,303,303,321,332,332,272,288,288,288,288],"floor_reached":26,"playtime":6859,"items_purged":["Strike_R"],"score":339,"play_id":"84ad8c43-66fa-4c27-b8ae-fd165dbd5ad0","local_time":"20210103154106","is_ascension_mode":true,"campfire_choices":[{"floor":13,"key":"REST"},{"floor":17,"key":"REST"},{"floor":25,"key":"REST"}],"circlet_count":0,"master_deck":["Strike_R","Strike_R","Strike_R","Strike_R","Defend_R","Defend_R","Defend_R","Defend_R","Bash","ReplayTheSpireMod:Strike From Hell","Flex","Double Tap","Flame Barrier","Cleave"],"relics":["Burning Blood","Bag of Marbles","hubris:Towel","Ring of Misfortune","Ring of Panic","Vajra","ReplayTheSpireMod:Spearhead","Gremlin Horn","StuffTheSpire:TintedRock","SlaversCollar"],"acts_visited":["Exordium","TheCity"],"potions_floor_usage":[10,12,12,16,24],"damage_taken":[{"damage":32,"enemies":"infinitespire:Voidling","floor":1,"turns":5},{"damage":8,"enemies":"Jaw Worm","floor":2,"turns":4},{"damage":0,"enemies":"2 Louse","floor":6,"turns":2},{"damage":12,"enemies":"Looter","floor":7,"turns":3},{"damage":68,"enemies":"Gremlin Nob","floor":10,"turns":7},{"damage":6,"enemies":"Blue Slaver","floor":11,"turns":3},{"damage":0,"enemies":"Replay:BlueRogue","floor":12,"turns":1},{"damage":10,"enemies":"3 Sentries","floor":16,"turns":10},{"damage":43,"enemies":"The Guardian","floor":18,"turns":8},{"damage":16,"enemies":"Spheric Guardian","floor":20,"turns":4},{"damage":20,"enemies":"Shell Parasite","floor":21,"turns":4},{"damage":35,"enemies":"Centurion and Healer","floor":24,"turns":10},{"damage":40,"enemies":"Sentry and Sphere","floor":26,"turns":3}],"seed_played":"-1492693116815882200","potions_obtained":[{"floor":2,"key":"SteroidPotion"},{"floor":6,"key":"Venom Potion"},{"floor":7,"key":"SpeedPotion"},{"floor":10,"key":"ColorlessPotion"},{"floor":21,"key":"Weak Potion"},{"floor":24,"key":"Elixir"}],"is_trial":false,"path_per_floor":["M","M","?","?","?","M","M","$","T","E","M","E","R","PTL","PTL","E","R","B",null,"M","M","?","?","M","R","M"],"character_chosen":"IRONCLAD","items_purchased":[],"campfire_rested":3,"item_purchase_floors":[],"current_hp_per_floor":[55,53,53,79,79,80,74,74,74,12,12,18,42,42,42,38,62,25,66,56,42,42,42,13,37,0,0],"gold":288,"neow_bonus":"RANDOM_COMMON_RELIC","is_daily":false,"chose_seed":false,"campfire_upgraded":0,"win_rate":0.0,"timestamp":1609706466,"path_taken":["M","?","?","?","?","M","M","$","T","E","M","E","R","PTL","PTL","E","R","BOSS","M","M","?","?","M","R","M"],"items_purchased_type":[],"build_version":"2020-12-22","purchased_purges":1,"victory":false,"max_hp_per_floor":[80,80,80,80,80,80,80,80,80,80,80,80,80,80,80,80,80,80,80,80,80,80,80,80,80,80,80],"card_choices":[{"not_picked":["Heavy Blade","Second Wind"],"picked":"ReplayTheSpireMod:Strike From Hell","floor":1},{"not_picked":["Twin Strike","Clothesline"],"picked":"Flex","floor":2},{"not_picked":["StuffTheSpire:Slingshot","Perfected Strike"],"picked":"Double Tap","floor":6},{"not_picked":["Pommel Strike","Clothesline","hubris:SharpeningStone"],"picked":"SKIP","floor":7},{"not_picked":["ReplayTheSpireMod:Limb From Limb","Clash","Massacre"],"picked":"SKIP","floor":10},{"not_picked":["Whirlwind","Clothesline","Headbutt"],"picked":"SKIP","floor":11},{"not_picked":["StuffTheSpire:Resist","hubris:ReadiedAction"],"picked":"Flame Barrier","floor":12},{"not_picked":["Twin Strike","ReplayReversal","rorgmod:Sentinel"],"picked":"SKIP","floor":16},{"not_picked":["Pommel Strike","Evolve+1","Body Slam"],"picked":"SKIP","floor":20},{"not_picked":["Body Slam","Burning Pact"],"picked":"Cleave","floor":21},{"not_picked":["Clash","Blood for Blood","StuffTheSpire:Pyroclast+1"],"picked":"SKIP","floor":24}],"player_experience":1030465,"relics_obtained":[{"floor":5,"key":"Ring of Misfortune"},{"floor":5,"key":"Ring of Panic"},{"floor":9,"key":"Vajra"},{"floor":10,"key":"ReplayTheSpireMod:Spearhead"},{"floor":12,"key":"Gremlin Horn"},{"floor":16,"key":"StuffTheSpire:TintedRock"}],"event_choices":[{"damage_healed":26,"gold_gain":0,"player_choice":"Banana","damage_taken":0,"max_hp_gain":0,"max_hp_loss":0,"event_name":"Big Fish","floor":4,"gold_loss":0}],"is_beta":false,"boss_relics":[{"not_picked":["Coffee Dripper","energizedSpire:NeverEndingSparkler"],"picked":"SlaversCollar"}],"items_purged_floors":[8],"is_endless":false,"potions_floor_spawned":[2,6,7,10,21,24],"killed_by":"Sentry and Sphere","ascension_level":7}}