{"host":"d8d3jqle49sogkjv","time":1609704950,"event":{"mods":["BaseMod","Colored Map","Colored Powertips","Minty Spire (QoL Compilation)","StSLib"],"gold_per_floor":[10,22,32,32,32,32,32,52,78,78,94,94,94,133,133,133,133],"floor_reached":16,"playtime":420,"items_purged":[],"score":145,"play_id":"31f8b37a-d4da-47c4-a466-86191ee7ed32","local_time":"20210103211550","is_ascension_mode":true,"campfire_choices":[{"data":"Zap","floor":6,"key":"SMITH"},{"data":"Thunder Strike","floor":10,"key":"SMITH"},{"data":"Zap","floor":12,"key":"SMITH"},{"data":"Echo Form","floor":15,"key":"SMITH"}],"circlet_count":0,"master_deck":["Strike_B","Strike_B","Strike_B","Defend_B","Defend_B","Defend_B","Zap+1","Dualcast","Good Instincts","Zap+1","Thunder Strike+1","Conserve Battery","Echo Form+1"],"relics":["Cracked Core","Toy Ornithopter","Golden Idol","Potion Belt"],"acts_visited":["Exordium"],"potions_floor_usage":[14,14],"damage_taken":[{"damage":8,"enemies":"2 Louse","floor":1,"turns":3},{"damage":1,"enemies":"Cultist","floor":2,"turns":3},{"damage":2,"enemies":"Jaw Worm","floor":3,"turns":3},{"damage":9,"enemies":"Large Slime","floor":8,"turns":4},{"damage":1,"enemies":"Exordium Wildlife","floor":11,"turns":3},{"damage":6,"enemies":"Gremlin Nob","floor":14,"turns":3},{"damage":52,"enemies":"Slime Boss","floor":16,"turns":7}],"seed_played":"2086354934202463002","potions_obtained":[{"floor":2,"key":"Weak Potion"},{"floor":11,"key":"AttackPotion"}],"is_trial":false,"path_per_floor":["M","M","M","?","$","R","$","M","T","R","M","R","?","E","R","B"],"character_chosen":"DEFECT","items_purchased":[],"campfire_rested":0,"item_purchase_floors":[],"current_hp_per_floor":[60,59,57,57,57,57,57,48,48,48,47,47,47,51,51,0,0],"gold":133,"neow_bonus":"REMOVE_TWO","is_daily":false,"chose_seed":false,"campfire_upgraded":4,"win_rate":0.0,"timestamp":1609704950,"path_taken":["M","M","M","?","$","R","?","M","T","R","?","R","?","E","R","BOSS"],"items_purchased_type":[],"build_version":"2020-12-22","purchased_purges":0,"victory":false,"max_hp_per_floor":[75,75,75,75,75,75,75,75,75,75,75,75,69,69,69,69,69],"card_choices":[{"not_picked":["Coolheaded","Skim","Ball Lightning"],"picked":"SKIP","floor":1},{"not_picked":["Cold Snap","Leap","Barrage"],"picked":"SKIP","floor":2},{"not_picked":["Stack","Ball Lightning","Leap"],"picked":"SKIP","floor":3},{"not_picked":["Storm","Stack"],"picked":"Thunder Strike","floor":8},{"not_picked":["Stack","Barrage"],"picked":"Conserve Battery","floor":11},{"not_picked":["Coolheaded","Gash"],"picked":"Echo Form","floor":14}],"player_experience":358464,"relics_obtained":[{"floor":9,"key":"Toy Ornithopter"},{"floor":14,"key":"Potion Belt"}],"event_choices":[{"damage_healed":0,"gold_gain":0,"player_choice":"2 cards matched","damage_taken":0,"max_hp_gain":0,"max_hp_loss":0,"event_name":"Match and Keep!","floor":4,"gold_loss":0,"cards_obtained":["Good Instincts","Zap"]},{"damage_healed":0,"gold_gain":0,"player_choice":"Lose Max HP","damage_taken":0,"relics_obtained":["Golden Idol"],"max_hp_gain":0,"max_hp_loss":6,"event_name":"Golden Idol","floor":13,"gold_loss":0}],"is_beta":false,"boss_relics":[],"items_purged_floors":[],"is_endless":false,"potions_floor_spawned":[2,11],"killed_by":"Slime Boss","ascension_level":9}}