{"host":"52m1o8iwwagurbjs","time":1609638532,"event":{"mods":["AchievementEnabler","BaseMod","Bestiary","Colored Powertips","GifTheSpireLib","Minty Spire (QoL Compilation)","Quick Restart","RNG Fix","Relic Stats","StSLib"],"gold_per_floor":[117,13,88,105,63,63,73,5,5,5,35,35,62,62,62,139,139,157,80,96,107,32,32,67,77,102,102,102],"floor_reached":27,"playtime":846,"items_purged":["Strike_G"],"score":528,"play_id":"0fe7d53c-34b3-4465-8f35-674057c58190","local_time":"20210102204852","is_ascension_mode":true,"campfire_choices":[{"data":"Noxious Fumes","floor":6.0,"key":"SMITH"},{"data":"Wraith Form v2","floor":10.0,"key":"SMITH"},{"data":"Dagger Spray","floor":12.0,"key":"SMITH"},{"data":"Poisoned Stab","floor":15.0,"key":"SMITH"},{"floor":23.0,"key":"REST"}],"circlet_count":0,"master_deck":["AscendersBane","Strike_G","Strike_G","Strike_G","Defend_G","Defend_G","Defend_G","Defend_G","Defend_G","Survivor","Neutralize","Dagger Throw","Poisoned Stab+1","Backstab","Noxious Fumes+1","Wraith Form v2+1","Dagger Spray+1","Deadly Poison","Burst","Dodge and Roll","Die Die Die","Blade Dance","Catalyst","Backflip","Deflect+1"],"relics":["SlaversCollar","Centennial Puzzle","Meat on the Bone","Kunai","Happy Flower","Black Star","Juzu Bracelet","Regal Pillow","Pen Nib"],"acts_visited":["Exordium","TheCity"],"potions_floor_usage":[27],"damage_taken":[{"damage":6.0,"enemies":"Cultist","floor":1.0,"turns":5.0},{"damage":1.0,"enemies":"2 Louse","floor":4.0,"turns":4.0},{"damage":2.0,"enemies":"Small Slimes","floor":7.0,"turns":3.0},{"damage":0.0,"enemies":"Lagavulin","floor":11.0,"turns":7.0},{"damage":26.0,"enemies":"Gremlin Nob","floor":13.0,"turns":4.0},{"damage":10.0,"enemies":"Slime Boss","floor":16.0,"turns":10.0},{"damage":12.0,"enemies":"Chosen","floor":18.0,"turns":4.0},{"damage":24.0,"enemies":"Spheric Guardian","floor":20.0,"turns":6.0},{"damage":19.0,"enemies":"3 Cultists","floor":21.0,"turns":5.0},{"damage":8.0,"enemies":"Slavers","floor":24.0,"turns":7.0},{"damage":33,"enemies":"Cultist and Chosen","floor":25,"turns":7},{"damage":24,"enemies":"Book of Stabbing","floor":27,"turns":4}],"seed_played":"365284421053865286","potions_obtained":[{"floor":1.0,"key":"Fruit Juice"},{"floor":7.0,"key":"Poison Potion"},{"floor":16.0,"key":"Dexterity Potion"},{"floor":20.0,"key":"Poison Potion"},{"floor":21.0,"key":"SteroidPotion"}],"is_trial":false,"path_per_floor":["M","$","?","M","$","R","M","?","T","R","E","R","E","$","R","B",null,"M","$","M","M","?","R","E","M","T","E"],"character_chosen":"THE_SILENT","items_purchased":["Poisoned Stab","Noxious Fumes","Die Die Die"],"campfire_rested":1,"item_purchase_floors":[2,5,19],"current_hp_per_floor":[53,53,42,41,41,41,44,44,44,44,44,44,30,30,30,32,61,49,49,37,30,30,51,43,22,22,0,0],"gold":102,"neow_bonus":"BOSS_RELIC","is_daily":false,"chose_seed":false,"campfire_upgraded":4,"win_rate":0.0,"timestamp":1609638532,"path_taken":["M","$","?","M","?","R","M","?","T","R","E","R","E","$","R","BOSS","M","$","M","?","?","R","E","M","T","E"],"items_purchased_type":["Card","Card","Card"],"build_version":"2020-12-22","purchased_purges":1,"victory":false,"max_hp_per_floor":[66,66,66,66,66,66,71,71,71,71,71,71,71,71,71,71,71,71,71,71,71,71,71,71,71,71,71,71],"relic_stats":{"Centennial Puzzle":[24],"Regal Pillow":0,"Happy Flower":[14],"counters":[12,66],"Pen Nib":[0],"Black Star":1,"Juzu Bracelet":0,"Kunai":[21],"obtain_stats":[{"SlaversCollar":0,"Centennial Puzzle":8,"Regal Pillow":24,"Happy Flower":13,"Pen Nib":26,"Black Star":17,"Juzu Bracelet":24,"Kunai":11,"Ring of the Snake":0,"Meat on the Bone":9},{"SlaversCollar":0,"Centennial Puzzle":3,"Regal Pillow":10,"Happy Flower":5,"Pen Nib":11,"Black Star":6,"Juzu Bracelet":10,"Kunai":4,"Ring of the Snake":0,"Meat on the Bone":3},{"SlaversCollar":0,"Centennial Puzzle":12,"Regal Pillow":55,"Happy Flower":23,"Pen Nib":62,"Black Star":33,"Juzu Bracelet":55,"Kunai":19,"Ring of the Snake":0,"Meat on the Bone":12}],"Meat on the Bone":60},"card_choices":[{"not_picked":["Flying Knee","Deflect"],"picked":"Dagger Throw","floor":1.0},{"not_picked":["Blade Dance","Masterful Stab"],"picked":"Backstab","floor":4.0},{"not_picked":["Dagger Spray","Deflect"],"picked":"Wraith Form v2","floor":7.0},{"not_picked":["Dodge and Roll","Blade Dance"],"picked":"Dagger Spray","floor":11.0},{"not_picked":["Footwork","Deflect"],"picked":"Deadly Poison","floor":13.0},{"not_picked":["Glass Knife","Die Die Die"],"picked":"Burst","floor":16.0},{"not_picked":["Setup","Deadly Poison+1"],"picked":"Dodge and Roll","floor":18.0},{"not_picked":["Slice","Deflect"],"picked":"Blade Dance","floor":20.0},{"not_picked":["Bane","Deadly Poison+1"],"picked":"Catalyst","floor":21.0},{"not_picked":["Heel Hook","Bane"],"picked":"Backflip","floor":24.0},{"not_picked":["Predator","Flying Knee"],"picked":"Deflect+1","floor":25}],"player_experience":1091125,"relics_obtained":[{"floor":9.0,"key":"Meat on the Bone"},{"floor":11.0,"key":"Kunai"},{"floor":13.0,"key":"Happy Flower"},{"floor":24.0,"key":"Juzu Bracelet"},{"floor":24.0,"key":"Regal Pillow"},{"floor":26,"key":"Pen Nib"}],"event_choices":[{"damage_healed":0.0,"max_hp_gain":0.0,"max_hp_loss":0.0,"gold_gain":75.0,"event_name":"World of Goop","player_choice":"Gather Gold","floor":3.0,"gold_loss":0.0,"damage_taken":11.0},{"damage_healed":0.0,"max_hp_gain":0.0,"max_hp_loss":0.0,"gold_gain":0.0,"event_name":"WeMeetAgain","player_choice":"Paid Gold","floor":8.0,"gold_loss":68.0,"damage_taken":0.0,"relics_obtained":["Centennial Puzzle"]},{"cards_removed":["Strike_G"],"damage_healed":0.0,"max_hp_gain":0.0,"max_hp_loss":0.0,"gold_gain":0.0,"event_name":"Beggar","player_choice":"Gave Gold","floor":22.0,"gold_loss":75.0,"damage_taken":0.0}],"is_beta":false,"boss_relics":[{"not_picked":["Velvet Choker","Snecko Eye"],"picked":"Black Star"}],"items_purged_floors":[2],"is_endless":false,"potions_floor_spawned":[1,7,16,20,21],"killed_by":"Book of Stabbing","ascension_level":20}}