{"host":"56ghxnzsglgdq727","time":1609665512,"event":{"mods":["AchievementEnabler","BaseMod","Downfall","Minty Spire (QoL Compilation)","StSLib"],"gold_per_floor":[99,99,116,116,130,155,203,61,72,90,124,135,60,45,60,60,60,60],"floor_reached":16,"playtime":841,"items_purged":["Guardian:Strike_Guardian"],"score":112,"play_id":"a84f61a0-6a1f-45eb-b630-f6f5dd8bedc8","local_time":"20210103041832","is_ascension_mode":false,"campfire_choices":[{"data":"Guardian:GatlingBeam","floor":1,"key":"SMITH"},{"floor":13,"key":"REST"}],"circlet_count":0,"master_deck":["Guardian:Strike_Guardian","Guardian:Strike_Guardian","Guardian:Strike_Guardian","Guardian:Defend_Guardian","Guardian:Defend_Guardian","Guardian:Defend_Guardian","Guardian:CurlUp","Guardian:TwinSlam","Guardian:GatlingBeam+1","Guardian:TimeCapacitor","Guardian:Emergency","Guardian:ShieldCharger","Guardian:TemporalShield","Guardian:PrismaticBeam","Guardian:PrismaticBeam","Guardian:DonusPower","Guardian:TemporalShield","Guardian:Gem_Orange","Guardian:TimeBomb"],"relics":["Guardian:ModeShifter","Bronze Scales","Boot","Dream Catcher","downfall:HeartBlessingGreen"],"acts_visited":["Exordium"],"potions_floor_usage":[6,8,14,16],"damage_taken":[{"damage":0,"enemies":"Small Slimes","floor":3,"turns":3},{"damage":2,"enemies":"Jaw Worm","floor":5,"turns":4},{"damage":25,"enemies":"Lagavulin","floor":6,"turns":6},{"damage":0,"enemies":"downfall:FleeingMerchant","floor":8,"turns":4},{"damage":0,"enemies":"Cultist","floor":9,"turns":4},{"damage":12,"enemies":"Lots of Slimes","floor":10,"turns":4},{"damage":20,"enemies":"3 Sentries","floor":11,"turns":12},{"damage":10,"enemies":"Blue Slaver","floor":12,"turns":4},{"damage":0,"enemies":"downfall:FleeingMerchant","floor":14,"turns":4},{"damage":12,"enemies":"Exordium Thugs","floor":15,"turns":4},{"damage":20,"enemies":"downfall:Ironclad","floor":16,"turns":6}],"seed_played":"524681593911443469","potions_obtained":[{"floor":5,"key":"AttackPotion"},{"floor":6,"key":"Guardian:StasisDiscoveryPotion"},{"floor":11,"key":"Weak Potion"},{"floor":12,"key":"SpeedPotion"}],"is_trial":false,"path_per_floor":["R","?","M","?","M","E","T","$","M","M","E","M","R","$","M","B"],"character_chosen":"GUARDIAN","items_purchased":["Guardian:TemporalShield"],"campfire_rested":1,"item_purchase_floors":[8],"current_hp_per_floor":[72,77,77,77,75,50,50,50,50,38,18,8,31,31,19,0,0,0],"gold":60,"neow_bonus":"THREE_RARE_CARDS","is_daily":false,"chose_seed":false,"campfire_upgraded":1,"win_rate":0.0,"timestamp":1609665512,"path_taken":["R","?","M","?","M","E","T","$","M","M","E","M","R","?","M","BOSS"],"items_purchased_type":["Card"],"build_version":"2020-12-22","purchased_purges":1,"victory":false,"max_hp_per_floor":[72,77,77,77,77,77,77,77,77,77,77,77,77,77,77,77,77,77],"card_choices":[{"not_picked":["Guardian:ConstructionForm","Guardian:Gem_Orange"],"picked":"Guardian:GatlingBeam","floor":0},{"not_picked":["Guardian:TemporalShield","Guardian:GuardianWhirl"],"picked":"Guardian:TimeCapacitor","floor":3},{"not_picked":["Guardian:Gem_White","Guardian:Gem_Cyan"],"picked":"Guardian:Emergency","floor":5},{"not_picked":["Guardian:Gem_Blue","Guardian:WalkerClaw"],"picked":"Guardian:ShieldCharger","floor":6},{"not_picked":["Guardian:Repulse","Guardian:CrystalBeam"],"picked":"Guardian:Gem_Purple","floor":8},{"not_picked":["Guardian:ShieldCharger","Guardian:Harden"],"picked":"Guardian:Gem_White","floor":9},{"not_picked":["Guardian:ShieldSpikes","Guardian:Suspension"],"picked":"Guardian:PrismaticBeam","floor":10},{"not_picked":["Guardian:Gem_Lightblue","Guardian:PiercingHide"],"picked":"Guardian:PrismaticBeam","floor":11},{"not_picked":["Guardian:ChargeCore","Guardian:WalkerClaw"],"picked":"Guardian:DonusPower","floor":12},{"not_picked":["Guardian:MultiBeam","Guardian:WalkerClaw"],"picked":"Guardian:TemporalShield","floor":13},{"not_picked":["Guardian:TemporalShield","Guardian:GuardianWhirl"],"picked":"Guardian:Gem_Orange","floor":14},{"not_picked":["Guardian:Gem_Green","Guardian:ChargeCore"],"picked":"Guardian:TimeBomb","floor":15}],"player_experience":106925,"relics_obtained":[{"floor":6,"key":"Bronze Scales"},{"floor":7,"key":"Boot"},{"floor":11,"key":"Dream Catcher"}],"event_choices":[{"damage_healed":0,"gold_gain":0,"player_choice":"Donut","damage_taken":0,"max_hp_gain":5,"max_hp_loss":0,"event_name":"Big Fish","floor":2,"gold_loss":0}],"is_beta":false,"boss_relics":[],"items_purged_floors":[8],"is_endless":false,"potions_floor_spawned":[5,6,11,12],"killed_by":"downfall:Ironclad","ascension_level":0}}