{"host":"2gugywxuw0nvjb3h","time":1609638673,"event":{"mods":["AchievementEnabler","BaseMod","Better Altar","Better Match","Better Note","Better Sensory Stone","Better Skull","Better Third Choice","BetterRewards","Colored Map","Colored Powertips","Curses Come First","Evolution","Filter the Spire","GifTheSpireLib","Hermit","Key Reminder","Marisa????????","Minty Spire (QoL Compilation)","Rare Cards Sparkle","Relic Sorter","Replay The Spire","Spicy Shops","StSLib","The Servant 0.9.4"],"gold_per_floor":[118,171,171,191,206,206,247,247,270,310,93,168,168,267,267,562,562,626,730,730,228,328,433,522,608,608,648,648,742,194,282,282,515,515,576,70,115,178,393,393,76,0,51,171,309,400,551,630,630,690],"floor_reached":51,"playtime":9212,"items_purged":["Delirium"],"score":817,"play_id":"ea8a9efb-df94-42fe-9906-a9227b4962f9","local_time":"20210102185113","is_ascension_mode":true,"campfire_choices":[{"floor":6,"key":"REST"},{"floor":8,"key":"REST"},{"floor":13,"key":"REST"},{"floor":15,"key":"DIG"},{"data":"Tactician","floor":28,"key":"SMITH"},{"data":"Backstab","floor":32,"key":"SMITH"},{"data":"Bouncing Flask","floor":40,"key":"SMITH"},{"data":"Draining Mist","floor":49,"key":"SMITH"}],"circlet_count":0,"master_deck":["Quick Slash","Quick Slash","Quick Slash","Survivor+1","Neutralize","Calculated Gamble+1","Poisoned Stab","Escape Plan","Hidden Blade","Dagger Spray","Noxious Fumes","Bullet Time","Noxious Fumes","Fluid Movement","Fluid Movement","Blade Dance","Poison Darts","Bane","Catalyst","Quick Slash","Flying Knee+1","Fluid Movement","Accuracy","Tactician+1","Accuracy+1","Backstab+1","Replay:Bag of Tricks","Dagger Throw","Replay:Poison Smokescreen","Outmaneuver+1","A Thousand Cuts","Bouncing Flask+1","Doppelganger","Deadly Poison","Concentrate","Backflip","Flying Knee","Slice+1","Backflip","Backstab","Dodge and Roll+1","Toxin Wave","Parasite","Slice+1","Phantasmal Killer","Draining Mist+1"],"relics":["Ring of the Snake","CatCart","Shuriken","Sundial","Nunchaku","ReplayFunnel","EVO:Axolotl","Happy Flower","The Specimen","Tingsha","Toy Ornithopter","Golden Idol","Strawberry","Lantern","Juzu Bracelet","Thread and Needle","Replay:Bandana","ReplayTheSpireMod:CursedCoin","Unceasing Top","Sozu","TwistedFunnel","Divine Protection","Matryoshka","Onion Ring","Regal Pillow","Orichalcum","Lee\u0027s Waffle","Gremlin Horn","Pandora\u0027s Box","Replay:Baseball","Bronze Scales","Blood Vial","Red Mask","Smiling Mask","War Paint","Ice Cream","The Courier"],"acts_visited":["Exordium","TheCity","TheBeyond"],"potions_floor_usage":[7,7,14,29],"damage_taken":[{"damage":0,"enemies":"2 Louse","floor":1,"turns":2},{"damage":0,"enemies":"Jaw Worm","floor":4,"turns":2},{"damage":0,"enemies":"Small Slimes","floor":5,"turns":2},{"damage":13,"enemies":"Lagavulin","floor":7,"turns":3},{"damage":20,"enemies":"3 Sentries","floor":10,"turns":5},{"damage":4,"enemies":"Lagavulin","floor":14,"turns":6},{"damage":28,"enemies":"Fading Forest","floor":16,"turns":11},{"damage":1,"enemies":"Chosen","floor":18,"turns":3},{"damage":11,"enemies":"Shell Parasite","floor":19,"turns":5},{"damage":13,"enemies":"Book of Stabbing","floor":23,"turns":5},{"damage":0,"enemies":"Cultist and Chosen","floor":24,"turns":3},{"damage":0,"enemies":"3 Cultists","floor":25,"turns":4},{"damage":0,"enemies":"Chosen and Byrds","floor":27,"turns":4},{"damage":2,"enemies":"Slavers","floor":29,"turns":3},{"damage":0,"enemies":"Cultist and Chosen","floor":31,"turns":3},{"damage":0,"enemies":"Collector","floor":33,"turns":6},{"damage":10,"enemies":"3 Darklings","floor":35,"turns":4},{"damage":0,"enemies":"3 Shapes","floor":37,"turns":3},{"damage":0,"enemies":"Sphere and 2 Shapes","floor":38,"turns":5},{"damage":2,"enemies":"Orin","floor":39,"turns":7},{"damage":5,"enemies":"Maw","floor":44,"turns":4},{"damage":4,"enemies":"Mind Bloom Boss Battle","floor":45,"turns":4},{"damage":0,"enemies":"Writhing Mass","floor":46,"turns":4},{"damage":0,"enemies":"Giant Head","floor":47,"turns":5},{"damage":0,"enemies":"3 Darklings","floor":48,"turns":2},{"damage":4,"enemies":"Replay:Hell Engine","floor":50,"turns":8}],"seed_played":"359313917612287005","potions_obtained":[{"floor":2,"key":"Adrenaline Potion"},{"floor":5,"key":"Adrenaline Potion"},{"floor":10,"key":"ColorlessPotion"},{"floor":14,"key":"Fire Potion"}],"is_trial":false,"path_per_floor":["M","?","?","M","M","R","E","R","T","E","$","?","R","E","R_BF","B",null,"M","M","?","$","?","E","M","M","T","M","R","E","$","M","R","B",null,"M","$","M","M","?","R","$","?","T","M","?","M","E","M","R","B",null],"character_chosen":"THE_SILENT","items_purchased":["Happy Flower","Calculated Gamble+1","The Specimen","Thread and Needle","Replay:Bandana","ReplayTheSpireMod:CursedCoin","Fluid Movement","TwistedFunnel","Divine Protection","Quick Slash","Orichalcum","Lee\u0027s Waffle","Gremlin Horn","Replay:Baseball","Bronze Scales","ReplayFunnel","Backflip","Shuriken","Backstab","Blood Vial"],"campfire_rested":3,"item_purchase_floors":[0,0,0,11,11,11,11,21,21,21,30,30,30,36,36,36,36,41,41,41],"current_hp_per_floor":[70,53,36,36,36,57,61,77,77,57,57,46,69,70,70,42,77,76,65,65,65,65,52,52,52,52,52,52,55,84,84,84,84,84,74,74,74,74,72,72,72,72,72,69,67,69,71,73,73,71],"gold":690,"neow_bonus":"","is_daily":false,"chose_seed":false,"campfire_upgraded":4,"win_rate":0.0,"timestamp":1609638673,"path_taken":["M","?","?","M","M","R","E","R","T","E","$","?","R","E","R_BF","BOSS","M","M","?","$","?","E","M","M","T","M","R","E","?","M","R","BOSS","M","$","M","M","?","R","$","?","T","M","?","M","E","M","R","BOSS"],"items_purchased_type":["Relic","Card","Relic","Relic","Relic","Relic","Card","Relic","Relic","Card","Relic","Relic","Relic","Relic","Relic","Relic","Card","Relic","Card","Relic"],"build_version":"2020-12-22","purchased_purges":1,"victory":true,"max_hp_per_floor":[70,70,70,70,70,70,77,77,77,77,77,77,77,77,77,77,77,77,77,77,77,77,77,77,77,77,77,77,77,84,84,84,84,84,84,84,84,84,84,84,84,84,84,84,84,84,84,84,84,84],"card_choices":[{"not_picked":["Outmaneuver","Catalyst"],"picked":"Poisoned Stab","floor":1},{"not_picked":["Quick Slash","Flechettes"],"picked":"Escape Plan","floor":2},{"not_picked":["Sucker Punch","Riddle With Holes"],"picked":"Hidden Blade","floor":2},{"not_picked":["Dodge and Roll","Acrobatics"],"picked":"Dagger Spray","floor":4},{"not_picked":["Setup","Bane"],"picked":"Noxious Fumes","floor":5},{"not_picked":["Flying Knee","Backflip"],"picked":"Bullet Time","floor":7},{"not_picked":["A Thousand Cuts","Malaise"],"picked":"Noxious Fumes","floor":10},{"not_picked":["PiercingWail","Hidden Blade"],"picked":"Blade Dance","floor":14},{"not_picked":["Burst","Bullet Time"],"picked":"Poison Darts","floor":16},{"not_picked":["Slice","Dagger Throw"],"picked":"Bane","floor":18},{"not_picked":["Fluid Movement","Quick Slash"],"picked":"Catalyst","floor":19},{"not_picked":["Cloak And Dagger","Quick Slash"],"picked":"Flying Knee+1","floor":23},{"not_picked":["Finisher","Dodge and Roll"],"picked":"Fluid Movement","floor":24},{"not_picked":["Dash","PiercingWail"],"picked":"Accuracy","floor":25},{"not_picked":["Masterful Stab","Poisoned Stab"],"picked":"Tactician","floor":27},{"not_picked":["Malaise","Setup"],"picked":"Accuracy+1","floor":29},{"not_picked":["Dagger Throw+1","Dodge and Roll"],"picked":"Backstab","floor":31},{"not_picked":["Grand Finale","Phantasmal Killer"],"picked":"Replay:Bag of Tricks","floor":33},{"not_picked":["Cloak And Dagger+1","Underhanded Strike+1"],"picked":"Concentrate","floor":35},{"not_picked":["Cloak And Dagger+1","ReplayTheSpireMod:Tripwire"],"picked":"Flying Knee","floor":37},{"not_picked":["ReplayTheSpireMod:Tripwire+1","Blur"],"picked":"Slice+1","floor":38},{"not_picked":["Underhanded Strike","Sucker Punch"],"picked":"Backflip","floor":39},{"not_picked":["Flying Knee","Underhanded Strike"],"picked":"Dodge and Roll+1","floor":44},{"not_picked":["Predator+1","Heel Hook"],"picked":"Toxin Wave","floor":45},{"not_picked":["Caltrops","Unload"],"picked":"Slice+1","floor":46},{"not_picked":["Dagger Spray","Sucker Punch"],"picked":"Phantasmal Killer","floor":47},{"not_picked":["Blade Dance","Dagger Throw"],"picked":"Draining Mist","floor":48}],"player_experience":187975,"relics_obtained":[{"floor":2,"key":"Toy Ornithopter"},{"floor":7,"key":"Strawberry"},{"floor":9,"key":"Lantern"},{"floor":10,"key":"Juzu Bracelet"},{"floor":14,"key":"Sundial"},{"floor":15,"key":"Unceasing Top"},{"floor":23,"key":"Matryoshka"},{"floor":26,"key":"Nunchaku"},{"floor":26,"key":"Onion Ring"},{"floor":29,"key":"Regal Pillow"},{"floor":39,"key":"CatCart"},{"floor":43,"key":"Smiling Mask"},{"floor":43,"key":"War Paint"},{"floor":45,"key":"Ice Cream"},{"floor":47,"key":"The Courier"}],"event_choices":[{"damage_healed":0,"gold_gain":0,"player_choice":"Take Damage","damage_taken":17,"relics_obtained":["Golden Idol"],"max_hp_gain":0,"max_hp_loss":0,"event_name":"Golden Idol","floor":3,"gold_loss":0},{"damage_healed":0,"gold_gain":75,"player_choice":"Gold","damage_taken":11,"max_hp_gain":0,"max_hp_loss":0,"event_name":"betterThird:BetterGoop","floor":12,"gold_loss":0},{"damage_healed":0,"gold_gain":0,"player_choice":"Got Potions","damage_taken":0,"max_hp_gain":0,"max_hp_loss":0,"event_name":"Lab","floor":20,"gold_loss":0},{"damage_healed":0,"gold_gain":100,"player_choice":"Pray","damage_taken":0,"max_hp_gain":0,"max_hp_loss":0,"event_name":"Golden Shrine","floor":22,"gold_loss":0},{"damage_healed":0,"gold_gain":0,"player_choice":"Fight","damage_taken":0,"max_hp_gain":0,"max_hp_loss":0,"event_name":"OrinTheCat","floor":39,"gold_loss":0},{"damage_healed":0,"gold_gain":0,"player_choice":"Paid","damage_taken":0,"relics_obtained":["Red Mask"],"max_hp_gain":0,"max_hp_loss":0,"event_name":"Tomb of Lord Red Mask","floor":42,"gold_loss":76},{"damage_healed":0,"gold_gain":0,"player_choice":"Fight","damage_taken":0,"max_hp_gain":0,"max_hp_loss":0,"event_name":"MindBloom","floor":45,"gold_loss":0}],"is_beta":false,"boss_relics":[{"not_picked":["Busted Crown","Replay:Ancient Bell"],"picked":"Sozu"},{"not_picked":["ReplayTheSpireMod:DimensionalGlitch","Replay:Bronze Core"],"picked":"Pandora\u0027s Box"}],"items_purged_floors":[11],"is_endless":false,"potions_floor_spawned":[5,10,14,18,23,24,29,31,37,39,45,46,47],"ascension_level":1}}