{"host":"6ld56ls1xbe0aj21","time":1609660439,"event":{"mods":["AchievementEnabler","BaseMod","Colored Powertips","Minty Spire (QoL Compilation)","Quick Restart","Rare Cards Sparkle","StSLib","SuperFastMode","everything is the same but u backflip on backflip","slay the spire mod where everything is the same but ironclad has a cowboy hat"],"gold_per_floor":[109,109,0,0,0,31,31,60,60,13,47,66,96,116,116,219,219,231,247,346,361,380,380,391,391,391,391,421,83,98,125,125,227,227,243,69,69,7,23,23,54,74,74,102,377,377,388,17,17,17,17],"floor_reached":50,"playtime":1675,"items_purged":["Strike_R","Defend_R","Defend_R","Defend_R"],"score":912,"play_id":"e3a2e1e1-139f-4467-af7c-7c24362a527f","local_time":"20210103185359","is_ascension_mode":true,"campfire_choices":[{"data":"Inflame","floor":7.0,"key":"SMITH"},{"floor":15.0,"key":"REST"},{"floor":23.0,"key":"REST"},{"data":"Disarm","floor":25.0,"key":"SMITH"},{"floor":27.0,"key":"REST"},{"data":"Shockwave","floor":32.0,"key":"SMITH"},{"data":"Fiend Fire","floor":40.0,"key":"SMITH"},{"floor":46.0,"key":"RECALL"},{"floor":49,"key":"REST"}],"circlet_count":0,"master_deck":["Strike_R","Defend_R","Bash","Spot Weakness","Inflame+1","Disarm+1","Iron Wave","Cleave","Fiend Fire+1","Battle Trance","Dropkick+1","Whirlwind+1","Feed+1","Clothesline+1","Inflame+1","Fire Breathing","Ghostly Armor+1","Whirlwind+1","Warcry+1","Shockwave+1","Dropkick+1","Armaments+1","Reckless Charge+1","Immolate+1","Twin Strike+1","Sever Soul+1","Headbutt+1","Sword Boomerang+1","Heavy Blade+1"],"relics":["Burning Blood","NeowsBlessing","StrikeDummy","Bronze Scales","Smiling Mask","InkBottle","Orichalcum","Molten Egg 2","Black Star","Meat on the Bone","Happy Flower","Self Forming Clay","Medical Kit","Anchor","The Courier","Mark of Pain","Centennial Puzzle","Omamori","Singing Bowl","Bottled Flame","Dream Catcher","Akabeko","Pantograph"],"acts_visited":["TheBeyond"],"potions_floor_usage":[50],"damage_taken":[{"damage":0.0,"enemies":"Small Slimes","floor":1.0,"turns":1.0},{"damage":0.0,"enemies":"Gremlin Nob","floor":6.0,"turns":1.0},{"damage":0.0,"enemies":"3 Sentries","floor":8.0,"turns":2.0},{"damage":19.0,"enemies":"Lagavulin","floor":11.0,"turns":7.0},{"damage":7.0,"enemies":"Jaw Worm","floor":12.0,"turns":2.0},{"damage":19.0,"enemies":"3 Sentries","floor":13.0,"turns":7.0},{"damage":2.0,"enemies":"2 Louse","floor":14.0,"turns":2.0},{"damage":30.0,"enemies":"The Guardian","floor":16.0,"turns":9.0},{"damage":21.0,"enemies":"2 Thieves","floor":18.0,"turns":3.0},{"damage":21.0,"enemies":"Spheric Guardian","floor":19.0,"turns":4.0},{"damage":35.0,"enemies":"Centurion and Healer","floor":21.0,"turns":6.0},{"damage":29.0,"enemies":"Cultist and Chosen","floor":22.0,"turns":5.0},{"damage":6.0,"enemies":"3 Cultists","floor":24.0,"turns":4.0},{"damage":18.0,"enemies":"Gremlin Leader","floor":28.0,"turns":5.0},{"damage":11.0,"enemies":"Snake Plant","floor":30.0,"turns":3.0},{"damage":21.0,"enemies":"Book of Stabbing","floor":31.0,"turns":5.0},{"damage":42.0,"enemies":"Champ","floor":33.0,"turns":8.0},{"damage":0.0,"enemies":"Orb Walker","floor":35.0,"turns":3.0},{"damage":0.0,"enemies":"3 Shapes","floor":39.0,"turns":2.0},{"damage":7.0,"enemies":"Giant Head","floor":41.0,"turns":5.0},{"damage":30.0,"enemies":"Transient","floor":42.0,"turns":5.0},{"damage":45.0,"enemies":"Reptomancer","floor":44.0,"turns":4.0},{"damage":12.0,"enemies":"4 Shapes","floor":47.0,"turns":4.0},{"damage":107,"enemies":"Awakened One","floor":50,"turns":7}],"seed_played":"-943374951601103088","potions_obtained":[{"floor":1.0,"key":"ColorlessPotion"},{"floor":12.0,"key":"GamblersBrew"},{"floor":13.0,"key":"FearPotion"},{"floor":14.0,"key":"GamblersBrew"},{"floor":19.0,"key":"BloodPotion"},{"floor":22.0,"key":"SteroidPotion"},{"floor":28.0,"key":"SteroidPotion"},{"floor":30.0,"key":"Ancient Potion"},{"floor":42.0,"key":"ColorlessPotion"}],"is_trial":false,"path_per_floor":["M","?","$","?","?","E","R","E","T","$","E","M","E","M","R","B",null,"M","M","?","M","M","R","M","R","T","R","E","$","M","E","R","B",null,"M","$","?","$","M","R","E","M","T","E","?","R","M","$","R","B"],"character_chosen":"IRONCLAD","items_purchased":["Inflame","Cleave","Medical Kit","Shockwave","Dropkick+1","Centennial Puzzle","Sever Soul+1","Akabeko","Pantograph"],"campfire_rested":4,"item_purchase_floors":[3,10,29,29,29,36,38,48,48],"current_hp_per_floor":[78,71,71,46,46,52,52,58,58,58,45,44,31,35,59,35,69,54,39,39,30,11,37,41,41,41,68,56,56,55,52,52,28,79,85,85,85,85,91,91,90,68,68,43,43,43,53,53,86,0,0],"gold":17,"neow_bonus":"THREE_ENEMY_KILL","is_daily":false,"chose_seed":false,"campfire_upgraded":4,"win_rate":0.0,"timestamp":1609660439,"path_taken":["M","?","$","?","?","E","R","E","T","?","E","M","E","?","R","BOSS","M","M","?","M","M","R","M","R","T","R","E","$","M","E","R","BOSS","M","$","?","?","M","R","E","M","T","E","?","R","M","$","R","BOSS"],"items_purchased_type":["Card","Card","Relic","Card","Card","Relic","Card","Relic","Relic"],"build_version":"2020-12-22","purchased_purges":4,"victory":false,"max_hp_per_floor":[80,80,80,80,80,80,80,80,80,80,80,80,80,80,80,80,80,80,80,80,84,88,88,92,92,92,92,92,92,96,96,96,96,96,96,96,96,96,96,96,96,98,98,100,100,100,104,104,106,106,106],"card_choices":[{"not_picked":["Shrug It Off","Armaments"],"picked":"Spot Weakness","floor":1.0},{"not_picked":["Clash","Thunderclap"],"picked":"Disarm","floor":6.0},{"not_picked":["Heavy Blade","Clash"],"picked":"Iron Wave","floor":8.0},{"not_picked":["Perfected Strike","Shrug It Off"],"picked":"Fiend Fire","floor":11.0},{"not_picked":["True Grit","Dark Embrace"],"picked":"Battle Trance","floor":12.0},{"not_picked":["Iron Wave+1","Headbutt+1"],"picked":"Dropkick+1","floor":13.0},{"not_picked":["Entrench","Wild Strike+1"],"picked":"Whirlwind+1","floor":14.0},{"not_picked":["Berserk","Barricade"],"picked":"Feed+1","floor":16.0},{"not_picked":["Warcry","Flex"],"picked":"Clothesline+1","floor":18.0},{"not_picked":["Bloodletting+1","Disarm+1"],"picked":"Inflame+1","floor":19.0},{"not_picked":["Seeing Red","Body Slam+1"],"picked":"Fire Breathing","floor":21.0},{"not_picked":["Dual Wield","Body Slam+1"],"picked":"Ghostly Armor+1","floor":22.0},{"not_picked":["Cleave+1","Clothesline+1"],"picked":"Whirlwind+1","floor":24.0},{"not_picked":["Iron Wave+1","Clothesline+1"],"picked":"Warcry+1","floor":28.0},{"not_picked":["Shrug It Off","Entrench"],"picked":"Armaments+1","floor":30.0},{"not_picked":["Fiend Fire+1","Body Slam+1"],"picked":"Reckless Charge+1","floor":31.0},{"not_picked":["Fiend Fire+1","Juggernaut"],"picked":"Immolate+1","floor":33.0},{"not_picked":["Blood for Blood+1","Rage+1"],"picked":"Twin Strike+1","floor":35.0},{"not_picked":["Perfected Strike+1","Spot Weakness"],"picked":"Headbutt+1","floor":39.0},{"not_picked":["Hemokinesis+1","Sever Soul+1"],"picked":"Sword Boomerang+1","floor":41.0},{"not_picked":["True Grit+1","Entrench","Second Wind+1"],"picked":"Singing Bowl","floor":42.0},{"not_picked":["Sword Boomerang+1","Thunderclap+1","True Grit"],"picked":"Singing Bowl","floor":44.0},{"not_picked":["Dark Embrace+1","Evolve+1"],"picked":"Heavy Blade+1","floor":47.0},{"not_picked":["Wild Strike+1","Clothesline+1","Armaments"],"picked":"Singing Bowl","floor":49}],"player_experience":266736,"relics_obtained":[{"floor":6.0,"key":"Bronze Scales"},{"floor":8.0,"key":"Smiling Mask"},{"floor":9.0,"key":"InkBottle"},{"floor":11.0,"key":"Orichalcum"},{"floor":13.0,"key":"Molten Egg 2"},{"floor":26.0,"key":"Meat on the Bone"},{"floor":28.0,"key":"Happy Flower"},{"floor":28.0,"key":"Self Forming Clay"},{"floor":31.0,"key":"Anchor"},{"floor":31.0,"key":"The Courier"},{"floor":41.0,"key":"Omamori"},{"floor":41.0,"key":"Singing Bowl"},{"floor":44.0,"key":"Bottled Flame"},{"floor":44.0,"key":"Dream Catcher"}],"event_choices":[{"cards_removed":["Strike_R"],"damage_healed":0.0,"max_hp_gain":0.0,"max_hp_loss":0.0,"gold_gain":0.0,"event_name":"Golden Wing","player_choice":"Card Removal","floor":2.0,"gold_loss":0.0,"damage_taken":7.0},{"damage_healed":0.0,"max_hp_gain":0.0,"max_hp_loss":0.0,"gold_gain":0.0,"event_name":"Scrap Ooze","player_choice":"Success","floor":4.0,"gold_loss":0.0,"damage_taken":25.0,"relics_obtained":["StrikeDummy"]},{"cards_removed":["Strike_R"],"damage_healed":0.0,"max_hp_gain":0.0,"max_hp_loss":0.0,"gold_gain":0.0,"event_name":"Living Wall","player_choice":"Forget","floor":5.0,"gold_loss":0.0,"damage_taken":0.0},{"damage_healed":0.0,"max_hp_gain":0.0,"max_hp_loss":0.0,"gold_gain":99.0,"event_name":"Nest","player_choice":"Stole From Cult","floor":20.0,"gold_loss":0.0,"damage_taken":0.0},{"cards_removed":["Strike_R"],"damage_healed":0.0,"max_hp_gain":0.0,"max_hp_loss":0.0,"gold_gain":0.0,"event_name":"Purifier","player_choice":"Purged","floor":37.0,"gold_loss":0.0,"damage_taken":0.0},{"damage_healed":0.0,"max_hp_gain":0.0,"max_hp_loss":0.0,"gold_gain":275.0,"event_name":"Golden Shrine","player_choice":"Desecrate","floor":45.0,"gold_loss":0.0,"damage_taken":0.0,"cards_obtained":["Regret"]}],"is_beta":false,"boss_relics":[{"not_picked":["Calling Bell","Busted Crown"],"picked":"Black Star"},{"not_picked":["Velvet Choker","SacredBark"],"picked":"Mark of Pain"}],"items_purged_floors":[3,29,36,48],"is_endless":false,"potions_floor_spawned":[1,12,13,14,19,22,28,30,42],"killed_by":"Awakened One","ascension_level":8}}