{"host":"wjjo3y19ggvj12sc","time":1609649579,"event":{"mods":["2.2 Compatiblity","AchievementEnabler","Ascension Reborn","Ascension Unlocker","Bard","BaseMod","Beaked The Cultist","BetterRewards","Conspire","Downfall","Duelist Mod","Evolution","GifTheSpireLib","Googly Eyes","Gremlin Mod","Hermit","Hubris","Infinite Spire","Jorbs\u0027s Wanderer Trilogy","Mad Scientist","Marisa????????","Minty Spire (QoL Compilation)","Random Character Button","Random Character Mod","Relic Sorter","Relic Stats","Remilia??????","Replay The Spire","Spicy Shops","StSLib","Td1madao Mod","The Bladedancer","The Bug Knight","The Construct","The Cursed","The Disciple","The Gatherer","The Hierophant","The Mystic","The Necromancer","The Poker Player","The Runesmith","The Servant 0.9.4"],"gold_per_floor":[110,110,110,123,123,149,162,192,192,111,127,127,140,160,160,262,262,273,76,94,94,113,141,151,151,151,151,171,171,185,185,185,286,286,306,326,326,326,326],"floor_reached":38,"playtime":2446,"items_purged":[],"score":483,"play_id":"bc6e798f-40be-460e-a398-2bfb403828dd","local_time":"20210102235259","is_ascension_mode":true,"campfire_choices":[{"floor":15,"key":"REST"},{"floor":29,"key":"REST"},{"floor":32,"key":"REST"}],"circlet_count":0,"master_deck":["Strike_R+1","Strike_R+1","Strike_R+1","Strike_R+1","Strike_R+1","Defend_R+1","Defend_R+1","Defend_R+1","Defend_R+1","Shrug It Off","Iron Wave","Pommel Strike","Pommel Strike","Eruption","Pummel","Ghostly Armor","Feel No Pain","Shrug It Off","Tantrum","conspire:Charge","Juggernaut","Replay:Undeath\u0027s Touch+1","Magnetism","J.A.X.","Warcry","Replay:Many Hands","infinitespire:FutureSight","Double Tap","Demon Form","Madness","Madness"],"relics":["EVO:Axolotl","Pet Ghost","Replay:M_SmolderingBlood","hubris:GlazedTorus","infinitespire:PuzzleCube","Replay:Bottled Flurry","Oddly Smooth Stone","hubris:ScarierMask","Nunchaku","King of Hearts","hubris:PeanutButter","Replay:Wax Seal","conspire:BottledYoYo","conspire:RunicOctahedron","Paper Frog"],"acts_visited":["Exordium","TheCity","TheBeyond"],"potions_floor_usage":[6,28,38],"damage_taken":[{"damage":1,"enemies":"Jaw Worm","floor":1,"turns":5},{"damage":8,"enemies":"Small Slimes","floor":4,"turns":3},{"damage":33,"enemies":"Replay:BlueRogue","floor":6,"turns":5},{"damage":0,"enemies":"conspire:RoseBush","floor":7,"turns":2},{"damage":28,"enemies":"3 Sentries","floor":8,"turns":5},{"damage":0,"enemies":"Blue Slaver","floor":11,"turns":5},{"damage":14,"enemies":"Exordium Thugs","floor":13,"turns":4},{"damage":0,"enemies":"Looter","floor":14,"turns":3},{"damage":0,"enemies":"Slime Boss","floor":16,"turns":5},{"damage":0,"enemies":"Spheric Guardian","floor":18,"turns":5},{"damage":7,"enemies":"Chosen","floor":20,"turns":5},{"damage":42,"enemies":"Snake Plant","floor":22,"turns":4},{"damage":0,"enemies":"theDuelist:KaibaA2","floor":23,"turns":4},{"damage":0,"enemies":"Centurion and Healer","floor":24,"turns":3},{"damage":0,"enemies":"conspire:HollyBat","floor":28,"turns":6},{"damage":0,"enemies":"Shelled Parasite and Fungi","floor":30,"turns":5},{"damage":24,"enemies":"conspire:MysteriousRune","floor":33,"turns":7},{"damage":6,"enemies":"3 Shapes","floor":35,"turns":3},{"damage":0,"enemies":"Orb Walker","floor":36,"turns":4},{"damage":71,"enemies":"Orin","floor":38,"turns":6}],"seed_played":"403583652278800529","potions_obtained":[{"floor":1,"key":"PowerPotion"},{"floor":7,"key":"Milkshake"},{"floor":8,"key":"Guardian:BlockOnCardUsePotion"},{"floor":30,"key":"LiquidBronze"}],"is_trial":false,"path_per_floor":["M","?","?","M","?","E","M","E","T","$","M","?","M","M","R","B",null,"M","$","M","?","M","E","M","?","T","?","M","R","M","?","R","B",null,"M","M","?","?"],"character_chosen":"IRONCLAD","items_purchased":["Feel No Pain","Magnetism"],"campfire_rested":3,"item_purchase_floors":[10,19],"current_hp_per_floor":[80,80,80,78,78,45,45,17,17,17,17,17,3,3,27,27,80,80,80,73,73,31,31,31,12,12,12,12,36,36,36,60,36,80,74,74,64,0,0],"gold":326,"neow_bonus":"THREE_CARDS","is_daily":false,"chose_seed":false,"campfire_upgraded":0,"win_rate":0.0,"timestamp":1609649579,"path_taken":["M","?","?","M","?","E","M","E","T","?","M","?","M","M","R","BOSS","M","$","M","?","M","E","M","?","T","?","M","R","M","?","R","BOSS","M","M","?","?"],"items_purchased_type":["Card","Card"],"build_version":"2020-12-22","purchased_purges":0,"victory":false,"max_hp_per_floor":[80,80,80,80,80,80,80,80,80,80,80,80,80,80,80,80,80,80,80,80,80,80,80,80,80,80,80,80,80,80,80,80,80,80,80,80,80,80,80],"relic_stats":{"Nunchaku":[8],"counters":[20,89],"obtain_stats":[{"Oddly Smooth Stone":14,"conspire:RunicOctahedron":34,"King of Hearts":20,"EVO:Axolotl":0,"Burning Blood":0,"Pet Ghost":4,"Nunchaku":18,"Replay:M_SmolderingBlood":5,"hubris:ScarierMask":17,"hubris:PeanutButter":22,"Replay:Bottled Flurry":9,"conspire:BottledYoYo":26,"Replay:Wax Seal":23,"infinitespire:PuzzleCube":8,"hubris:GlazedTorus":6,"Paper Frog":35},{"Oddly Smooth Stone":8,"conspire:RunicOctahedron":17,"King of Hearts":11,"EVO:Axolotl":0,"Burning Blood":0,"Pet Ghost":2,"Nunchaku":10,"Replay:M_SmolderingBlood":2,"hubris:ScarierMask":9,"hubris:PeanutButter":12,"Replay:Bottled Flurry":5,"conspire:BottledYoYo":14,"Replay:Wax Seal":13,"infinitespire:PuzzleCube":5,"hubris:GlazedTorus":3,"Paper Frog":18},{"Oddly Smooth Stone":32,"conspire:RunicOctahedron":76,"King of Hearts":47,"EVO:Axolotl":0,"Burning Blood":0,"Pet Ghost":8,"Nunchaku":42,"Replay:M_SmolderingBlood":8,"hubris:ScarierMask":37,"hubris:PeanutButter":51,"Replay:Bottled Flurry":20,"conspire:BottledYoYo":58,"Replay:Wax Seal":55,"infinitespire:PuzzleCube":20,"hubris:GlazedTorus":13,"Paper Frog":79}]},"card_choices":[{"not_picked":["Perfected Strike","Heavy Blade"],"picked":"Shrug It Off","floor":0},{"not_picked":["True Grit","Headbutt"],"picked":"Iron Wave","floor":1},{"not_picked":["Warcry","Seeing Red"],"picked":"Pommel Strike","floor":4},{"not_picked":["Iron Wave","Sentinel"],"picked":"Pummel","floor":6},{"not_picked":["Crescendo","Clash","Second Wind"],"picked":"SKIP","floor":7},{"not_picked":["Crescendo","Blood for Blood"],"picked":"Ghostly Armor","floor":8},{"not_picked":["Headbutt","Pommel Strike"],"picked":"Shrug It Off","floor":11},{"not_picked":["Replay:Undeath\u0027s Touch","Clash"],"picked":"Tantrum","floor":13},{"not_picked":["Offering","Anger"],"picked":"conspire:Charge","floor":14},{"not_picked":["Fiend Fire","hubris:StunningStrike"],"picked":"Juggernaut","floor":16},{"not_picked":["Anger","Wild Strike"],"picked":"Replay:Undeath\u0027s Touch+1","floor":18},{"not_picked":["Shrug It Off+1","Body Slam+1","Armaments"],"picked":"SKIP","floor":20},{"not_picked":["Headbutt","Entrench"],"picked":"Warcry","floor":22},{"not_picked":["Flame Barrier+1","Iron Wave"],"picked":"Replay:Many Hands","floor":23},{"not_picked":["Warcry","Perfected Strike","Iron Wave+1"],"picked":"SKIP","floor":24},{"not_picked":["infinitespire:NeuralNetwork","ReplayTheSpireMod:Haul"],"picked":"infinitespire:FutureSight","floor":25},{"not_picked":["Headbutt","True Grit","Rampage"],"picked":"SKIP","floor":28},{"not_picked":["infinitespire:OneForAll","Warcry+1","True Grit"],"picked":"SKIP","floor":30},{"not_picked":["conspire:Purge","conspire:HitWhereItHurts"],"picked":"Double Tap","floor":33},{"not_picked":["Heavy Blade","Iron Wave","Headbutt+1"],"picked":"SKIP","floor":35},{"not_picked":["Heavy Blade+1","Disarm"],"picked":"Demon Form","floor":36}],"player_experience":388448,"relics_obtained":[{"floor":4,"key":"Pet Ghost"},{"floor":6,"key":"hubris:GlazedTorus"},{"floor":8,"key":"infinitespire:PuzzleCube"},{"floor":9,"key":"Replay:Bottled Flurry"},{"floor":14,"key":"Oddly Smooth Stone"},{"floor":18,"key":"Nunchaku"},{"floor":20,"key":"King of Hearts"},{"floor":22,"key":"hubris:PeanutButter"},{"floor":23,"key":"Replay:Wax Seal"},{"floor":26,"key":"conspire:BottledYoYo"},{"floor":35,"key":"Paper Frog"}],"event_choices":[{"damage_healed":0,"gold_gain":0,"player_choice":"Leave","damage_taken":0,"max_hp_gain":0,"max_hp_loss":0,"event_name":"The Cleric","floor":2,"gold_loss":0},{"damage_healed":0,"gold_gain":0,"player_choice":"Obtain J.A.X.","damage_taken":0,"max_hp_gain":0,"max_hp_loss":0,"event_name":"Drug Dealer","floor":21,"gold_loss":0,"cards_obtained":["J.A.X."]},{"damage_healed":0,"gold_gain":0,"player_choice":"Simplicity","damage_taken":0,"max_hp_gain":0,"max_hp_loss":0,"event_name":"Back to Basics","floor":27,"gold_loss":0,"cards_upgraded":["Strike_R","Strike_R","Strike_R","Strike_R","Strike_R","Defend_R","Defend_R","Defend_R","Defend_R"]},{"damage_healed":0,"gold_gain":0,"player_choice":"Ignored","damage_taken":0,"max_hp_gain":0,"max_hp_loss":0,"event_name":"Cursed Tome","floor":31,"gold_loss":0},{"damage_healed":0,"gold_gain":0,"player_choice":"Embrace Madness","damage_taken":10,"max_hp_gain":0,"max_hp_loss":0,"event_name":"Winding Halls","floor":37,"gold_loss":0,"cards_obtained":["Madness","Madness"]},{"damage_healed":0,"gold_gain":0,"player_choice":"Fight","damage_taken":0,"max_hp_gain":0,"max_hp_loss":0,"event_name":"OrinTheCat","floor":38,"gold_loss":0}],"is_beta":false,"boss_relics":[{"not_picked":["Runic Pyramid","Philosopher\u0027s Stone"],"picked":"hubris:ScarierMask"},{"not_picked":["Pandora\u0027s Box","Runesmith:UraniumAnvil"],"picked":"conspire:RunicOctahedron"}],"items_purged_floors":[],"is_endless":false,"potions_floor_spawned":[1,7,8,14,23,24,30,36],"killed_by":"Orin","ascension_level":0}}