{"host":"37dk0reb6x0du8wx","time":1609687840,"event":{"mods":["BaseMod","Colored Map","DeckTracker","Minty Spire (QoL Compilation)","Quick Restart","StSLib"],"gold_per_floor":[109,109,384,402,577,605,619,650,677,692,709,709,709,723,723,822,822,837,386,386,400,400,400,400],"floor_reached":23,"playtime":528,"items_purged":["Strike_B"],"score":249,"play_id":"b5cfdbf7-c40f-45fe-9d90-264828ca6fee","local_time":"20210104003040","is_ascension_mode":true,"campfire_choices":[{"data":"Zap","floor":13,"key":"SMITH"},{"floor":15,"key":"REST"}],"circlet_count":0,"master_deck":["Strike_B","Strike_B","Strike_B","Defend_B","Defend_B","Defend_B","Defend_B","Zap+1","Dualcast","Regret","Doubt","Ball Lightning","Ball Lightning","BootSequence","Ball Lightning","Electrodynamics","Capacitor","Leap","Defragment"],"relics":["Cracked Core","NeowsBlessing","Juzu Bracelet","Anchor","Darkstone Periapt","Toy Ornithopter","Runic Pyramid","Tiny Chest"],"acts_visited":["Exordium","TheCity"],"potions_floor_usage":[10,16,16,19],"damage_taken":[{"damage":0,"enemies":"2 Louse","floor":1,"turns":1},{"damage":0,"enemies":"Small Slimes","floor":4,"turns":1},{"damage":0,"enemies":"Lagavulin","floor":6,"turns":1},{"damage":1,"enemies":"Cultist","floor":7,"turns":3},{"damage":36,"enemies":"Gremlin Nob","floor":8,"turns":4},{"damage":3,"enemies":"Looter","floor":10,"turns":3},{"damage":0,"enemies":"3 Louse","floor":11,"turns":2},{"damage":0,"enemies":"2 Fungi Beasts","floor":14,"turns":2},{"damage":70,"enemies":"The Guardian","floor":16,"turns":10},{"damage":0,"enemies":"3 Byrds","floor":18,"turns":2},{"damage":1,"enemies":"Chosen","floor":21,"turns":4},{"damage":64,"enemies":"Gremlin Leader","floor":23,"turns":5}],"seed_played":"-7474918665903504029","potions_obtained":[{"floor":8,"key":"Strength Potion"},{"floor":10,"key":"ColorlessPotion"},{"floor":14,"key":"Fire Potion"},{"floor":16,"key":"Strength Potion"}],"is_trial":false,"path_per_floor":["M","?","?","M","?","E","M","E","T","M","M","?","R","M","R","B",null,"M","$","?","M","?","E"],"character_chosen":"DEFECT","items_purchased":["Capacitor","Tiny Chest","Leap","Fruit Juice"],"campfire_rested":1,"item_purchase_floors":[19,19,19,19],"current_hp_per_floor":[75,50,50,50,50,50,49,13,13,15,15,40,40,40,62,2,75,75,80,65,64,64,0,0],"gold":400,"neow_bonus":"THREE_ENEMY_KILL","is_daily":false,"chose_seed":false,"campfire_upgraded":1,"win_rate":0.0,"timestamp":1609687840,"path_taken":["M","?","?","M","?","E","M","E","T","M","M","?","R","M","R","BOSS","M","$","?","M","?","E"],"items_purchased_type":["Card","Relic","Card","Potion"],"build_version":"2020-12-22","purchased_purges":1,"victory":false,"max_hp_per_floor":[75,75,75,75,75,75,75,75,75,75,75,75,75,75,75,75,75,75,80,85,85,85,85,85],"card_choices":[{"not_picked":["Steam","Hologram","Storm"],"picked":"SKIP","floor":1},{"not_picked":["Recycle","Compile Driver","Lockon"],"picked":"SKIP","floor":4},{"not_picked":["Heatsinks","Turbo"],"picked":"Ball Lightning","floor":6},{"not_picked":["Genetic Algorithm","Coolheaded"],"picked":"Ball Lightning","floor":7},{"not_picked":["All For One","Hologram","Recycle"],"picked":"SKIP","floor":8},{"not_picked":["Gash","Barrage"],"picked":"BootSequence","floor":10},{"not_picked":["Sweeping Beam","Steam"],"picked":"Ball Lightning","floor":11},{"not_picked":["Compile Driver","Sweeping Beam","Ball Lightning"],"picked":"SKIP","floor":14},{"not_picked":["Core Surge","Buffer"],"picked":"Electrodynamics","floor":16},{"not_picked":["Storm","Barrage","Compile Driver"],"picked":"SKIP","floor":18},{"not_picked":["Streamline","Beam Cell+1","Darkness"],"picked":"SKIP","floor":21}],"player_experience":141583,"relics_obtained":[{"floor":6,"key":"Anchor"},{"floor":8,"key":"Darkstone Periapt"},{"floor":9,"key":"Toy Ornithopter"}],"event_choices":[{"damage_healed":0,"gold_gain":0,"player_choice":"Success","damage_taken":25,"relics_obtained":["Juzu Bracelet"],"max_hp_gain":0,"max_hp_loss":0,"event_name":"Scrap Ooze","floor":2,"gold_loss":0},{"damage_healed":0,"gold_gain":275,"player_choice":"Desecrate","damage_taken":0,"max_hp_gain":0,"max_hp_loss":0,"event_name":"Golden Shrine","floor":3,"gold_loss":0,"cards_obtained":["Regret"]},{"damage_healed":0,"gold_gain":175,"player_choice":"AGREE","damage_taken":0,"max_hp_gain":0,"max_hp_loss":0,"event_name":"Liars Game","floor":5,"gold_loss":0,"cards_obtained":["Doubt"]},{"damage_healed":25,"gold_gain":0,"player_choice":"Banana","damage_taken":0,"max_hp_gain":0,"max_hp_loss":0,"event_name":"Big Fish","floor":12,"gold_loss":0},{"damage_healed":0,"gold_gain":0,"player_choice":"Shed Blood","damage_taken":20,"max_hp_gain":5,"max_hp_loss":0,"event_name":"Forgotten Altar","floor":20,"gold_loss":0},{"damage_healed":0,"gold_gain":0,"player_choice":"Read","damage_taken":0,"max_hp_gain":0,"max_hp_loss":0,"event_name":"The Library","floor":22,"gold_loss":0,"cards_obtained":["Defragment"]}],"is_beta":false,"boss_relics":[{"not_picked":["Ectoplasm","Nuclear Battery"],"picked":"Runic Pyramid"}],"items_purged_floors":[19],"is_endless":false,"potions_floor_spawned":[8,10,14,16],"killed_by":"Gremlin Leader","ascension_level":2}}