{"host":"1cd1aqaox6jesai3","time":1609698165,"event":{"mods":["Act Like it!","Arknights The Spire","Astrologer","Bartender","BaseMod","Colored Powertips","Downfall","Googly Eyes","Hallownest","Infinite Spire","Mimic Mod","Minty Spire (QoL Compilation)","Replay The Spire","StSLib","The Bug Knight","The Construct","The Factory"],"gold_per_floor":[113,113,63,63,76,76,151,151,200,233,233,263,263,277,277,376,376,396,336,346,346,346,346],"floor_reached":22,"playtime":1277,"items_purged":[],"score":200,"play_id":"987ed95b-08c8-4940-a3e0-47a08eb6d5a7","local_time":"20210103132245","is_ascension_mode":true,"campfire_choices":[{"data":"1","floor":6,"key":"LIFT"},{"data":"2","floor":8,"key":"LIFT"},{"floor":13,"key":"REST"}],"circlet_count":0,"master_deck":["ats:Strike C","ats:Strike G","ats:Strike S","ats:Strike V","ats:Armor Crushing Shot","ats:Defend","ats:Defend","ats:Defend","ats:Defend","ats:Emotion Absorption","ats:Ignite","ats:Apocalypse+1","Pot Of Greed","Pot Of Greed","ats:Song Of Battle","ats:Dogmatic Field","CurseOfTheBell","ats:Apocalypse","ats:Apocalypse","ats:Part Time Job","Decay"],"relics":["ats:Sanity","Girya","Toy Ornithopter","Grinning Jar","ats:Originium","Simple Rune","Calling Bell","Replay:Rubber Ducky","Meat on the Bone","FossilizedHelix"],"acts_visited":["Exordium","TheCity"],"potions_floor_usage":[19,19],"damage_taken":[{"damage":9,"enemies":"2 Louse","floor":1,"turns":2},{"damage":3,"enemies":"Small Slimes","floor":5,"turns":4},{"damage":16,"enemies":"Replay:BlueRogue","floor":10,"turns":7},{"damage":43,"enemies":"3 Sentries","floor":12,"turns":10},{"damage":11,"enemies":"Jaw Worm","floor":14,"turns":4},{"damage":79,"enemies":"The Guardian","floor":16,"turns":16},{"damage":33,"enemies":"Chosen","floor":18,"turns":8},{"damage":30,"enemies":"2 Thieves","floor":19,"turns":4},{"damage":152,"enemies":"Snecko","floor":20,"turns":13},{"damage":56,"enemies":"Snake Plant","floor":22,"turns":9}],"seed_played":"-5115057572457659668","potions_obtained":[{"floor":1,"key":"FairyPotion"},{"floor":16,"key":"Guardian:BlockOnCardUsePotion"},{"floor":18,"key":"PowerPotion"}],"is_trial":false,"path_per_floor":["M","?","?","$","M","R","?","R","T","E","?","E","R","M","R","B",null,"M","M","M","?","M"],"character_chosen":"DOCTOR_CLASS","items_purchased":[],"campfire_rested":1,"item_purchase_floors":[],"current_hp_per_floor":[63,56,56,56,53,53,42,42,42,38,38,11,32,29,50,6,72,51,57,22,22,0,0],"gold":346,"neow_bonus":"ONE_RARE_RELIC","is_daily":false,"chose_seed":false,"campfire_upgraded":0,"win_rate":0.0,"timestamp":1609698165,"path_taken":["M","?","?","$","M","R","?","R","T","E","?","E","R","M","R","BOSS","M","M","M","?","?"],"items_purchased_type":[],"build_version":"2020-12-22","purchased_purges":0,"victory":false,"max_hp_per_floor":[72,72,72,72,72,72,72,72,72,72,72,72,72,72,72,72,72,72,72,72,72,72,72],"card_choices":[{"not_picked":["ats:Hammer On","ats:Leaping Hammer"],"picked":"ats:Ignite","floor":1},{"not_picked":["ats:Flexible Camouflage","ats:Explosion Area Strengthen"],"picked":"ats:Apocalypse","floor":5},{"not_picked":["ats:Explosion Area Strengthen","ats:Collapsing Strike","ats:Shell Defense"],"picked":"SKIP","floor":10},{"not_picked":["ats:Spore Proliferation","ats:Leaping Hammer"],"picked":"ats:Song Of Battle","floor":12},{"not_picked":["ats:Magnetic Hammer","ats:LN2 Cannon","ats:Consecutive Shot Auto"],"picked":"SKIP","floor":14},{"not_picked":["ats:Wolf Pack","ats:Durian"],"picked":"ats:Dogmatic Field","floor":16},{"not_picked":["ats:Automatic Cover","ats:Shell Defense"],"picked":"ats:Apocalypse","floor":18},{"not_picked":["ats:Revitalization","ats:Shell Defense"],"picked":"ats:Apocalypse","floor":19},{"not_picked":["ats:Shell Defense","ats:Overload+1"],"picked":"ats:Part Time Job","floor":20}],"player_experience":155282,"relics_obtained":[{"floor":9,"key":"Toy Ornithopter"},{"floor":10,"key":"Grinning Jar"},{"floor":12,"key":"ats:Originium"},{"floor":12,"key":"Simple Rune"},{"floor":17,"key":"Replay:Rubber Ducky"},{"floor":17,"key":"Meat on the Bone"},{"floor":17,"key":"FossilizedHelix"}],"event_choices":[{"cards_removed":["Strike_B"],"damage_healed":0,"gold_gain":0,"player_choice":"Card Removal","damage_taken":7,"max_hp_gain":0,"max_hp_loss":0,"event_name":"Golden Wing","floor":2,"gold_loss":0},{"cards_removed":["Strike_G"],"damage_healed":0,"gold_gain":0,"player_choice":"Card Removal","damage_taken":0,"max_hp_gain":0,"max_hp_loss":0,"event_name":"The Cleric","floor":3,"gold_loss":50},{"damage_healed":0,"gold_gain":75,"player_choice":"Gather Gold","damage_taken":11,"max_hp_gain":0,"max_hp_loss":0,"event_name":"World of Goop","floor":7,"gold_loss":0},{"damage_healed":0,"gold_gain":0,"player_choice":"Ignored","damage_taken":0,"max_hp_gain":0,"max_hp_loss":0,"event_name":"Liars Game","floor":11,"gold_loss":0},{"damage_healed":0,"gold_gain":0,"player_choice":"Cursed","damage_taken":0,"max_hp_gain":0,"max_hp_loss":0,"event_name":"Wheel of Change","floor":21,"gold_loss":0,"cards_obtained":["Decay"]}],"is_beta":false,"boss_relics":[{"not_picked":["Tiny House","SacredBark"],"picked":"Calling Bell"}],"items_purged_floors":[],"is_endless":false,"potions_floor_spawned":[1,16,18],"killed_by":"Snake Plant","ascension_level":1}}