{"host":"yecadp3kwkksam5a","time":1609668186,"event":{"mods":["BaseMod","Minty Spire (QoL Compilation)","StSLib"],"gold_per_floor":[115,115,135,135,65,65,91,91,172,206,517,547,562,589,589,694,694,712,731,107,107,123,158,158,183,209,228,241,273,0,55,55,155,155,199,211,227,227,270,270,301,301,376,376,376,438,468,107,107,107,107,107,34,62,62],"floor_reached":56,"playtime":3891,"items_purged":["Strike_P","Strike_P","Defend_P"],"score":1917,"play_id":"e7de5041-a40e-40a6-8eb3-2e905798b8d6","local_time":"20210103190306","is_ascension_mode":true,"campfire_choices":[{"data":"Establishment","floor":6.0,"key":"SMITH"},{"data":"Eruption","floor":8.0,"key":"SMITH"},{"data":"Vault","floor":15.0,"key":"SMITH"},{"data":"Study","floor":24.0,"key":"SMITH"},{"data":"DevaForm","floor":32.0,"key":"SMITH"},{"data":"Devotion","floor":40.0,"key":"SMITH"},{"data":"SpiritShield","floor":42.0,"key":"SMITH"},{"floor":45.0,"key":"RECALL"},{"data":"Adaptation","floor":49,"key":"SMITH"},{"data":"Omniscience","floor":52,"key":"SMITH"}],"circlet_count":0,"master_deck":["Strike_P+1","Strike_P","Defend_P","Defend_P+1","Defend_P+1","Eruption+1","Vigilance+1","Tantrum","CarveReality+1","Establishment+1","Evaluate","EmptyMind","TalkToTheHand","FlurryOfBlows+1","Vault+1","Evaluate","FlurryOfBlows","SpiritShield+1","Protect+1","Devotion+1","Sanctity","Vault+1","Evaluate","Study+1","Ragnarok","EmptyFist","DeceiveReality","TalkToTheHand","BattleHymn","Wish","Finesse","DevaForm+1","Omniscience+1","ReachHeaven","EmptyMind+1","Evaluate+1","Sanctity+1","CrushJoints","Perseverance+1","Vault","Adaptation+1","Prostrate","Nirvana","Fasting2"],"relics":["HolyWater","Eternal Feather","Ice Cream","War Paint","Melange","Singing Bowl","Whetstone","Bag of Marbles","White Beast Statue","Potion Belt","Pear","PreservedInsect","Regal Pillow","MealTicket","Strawberry","Happy Flower","Black Star","Mummified Hand","Nunchaku","Letter Opener","Anchor","Bag of Preparation","Vajra","Kunai"],"acts_visited":["Exordium","TheCity","TheBeyond","TheEnding"],"potions_floor_usage":[50,55,55,55],"damage_taken":[{"damage":1.0,"enemies":"2 Louse","floor":1.0,"turns":3.0},{"damage":0.0,"enemies":"Small Slimes","floor":3.0,"turns":2.0},{"damage":4.0,"enemies":"Lagavulin","floor":7.0,"turns":5.0},{"damage":0.0,"enemies":"Gremlin Nob","floor":10.0,"turns":2.0},{"damage":0.0,"enemies":"Lagavulin","floor":12.0,"turns":5.0},{"damage":6.0,"enemies":"Jaw Worm","floor":13.0,"turns":2.0},{"damage":0.0,"enemies":"Gremlin Nob","floor":14.0,"turns":3.0},{"damage":22.0,"enemies":"The Guardian","floor":16.0,"turns":7.0},{"damage":0.0,"enemies":"3 Byrds","floor":18.0,"turns":3.0},{"damage":0.0,"enemies":"Spheric Guardian","floor":19.0,"turns":3.0},{"damage":4.0,"enemies":"Centurion and Healer","floor":22.0,"turns":5.0},{"damage":23.0,"enemies":"Slavers","floor":23.0,"turns":7.0},{"damage":23.0,"enemies":"Book of Stabbing","floor":25.0,"turns":6.0},{"damage":0.0,"enemies":"Chosen and Byrds","floor":27.0,"turns":5.0},{"damage":0.0,"enemies":"Cultist and Chosen","floor":28.0,"turns":1.0},{"damage":0.0,"enemies":"Slavers","floor":29.0,"turns":3.0},{"damage":0.0,"enemies":"Gremlin Leader","floor":31.0,"turns":5.0},{"damage":65.0,"enemies":"Collector","floor":33.0,"turns":8.0},{"damage":31.0,"enemies":"3 Darklings","floor":35.0,"turns":7.0},{"damage":10.0,"enemies":"Orb Walker","floor":36.0,"turns":4.0},{"damage":0.0,"enemies":"Jaw Worm Horde","floor":37.0,"turns":2.0},{"damage":9.0,"enemies":"3 Darklings","floor":39.0,"turns":6.0},{"damage":37.0,"enemies":"Nemesis","floor":41.0,"turns":6.0},{"damage":0.0,"enemies":"Maw","floor":46.0,"turns":6.0},{"damage":38.0,"enemies":"Reptomancer","floor":47.0,"turns":5.0},{"damage":65,"enemies":"Donu and Deca","floor":50,"turns":9},{"damage":0,"enemies":"Shield and Spear","floor":54,"turns":3},{"damage":4,"enemies":"The Heart","floor":55,"turns":6}],"seed_played":"-7019356570754114910","potions_obtained":[{"floor":7.0,"key":"Weak Potion"},{"floor":10.0,"key":"Block Potion"},{"floor":12.0,"key":"DistilledChaos"},{"floor":22.0,"key":"Fire Potion"},{"floor":23.0,"key":"SneckoOil"},{"floor":25.0,"key":"Strength Potion"},{"floor":27.0,"key":"Ancient Potion"},{"floor":28.0,"key":"DistilledChaos"},{"floor":29.0,"key":"Dexterity Potion"},{"floor":31.0,"key":"ColorlessPotion"},{"floor":47,"key":"BottledMiracle"}],"is_trial":false,"path_per_floor":["M","?","M","?","$","R","E","R","T","E","$","E","M","E","R","B",null,"M","M","$","?","M","E","R","E","T","M","M","E","$","E","R","B",null,"M","M","M","?","M","R","E","R","T","?","R","M","E","$","R","B",null,"R","$","E","B",null],"character_chosen":"WATCHER","items_purchased":["Establishment","Evaluate","Melange","Singing Bowl","FlurryOfBlows","Whetstone","Potion Belt","Pear","Devotion","Sanctity","BattleHymn","Wish","Finesse","Bag of Preparation","Adaptation","Prostrate","Nirvana"],"campfire_rested":0,"item_purchase_floors":[5,5,11,11,11,11,20,20,20,20,30,30,30,48,48,48,53],"current_hp_per_floor":[71,46,46,30,30,36,32,38,38,38,38,38,32,32,41,19,64,64,66,76,76,72,49,64,41,41,41,41,48,63,63,81,16,78,47,37,37,37,28,49,12,33,33,33,54,54,16,31,55,40,84,98,98,98,94],"gold":62,"neow_bonus":"TEN_PERCENT_HP_BONUS","is_daily":false,"chose_seed":false,"campfire_upgraded":9,"win_rate":0.0,"timestamp":1609668186,"path_taken":["M","?","M","?","$","R","E","R","T","E","$","E","M","E","R","BOSS","M","M","$","?","M","E","R","E","T","M","M","E","$","E","R","BOSS","M","?","M","?","M","R","E","R","T","?","R","M","E","$","R","BOSS","R","$","E","BOSS"],"items_purchased_type":["Card","Card","Relic","Relic","Card","Relic","Relic","Relic","Card","Card","Card","Card","Card","Relic","Card","Card","Card"],"build_version":"2020-12-22","purchased_purges":3,"victory":true,"max_hp_per_floor":[79,79,79,79,79,79,79,79,79,79,79,79,79,79,79,79,79,79,81,91,91,91,91,91,91,91,91,91,98,98,98,98,98,98,98,98,98,98,98,98,98,98,98,98,98,98,98,98,98,98,98,98,98,98,98],"card_choices":[{"not_picked":["BowlingBash","Wallop"],"picked":"Tantrum","floor":1.0},{"not_picked":["FlyingSleeves","LikeWater"],"picked":"CarveReality","floor":3.0},{"not_picked":["Crescendo","Prostrate"],"picked":"EmptyMind","floor":7.0},{"not_picked":["SashWhip","Weave"],"picked":"TalkToTheHand","floor":10.0},{"not_picked":["Crescendo","SignatureMove"],"picked":"Vault","floor":12.0},{"not_picked":["Crescendo","InnerPeace"],"picked":"Evaluate","floor":13.0},{"not_picked":["FlyingSleeves","Alpha"],"picked":"FlurryOfBlows","floor":14.0},{"not_picked":["Alpha","Omniscience"],"picked":"SpiritShield","floor":16.0},{"not_picked":["SandsOfTime+1","Wallop"],"picked":"Protect+1","floor":18.0},{"not_picked":["PathToVictory+1","ThirdEye","FlyingSleeves+1"],"picked":"Singing Bowl","floor":19.0},{"not_picked":["SashWhip","EmptyBody"],"picked":"Evaluate","floor":22.0},{"not_picked":["PathToVictory","Crescendo"],"picked":"Study","floor":23.0},{"not_picked":["Vengeance","EmptyBody"],"picked":"Ragnarok","floor":25.0},{"not_picked":["ForeignInfluence+1","Vengeance+1"],"picked":"EmptyFist","floor":27.0},{"not_picked":["LikeWater","FollowUp"],"picked":"DeceiveReality","floor":28.0},{"not_picked":["CarveReality","EmptyBody"],"picked":"TalkToTheHand","floor":29.0},{"not_picked":["SashWhip+1","CrushJoints"],"picked":"DevaForm","floor":31.0},{"not_picked":["LessonLearned","Alpha"],"picked":"Omniscience","floor":33.0},{"not_picked":["Vengeance+1","Wireheading"],"picked":"ReachHeaven","floor":35.0},{"not_picked":["Conclude","WheelKick+1"],"picked":"EmptyMind+1","floor":36.0},{"not_picked":["Halt","ThirdEye+1"],"picked":"Evaluate+1","floor":37.0},{"not_picked":["FollowUp","SashWhip"],"picked":"Sanctity+1","floor":39.0},{"not_picked":["EmptyBody","WreathOfFlame"],"picked":"CrushJoints","floor":41.0},{"not_picked":["Crescendo+1","CutThroughFate+1"],"picked":"Perseverance+1","floor":46.0},{"not_picked":["Establishment","BowlingBash+1"],"picked":"Vault","floor":47},{"not_picked":["FearNoEvil+1","Prostrate"],"picked":"Fasting2","floor":54}],"player_experience":320873,"relics_obtained":[{"floor":7.0,"key":"Ice Cream"},{"floor":10.0,"key":"War Paint"},{"floor":12.0,"key":"Bag of Marbles"},{"floor":14.0,"key":"White Beast Statue"},{"floor":23.0,"key":"PreservedInsect"},{"floor":25.0,"key":"Regal Pillow"},{"floor":26.0,"key":"MealTicket"},{"floor":29.0,"key":"Strawberry"},{"floor":31.0,"key":"Happy Flower"},{"floor":41.0,"key":"Mummified Hand"},{"floor":41.0,"key":"Nunchaku"},{"floor":43.0,"key":"Letter Opener"},{"floor":47,"key":"Anchor"},{"floor":54,"key":"Vajra"},{"floor":54,"key":"Kunai"}],"event_choices":[{"damage_healed":0.0,"max_hp_gain":0.0,"max_hp_loss":0.0,"gold_gain":0.0,"event_name":"Scrap Ooze","player_choice":"Success","floor":2.0,"gold_loss":0.0,"damage_taken":25.0,"relics_obtained":["Eternal Feather"]},{"damage_healed":0.0,"max_hp_gain":0.0,"max_hp_loss":0.0,"gold_gain":0.0,"event_name":"Shining Light","player_choice":"Entered Light","floor":4.0,"gold_loss":0.0,"damage_taken":16.0,"cards_upgraded":["Defend_P","CarveReality"]},{"damage_healed":0.0,"max_hp_gain":0.0,"max_hp_loss":0.0,"gold_gain":0.0,"event_name":"Duplicator","player_choice":"Copied","floor":21.0,"gold_loss":0.0,"damage_taken":0.0,"cards_obtained":["Vault"]},{"damage_healed":0.0,"max_hp_gain":0.0,"max_hp_loss":0.0,"gold_gain":0.0,"event_name":"The Moai Head","player_choice":"Ignored","floor":38.0,"gold_loss":0.0,"damage_taken":0.0},{"damage_healed":0.0,"max_hp_gain":0.0,"max_hp_loss":0.0,"gold_gain":0.0,"event_name":"Tomb of Lord Red Mask","player_choice":"Ignored","floor":44.0,"gold_loss":0.0,"damage_taken":0.0}],"is_beta":false,"boss_relics":[{"not_picked":["Velvet Choker","Snecko Eye"],"picked":"HolyWater"},{"not_picked":["Tiny House","Empty Cage"],"picked":"Black Star"}],"items_purged_floors":[5,11,48],"is_endless":false,"potions_floor_spawned":[7,10,12,16,18,19,22,23,25,27,28,29,31,33,35,36,37,39,41,46,47,54],"ascension_level":6}}