{"host":"qwttrqaysb380yri","time":1609704196,"event":{"mods":["BaseMod","Custom Start","Minty Spire (QoL Compilation)","Permanent Neow","Puzzle Mod","Relic Stats","StSLib","The Hierophant"],"gold_per_floor":[116,135,135,153,9,9,34,45,45,59,86,104,123,157,157,236,236,236],"floor_reached":17,"playtime":800,"items_purged":[],"score":313,"play_id":"15744bdc-531e-458b-948e-a8766cde9472","local_time":"20210103210316","is_ascension_mode":true,"campfire_choices":[{"data":"Bash","floor":6,"key":"SMITH"},{"data":"Hemokinesis","floor":15,"key":"SMITH"}],"circlet_count":0,"master_deck":["AscendersBane","Strike_R","Strike_R","Strike_R","Strike_R","Strike_R","Defend_R","Defend_R","Defend_R","Defend_R","Bash+1","Dark Shackles","Cleave","Perfected Strike","Power Through","Reckless Charge","Second Wind","Headbutt","Ghostly Armor","Demon Form","Thunderclap","Hemokinesis+1","Fiend Fire","CurseOfTheBell"],"relics":["Burning Blood","Regal Pillow","Prayer Wheel","Matryoshka","Meat on the Bone","Frozen Egg 2","Calling Bell","Orichalcum","InkBottle","Lizard Tail"],"acts_visited":["Exordium","TheCity"],"potions_floor_usage":[10,11,16],"damage_taken":[{"damage":7.0,"enemies":"Jaw Worm","floor":1.0,"turns":4.0},{"damage":1.0,"enemies":"Cultist","floor":2.0,"turns":3.0},{"damage":0,"enemies":"Small Slimes","floor":4,"turns":3},{"damage":40,"enemies":"Lagavulin","floor":7,"turns":5},{"damage":9,"enemies":"2 Fungi Beasts","floor":8,"turns":3},{"damage":17,"enemies":"Large Slime","floor":10,"turns":5},{"damage":10,"enemies":"3 Sentries","floor":11,"turns":6},{"damage":0,"enemies":"Blue Slaver","floor":12,"turns":3},{"damage":10,"enemies":"3 Louse","floor":13,"turns":4},{"damage":24,"enemies":"Lagavulin","floor":14,"turns":7},{"damage":32,"enemies":"Slime Boss","floor":16,"turns":9}],"seed_played":"2461362059698376687","potions_obtained":[{"floor":1.0,"key":"BloodPotion"},{"floor":8,"key":"SteroidPotion"},{"floor":10,"key":"Dexterity Potion"},{"floor":11,"key":"GamblersBrew"},{"floor":12,"key":"SteroidPotion"},{"floor":14,"key":"Weak Potion"},{"floor":16,"key":"Explosive Potion"}],"is_trial":false,"path_per_floor":["M","M","?","M","$","R","E","M","T","M","E","M","M","E","R","B",null],"character_chosen":"IRONCLAD","items_purchased":["Regal Pillow"],"campfire_rested":0,"item_purchase_floors":[5],"current_hp_per_floor":[67,72,72,75,75,75,41,38,38,42,38,44,52,46,46,32,64,64],"gold":236,"neow_bonus":"RANDOM_COLORLESS","is_daily":false,"chose_seed":false,"campfire_upgraded":2,"win_rate":0.0,"timestamp":1609704196,"path_taken":["M","M","?","M","?","R","E","M","T","M","E","M","M","E","R","BOSS"],"items_purchased_type":["Relic"],"build_version":"2020-12-22","purchased_purges":0,"victory":false,"max_hp_per_floor":[75,75,75,75,75,75,75,75,75,75,75,75,75,75,75,75,75,75],"relic_stats":{"Regal Pillow":0,"Lizard Tail":0,"counters":[11,52],"Prayer Wheel":4,"Orichalcum":[0],"obtain_stats":[{"Calling Bell":17,"Regal Pillow":5,"Lizard Tail":17,"Matryoshka":9,"Prayer Wheel":7,"Frozen Egg 2":14,"Orichalcum":17,"Burning Blood":0,"InkBottle":17,"Meat on the Bone":11},{"Calling Bell":11,"Regal Pillow":3,"Lizard Tail":11,"Matryoshka":5,"Prayer Wheel":4,"Frozen Egg 2":10,"Orichalcum":11,"Burning Blood":0,"InkBottle":11,"Meat on the Bone":7},{"Calling Bell":52,"Regal Pillow":10,"Lizard Tail":52,"Matryoshka":18,"Prayer Wheel":15,"Frozen Egg 2":43,"Orichalcum":52,"Burning Blood":0,"InkBottle":52,"Meat on the Bone":29}],"Burning Blood":63,"InkBottle":[0],"Meat on the Bone":36},"card_choices":[{"not_picked":["Deep Breath","Impatience"],"picked":"Dark Shackles","floor":0.0},{"not_picked":["Clash","Shrug It Off"],"picked":"Cleave","floor":1.0},{"not_picked":["Warcry","Entrench"],"picked":"Perfected Strike","floor":2.0},{"not_picked":["Dark Embrace","Armaments"],"picked":"Power Through","floor":4},{"not_picked":["Evolve","Wild Strike"],"picked":"Reckless Charge","floor":7},{"not_picked":["Clothesline","Anger"],"picked":"Second Wind","floor":8},{"not_picked":["Rage","Clash"],"picked":"Headbutt","floor":8},{"not_picked":["Infernal Blade","Dual Wield"],"picked":"Ghostly Armor","floor":10},{"not_picked":["Headbutt","Cleave","Searing Blow"],"picked":"SKIP","floor":10},{"not_picked":["Flex","Sentinel"],"picked":"Demon Form","floor":11},{"not_picked":["Twin Strike","Iron Wave","Clothesline"],"picked":"SKIP","floor":12},{"not_picked":["Blood for Blood","Warcry","Clash"],"picked":"SKIP","floor":12},{"not_picked":["Iron Wave","Havoc"],"picked":"Thunderclap","floor":13},{"not_picked":["Demon Form","Cleave"],"picked":"Hemokinesis","floor":13},{"not_picked":["Sword Boomerang","Twin Strike","Headbutt"],"picked":"SKIP","floor":14},{"not_picked":["Limit Break","Feed"],"picked":"Fiend Fire","floor":16}],"player_experience":2002671,"relics_obtained":[{"floor":7,"key":"Prayer Wheel"},{"floor":9,"key":"Matryoshka"},{"floor":11,"key":"Meat on the Bone"},{"floor":14,"key":"Frozen Egg 2"},{"floor":17,"key":"Orichalcum"},{"floor":17,"key":"InkBottle"},{"floor":17,"key":"Lizard Tail"}],"event_choices":[{"damage_healed":0,"gold_gain":0,"player_choice":"Ignored","damage_taken":0,"max_hp_gain":0,"max_hp_loss":0,"event_name":"Purifier","floor":3,"gold_loss":0}],"is_beta":false,"boss_relics":[{"not_picked":["Coffee Dripper","Runic Cube"],"picked":"Calling Bell"}],"items_purged_floors":[],"is_endless":false,"potions_floor_spawned":[1,8,10,11,12,14,16],"ascension_level":15}}