{"host":"1eo5f82aifdzd7pr","time":1609698000,"event":{"mods":["AchievementEnabler","BaseMod","Colored Map","Colored Powertips","DeckTracker","Marisa????????","Minty Spire (QoL Compilation)","StSLib","SuperFastMode"],"gold_per_floor":[113,126,137,151,151,189,189,223,250,265,265,306,306,321,321,414,414,432,230,245,265,278,278,314,327,350,363,363,379,139,160,160,251,251,275,298,96,119,143,176,176,192,218,259,259,259,293,312,312,312,312],"floor_reached":52,"playtime":2830,"items_purged":["Strike_P","Strike_P","Strike_P"],"score":2180,"play_id":"06bdf809-ac4c-439b-826e-eef09547546e","local_time":"20210103202000","is_ascension_mode":true,"campfire_choices":[{"floor":7.0,"key":"REST"},{"floor":11.0,"key":"REST"},{"floor":13.0,"key":"REST"},{"floor":15.0,"key":"REST"},{"floor":23.0,"key":"REST"},{"data":"TalkToTheHand","floor":28.0,"key":"SMITH"},{"floor":32.0,"key":"REST"},{"floor":41.0,"key":"REST"},{"floor":45.0,"key":"REST"},{"floor":49.0,"key":"REST"}],"circlet_count":0,"master_deck":["AscendersBane","Strike_P","Defend_P","Defend_P","Defend_P","Defend_P","Eruption+1","BattleHymn","WheelKick","Vault","CutThroughFate","TalkToTheHand+1","DevaForm","MentalFortress","MentalFortress","WheelKick","Tantrum","TalkToTheHand","WheelKick","WheelKick","Vault","Protect+1","Wish","FearNoEvil+1","Wallop+1"],"relics":["PureWater","Golden Idol","StrikeDummy","Bag of Preparation","Nunchaku","Potion Belt","Snecko Eye","Mango","Lantern","Membership Card","Fusion Hammer","HornCleat","MealTicket","PreservedInsect","Bronze Scales","Blood Vial"],"acts_visited":["Exordium","TheCity","TheBeyond"],"potions_floor_usage":[50,50,50,50],"damage_taken":[{"damage":5.0,"enemies":"2 Louse","floor":1.0,"turns":4.0},{"damage":9.0,"enemies":"Small Slimes","floor":2.0,"turns":3.0},{"damage":1.0,"enemies":"Cultist","floor":3.0,"turns":4.0},{"damage":1.0,"enemies":"Looter","floor":4.0,"turns":3.0},{"damage":12.0,"enemies":"Gremlin Nob","floor":6.0,"turns":3.0},{"damage":40.0,"enemies":"Lagavulin","floor":8.0,"turns":4.0},{"damage":8.0,"enemies":"3 Louse","floor":10.0,"turns":5.0},{"damage":17.0,"enemies":"Gremlin Nob","floor":12.0,"turns":3.0},{"damage":7.0,"enemies":"Exordium Wildlife","floor":14.0,"turns":4.0},{"damage":32.0,"enemies":"Hexaghost","floor":16.0,"turns":6.0},{"damage":16.0,"enemies":"Shell Parasite","floor":18.0,"turns":4.0},{"damage":3.0,"enemies":"2 Thieves","floor":20.0,"turns":2.0},{"damage":8.0,"enemies":"Snake Plant","floor":21.0,"turns":3.0},{"damage":0.0,"enemies":"Cultist and Chosen","floor":22.0,"turns":3.0},{"damage":0.0,"enemies":"Gremlin Leader","floor":24.0,"turns":3.0},{"damage":0.0,"enemies":"Centurion and Healer","floor":25.0,"turns":3.0},{"damage":0.0,"enemies":"3 Cultists","floor":27.0,"turns":3.0},{"damage":0.0,"enemies":"Cultist and Chosen","floor":29.0,"turns":2.0},{"damage":13.0,"enemies":"Shelled Parasite and Fungi","floor":31.0,"turns":3.0},{"damage":3.0,"enemies":"Champ","floor":33.0,"turns":5.0},{"damage":0.0,"enemies":"Orb Walker","floor":35.0,"turns":1.0},{"damage":6.0,"enemies":"3 Darklings","floor":36.0,"turns":4.0},{"damage":0.0,"enemies":"Spire Growth","floor":38.0,"turns":3.0},{"damage":0.0,"enemies":"Writhing Mass","floor":39.0,"turns":3.0},{"damage":6.0,"enemies":"Giant Head","floor":40.0,"turns":5.0},{"damage":0.0,"enemies":"Jaw Worm Horde","floor":42.0,"turns":4.0},{"damage":0.0,"enemies":"Nemesis","floor":44.0,"turns":2.0},{"damage":0.0,"enemies":"Reptomancer","floor":47.0,"turns":2.0},{"damage":0.0,"enemies":"Sphere and 2 Shapes","floor":48.0,"turns":2.0},{"damage":12,"enemies":"Awakened One","floor":50,"turns":6},{"damage":0,"enemies":"Donu and Deca","floor":51,"turns":4}],"seed_played":"-7584660472336287872","potions_obtained":[{"floor":1.0,"key":"Energy Potion"},{"floor":3.0,"key":"Weak Potion"},{"floor":4.0,"key":"SkillPotion"},{"floor":14.0,"key":"Explosive Potion"},{"floor":16.0,"key":"GamblersBrew"},{"floor":20.0,"key":"Energy Potion"},{"floor":24.0,"key":"DuplicationPotion"},{"floor":29.0,"key":"CultistPotion"},{"floor":31.0,"key":"Dexterity Potion"},{"floor":35.0,"key":"Ancient Potion"},{"floor":40.0,"key":"LiquidMemories"}],"is_trial":false,"path_per_floor":["M","M","M","M","?","E","R","E","T","M","R","E","R","M","R","B",null,"M","$","M","M","M","R","E","M","T","M","R","M","$","M","R","B",null,"M","M","$","M","M","E","R","M","T","E","R","?","E","M","R","B","B",null],"character_chosen":"WATCHER","items_purchased":["MentalFortress","WheelKick","Membership Card","SteroidPotion","HornCleat"],"campfire_rested":9,"item_purchase_floors":[19,19,30,30,37],"current_hp_per_floor":[56,47,46,45,45,33,51,11,11,3,21,4,22,15,33,1,47,31,31,28,20,20,38,52,52,52,52,52,52,52,39,61,58,72,72,66,66,66,66,60,76,76,76,76,76,76,76,76,76,64,66],"gold":312,"neow_bonus":"UPGRADE_CARD","is_daily":false,"chose_seed":false,"campfire_upgraded":1,"win_rate":0.0,"timestamp":1609698000,"path_taken":["M","M","M","M","?","E","R","E","T","M","R","E","R","M","R","BOSS","M","$","M","M","M","R","E","M","T","M","R","M","$","M","R","BOSS","M","M","$","M","M","E","R","M","T","E","R","?","E","M","R","BOSS","BOSS"],"items_purchased_type":["Card","Card","Relic","Potion","Relic"],"build_version":"2020-12-22","purchased_purges":3,"victory":true,"max_hp_per_floor":[68,68,68,68,62,62,62,62,62,62,62,62,62,62,62,62,62,62,62,62,62,62,62,76,76,76,76,76,76,76,76,76,76,76,76,76,76,76,76,76,76,76,76,76,76,76,76,76,76,76,76],"card_choices":[{"not_picked":["Pray","ForeignInfluence","PathToVictory"],"picked":"SKIP","floor":1.0},{"not_picked":["Worship","ClearTheMind"],"picked":"BattleHymn","floor":2.0},{"not_picked":["BattleHymn","SashWhip","FlyingSleeves"],"picked":"SKIP","floor":3.0},{"not_picked":["CarveReality","EmptyBody","Swivel"],"picked":"SKIP","floor":4.0},{"not_picked":["Evaluate","Prostrate"],"picked":"WheelKick","floor":6.0},{"not_picked":["MasterReality","FearNoEvil"],"picked":"Vault","floor":8.0},{"not_picked":["JustLucky","EmptyFist"],"picked":"CutThroughFate","floor":10.0},{"not_picked":["Crescendo","ReachHeaven","CrushJoints"],"picked":"SKIP","floor":12.0},{"not_picked":["ClearTheMind","BattleHymn"],"picked":"TalkToTheHand","floor":14.0},{"not_picked":["DeusExMachina","Brilliance"],"picked":"DevaForm","floor":16.0},{"not_picked":["SashWhip","WaveOfTheHand"],"picked":"MentalFortress","floor":18.0},{"not_picked":["InnerPeace","FlyingSleeves"],"picked":"Tantrum","floor":20.0},{"not_picked":["EmptyFist","Halt","CutThroughFate"],"picked":"SKIP","floor":21.0},{"not_picked":["BowlingBash","SashWhip"],"picked":"TalkToTheHand","floor":22.0},{"not_picked":["ClearTheMind","Consecrate","Crescendo"],"picked":"SKIP","floor":24.0},{"not_picked":["Ragnarok","SignatureMove","SashWhip"],"picked":"SKIP","floor":25.0},{"not_picked":["Tantrum+1","JustLucky"],"picked":"WheelKick","floor":27.0},{"not_picked":["Weave","FlyingSleeves","FlurryOfBlows+1"],"picked":"SKIP","floor":29.0},{"not_picked":["FearNoEvil","FollowUp"],"picked":"WheelKick","floor":31.0},{"not_picked":["SpiritShield","Judgement"],"picked":"Vault","floor":33.0},{"not_picked":["EmptyFist","FollowUp","FlurryOfBlows"],"picked":"SKIP","floor":35.0},{"not_picked":["CutThroughFate","SashWhip"],"picked":"Protect+1","floor":36.0},{"not_picked":["Protect","Worship+1"],"picked":"Wish","floor":38.0},{"not_picked":["PathToVictory+1","FollowUp+1","Wireheading"],"picked":"SKIP","floor":39.0},{"not_picked":["PathToVictory","SandsOfTime","Alpha"],"picked":"SKIP","floor":40.0},{"not_picked":["CutThroughFate","ForeignInfluence"],"picked":"FearNoEvil+1","floor":42.0},{"not_picked":["ThirdEye","DeusExMachina"],"picked":"Wallop+1","floor":44.0},{"not_picked":["FlurryOfBlows","Crescendo+1","ClearTheMind"],"picked":"SKIP","floor":47.0},{"not_picked":["FlurryOfBlows","PathToVictory+1","ThirdEye"],"picked":"SKIP","floor":48.0}],"player_experience":763996,"relics_obtained":[{"floor":6.0,"key":"StrikeDummy"},{"floor":8.0,"key":"Bag of Preparation"},{"floor":9.0,"key":"Nunchaku"},{"floor":12.0,"key":"Potion Belt"},{"floor":24.0,"key":"Mango"},{"floor":26.0,"key":"Lantern"},{"floor":40.0,"key":"MealTicket"},{"floor":43.0,"key":"PreservedInsect"},{"floor":44.0,"key":"Bronze Scales"},{"floor":47.0,"key":"Blood Vial"}],"event_choices":[{"damage_healed":0.0,"max_hp_gain":0.0,"max_hp_loss":6.0,"gold_gain":0.0,"event_name":"Golden Idol","player_choice":"Lose Max HP","floor":5.0,"gold_loss":0.0,"damage_taken":0.0,"relics_obtained":["Golden Idol"]},{"cards_removed":["Vigilance"],"damage_healed":0.0,"max_hp_gain":0.0,"max_hp_loss":0.0,"gold_gain":0.0,"event_name":"Falling","player_choice":"Removed Skill","floor":46.0,"gold_loss":0.0,"damage_taken":0.0}],"is_beta":false,"boss_relics":[{"not_picked":["Empty Cage","Pandora\u0027s Box"],"picked":"Snecko Eye"},{"not_picked":["Cursed Key","Tiny House"],"picked":"Fusion Hammer"}],"items_purged_floors":[19,30,37],"is_endless":false,"potions_floor_spawned":[1,3,4,14,16,20,24,29,31,35,40,42],"ascension_level":20}}