{"host":"htqwg582tjjtn9p7","time":1609671806,"event":{"mods":["2.2 Compatiblity","AchievementEnabler","Act Like it!","Aspiration","BaseMod","Better Third Choice","Colored Map","Conspire","Curses Come First","Displayed Cursed Tome","Energized Spire","Force Act Four","GifTheSpireLib","Hermit","Highlight Path","JesterMod","Mad Scientist","Minty Spire (QoL Compilation)","Pale of the Ancients","Permanent Neow","Random Character Button","Relic Stats","Replay The Spire","Robot Space Explorer","Somnambulant","Spicy Shops","Spikes Relics","StSLib","Stuff the Spire","The Blue Laboratory","The Disciple","The Dragon Tamer","The Forsaken","The Gatherer","The Judge","The Jungle","The Marked","The Runesmith","The Servant 0.9.4","Uncapped"],"gold_per_floor":[109,63,9,25,45,79,79,106,106,121,40,58,58,68,68,173,173,191,191,224,287,337,367,149,178,178,24,57,68,118,135,135,239,239,259,309,359,374,26,58,58,75,75,75,105,117,152,168,168,168,187,201,251,251,251,262,262,37,37,37],"floor_reached":61,"playtime":2827,"items_purged":["RobotSpaceExplorer:Defend","Spreading Infection","ReplayTheSpireMod:Shiv Toss+1"],"score":2493,"play_id":"ce39b1e0-daef-4447-8247-6afaeca2e436","local_time":"20210103120326","is_ascension_mode":true,"campfire_choices":[{"data":"RobotSpaceExplorer:StarDust","floor":7,"key":"SMITH"},{"floor":15,"key":"REST"},{"data":"RobotSpaceExplorer:StarLightning","floor":32,"key":"SMITH"},{"data":"RobotSpaceExplorer:PowerCollector","floor":41,"key":"SMITH"},{"data":"RobotSpaceExplorer:Calculate","floor":49,"key":"SMITH"},{"floor":55,"key":"RECALL"},{"data":"RobotSpaceExplorer:DroneSwarm","floor":57,"key":"SMITH"}],"circlet_count":0,"master_deck":["RobotSpaceExplorer:Scan","RobotSpaceExplorer:MiniLasers","RobotSpaceExplorer:Discharger","RobotSpaceExplorer:Pulsar","RobotSpaceExplorer:Pulsar","RobotSpaceExplorer:StarDust+1","RobotSpaceExplorer:PlasmaMissile","RobotSpaceExplorer:ShockKick","RobotSpaceExplorer:Electroshield","RobotSpaceExplorer:Pulsar","RobotSpaceExplorer:Smokescreen","RobotSpaceExplorer:DroneSwarm+1","RobotSpaceExplorer:StarLightning+1","RobotSpaceExplorer:ScrapMissile+1","RobotSpaceExplorer:StarLightning+1","RobotSpaceExplorer:ShockKick+1","RobotSpaceExplorer:Calculate+1","RobotSpaceExplorer:DroneSwarm+1","RobotSpaceExplorer:StarLightning+1","RobotSpaceExplorer:Pulsar+1","RobotSpaceExplorer:DroneSwarm+1","RobotSpaceExplorer:Discharger+1","RobotSpaceExplorer:PowerCollector+1","Parasite","RobotSpaceExplorer:GearShield+1","RobotSpaceExplorer:Pulsar+1","StuffTheSpire:DoubleShiv+1","Draining Mist","Pride","Pride"],"relics":["CosmicIsotope","SnailShell","Nunchaku","theForsaken:Lifeblossom","Regal Pillow","Astrolabe","SsserpentHead","SpikesRelics:ToyHorsey","Chemical X","Centennial Puzzle","StuffTheSpire:NeowsTribute","Guide Book","FossilizedHelix","Sandwich","ReplayTheSpireMod:Ring of Exchange","jesterMod:MirrorMask","conspire:DecoderRing","Bird Faced Urn","Happy Flower","RetroEgg","paleoftheancients:Timepiece","paleoftheancients:KeyRelic","Gremlin Horn","CultistMask","paleoftheancients:SoulOfTheWokeBloke"],"acts_visited":["Exordium","TheCity","TheBeyond","TheBeyond"],"potions_floor_usage":[4,21,23,51,51,51,60,60],"damage_taken":[{"damage":1,"enemies":"conspire:RoseBush","floor":1,"turns":4},{"damage":0,"enemies":"Cultist","floor":4,"turns":4},{"damage":2,"enemies":"Jaw Worm","floor":5,"turns":5},{"damage":0,"enemies":"Lagavulin","floor":6,"turns":7},{"damage":17,"enemies":"Gremlin Nob","floor":8,"turns":5},{"damage":13,"enemies":"Exordium Thugs","floor":10,"turns":5},{"damage":11,"enemies":"Lots of Slimes","floor":12,"turns":6},{"damage":0,"enemies":"Gremlin Gang","floor":14,"turns":6},{"damage":29,"enemies":"Slime Boss","floor":16,"turns":8},{"damage":0,"enemies":"conspire:FuzzyDice","floor":18,"turns":9},{"damage":9,"enemies":"2 Thieves","floor":20,"turns":5},{"damage":0,"enemies":"Centurion and Healer","floor":21,"turns":7},{"damage":23,"enemies":"Slavers","floor":23,"turns":5},{"damage":0,"enemies":"Gremlin Leader","floor":25,"turns":6},{"damage":13,"enemies":"Slavers","floor":28,"turns":4},{"damage":0,"enemies":"Snake Plant","floor":29,"turns":4},{"damage":0,"enemies":"Snecko","floor":31,"turns":5},{"damage":6,"enemies":"Pondfish","floor":33,"turns":10},{"damage":0,"enemies":"3 Darklings","floor":35,"turns":3},{"damage":0,"enemies":"Orb Walker","floor":38,"turns":4},{"damage":0,"enemies":"Giant Head","floor":40,"turns":8},{"damage":0,"enemies":"Writhing Mass","floor":42,"turns":5},{"damage":0,"enemies":"R_Hoarder","floor":45,"turns":5},{"damage":0,"enemies":"Jaw Worm Horde","floor":46,"turns":4},{"damage":0,"enemies":"Reptomancer","floor":47,"turns":5},{"damage":0,"enemies":"Transient","floor":48,"turns":5},{"damage":0,"enemies":"Time Eater","floor":50,"turns":9},{"damage":40,"enemies":"Time Eater","floor":51,"turns":8},{"damage":0,"enemies":"Time Eater","floor":52,"turns":3},{"damage":0,"enemies":"Time Eater","floor":56,"turns":4},{"damage":23,"enemies":"paleoftheancients:N","floor":60,"turns":9}],"seed_played":"-4374591496218787915","potions_obtained":[{"floor":1,"key":"blueLaboratory:FruitPunch"},{"floor":12,"key":"blueLaboratory:NullPotion"},{"floor":20,"key":"Block Potion"},{"floor":28,"key":"blueLaboratory:HorrorPotion"},{"floor":33,"key":"Weak Potion"},{"floor":38,"key":"LifebloodPotion"},{"floor":51,"key":"Doom Potion"}],"is_trial":false,"path_per_floor":["M","$","?","M","M","E","R","E","T","M","$","M","?","M","R_BF","B",null,"M","?","M","M","?","E","$","E","T","$","E","M","?","M","R","B",null,"M","?","?","M","$","E","R","M","T","$","E","M","E","M","R","B","M","M","?","$","R","M","R","$","?","B",null],"character_chosen":"RobotSpaceExplorer","items_purchased":["RobotSpaceExplorer:Pulsar","RobotSpaceExplorer:Electroshield","Chemical X","Guide Book","RobotSpaceExplorer:PowerCollector","jesterMod:MirrorMask","blueLaboratory:ExaltedPotion"],"campfire_rested":1,"item_purchase_floors":[2,11,24,27,39,39,58],"current_hp_per_floor":[67,67,67,69,67,67,67,50,50,43,43,38,38,44,77,48,70,76,76,71,77,77,57,57,63,63,63,56,62,62,68,68,68,75,77,77,77,77,77,77,77,77,77,77,77,77,77,77,77,77,58,77,77,77,77,77,77,77,77,66],"gold":37,"neow_bonus":"BOSS_RELIC","is_daily":false,"chose_seed":false,"campfire_upgraded":5,"win_rate":0.0,"timestamp":1609671806,"path_taken":["M","$","?","M","M","E","R","E","T","?","$","M","?","M","R_BF","BOSS","M","?","?","?","?","E","$","E","T","$","E","M","?","M","R","BOSS","M","?","?","M","$","E","R","M","T","$","E","M","E","M","R","BOSS","M","M","?","$","R","M","R","$","?","BOSS"],"items_purchased_type":["Card","Card","Relic","Relic","Card","Relic","Potion"],"build_version":"2020-12-22","purchased_purges":3,"victory":true,"max_hp_per_floor":[75,75,75,77,77,77,77,77,77,77,77,77,77,77,77,77,77,77,77,77,77,77,77,77,77,77,77,77,77,77,77,77,77,77,77,77,77,77,77,77,77,77,77,77,77,77,77,77,77,77,77,77,77,77,77,77,77,77,77,77],"relic_stats":{"SsserpentHead":350,"Nunchaku":[22],"Regal Pillow":10,"Centennial Puzzle":[12],"Happy Flower":[15],"Gremlin Horn":[23,23],"counters":[31,177],"Astrolabe":["RobotSpaceExplorer:StarLightning","RobotSpaceExplorer:ScrapMissile","RobotSpaceExplorer:StarLightning"],"Bird Faced Urn":[16],"Chemical X":[51],"obtain_stats":[{"ReplayTheSpireMod:Ring of Exchange":37,"SnailShell":3,"Regal Pillow":9,"Gremlin Horn":50,"RetroEgg":47,"theForsaken:Lifeblossom":8,"jesterMod:MirrorMask":39,"SsserpentHead":19,"Nunchaku":6,"Centennial Puzzle":25,"SpikesRelics:ToyHorsey":23,"conspire:DecoderRing":40,"Chemical X":24,"StuffTheSpire:NeowsTribute":26,"paleoftheancients:KeyRelic":50,"Happy Flower":45,"Astrolabe":17,"Guide Book":27,"RobotSpaceExplorer:RoboCore":0,"Sandwich":34,"paleoftheancients:Timepiece":50,"paleoftheancients:SoulOfTheWokeBloke":51,"Bird Faced Urn":43,"CultistMask":50,"CosmicIsotope":0,"FossilizedHelix":28},{"ReplayTheSpireMod:Ring of Exchange":19,"SnailShell":1,"Regal Pillow":5,"Gremlin Horn":27,"RetroEgg":25,"theForsaken:Lifeblossom":5,"jesterMod:MirrorMask":20,"SsserpentHead":10,"Nunchaku":4,"Centennial Puzzle":14,"SpikesRelics:ToyHorsey":13,"conspire:DecoderRing":21,"Chemical X":13,"StuffTheSpire:NeowsTribute":14,"paleoftheancients:KeyRelic":27,"Happy Flower":23,"Astrolabe":9,"Guide Book":14,"RobotSpaceExplorer:RoboCore":0,"Sandwich":18,"paleoftheancients:Timepiece":27,"paleoftheancients:SoulOfTheWokeBloke":28,"Bird Faced Urn":22,"CultistMask":27,"CosmicIsotope":0,"FossilizedHelix":15},{"ReplayTheSpireMod:Ring of Exchange":108,"SnailShell":4,"Regal Pillow":25,"Gremlin Horn":153,"RetroEgg":139,"theForsaken:Lifeblossom":25,"jesterMod:MirrorMask":112,"SsserpentHead":59,"Nunchaku":20,"Centennial Puzzle":82,"SpikesRelics:ToyHorsey":76,"conspire:DecoderRing":120,"Chemical X":76,"StuffTheSpire:NeowsTribute":82,"paleoftheancients:KeyRelic":153,"Happy Flower":130,"Astrolabe":50,"Guide Book":82,"RobotSpaceExplorer:RoboCore":0,"Sandwich":105,"paleoftheancients:Timepiece":153,"paleoftheancients:SoulOfTheWokeBloke":161,"Bird Faced Urn":125,"CultistMask":153,"CosmicIsotope":0,"FossilizedHelix":86}]},"card_choices":[{"not_picked":["RobotSpaceExplorer:LaserBurst","RobotSpaceExplorer:FreezeRay"],"picked":"RobotSpaceExplorer:Discharger","floor":1},{"not_picked":["RobotSpaceExplorer:Ammunition","RobotSpaceExplorer:SurgingShield"],"picked":"RobotSpaceExplorer:Pulsar","floor":4},{"not_picked":["RobotSpaceExplorer:Electropulse","RobotSpaceExplorer:Jetpack"],"picked":"RobotSpaceExplorer:StarDust","floor":5},{"not_picked":["RobotSpaceExplorer:GlueSpray","RobotSpaceExplorer:MetalStrike"],"picked":"RobotSpaceExplorer:PlasmaMissile","floor":6},{"not_picked":["RobotSpaceExplorer:ShovelStrike","RobotSpaceExplorer:MakeshiftVolley","RobotSpaceExplorer:ImprovisedAttack"],"picked":"SKIP","floor":8},{"not_picked":["RobotSpaceExplorer:ScrapMissile","RobotSpaceExplorer:MiniDrones"],"picked":"RobotSpaceExplorer:ShockKick","floor":10},{"not_picked":["RobotSpaceExplorer:FrostMissile","RobotSpaceExplorer:SwiftStep"],"picked":"RobotSpaceExplorer:Pulsar","floor":12},{"not_picked":["RobotSpaceExplorer:FranticSearch","RobotSpaceExplorer:Ammunition","RobotSpaceExplorer:FreezeRay"],"picked":"SKIP","floor":14},{"not_picked":["RobotSpaceExplorer:Blaster","RobotSpaceExplorer:Accelerator"],"picked":"RobotSpaceExplorer:DroneSwarm","floor":16},{"not_picked":["RobotSpaceExplorer:StunGrenade","RobotSpaceExplorer:ExhaustFan"],"picked":"RobotSpaceExplorer:ShockKick+1","floor":18},{"not_picked":["RobotSpaceExplorer:BigMissile","RobotSpaceExplorer:FranticSearch","RobotSpaceExplorer:GlueShot"],"picked":"SKIP","floor":20},{"not_picked":["RobotSpaceExplorer:Probe","RobotSpaceExplorer:ShockKick+1"],"picked":"RobotSpaceExplorer:Calculate","floor":21},{"not_picked":["RobotSpaceExplorer:SurgingShield","RobotSpaceExplorer:FranticSearch+1"],"picked":"RobotSpaceExplorer:DroneSwarm","floor":23},{"not_picked":["RobotSpaceExplorer:SlimeMissile","RobotSpaceExplorer:PowerCollector"],"picked":"RobotSpaceExplorer:StarLightning","floor":25},{"not_picked":["RobotSpaceExplorer:Ammunition+1","RobotSpaceExplorer:MetalStrike","RobotSpaceExplorer:JunkDive"],"picked":"SKIP","floor":28},{"not_picked":["RobotSpaceExplorer:MetalStrike","RobotSpaceExplorer:ShovelStrike","RobotSpaceExplorer:Reload"],"picked":"SKIP","floor":29},{"not_picked":["RobotSpaceExplorer:Accelerator","RobotSpaceExplorer:StunGrenade"],"picked":"RobotSpaceExplorer:Pulsar+1","floor":31},{"not_picked":["RobotSpaceExplorer:ChargingLaser","RobotSpaceExplorer:Comet"],"picked":"RobotSpaceExplorer:DroneSwarm","floor":33},{"not_picked":["RobotSpaceExplorer:Probe","RobotSpaceExplorer:Counterblock"],"picked":"RobotSpaceExplorer:Discharger+1","floor":35},{"not_picked":["RobotSpaceExplorer:Probe+1","RobotSpaceExplorer:SelfCleaning","RobotSpaceExplorer:StunGrenade"],"picked":"SKIP","floor":38},{"not_picked":["RobotSpaceExplorer:SwiftStep+1","RobotSpaceExplorer:DualCore+1","RobotSpaceExplorer:FreezingShield+1"],"picked":"SKIP","floor":40},{"not_picked":["RobotSpaceExplorer:ToxicBomb","RobotSpaceExplorer:BigMissile","RobotSpaceExplorer:SurgingStrike+1"],"picked":"SKIP","floor":42},{"not_picked":["RobotSpaceExplorer:Probe+1","RobotSpaceExplorer:ScrapMissile","RobotSpaceExplorer:Ammunition+1"],"picked":"SKIP","floor":45},{"not_picked":["RobotSpaceExplorer:SurgingShield","RobotSpaceExplorer:LaserBurst","RobotSpaceExplorer:Ammunition+1"],"picked":"SKIP","floor":46},{"not_picked":["RobotSpaceExplorer:ShovelStrike+1","RobotSpaceExplorer:ScrapToss+1","RobotSpaceExplorer:RigExplosive+1"],"picked":"SKIP","floor":47},{"not_picked":["RobotSpaceExplorer:Probe+1","RobotSpaceExplorer:GlueShot"],"picked":"RobotSpaceExplorer:GearShield+1","floor":48},{"not_picked":["RobotSpaceExplorer:Blitz","RobotSpaceExplorer:FranticSearch","RobotSpaceExplorer:HighVoltage"],"picked":"SKIP","floor":51},{"not_picked":["RobotSpaceExplorer:ShovelStrike+1","RobotSpaceExplorer:Electroshield"],"picked":"RobotSpaceExplorer:Pulsar+1","floor":52},{"not_picked":["RobotSpaceExplorer:ImprovisedAttack","RobotSpaceExplorer:GlueShot+1","RobotSpaceExplorer:DoubleBlock"],"picked":"SKIP","floor":56}],"player_experience":1871474,"relics_obtained":[{"floor":6,"key":"Nunchaku"},{"floor":8,"key":"theForsaken:Lifeblossom"},{"floor":9,"key":"Regal Pillow"},{"floor":23,"key":"SpikesRelics:ToyHorsey"},{"floor":25,"key":"Centennial Puzzle"},{"floor":26,"key":"StuffTheSpire:NeowsTribute"},{"floor":28,"key":"FossilizedHelix"},{"floor":37,"key":"ReplayTheSpireMod:Ring of Exchange"},{"floor":40,"key":"conspire:DecoderRing"},{"floor":43,"key":"Bird Faced Urn"},{"floor":45,"key":"Happy Flower"},{"floor":47,"key":"RetroEgg"},{"floor":51,"key":"paleoftheancients:SoulOfTheWokeBloke"}],"event_choices":[{"damage_healed":0,"gold_gain":0,"player_choice":"Paid Gold","damage_taken":0,"relics_obtained":["SnailShell"],"max_hp_gain":0,"max_hp_loss":0,"event_name":"WeMeetAgain","floor":3,"gold_loss":54},{"damage_healed":0,"gold_gain":0,"cards_transformed":["RobotSpaceExplorer:Strike"],"player_choice":"Transformed","damage_taken":0,"max_hp_gain":0,"max_hp_loss":0,"event_name":"Transmorgrifier","floor":13,"gold_loss":0,"cards_obtained":["RobotSpaceExplorer:Smokescreen"]},{"damage_healed":0,"gold_gain":0,"player_choice":"Trade","damage_taken":0,"relics_obtained":["SsserpentHead"],"max_hp_gain":0,"max_hp_loss":0,"event_name":"FaceTrader","floor":19,"gold_loss":0},{"damage_healed":0,"gold_gain":0,"player_choice":"Ignored","damage_taken":0,"max_hp_gain":0,"max_hp_loss":0,"event_name":"Ghosts","floor":22,"gold_loss":0},{"damage_healed":0,"gold_gain":0,"player_choice":"Leave","damage_taken":0,"max_hp_gain":0,"max_hp_loss":0,"event_name":"conspire:Investor","floor":30,"gold_loss":0},{"damage_healed":0,"gold_gain":0,"player_choice":"Ignored","damage_taken":0,"max_hp_gain":0,"max_hp_loss":0,"event_name":"Tomb of Lord Red Mask","floor":36,"gold_loss":0}],"is_beta":false,"boss_relics":[{"not_picked":["Fusion Hammer","aspiration:RunicSpoon"],"picked":"Astrolabe"},{"not_picked":["RobotSpaceExplorer:SearchSpecs","aspiration:SecretTechniqueScroll"],"picked":"Sandwich"}],"items_purged_floors":[24,39,58],"is_endless":false,"potions_floor_spawned":[1,12,20,28,33,38,40,42,46,51],"ascension_level":8}}