{"host":"8i4doyxqctgl5qb0","time":1609635100,"event":{"mods":["AchievementEnabler","BaseMod","Block Reminder","Colored Powertips","Downfall","Marisa£®ÏF”Í°°ƒß¿Ì…≥£©","Minty Spire (QoL Compilation)","Permanent Neow","Potion Indicator Mod","Rare Cards Sparkle","StSLib","SuperFastMode"],"gold_per_floor":[119,119,16,16,30,64,64,80,80,96,121,136,136,55,55,156,156,176,176,101,63,63,63,98,98,98,133,11,11,11,0,0],"floor_reached":31,"playtime":924,"items_purged":[],"score":332,"play_id":"a86a2794-bbe9-4952-b403-0133d181d33c","local_time":"20210103085140","is_ascension_mode":true,"campfire_choices":[{"data":"Capacitor","floor":7.0,"key":"SMITH"},{"data":"Loop","floor":15.0,"key":"SMITH"},{"data":"Echo Form","floor":23.0,"key":"SMITH"},{"floor":25.0,"key":"REST"}],"circlet_count":0,"master_deck":["Strike_B","Strike_B","Strike_B","Defend_B","Defend_B","Defend_B","Defend_B","Zap","Dualcast+1","Ball Lightning","Conserve Battery","Sweeping Beam","Hello World","Capacitor+1","Streamline","Leap+1","Capacitor","Go for the Eyes","Loop+1","Conserve Battery","Echo Form+1","Ball Lightning+1","Self Repair","Turbo","Force Field+1","Machine Learning","Writhe"],"relics":["Cracked Core","NeowsBlessing","Meat on the Bone","Torii","Pantograph","Lantern","Inserter","Toy Ornithopter","CaptainsWheel","White Beast Statue","War Paint"],"acts_visited":["Exordium","TheCity"],"potions_floor_usage":[31],"damage_taken":[{"damage":0.0,"enemies":"Cultist","floor":1.0,"turns":1.0},{"damage":0.0,"enemies":"2 Louse","floor":5.0,"turns":1.0},{"damage":0.0,"enemies":"Lagavulin","floor":6.0,"turns":2.0},{"damage":0.0,"enemies":"Small Slimes","floor":8.0,"turns":3.0},{"damage":14.0,"enemies":"Blue Slaver","floor":10.0,"turns":4.0},{"damage":13.0,"enemies":"Gremlin Nob","floor":11.0,"turns":4.0},{"damage":2.0,"enemies":"3 Louse","floor":12.0,"turns":4.0},{"damage":27.0,"enemies":"Slime Boss","floor":16.0,"turns":10.0},{"damage":24.0,"enemies":"Shell Parasite","floor":18.0,"turns":6.0},{"damage":40.0,"enemies":"Gremlin Leader","floor":24.0,"turns":6.0},{"damage":49.0,"enemies":"Slavers","floor":27.0,"turns":6.0},{"damage":28,"enemies":"2 Thieves","floor":31,"turns":2}],"seed_played":"-1653313609246920612","potions_obtained":[{"floor":5.0,"key":"hexamod:EctoCoolerPotion"},{"floor":10.0,"key":"FearPotion"},{"floor":12.0,"key":"AttackPotion"}],"is_trial":false,"path_per_floor":["M","?","$","?","M","E","R","M","T","M","E","M","?","$","R","B",null,"M","?","?","$","$","R","E","R","T","E","$","?","$","M"],"character_chosen":"DEFECT","items_purchased":["Conserve Battery","Sweeping Beam","Loop","Conserve Battery","Self Repair","Machine Learning","SteroidPotion"],"campfire_rested":1,"item_purchase_floors":[3,3,14,14,21,28,28],"current_hp_per_floor":[75,75,75,75,75,75,75,75,75,61,48,46,46,46,46,44,75,51,51,51,51,51,51,30,52,52,22,22,22,22,0,0],"gold":0,"neow_bonus":"THREE_ENEMY_KILL","is_daily":false,"chose_seed":false,"campfire_upgraded":3,"win_rate":0.0,"timestamp":1609635100,"path_taken":["M","?","$","?","M","E","R","M","T","M","E","M","?","$","R","BOSS","M","?","?","?","$","R","E","R","T","E","$","?","?","?"],"items_purchased_type":["Card","Card","Card","Card","Card","Card","Potion"],"build_version":"2020-12-22","purchased_purges":0,"victory":false,"max_hp_per_floor":[75,75,75,75,75,75,75,75,75,75,75,75,75,75,75,75,75,75,75,75,75,75,75,75,75,75,75,75,75,75,75,75],"card_choices":[{"not_picked":["Rebound","BootSequence"],"picked":"Ball Lightning","floor":1.0},{"not_picked":["Chaos","Melter"],"picked":"Hello World","floor":5.0},{"not_picked":["Beam Cell","Sweeping Beam"],"picked":"Capacitor","floor":6.0},{"not_picked":["Lockon","Steam"],"picked":"Streamline","floor":8.0},{"not_picked":["Reprogram","Compile Driver"],"picked":"Leap","floor":10.0},{"not_picked":["Streamline","Go for the Eyes"],"picked":"Capacitor","floor":11.0},{"not_picked":["Fission","Aggregate"],"picked":"Go for the Eyes","floor":12.0},{"not_picked":["Rainbow","Electrodynamics"],"picked":"Echo Form","floor":16.0},{"not_picked":["Coolheaded","Chaos"],"picked":"Ball Lightning+1","floor":18.0},{"not_picked":["FTL","BootSequence+1"],"picked":"Turbo","floor":24.0},{"not_picked":["Leap","Loop"],"picked":"Force Field+1","floor":27.0}],"player_experience":35031,"relics_obtained":[{"floor":6.0,"key":"Torii"},{"floor":9.0,"key":"Pantograph"},{"floor":11.0,"key":"Lantern"},{"floor":24.0,"key":"Toy Ornithopter"},{"floor":26.0,"key":"CaptainsWheel"},{"floor":27.0,"key":"White Beast Statue"}],"event_choices":[{"damage_healed":0.0,"max_hp_gain":0.0,"max_hp_loss":0.0,"gold_gain":0.0,"event_name":"The Cleric","player_choice":"Leave","floor":2.0,"gold_loss":0.0,"damage_taken":0.0},{"damage_healed":0.0,"max_hp_gain":0.0,"max_hp_loss":0.0,"gold_gain":0.0,"event_name":"Big Fish","player_choice":"Box","floor":4.0,"gold_loss":0.0,"damage_taken":0.0,"relics_obtained":["Meat on the Bone"],"cards_obtained":["Regret"]},{"cards_removed":["Regret"],"damage_healed":0.0,"max_hp_gain":0.0,"max_hp_loss":0.0,"gold_gain":0.0,"event_name":"Living Wall","player_choice":"Forget","floor":13.0,"gold_loss":0.0,"damage_taken":0.0},{"cards_removed":["Strike_B"],"damage_healed":0.0,"max_hp_gain":0.0,"max_hp_loss":0.0,"gold_gain":0.0,"event_name":"Beggar","player_choice":"Gave Gold","floor":20.0,"gold_loss":75.0,"damage_taken":0.0},{"damage_healed":0.0,"max_hp_gain":0.0,"max_hp_loss":0.0,"gold_gain":0.0,"event_name":"The Mausoleum","player_choice":"Opened","floor":29.0,"gold_loss":0.0,"damage_taken":0.0,"relics_obtained":["War Paint"],"cards_obtained":["Writhe"]}],"is_beta":false,"boss_relics":[{"not_picked":["Velvet Choker","SacredBark"],"picked":"Inserter"}],"items_purged_floors":[],"is_endless":false,"potions_floor_spawned":[5,10,12],"killed_by":"2 Thieves","ascension_level":2}}