{"host":"Jinnai","time":1609709178,"event":{"mods":["BaseMod","Bestiary","Block Reminder","Colored Map","Colored Powertips","Highlight Path","Minty Spire (QoL Compilation)","Quick Restart","Relic Stats"],"gold_per_floor":[115,135,148,158,158,185,185,213,240,240,240,257,291,302,302,374,374,389,400,159,199,215,215,215],"floor_reached":23,"playtime":986,"items_purged":["Pain"],"score":468,"play_id":"ba896023-bf91-4f2c-b23f-97d47da55734","local_time":"20210103162618","is_ascension_mode":true,"campfire_choices":[{"floor":7,"key":"REST"},{"floor":10,"key":"REST"},{"floor":15,"key":"REST"}],"circlet_count":0,"master_deck":["AscendersBane","Eruption","Vigilance","Collect","Fasting2","FlurryOfBlows","EmptyFist","Study","BowlingBash","Prostrate","Worship","Brilliance","FollowUp","LessonLearned","PathToVictory","Study","Tantrum","Ragnarok","CutThroughFate","Prostrate","Meditate","FearNoEvil","FlurryOfBlows","InnerPeace","JustLucky"],"relics":["Fusion Hammer","White Beast Statue","Oddly Smooth Stone","Regal Pillow","WarpedTongs","Lantern","Pandora\u0027s Box","Toolbox"],"acts_visited":["Exordium","TheCity"],"potions_floor_usage":[8,12,16,21,21,22],"damage_taken":[{"damage":0,"enemies":"Cultist","floor":1,"turns":2},{"damage":14,"enemies":"Small Slimes","floor":2,"turns":3},{"damage":0,"enemies":"2 Louse","floor":3,"turns":5},{"damage":17,"enemies":"Exordium Thugs","floor":4,"turns":4},{"damage":0,"enemies":"Lagavulin","floor":6,"turns":4},{"damage":8,"enemies":"Gremlin Nob","floor":8,"turns":3},{"damage":0,"enemies":"Lots of Slimes","floor":12,"turns":3},{"damage":50,"enemies":"3 Sentries","floor":13,"turns":6},{"damage":2,"enemies":"3 Louse","floor":14,"turns":3},{"damage":9,"enemies":"The Guardian","floor":16,"turns":10},{"damage":0,"enemies":"Spheric Guardian","floor":18,"turns":2},{"damage":16,"enemies":"Shell Parasite","floor":19,"turns":2},{"damage":30,"enemies":"Centurion and Healer","floor":21,"turns":3},{"damage":0,"enemies":"Sentry and Sphere","floor":22,"turns":1},{"damage":9,"enemies":"Book of Stabbing","floor":23,"turns":2}],"seed_played":"3803649246741614426","potions_obtained":[{"floor":1,"key":"DuplicationPotion"},{"floor":4,"key":"Fire Potion"},{"floor":8,"key":"AttackPotion"},{"floor":12,"key":"EssenceOfSteel"},{"floor":16,"key":"SneckoOil"},{"floor":18,"key":"SkillPotion"},{"floor":19,"key":"LiquidMemories"},{"floor":21,"key":"Energy Potion"},{"floor":22,"key":"BlessingOfTheForge"}],"is_trial":false,"path_per_floor":["M","M","M","M","?","E","R","E","T","R","?","M","E","M","R","B",null,"M","M","$","M","M","E"],"character_chosen":"WATCHER","items_purchased":["Toolbox"],"campfire_rested":3,"item_purchase_floors":[20],"current_hp_per_floor":[61,47,47,30,30,30,50,42,42,68,68,68,18,16,51,42,62,62,46,46,16,16,7,7],"gold":215,"neow_bonus":"BOSS_RELIC","is_daily":false,"chose_seed":false,"campfire_upgraded":0,"win_rate":0.0,"timestamp":1609709178,"path_taken":["M","M","?","M","?","E","R","E","T","R","?","?","E","?","R","BOSS","M","M","$","M","M","E"],"items_purchased_type":["Relic"],"build_version":"2020-12-18","purchased_purges":1,"victory":false,"max_hp_per_floor":[68,68,68,68,68,68,68,68,68,68,68,68,68,68,68,68,68,68,68,68,68,68,68,68],"relic_stats":{"Regal Pillow":21,"counters":[15,53],"Pandora\u0027s Box":["PathToVictory","Study","Tantrum","Ragnarok","CutThroughFate","Prostrate","Meditate"],"obtain_stats":[{"Regal Pillow":9,"Lantern":13,"Oddly Smooth Stone":8,"Toolbox":20,"Pandora\u0027s Box":17,"Fusion Hammer":0,"PureWater":0,"White Beast Statue":6,"WarpedTongs":11},{"Regal Pillow":6,"Lantern":8,"Oddly Smooth Stone":6,"Toolbox":12,"Pandora\u0027s Box":10,"Fusion Hammer":0,"PureWater":0,"White Beast Statue":5,"WarpedTongs":6},{"Regal Pillow":21,"Lantern":30,"Oddly Smooth Stone":21,"Toolbox":47,"Pandora\u0027s Box":43,"Fusion Hammer":0,"PureWater":0,"White Beast Statue":18,"WarpedTongs":21}],"WarpedTongs":[32]},"card_choices":[{"not_picked":["Halt","EmptyMind"],"picked":"Collect","floor":1},{"not_picked":["SashWhip","Halt"],"picked":"Fasting2","floor":2},{"not_picked":["Protect","SashWhip"],"picked":"FlurryOfBlows","floor":3},{"not_picked":["FlyingSleeves","Sanctity"],"picked":"EmptyFist","floor":4},{"not_picked":["Crescendo","WheelKick"],"picked":"BowlingBash","floor":6},{"not_picked":["WindmillStrike","Wish"],"picked":"Prostrate","floor":8},{"not_picked":["ForeignInfluence","FollowUp"],"picked":"Worship","floor":12},{"not_picked":["SashWhip","Prostrate"],"picked":"Brilliance","floor":13},{"not_picked":["Evaluate","BowlingBash"],"picked":"FollowUp","floor":14},{"not_picked":["Ragnarok","MasterReality"],"picked":"LessonLearned","floor":16},{"not_picked":["Protect","CrushJoints"],"picked":"FearNoEvil","floor":18},{"not_picked":["Vengeance+1","Evaluate"],"picked":"FlurryOfBlows","floor":19},{"not_picked":["FollowUp","Evaluate+1"],"picked":"InnerPeace","floor":21},{"not_picked":["SashWhip","SignatureMove"],"picked":"JustLucky","floor":22}],"player_experience":1499485,"relics_obtained":[{"floor":6,"key":"White Beast Statue"},{"floor":8,"key":"Oddly Smooth Stone"},{"floor":9,"key":"Regal Pillow"},{"floor":13,"key":"Lantern"}],"event_choices":[{"damage_healed":0,"gold_gain":0,"cards_transformed":["Defend_P"],"player_choice":"Change","damage_taken":0,"max_hp_gain":0,"max_hp_loss":0,"event_name":"Living Wall","floor":5,"gold_loss":0,"cards_obtained":["Study"]},{"damage_healed":0,"gold_gain":0,"player_choice":"Rummage","damage_taken":0,"relics_obtained":["WarpedTongs"],"max_hp_gain":0,"max_hp_loss":0,"event_name":"Accursed Blacksmith","floor":11,"gold_loss":0,"cards_obtained":["Pain"]}],"is_beta":true,"boss_relics":[{"not_picked":["Astrolabe","Cursed Key"],"picked":"Pandora\u0027s Box"}],"items_purged_floors":[20],"is_endless":false,"potions_floor_spawned":[1,4,8,12,13,14,16,18,19,21,22],"killed_by":"Book of Stabbing","ascension_level":19}}