{"host":"9b7hrp48q3pna783","time":1609694041,"event":{"mods":["BaseMod","Colored Map","Colored Powertips","Highlight Path","Minty Spire (QoL Compilation)","Relic Stats"],"gold_per_floor":[110,126,146,146,158,158,215,242,242,242,269,298,33,60,60,156,156,167,45,62,62,62,91,91,124,148,168,182,194,42,53,53,153,153,164,39,1,1,1,1,13,13,37,52,81,96,125,140,140,140,140],"floor_reached":50,"playtime":3102,"items_purged":["Anger","Strike_R","Strike_R"],"score":664,"play_id":"85ccc343-8f66-4a61-ac9b-a65b166d0589","local_time":"20210103121401","is_ascension_mode":true,"campfire_choices":[{"data":"True Grit","floor":6,"key":"SMITH"},{"floor":10,"key":"REST"},{"floor":15,"key":"REST"},{"data":"Apotheosis","floor":24,"key":"SMITH"},{"floor":32,"key":"REST"},{"data":"Battle Trance","floor":40,"key":"SMITH"},{"data":"Burning Pact","floor":42,"key":"SMITH"},{"floor":49,"key":"REST"}],"circlet_count":0,"master_deck":["Strike_R","Strike_R","Strike_R","Defend_R","Defend_R","Defend_R","Defend_R","Bash","True Grit+1","Battle Trance+1","Burning Pact+1","Flex","Twin Strike","Burning Pact","Apotheosis+1","Sword Boomerang","Flex","Feed","Heavy Blade+1","True Grit","Berserk+1","True Grit","Double Tap","Rage"],"relics":["Burning Blood","Mercury Hourglass","Incense Burner","WingedGreaves","Odd Mushroom","Pear","Bag of Marbles","Mark of Pain","Anchor","Frozen Egg 2","Red Skull","Omamori","Busted Crown","Strawberry","Dream Catcher","Bottled Tornado","Sundial"],"acts_visited":["Exordium","TheCity","TheBeyond"],"potions_floor_usage":[7,11,12,12,12,20,31,33,47,47,50,50],"damage_taken":[{"damage":2,"enemies":"Small Slimes","floor":1,"turns":4},{"damage":0,"enemies":"Cultist","floor":2,"turns":6},{"damage":7,"enemies":"2 Louse","floor":3,"turns":3},{"damage":2,"enemies":"Blue Slaver","floor":5,"turns":6},{"damage":36,"enemies":"3 Sentries","floor":7,"turns":7},{"damage":30,"enemies":"3 Sentries","floor":8,"turns":8},{"damage":22,"enemies":"The Mushroom Lair","floor":11,"turns":4},{"damage":10,"enemies":"Lagavulin","floor":12,"turns":9},{"damage":23,"enemies":"Gremlin Nob","floor":14,"turns":4},{"damage":23,"enemies":"The Guardian","floor":16,"turns":10},{"damage":0,"enemies":"Chosen","floor":18,"turns":3},{"damage":1,"enemies":"2 Thieves","floor":20,"turns":4},{"damage":15,"enemies":"Book of Stabbing","floor":23,"turns":5},{"damage":4,"enemies":"Gremlin Leader","floor":25,"turns":4},{"damage":9,"enemies":"Shelled Parasite and Fungi","floor":27,"turns":5},{"damage":12,"enemies":"Cultist and Chosen","floor":28,"turns":4},{"damage":24,"enemies":"Snake Plant","floor":29,"turns":4},{"damage":8,"enemies":"Snecko","floor":31,"turns":5},{"damage":69,"enemies":"Collector","floor":33,"turns":7},{"damage":21,"enemies":"3 Darklings","floor":35,"turns":5},{"damage":0,"enemies":"Orb Walker","floor":41,"turns":2},{"damage":0,"enemies":"Jaw Worm Horde","floor":44,"turns":4},{"damage":72,"enemies":"Nemesis","floor":45,"turns":9},{"damage":23,"enemies":"Transient","floor":46,"turns":5},{"damage":15,"enemies":"Giant Head","floor":47,"turns":6},{"damage":21,"enemies":"4 Shapes","floor":48,"turns":2},{"damage":61,"enemies":"Donu and Deca","floor":50,"turns":5}],"seed_played":"-5112097235073535009","potions_obtained":[{"floor":1,"key":"SkillPotion"},{"floor":4,"key":"LiquidMemories"},{"floor":4,"key":"HeartOfIron"},{"floor":7,"key":"ColorlessPotion"},{"floor":11,"key":"BlessingOfTheForge"},{"floor":18,"key":"DistilledChaos"},{"floor":29,"key":"Explosive Potion"},{"floor":31,"key":"Swift Potion"},{"floor":41,"key":"SpeedPotion"},{"floor":46,"key":"FearPotion"},{"floor":47,"key":"AttackPotion"},{"floor":48,"key":"BlessingOfTheForge"}],"is_trial":false,"path_per_floor":["M","M","M","?","M","R","?","E","T","R","?","E","$","E","R","B",null,"M","$","M","$","T","E","R","E","T","M","M","M","$","M","R","B",null,"M","$","$","?","?","R","M","R","T","M","E","M","E","M","R","B"],"character_chosen":"IRONCLAD","items_purchased":["Apotheosis","Anger","Sword Boomerang","True Grit","True Grit","Rage"],"campfire_rested":4,"item_purchase_floors":[13,13,13,19,30,37],"current_hp_per_floor":[80,80,79,79,80,80,50,26,26,50,34,40,40,23,50,33,90,94,94,94,94,94,85,85,87,87,88,85,71,71,69,100,41,109,94,94,94,109,116,116,116,116,116,120,54,37,28,17,54,0,0],"gold":140,"neow_bonus":"THREE_CARDS","is_daily":false,"chose_seed":false,"campfire_upgraded":4,"win_rate":0.0,"timestamp":1609694041,"path_taken":["M","M","M","?","?","R","?","E","T","R","?","E","?","E","R","BOSS","M","?","?","?","?","E","R","E","T","M","M","M","$","M","R","BOSS","M","$","$","?","?","R","M","R","T","M","E","M","E","?","R","BOSS"],"items_purchased_type":["Card","Card","Card","Card","Card","Card"],"build_version":"2020-12-22","purchased_purges":3,"victory":false,"max_hp_per_floor":[80,80,80,80,80,80,80,80,80,80,80,90,90,90,90,90,90,94,94,94,94,94,94,94,94,94,98,101,105,105,105,105,109,109,109,109,109,109,116,116,116,116,116,120,120,120,120,124,124,124,124],"relic_stats":{"Dream Catcher":1,"Busted Crown":16,"counters":[27,139],"Sundial":[0],"obtain_stats":[{"Pear":12,"Incense Burner":8,"Omamori":26,"Odd Mushroom":11,"Frozen Egg 2":23,"Bottled Tornado":45,"Burning Blood":0,"Mercury Hourglass":7,"Anchor":22,"Dream Catcher":43,"Busted Crown":34,"Sundial":47,"Strawberry":39,"WingedGreaves":9,"Mark of Pain":17,"Bag of Marbles":14,"Red Skull":25},{"Pear":8,"Incense Burner":6,"Omamori":14,"Odd Mushroom":7,"Frozen Egg 2":13,"Bottled Tornado":23,"Burning Blood":0,"Mercury Hourglass":4,"Anchor":12,"Dream Catcher":21,"Busted Crown":19,"Sundial":25,"Strawberry":20,"WingedGreaves":6,"Mark of Pain":10,"Bag of Marbles":9,"Red Skull":14},{"Pear":46,"Incense Burner":33,"Omamori":76,"Odd Mushroom":37,"Frozen Egg 2":72,"Bottled Tornado":121,"Burning Blood":0,"Mercury Hourglass":19,"Anchor":67,"Dream Catcher":108,"Busted Crown":101,"Sundial":132,"Strawberry":106,"WingedGreaves":33,"Mark of Pain":60,"Bag of Marbles":50,"Red Skull":76}],"Burning Blood":120,"Mercury Hourglass":[444]},"card_choices":[{"not_picked":["Sever Soul","Power Through"],"picked":"True Grit","floor":0},{"not_picked":["Carnage","Flex"],"picked":"Battle Trance","floor":1},{"not_picked":["True Grit","Twin Strike"],"picked":"Burning Pact","floor":2},{"not_picked":["Armaments","True Grit","Reaper"],"picked":"SKIP","floor":3},{"not_picked":["True Grit","Dual Wield"],"picked":"Flex","floor":5},{"not_picked":["Flex","Perfected Strike"],"picked":"Twin Strike","floor":7},{"not_picked":["Iron Wave","Rupture"],"picked":"Burning Pact","floor":8},{"not_picked":["Perfected Strike","Warcry","Spot Weakness"],"picked":"SKIP","floor":12},{"not_picked":["Barricade","Combust"],"picked":"Flex","floor":14},{"not_picked":["Brutality","Offering"],"picked":"Feed","floor":16},{"not_picked":["Cleave","Whirlwind"],"picked":"Heavy Blade+1","floor":18},{"not_picked":["Iron Wave","Thunderclap","Searing Blow+1"],"picked":"SKIP","floor":20},{"not_picked":["Headbutt+1","Iron Wave+1","Sword Boomerang"],"picked":"SKIP","floor":23},{"not_picked":["Infernal Blade","Whirlwind","Rampage"],"picked":"SKIP","floor":25},{"not_picked":["Anger","Pommel Strike"],"picked":"Berserk+1","floor":27},{"not_picked":["Iron Wave","Armaments","Clothesline"],"picked":"SKIP","floor":28},{"not_picked":["Thunderclap","Clothesline","Rampage"],"picked":"SKIP","floor":29},{"not_picked":["Dual Wield","Shockwave+1"],"picked":"Double Tap","floor":31},{"not_picked":["Blood for Blood"],"picked":"SKIP","floor":35},{"not_picked":["Anger"],"picked":"SKIP","floor":41},{"not_picked":["Dual Wield"],"picked":"SKIP","floor":44},{"not_picked":["Combust+1"],"picked":"SKIP","floor":45},{"not_picked":["Headbutt+1"],"picked":"SKIP","floor":46},{"not_picked":["Barricade+1"],"picked":"SKIP","floor":47},{"not_picked":["Shockwave+1"],"picked":"SKIP","floor":48}],"player_experience":52624,"relics_obtained":[{"floor":8,"key":"Incense Burner"},{"floor":9,"key":"WingedGreaves"},{"floor":11,"key":"Odd Mushroom"},{"floor":12,"key":"Pear"},{"floor":14,"key":"Bag of Marbles"},{"floor":22,"key":"Anchor"},{"floor":23,"key":"Frozen Egg 2"},{"floor":25,"key":"Red Skull"},{"floor":26,"key":"Omamori"},{"floor":39,"key":"Strawberry"},{"floor":43,"key":"Dream Catcher"},{"floor":45,"key":"Bottled Tornado"},{"floor":47,"key":"Sundial"}],"event_choices":[{"damage_healed":0,"gold_gain":0,"player_choice":"Got Potions","damage_taken":0,"max_hp_gain":0,"max_hp_loss":0,"event_name":"Lab","floor":4,"gold_loss":0},{"damage_healed":0,"gold_gain":0,"player_choice":"Searched \u00272\u0027 times","damage_taken":0,"relics_obtained":["Mercury Hourglass"],"max_hp_gain":0,"max_hp_loss":0,"event_name":"Dead Adventurer","floor":7,"gold_loss":0},{"damage_healed":0,"gold_gain":0,"player_choice":"Fought Mushrooms","damage_taken":0,"max_hp_gain":0,"max_hp_loss":0,"event_name":"Mushrooms","floor":11,"gold_loss":0},{"damage_healed":27,"gold_gain":0,"player_choice":"Writhe","damage_taken":0,"max_hp_gain":0,"max_hp_loss":0,"event_name":"Winding Halls","floor":38,"gold_loss":0,"cards_obtained":["Writhe"]},{"damage_healed":0,"gold_gain":0,"player_choice":"Relic","damage_taken":0,"max_hp_gain":0,"max_hp_loss":0,"event_name":"Wheel of Change","floor":39,"gold_loss":0}],"is_beta":false,"boss_relics":[{"not_picked":["Calling Bell","Sozu"],"picked":"Mark of Pain"},{"not_picked":["Tiny House","Runic Cube"],"picked":"Busted Crown"}],"items_purged_floors":[19,30,36],"is_endless":false,"potions_floor_spawned":[1,7,11,18,29,31,41,46,47,48],"killed_by":"Donu and Deca","ascension_level":1}}