{"host":"armnliea5o2aqs4b","time":1609685861,"event":{"mods":["BaseMod","Hubris","Infinite Spire","Minty Spire (QoL Compilation)","Quick Restart","StSLib"],"gold_per_floor":[109,184,184,201,49,82,82,96,172,206,206,206,225,237,237,336,336,351,362,461,496,496,496,496,496],"floor_reached":24,"playtime":504,"items_purged":[],"score":286,"play_id":"0a464b6a-1162-44d5-96ed-280cd6d035d6","local_time":"20210104015741","is_ascension_mode":true,"campfire_choices":[{"data":"Whirlwind","floor":7,"key":"SMITH"},{"floor":15,"key":"REST"},{"data":"Inflame","floor":23,"key":"SMITH"}],"circlet_count":0,"master_deck":["Strike_R","Strike_R","Strike_R","Strike_R","Strike_R","Defend_R","Defend_R","Defend_R","Defend_R","Bash","Flex","Disarm","Inflame+1","Whirlwind+1","Thunderclap","Infernal Blade","Dropkick","Double Tap","Ghostly Armor+1","hubris:CleavingFinish","Inflame"],"relics":["Burning Blood","NeowsBlessing","Lantern","Bag of Marbles","Bottled Tornado","Strawberry","hubris:Towel","Black Star","Red Mask"],"acts_visited":["Exordium","TheCity"],"potions_floor_usage":[16,16,16,21],"damage_taken":[{"damage":0,"enemies":"Small Slimes","floor":1,"turns":1},{"damage":0,"enemies":"Jaw Worm","floor":4,"turns":1},{"damage":0,"enemies":"3 Sentries","floor":6,"turns":1},{"damage":0,"enemies":"2 Louse","floor":8,"turns":1},{"damage":45,"enemies":"Lagavulin","floor":10,"turns":6},{"damage":0,"enemies":"2 Fungi Beasts","floor":13,"turns":3},{"damage":13,"enemies":"Looter","floor":14,"turns":3},{"damage":52,"enemies":"Hexaghost","floor":16,"turns":9},{"damage":7,"enemies":"Chosen","floor":18,"turns":3},{"damage":19,"enemies":"Spheric Guardian","floor":19,"turns":5},{"damage":2,"enemies":"Masked Bandits","floor":21,"turns":2},{"damage":65,"enemies":"Book of Stabbing","floor":24,"turns":5}],"seed_played":"-3016690444103165498","potions_obtained":[{"floor":4,"key":"AttackPotion"},{"floor":6,"key":"Fire Potion"},{"floor":13,"key":"Swift Potion"},{"floor":19,"key":"Strength Potion"}],"is_trial":false,"path_per_floor":["M","?","?","M","$","E","R","M","T","E","?","$","M","M","R","B",null,"M","M","?","?","?","R","E"],"character_chosen":"IRONCLAD","items_purchased":["Inflame","Whirlwind"],"campfire_rested":1,"item_purchase_floors":[5,5],"current_hp_per_floor":[80,69,69,75,75,80,80,80,80,48,48,48,54,47,73,27,72,71,58,58,62,62,62,0,0],"gold":496,"neow_bonus":"THREE_ENEMY_KILL","is_daily":false,"chose_seed":false,"campfire_upgraded":2,"win_rate":0.0,"timestamp":1609685861,"path_taken":["M","?","?","M","$","E","R","M","T","E","?","$","M","M","R","BOSS","M","M","?","?","?","R","E"],"items_purchased_type":["Card","Card"],"build_version":"2020-12-22","purchased_purges":0,"victory":false,"max_hp_per_floor":[80,80,80,80,80,80,80,80,80,87,87,87,87,87,87,87,87,87,87,87,87,87,87,87,87],"card_choices":[{"not_picked":["Warcry","Evolve"],"picked":"Flex","floor":1},{"not_picked":["Flex","Heavy Blade"],"picked":"Disarm","floor":4},{"not_picked":["Sever Soul","Searing Blow"],"picked":"Thunderclap","floor":6},{"not_picked":["Entrench","Whirlwind","hubris:ReadiedAction"],"picked":"SKIP","floor":8},{"not_picked":["Warcry","Anger"],"picked":"Infernal Blade","floor":10},{"not_picked":["Thunderclap","Perfected Strike","Rupture"],"picked":"SKIP","floor":13},{"not_picked":["Clothesline","Hemokinesis"],"picked":"Dropkick","floor":14},{"not_picked":["Berserk","Corruption"],"picked":"Double Tap","floor":16},{"not_picked":["Shrug It Off+1","Dark Embrace+1"],"picked":"Ghostly Armor+1","floor":18},{"not_picked":["Twin Strike","Headbutt"],"picked":"hubris:CleavingFinish","floor":19}],"player_experience":161985,"relics_obtained":[{"floor":3,"key":"Lantern"},{"floor":6,"key":"Bag of Marbles"},{"floor":9,"key":"Bottled Tornado"},{"floor":10,"key":"Strawberry"},{"floor":21,"key":"Red Mask"}],"event_choices":[{"damage_healed":0,"gold_gain":75,"player_choice":"Gather Gold","damage_taken":11,"max_hp_gain":0,"max_hp_loss":0,"event_name":"World of Goop","floor":2,"gold_loss":0},{"damage_healed":0,"gold_gain":99,"player_choice":"Stole From Cult","damage_taken":0,"max_hp_gain":0,"max_hp_loss":0,"event_name":"Nest","floor":20,"gold_loss":0},{"damage_healed":0,"gold_gain":0,"player_choice":"Fought Bandits","damage_taken":0,"max_hp_gain":0,"max_hp_loss":0,"event_name":"Masked Bandits","floor":21,"gold_loss":0},{"damage_healed":0,"gold_gain":0,"player_choice":"Read","damage_taken":0,"max_hp_gain":0,"max_hp_loss":0,"event_name":"The Library","floor":22,"gold_loss":0,"cards_obtained":["Inflame"]}],"is_beta":false,"boss_relics":[{"not_picked":["Tiny House","Runic Pyramid"],"picked":"Black Star"}],"items_purged_floors":[],"is_endless":false,"potions_floor_spawned":[4,6,13,19],"killed_by":"Book of Stabbing","ascension_level":5}}