{"host":"1cd1aqaox6jesai3","time":1609646901,"event":{"mods":["Act Like it!","Astrologer","Bartender","BaseMod","Colored Powertips","Downfall","Hallownest","Mimic Mod","Minty Spire (QoL Compilation)","StSLib","The Bug Knight","The Construct","The Factory"],"gold_per_floor":[99,111,125,144,156,156,156,181,195,221,234,254,254,254,254,254],"floor_reached":14,"playtime":1077,"items_purged":[],"score":129,"play_id":"de99a035-cb1c-4630-bd36-90a7ea7b0070","local_time":"20210102230821","is_ascension_mode":false,"campfire_choices":[{"data":"champ:Taunt","floor":1,"key":"SMITH"},{"data":"champ:FanOfKnives","floor":13,"key":"SMITH"}],"circlet_count":0,"master_deck":["champ:Strike","champ:Strike","champ:Strike","champ:Strike","champ:Defend","champ:Defend","champ:Defend","champ:Defend","champ:Execute","champ:Taunt+1","champ:GutPunch","champ:AdrenalArmor","champ:FanOfKnives+1","champ:EndlessRage","champ:DefensiveShout","champ:SteelEdge","champ:CalledShot+1","champ:BringItOn","champ:TornadoPunch"],"relics":["champ:ChampionCrown","Power_Wrist","Sundial","Frozen Egg 2"],"acts_visited":["Exordium"],"potions_floor_usage":[5,8,8,12,14],"damage_taken":[{"damage":10,"enemies":"Cultist","floor":2,"turns":4},{"damage":5,"enemies":"2 Louse","floor":3,"turns":3},{"damage":13,"enemies":"Jaw Worm","floor":4,"turns":3},{"damage":45,"enemies":"Large Slime","floor":5,"turns":7},{"damage":42,"enemies":"Lagavulin","floor":8,"turns":6},{"damage":9,"enemies":"2 Fungi Beasts","floor":9,"turns":2},{"damage":26,"enemies":"HollowMod:MossKnight","floor":10,"turns":6},{"damage":18,"enemies":"Red Slaver","floor":11,"turns":3},{"damage":36,"enemies":"Gremlin Gang","floor":12,"turns":4},{"damage":11,"enemies":"Gremlin Nob","floor":14,"turns":2}],"seed_played":"5095051034128596930","potions_obtained":[{"floor":0,"key":"Fruit Juice"},{"floor":0,"key":"Slimebound:ThreeZeroPotion"},{"floor":0,"key":"FearPotion"},{"floor":5,"key":"Weak Potion"},{"floor":12,"key":"LiquidBronze"}],"is_trial":false,"path_per_floor":["R","M","M","M","M","?","T","E","M","E","M","M","R","E"],"character_chosen":"THE_CHAMP","items_purchased":[],"campfire_rested":0,"item_purchase_floors":[],"current_hp_per_floor":[90,90,90,90,72,72,72,46,46,46,33,9,9,0,0,0],"gold":254,"neow_bonus":"THREE_SMALL_POTIONS","is_daily":false,"chose_seed":false,"campfire_upgraded":2,"win_rate":0.0,"timestamp":1609646901,"path_taken":["R","M","?","M","M","?","T","E","M","E","M","M","R","E"],"items_purchased_type":[],"build_version":"2020-12-22","purchased_purges":0,"victory":false,"max_hp_per_floor":[90,90,90,90,95,95,95,95,95,95,95,95,95,95,95,95],"card_choices":[{"not_picked":["champ:FalseCounter","champ:StanceDance"],"picked":"champ:GutPunch","floor":2},{"not_picked":["champ:TornadoPunch","champ:EndlessRage"],"picked":"champ:AdrenalArmor","floor":3},{"not_picked":["champ:AdrenalArmor","champ:SkillfulDodge"],"picked":"champ:FanOfKnives","floor":4},{"not_picked":["champ:AdrenalArmor","champ:PerfectedStrike"],"picked":"champ:EndlessRage","floor":5},{"not_picked":["champ:BerserkersShout","champ:TornadoPunch"],"picked":"champ:DefensiveShout","floor":8},{"not_picked":["champ:GladiatorsShout","champ:HeartStrike"],"picked":"champ:SteelEdge","floor":9},{"not_picked":["champ:MurderStrike","champ:Backstep"],"picked":"champ:CalledShot+1","floor":10},{"not_picked":["champ:StanceDance","champ:FocusedGladiator"],"picked":"champ:BringItOn","floor":11},{"not_picked":["champ:FocusedDefense","champ:FocusedGladiator"],"picked":"champ:TornadoPunch","floor":12}],"player_experience":147584,"relics_obtained":[{"floor":7,"key":"Power_Wrist"},{"floor":8,"key":"Sundial"},{"floor":10,"key":"Frozen Egg 2"}],"event_choices":[],"is_beta":false,"boss_relics":[],"items_purged_floors":[],"is_endless":false,"potions_floor_spawned":[2,5,12],"killed_by":"Gremlin Nob","ascension_level":0}}