{"host":"foq4mrde4mssg7vt","time":1609674533,"event":{"mods":["AchievementEnabler","BaseMod","Colored Map","Colored Powertips","Highlight Path","Minty Spire (QoL Compilation)","Relic Stats","everything is the same but u backflip on backflip"],"gold_per_floor":[109,109,124,141,15,47,47,61,136,149,164,239,271,290,290,363,363,383,398,398,398,82,82,115,65,65,65,65,98,98,112,112,184,184,203,203,214,127,127,127,156,173,196,223,235,261,279,306,306,306,306,306,84,111,111],"floor_reached":56,"playtime":4934,"items_purged":["Pain","Bite","Defend_P"],"score":2464,"play_id":"8781a079-7508-4e3a-81d6-43e7556e3ba9","local_time":"20210103194853","is_ascension_mode":true,"campfire_choices":[{"data":"MentalFortress","floor":7.0,"key":"SMITH"},{"data":"LikeWater","floor":15.0,"key":"SMITH"},{"data":"Vigilance","floor":23.0,"key":"SMITH"},{"floor":27.0,"key":"REST"},{"floor":32.0,"key":"REST"},{"floor":40.0,"key":"RECALL"},{"floor":49,"key":"REST"},{"floor":52,"key":"REST"}],"circlet_count":0,"master_deck":["AscendersBane","Defend_P+1","Eruption+1","Vigilance+1","Conclude+1","Protect+1","MentalFortress+1","FollowUp+1","CrushJoints+1","LessonLearned+1","LikeWater+1","CutThroughFate+1","SpiritShield+1","CurseOfTheBell","EmptyBody+1","Bite+1","Bite+1","Dark Shackles+1","Scrawl+1","Wireheading+1","CutThroughFate+1","Meditate+1","Adaptation+1","Tantrum+1","EmptyBody+1","InnerPeace+1"],"relics":["Snecko Eye","WarpedTongs","StoneCalendar","Yang","Damaru","Calling Bell","Smiling Mask","Frozen Egg 2","FossilizedHelix","Toxic Egg 2","Ornamental Fan","Gremlin Horn","Thread and Needle","Fusion Hammer","Turnip","Regal Pillow","Shuriken","Ancient Tea Set","Incense Burner","StrikeDummy"],"acts_visited":["Exordium","TheCity","TheBeyond","TheEnding"],"potions_floor_usage":[55,55],"damage_taken":[{"damage":0.0,"enemies":"Cultist","floor":1.0,"turns":2.0},{"damage":4.0,"enemies":"Small Slimes","floor":3.0,"turns":3.0},{"damage":2.0,"enemies":"2 Louse","floor":4.0,"turns":2.0},{"damage":0.0,"enemies":"Lagavulin","floor":6.0,"turns":5.0},{"damage":0.0,"enemies":"Blue Slaver","floor":8.0,"turns":1.0},{"damage":0.0,"enemies":"3 Louse","floor":10.0,"turns":3.0},{"damage":6.0,"enemies":"Looter","floor":11.0,"turns":3.0},{"damage":3.0,"enemies":"3 Sentries","floor":13.0,"turns":7.0},{"damage":4.0,"enemies":"Blue Slaver","floor":14.0,"turns":5.0},{"damage":0.0,"enemies":"Hexaghost","floor":16.0,"turns":7.0},{"damage":0.0,"enemies":"Shell Parasite","floor":18.0,"turns":9.0},{"damage":0.0,"enemies":"2 Thieves","floor":19.0,"turns":5.0},{"damage":46.0,"enemies":"Book of Stabbing","floor":24.0,"turns":8.0},{"damage":10.0,"enemies":"Slavers","floor":29.0,"turns":7.0},{"damage":10.0,"enemies":"Sentry and Sphere","floor":31.0,"turns":7.0},{"damage":26.0,"enemies":"Collector","floor":33.0,"turns":12.0},{"damage":0.0,"enemies":"3 Darklings","floor":35.0,"turns":7.0},{"damage":0.0,"enemies":"3 Shapes","floor":37.0,"turns":7.0},{"damage":0.0,"enemies":"Nemesis","floor":41.0,"turns":13.0},{"damage":0.0,"enemies":"Transient","floor":42.0,"turns":6.0},{"damage":0.0,"enemies":"Giant Head","floor":44.0,"turns":10.0},{"damage":22,"enemies":"3 Darklings","floor":45,"turns":6},{"damage":16,"enemies":"Reptomancer","floor":46,"turns":7},{"damage":0,"enemies":"4 Shapes","floor":47,"turns":8},{"damage":0,"enemies":"Giant Head","floor":48,"turns":10},{"damage":22,"enemies":"Donu and Deca","floor":50,"turns":16},{"damage":0,"enemies":"Shield and Spear","floor":54,"turns":12},{"damage":4,"enemies":"The Heart","floor":55,"turns":10}],"seed_played":"-1142959851105626421","potions_obtained":[{"floor":4.0,"key":"Dexterity Potion"},{"floor":11.0,"key":"AttackPotion"},{"floor":29.0,"key":"Fire Potion"}],"is_trial":false,"path_per_floor":["M","?","M","M","$","E","R","M","T","M","M","?","E","M","R","B",null,"M","M","?","?","$","R","E","$","T","R","?","E","$","M","R","B",null,"M","?","M","$","T","R","E","M","T","E","M","E","M","E","R","B",null,"R","$","E","B",null],"character_chosen":"WATCHER","items_purchased":["FollowUp","Toxic Egg 2","Adaptation+1","GamblersBrew","EmptyBody+1","InnerPeace+1"],"campfire_rested":4,"item_purchase_floors":[5,22,38,53,53,53],"current_hp_per_floor":[61,61,57,55,55,55,55,55,55,55,49,49,46,42,42,42,62,62,62,47,47,47,47,6,6,6,20,20,24,24,19,33,24,41,47,47,47,47,47,47,47,47,47,47,31,31,38,47,47,25,42,47,47,47,47],"gold":111,"neow_bonus":"BOSS_RELIC","is_daily":false,"chose_seed":false,"campfire_upgraded":3,"win_rate":0.0,"timestamp":1609674533,"path_taken":["M","?","M","?","$","E","R","M","T","M","M","?","E","M","R","BOSS","M","M","?","?","$","R","E","?","T","R","?","E","?","M","R","BOSS","M","?","M","?","?","R","E","M","T","E","M","E","M","E","R","BOSS","R","$","E","BOSS"],"items_purchased_type":["Card","Relic","Card","Potion","Card","Card"],"build_version":"2020-12-22","purchased_purges":3,"victory":true,"max_hp_per_floor":[68,68,68,68,68,68,68,68,68,68,68,68,68,68,68,68,68,68,68,47,47,47,47,47,47,47,47,47,47,47,47,47,47,47,47,47,47,47,47,47,47,47,47,47,47,47,47,47,47,47,47,47,47,47,47],"relic_stats":{"Regal Pillow":0,"Gremlin Horn":[27,27],"counters":[28,198],"Ornamental Fan":[216],"Shuriken":[28],"Snecko Eye":[328,356,403,389],"StoneCalendar":[618],"Yang":[368],"Turnip":[2],"Smiling Mask":125,"obtain_stats":[{"Regal Pillow":43,"Gremlin Horn":26,"Damaru":13,"StoneCalendar":6,"Yang":9,"Thread and Needle":29,"Incense Burner":48,"Frozen Egg 2":17,"Smiling Mask":17,"Ancient Tea Set":46,"WarpedTongs":2,"Calling Bell":17,"Ornamental Fan":24,"Shuriken":44,"Snecko Eye":0,"Fusion Hammer":34,"Turnip":41,"PureWater":0,"Toxic Egg 2":22,"StrikeDummy":54,"FossilizedHelix":17},{"Regal Pillow":20,"Gremlin Horn":13,"Damaru":8,"StoneCalendar":4,"Yang":5,"Thread and Needle":14,"Incense Burner":25,"Frozen Egg 2":10,"Smiling Mask":10,"Ancient Tea Set":23,"WarpedTongs":1,"Calling Bell":10,"Ornamental Fan":13,"Shuriken":21,"Snecko Eye":0,"Fusion Hammer":16,"Turnip":19,"PureWater":0,"Toxic Egg 2":12,"StrikeDummy":27,"FossilizedHelix":10},{"Regal Pillow":119,"Gremlin Horn":60,"Damaru":26,"StoneCalendar":12,"Yang":13,"Thread and Needle":67,"Incense Burner":160,"Frozen Egg 2":38,"Smiling Mask":38,"Ancient Tea Set":142,"WarpedTongs":2,"Calling Bell":38,"Ornamental Fan":60,"Shuriken":129,"Snecko Eye":0,"Fusion Hammer":86,"Turnip":113,"PureWater":0,"Toxic Egg 2":52,"StrikeDummy":188,"FossilizedHelix":38}],"WarpedTongs":[111]},"card_choices":[{"not_picked":["FlyingSleeves","ClearTheMind"],"picked":"Conclude","floor":1.0},{"not_picked":["FlurryOfBlows","JustLucky"],"picked":"Protect","floor":3.0},{"not_picked":["DeceiveReality","ClearTheMind"],"picked":"MentalFortress","floor":4.0},{"not_picked":["BattleHymn","Nirvana","Consecrate"],"picked":"SKIP","floor":6.0},{"not_picked":["Prostrate","Consecrate"],"picked":"CrushJoints","floor":8.0},{"not_picked":["ForeignInfluence","PathToVictory"],"picked":"LessonLearned","floor":10.0},{"not_picked":["Collect","Halt"],"picked":"LikeWater","floor":11.0},{"not_picked":["Blasphemy","FlyingSleeves"],"picked":"CutThroughFate","floor":13.0},{"not_picked":["Collect","Fasting2","Perseverance"],"picked":"SKIP","floor":14.0},{"not_picked":["Alpha","ConjureBlade"],"picked":"SpiritShield","floor":16.0},{"not_picked":["ThirdEye+1","JustLucky"],"picked":"EmptyBody","floor":18.0},{"not_picked":["SashWhip","Consecrate","ClearTheMind"],"picked":"SKIP","floor":19.0},{"not_picked":["JustLucky","Sanctity+1"],"picked":"Wireheading+1","floor":24.0},{"not_picked":["Protect+1","Scrawl+1"],"picked":"CutThroughFate+1","floor":29.0},{"not_picked":["FlyingSleeves","Consecrate","ThirdEye+1"],"picked":"SKIP","floor":31.0},{"not_picked":["Protect+1","PathToVictory+1","Perseverance+1"],"picked":"SKIP","floor":35.0},{"not_picked":["Protect+1","PathToVictory+1","Perseverance+1"],"picked":"SKIP","floor":35.0},{"not_picked":["CutThroughFate","SashWhip"],"picked":"Meditate+1","floor":37.0},{"not_picked":["EmptyBody+1","Halt+1"],"picked":"Tantrum+1","floor":41.0},{"not_picked":["Evaluate+1","CrushJoints","ThirdEye+1"],"picked":"SKIP","floor":42.0},{"not_picked":["FlurryOfBlows","CrushJoints+1","Wireheading+1"],"picked":"SKIP","floor":44.0},{"not_picked":["LikeWater+1","SandsOfTime","Evaluate+1"],"picked":"SKIP","floor":45},{"not_picked":["Consecrate","Judgement+1","JustLucky"],"picked":"SKIP","floor":46},{"not_picked":["CutThroughFate","JustLucky","Study+1"],"picked":"SKIP","floor":47},{"not_picked":["Protect+1","ClearTheMind+1","PathToVictory+1"],"picked":"SKIP","floor":48},{"not_picked":["Conclude","JustLucky","Worship+1"],"picked":"SKIP","floor":54}],"player_experience":386412,"relics_obtained":[{"floor":6.0,"key":"StoneCalendar"},{"floor":9.0,"key":"Yang"},{"floor":13.0,"key":"Damaru"},{"floor":17.0,"key":"Smiling Mask"},{"floor":17.0,"key":"Frozen Egg 2"},{"floor":17.0,"key":"FossilizedHelix"},{"floor":24.0,"key":"Ornamental Fan"},{"floor":26.0,"key":"Gremlin Horn"},{"floor":29.0,"key":"Thread and Needle"},{"floor":41.0,"key":"Turnip"},{"floor":43.0,"key":"Regal Pillow"},{"floor":44.0,"key":"Shuriken"},{"floor":46,"key":"Ancient Tea Set"},{"floor":48,"key":"Incense Burner"},{"floor":54,"key":"StrikeDummy"}],"event_choices":[{"damage_healed":0.0,"max_hp_gain":0.0,"max_hp_loss":0.0,"gold_gain":0.0,"event_name":"Accursed Blacksmith","player_choice":"Rummage","floor":2.0,"gold_loss":0.0,"damage_taken":0.0,"relics_obtained":["WarpedTongs"],"cards_obtained":["Pain"]},{"damage_healed":0.0,"max_hp_gain":0.0,"max_hp_loss":0.0,"gold_gain":75.0,"event_name":"Golden Wing","player_choice":"Gained Gold","floor":12.0,"gold_loss":0.0,"damage_taken":0.0},{"damage_healed":0.0,"max_hp_gain":0.0,"max_hp_loss":21.0,"gold_gain":0.0,"event_name":"Vampires","player_choice":"Became a vampire","floor":20.0,"gold_loss":0.0,"damage_taken":0.0,"cards_obtained":["Bite","Bite","Bite","Bite","Bite"]},{"damage_healed":0.0,"max_hp_gain":0.0,"max_hp_loss":0.0,"gold_gain":0.0,"cards_transformed":["Bite","Defend_P"],"event_name":"Drug Dealer","player_choice":"Became Test Subject","floor":21.0,"gold_loss":0.0,"damage_taken":0.0,"cards_obtained":["Dark Shackles","Scrawl"]},{"cards_removed":["Bite"],"damage_healed":0.0,"max_hp_gain":0.0,"max_hp_loss":0.0,"gold_gain":0.0,"event_name":"Back to Basics","player_choice":"Elegance","floor":28.0,"gold_loss":0.0,"damage_taken":0.0},{"cards_removed":["Defend_P"],"damage_healed":0.0,"max_hp_gain":0.0,"max_hp_loss":0.0,"gold_gain":0.0,"event_name":"Bonfire Elementals","player_choice":"Offered Basic","floor":36.0,"gold_loss":0.0,"damage_taken":0.0}],"is_beta":false,"boss_relics":[{"not_picked":["Runic Dome","SacredBark"],"picked":"Calling Bell"},{"not_picked":["Philosopher\u0027s Stone","SlaversCollar"],"picked":"Fusion Hammer"}],"items_purged_floors":[5,22,25],"is_endless":false,"potions_floor_spawned":[4,11,14,16,29,31,35,44,45,54],"ascension_level":18}}