{"host":"p7j7o00jacnw7qzt","time":1609698692,"event":{"mods":["BaseMod","Colored Map","Colored Powertips","DeckTracker","Highlight Path","Minty Spire (QoL Compilation)","Relic Stats"],"gold_per_floor":[114,114,127,139,64,64,76,96,121,121,132,163,163,193,193,272,272,288,288,288,203,229,241,253,253],"floor_reached":24,"playtime":1241,"items_purged":[],"score":458,"play_id":"8683b1e7-ac8d-48b9-9cc4-42eb7d23253a","local_time":"20210103133132","is_ascension_mode":true,"campfire_choices":[{"data":"Feed","floor":6.0,"key":"SMITH"},{"data":"Body Slam","floor":10.0,"key":"SMITH"},{"data":"Evolve","floor":15.0,"key":"SMITH"},{"data":"Dark Embrace","floor":23.0,"key":"SMITH"}],"circlet_count":0,"master_deck":["AscendersBane","Strike_R","Strike_R","Strike_R","Defend_R","Defend_R","Defend_R","Defend_R","Bash","Feed+1","Battle Trance","Evolve+1","Shrug It Off","Body Slam+1","Impervious","Second Wind","Shrug It Off","Impervious","Dark Embrace+1"],"relics":["Burning Blood","Toy Ornithopter","Regal Pillow","Runic Pyramid","Pen Nib","MawBank"],"acts_visited":["Exordium","TheCity"],"potions_floor_usage":[],"damage_taken":[{"damage":10.0,"enemies":"Small Slimes","floor":1.0,"turns":3.0},{"damage":4.0,"enemies":"Jaw Worm","floor":3.0,"turns":5.0},{"damage":9.0,"enemies":"2 Louse","floor":4.0,"turns":3.0},{"damage":11.0,"enemies":"Looter","floor":7.0,"turns":4.0},{"damage":5.0,"enemies":"3 Louse","floor":8.0,"turns":7.0},{"damage":9.0,"enemies":"2 Fungi Beasts","floor":11.0,"turns":4.0},{"damage":2.0,"enemies":"3 Sentries","floor":12.0,"turns":9.0},{"damage":4.0,"enemies":"Lagavulin","floor":14.0,"turns":7.0},{"damage":68.0,"enemies":"Hexaghost","floor":16.0,"turns":11.0},{"damage":7.0,"enemies":"3 Byrds","floor":18.0,"turns":8.0},{"damage":53,"enemies":"Slavers","floor":24,"turns":6}],"seed_played":"-1095031583279791778","potions_obtained":[{"floor":1.0,"key":"Weak Potion"},{"floor":3.0,"key":"AttackPotion"}],"is_trial":false,"path_per_floor":["M","?","M","M","?","R","M","M","T","R","M","E","?","E","R","B",null,"M","?","?","?","T","R","E"],"character_chosen":"IRONCLAD","items_purchased":[],"campfire_rested":0,"item_purchase_floors":[],"current_hp_per_floor":[67,67,72,72,72,72,71,76,76,76,77,85,85,96,96,43,87,90,58,58,58,58,58,9,9],"gold":253,"neow_bonus":"THREE_RARE_CARDS","is_daily":false,"chose_seed":false,"campfire_upgraded":4,"win_rate":0.0,"timestamp":1609698692,"path_taken":["M","?","M","M","?","R","M","?","T","R","M","E","?","E","R","BOSS","M","?","?","?","?","R","E"],"items_purchased_type":[],"build_version":"2020-12-22","purchased_purges":0,"victory":false,"max_hp_per_floor":[71,71,74,77,77,77,81,85,85,85,89,93,93,97,97,101,101,105,110,110,110,110,110,114,114],"relic_stats":{"Regal Pillow":0,"counters":[11,67],"Pen Nib":[0],"MawBank":24,"obtain_stats":[{"Regal Pillow":14,"Pen Nib":21,"MawBank":22,"Burning Blood":0,"Toy Ornithopter":12,"Runic Pyramid":17},{"Regal Pillow":8,"Pen Nib":10,"MawBank":10,"Burning Blood":0,"Toy Ornithopter":7,"Runic Pyramid":9},{"Regal Pillow":42,"Pen Nib":61,"MawBank":61,"Burning Blood":0,"Toy Ornithopter":35,"Runic Pyramid":53}],"Burning Blood":60,"Toy Ornithopter":10},"card_choices":[{"not_picked":["Offering","Brutality"],"picked":"Feed","floor":0.0},{"not_picked":["Metallicize","Ghostly Armor","Flex"],"picked":"SKIP","floor":1.0},{"not_picked":["Sentinel","Twin Strike"],"picked":"Battle Trance","floor":3.0},{"not_picked":["Heavy Blade","Blood for Blood"],"picked":"Evolve","floor":4.0},{"not_picked":["True Grit","Warcry"],"picked":"Shrug It Off","floor":7.0},{"not_picked":["Sword Boomerang","True Grit"],"picked":"Body Slam","floor":8.0},{"not_picked":["Pommel Strike","Flex"],"picked":"Impervious","floor":11.0},{"not_picked":["Whirlwind","Hemokinesis"],"picked":"Second Wind","floor":12.0},{"not_picked":["Flex","Pummel"],"picked":"Shrug It Off","floor":14.0},{"not_picked":["Demon Form","Brutality"],"picked":"Impervious","floor":16.0},{"not_picked":["Heavy Blade","Rampage+1"],"picked":"Dark Embrace","floor":18.0}],"player_experience":961430,"relics_obtained":[{"floor":12.0,"key":"Toy Ornithopter"},{"floor":14.0,"key":"Regal Pillow"},{"floor":22.0,"key":"MawBank"}],"event_choices":[{"cards_removed":["Strike_R"],"damage_healed":0.0,"max_hp_gain":0.0,"max_hp_loss":0.0,"gold_gain":0.0,"event_name":"Living Wall","player_choice":"Forget","floor":2.0,"gold_loss":0.0,"damage_taken":0.0},{"cards_removed":["Strike_R"],"damage_healed":0.0,"max_hp_gain":0.0,"max_hp_loss":0.0,"gold_gain":0.0,"event_name":"The Cleric","player_choice":"Card Removal","floor":5.0,"gold_loss":75.0,"damage_taken":0.0},{"damage_healed":0.0,"max_hp_gain":0.0,"max_hp_loss":0.0,"gold_gain":0.0,"event_name":"Liars Game","player_choice":"Ignored","floor":13.0,"gold_loss":0.0,"damage_taken":0.0},{"damage_healed":0.0,"max_hp_gain":5.0,"max_hp_loss":0.0,"gold_gain":0.0,"event_name":"Forgotten Altar","player_choice":"Shed Blood","floor":19.0,"gold_loss":0.0,"damage_taken":37.0},{"damage_healed":0.0,"max_hp_gain":0.0,"max_hp_loss":0.0,"gold_gain":0.0,"event_name":"The Mausoleum","player_choice":"Ignored","floor":20.0,"gold_loss":0.0,"damage_taken":0.0},{"damage_healed":0.0,"max_hp_gain":0.0,"max_hp_loss":0.0,"gold_gain":0.0,"event_name":"Addict","player_choice":"Obtained Relic","floor":21.0,"gold_loss":85.0,"damage_taken":0.0,"relics_obtained":["Pen Nib"]}],"is_beta":false,"boss_relics":[{"not_picked":["Mark of Pain","Velvet Choker"],"picked":"Runic Pyramid"}],"items_purged_floors":[],"is_endless":false,"potions_floor_spawned":[1,3,7,12],"killed_by":"Slavers","ascension_level":20}}