{"host":"kev6uqotw4tlyx8l","time":1609648436,"event":{"mods":["Act Like it!","Aspiration","BaseMod","Colored Powertips","Dota2Spire","Downfall","Hallownest","Infinite Spire","Marisa????????","Minty Spire (QoL Compilation)","Quick Restart","Remilia??????","Replay The Spire","StSLib","The Cursed","The Jungle","The Marked","The Mystic","The Servant 0.9.4"],"gold_per_floor":[111,122,122,146,146,146,48,48,48,92,92,116,116,139,139,139,139],"floor_reached":16,"playtime":323,"items_purged":[],"score":120,"play_id":"2d228844-ee59-448c-b4f9-86b1a2d8ae36","local_time":"20210103113356","is_ascension_mode":true,"campfire_choices":[{"data":"Warcry","floor":6,"key":"SMITH"},{"data":"ReplayTheSpireMod:Limb From Limb","floor":8,"key":"SMITH"},{"data":"Rampage","floor":11,"key":"SMITH"},{"floor":15,"key":"REST"}],"circlet_count":0,"master_deck":["Strike_R","Strike_R","Strike_R","Strike_R","Defend_R","Defend_R","Defend_R","Defend_R","Bash","Rampage+1","Blood for Blood+1","Warcry+1","ReplayTheSpireMod:Limb From Limb+1","Headbutt","Thunderclap","Flex","ReplayTheSpireMod:LeadingStrike","Twin Strike"],"relics":["Burning Blood","NeowsBlessing","Golden Idol","Replay:Bottled Snecko","Replay:Kaleidoscope"],"acts_visited":["Exordium"],"potions_floor_usage":[12],"damage_taken":[{"damage":0,"enemies":"Cultist","floor":1,"turns":1},{"damage":0,"enemies":"2 Louse","floor":2,"turns":1},{"damage":0,"enemies":"Jaw Worm","floor":4,"turns":1},{"damage":45,"enemies":"3 Sentries","floor":10,"turns":7},{"damage":7,"enemies":"3 Louse","floor":12,"turns":3},{"damage":19,"enemies":"Lots of Slimes","floor":14,"turns":3},{"damage":57,"enemies":"Fading Forest","floor":16,"turns":7}],"seed_played":"-7615301760740346634","potions_obtained":[{"floor":10,"key":"Dota2Spire:HealingSalve"}],"is_trial":false,"path_per_floor":["M","M","?","M","?","R","$","R","T","E","R","M","?","M","R","B"],"character_chosen":"IRONCLAD","items_purchased":["ReplayTheSpireMod:Limb From Limb","Headbutt"],"campfire_rested":1,"item_purchase_floors":[7,7],"current_hp_per_floor":[80,80,60,66,66,66,66,66,66,27,27,32,32,19,43,0,0],"gold":139,"neow_bonus":"THREE_ENEMY_KILL","is_daily":false,"chose_seed":false,"campfire_upgraded":3,"win_rate":0.0,"timestamp":1609648436,"path_taken":["M","?","?","M","?","R","$","R","T","E","R","M","?","?","R","BOSS"],"items_purchased_type":["Card","Card"],"build_version":"2020-12-22","purchased_purges":0,"victory":false,"max_hp_per_floor":[80,80,80,80,80,80,80,80,80,80,80,80,80,80,80,80,80],"card_choices":[{"not_picked":["Havoc","Iron Wave"],"picked":"Rampage","floor":1},{"not_picked":["Armaments","Thunderclap"],"picked":"Blood for Blood","floor":2},{"not_picked":["Feel No Pain","Armaments"],"picked":"Warcry","floor":4},{"not_picked":["Double Tap","Run Through"],"picked":"Thunderclap","floor":10},{"not_picked":["Clothesline","Burning Pact"],"picked":"Flex","floor":12},{"not_picked":["Havoc","Cleave"],"picked":"Twin Strike","floor":14}],"player_experience":74664,"relics_obtained":[{"floor":9,"key":"Replay:Bottled Snecko"},{"floor":10,"key":"Replay:Kaleidoscope"}],"event_choices":[{"damage_healed":0,"gold_gain":0,"player_choice":"Take Damage","damage_taken":20,"relics_obtained":["Golden Idol"],"max_hp_gain":0,"max_hp_loss":0,"event_name":"Golden Idol","floor":3,"gold_loss":0},{"damage_healed":0,"gold_gain":0,"player_choice":"Grow","damage_taken":0,"max_hp_gain":0,"max_hp_loss":0,"event_name":"Living Wall","floor":5,"gold_loss":0,"cards_upgraded":["Blood for Blood"]},{"damage_healed":0,"gold_gain":0,"cards_transformed":["Strike_R"],"player_choice":"Transformed","damage_taken":0,"max_hp_gain":0,"max_hp_loss":0,"event_name":"Transmorgrifier","floor":13,"gold_loss":0,"cards_obtained":["ReplayTheSpireMod:LeadingStrike"]}],"is_beta":false,"boss_relics":[],"items_purged_floors":[],"is_endless":false,"potions_floor_spawned":[10],"killed_by":"Fading Forest","ascension_level":4}}