{"host":"8lvnnmfamkc2d31d","time":1609661097,"event":{"mods":["2.2 Compatiblity","Act Like it!","BaseMod","Colored Map","Minty Spire (QoL Compilation)","Relic Stats","StSLib","The Dragon Tamer"],"gold_per_floor":[109,184,198,198,198,245,290,334,357,162,211,226,278,327,327,429,429,443,452,479,314,357,357,357,357],"floor_reached":23,"playtime":1430,"items_purged":[],"score":856,"play_id":"0c150374-2fb4-4dd7-b4a0-d1d58ecae661","local_time":"20210103020457","daily_mods":["SealedDeck","Vintage","Heirloom","Time Dilation","Flight","DeadlyEvents"],"is_ascension_mode":true,"metric_token":531,"campfire_choices":[{"floor":15,"key":"REST"}],"dtmod_dragon_data":[0,46,2,-1,4,0],"circlet_count":0,"master_deck":["AscendersBane","DTMod:QuickFly+1","DTMod:Weaken","DTMod:Weaken","DTMod:MagicField","DTMod:Training+1","DTMod:DragonDance","DTMod:QuickFly","DTMod:Adaptation","DTMod:HeatWave","DTMod:QuickFly","DTMod:FlameSlash+1","DTMod:MasterPlan","DTMod:MagicField","DTMod:CalculatedDefense","DTMod:Threaten","DTMod:Dissolve","DTMod:Training","DTMod:RepeatStrike","DTMod:Hide","DTMod:CleansingStrike"],"relics":["DTMod:PactStone","Ginger","Pen Nib","CeramicFish","Golden Idol","Pantograph","Incense Burner","Blue Candle","Smiling Mask","DTMod:OddArmor","Dream Catcher","Darkstone Periapt","Bronze Scales","Whetstone","DTMod:TheChair","Art of War","Ancient Tea Set","Nunchaku","DTMod:AncientBone"],"acts_visited":["Exordium","TheCity"],"potions_floor_usage":[12,14,16,23],"damage_taken":[{"damage":0,"enemies":"Small Slimes","floor":1,"turns":4},{"damage":0,"enemies":"2 Louse","floor":3,"turns":2},{"damage":0,"enemies":"3 Sentries","floor":6,"turns":5},{"damage":0,"enemies":"Gremlin Nob","floor":7,"turns":3},{"damage":0,"enemies":"3 Sentries","floor":8,"turns":4},{"damage":0,"enemies":"Lagavulin","floor":11,"turns":5},{"damage":0,"enemies":"Jaw Worm","floor":12,"turns":3},{"damage":0,"enemies":"3 Sentries","floor":13,"turns":7},{"damage":0,"enemies":"Gremlin Nob","floor":14,"turns":2},{"damage":1,"enemies":"Slime Boss","floor":16,"turns":6},{"damage":0,"enemies":"2 Thieves","floor":18,"turns":3},{"damage":0,"enemies":"Slavers","floor":22,"turns":4},{"damage":0,"enemies":"Gremlin Leader","floor":23,"turns":5}],"seed_played":"7372490026726824495","potions_obtained":[{"floor":6,"key":"SneckoOil"},{"floor":8,"key":"SkillPotion"},{"floor":14,"key":"BlessingOfTheForge"},{"floor":16,"key":"PowerPotion"},{"floor":18,"key":"ColorlessPotion"}],"is_trial":true,"path_per_floor":["M","?","M","?","?","E","E","E","T","$","E","M","E","E","R","B",null,"M","?","T","$","E","E"],"character_chosen":"THE_DT","items_purchased":["DTMod:CalculatedDefense","DTMod:OddArmor","Nunchaku"],"campfire_rested":1,"item_purchase_floors":[10,10,21],"current_hp_per_floor":[37,26,26,26,26,26,26,26,26,26,26,26,26,26,37,36,37,37,37,37,37,37,37,37,37],"gold":357,"neow_bonus":"","is_daily":false,"chose_seed":false,"campfire_upgraded":0,"win_rate":0.0,"timestamp":1609661097,"path_taken":["M","?","M","?","?","E","E","E","T","$","E","?","?","E","R","BOSS","M","?","?","$","?","E"],"items_purchased_type":["Card","Relic","Relic"],"build_version":"2020-12-22","purchased_purges":0,"victory":false,"max_hp_per_floor":[41,41,41,37,37,37,37,37,37,37,37,37,37,37,37,37,37,37,37,37,37,37,37,37,37],"relic_stats":{"Darkstone Periapt":0,"counters":[13,53],"Golden Idol":79,"CeramicFish":90,"Blue Candle":[0],"Pen Nib":[8],"Ginger":[3],"Whetstone":["DTMod:FlameSlash","DTMod:QuickFly"],"Smiling Mask":0,"Dream Catcher":1,"Nunchaku":[1],"Pantograph":0,"Bronze Scales":[0],"Art of War":[0],"obtain_stats":[{"Darkstone Periapt":12,"Golden Idol":4,"CeramicFish":3,"Blue Candle":8,"DTMod:AncientBone":22,"Pen Nib":1,"Incense Burner":7,"DTMod:TheChair":17,"Ginger":0,"Whetstone":14,"Smiling Mask":9,"Ancient Tea Set":20,"Dream Catcher":11,"Nunchaku":21,"DTMod:OddArmor":10,"DTMod:PactStone":0,"Pantograph":6,"Bronze Scales":13,"Art of War":18},{"Darkstone Periapt":7,"Golden Idol":2,"CeramicFish":2,"Blue Candle":5,"DTMod:AncientBone":12,"Pen Nib":1,"Incense Burner":4,"DTMod:TheChair":10,"Ginger":0,"Whetstone":9,"Smiling Mask":5,"Ancient Tea Set":11,"Dream Catcher":6,"Nunchaku":11,"DTMod:OddArmor":5,"DTMod:PactStone":0,"Pantograph":3,"Bronze Scales":8,"Art of War":11},{"Darkstone Periapt":26,"Golden Idol":6,"CeramicFish":6,"Blue Candle":18,"DTMod:AncientBone":48,"Pen Nib":4,"Incense Burner":14,"DTMod:TheChair":41,"Ginger":0,"Whetstone":35,"Smiling Mask":18,"Ancient Tea Set":44,"Dream Catcher":23,"Nunchaku":44,"DTMod:OddArmor":18,"DTMod:PactStone":0,"Pantograph":11,"Bronze Scales":33,"Art of War":44}]},"card_choices":[{"not_picked":["DTMod:TauntingStrike","DTMod:GhostSkin"],"picked":"DTMod:FlameSlash","floor":6},{"not_picked":["DTMod:Feint","DTMod:Coolant"],"picked":"DTMod:MasterPlan","floor":7},{"not_picked":["DTMod:MagiciansMark","DTMod:Conduct"],"picked":"DTMod:MagicField","floor":8},{"not_picked":["DTMod:HeatWave","DTMod:ComboAttack"],"picked":"DTMod:Threaten","floor":11},{"not_picked":["DTMod:MagicField","DTMod:ComboAttack"],"picked":"DTMod:Dissolve","floor":13},{"not_picked":["DTMod:Feint","DTMod:Punisher"],"picked":"DTMod:Training","floor":14},{"not_picked":["DTMod:TriAttack","DTMod:SealedStrike"],"picked":"DTMod:RepeatStrike","floor":16},{"not_picked":["DTMod:BuildUp","DTMod:Weaken"],"picked":"DTMod:CleansingStrike","floor":22}],"player_experience":448468,"relics_obtained":[{"floor":1,"key":"Pen Nib"},{"floor":3,"key":"CeramicFish"},{"floor":6,"key":"Pantograph"},{"floor":7,"key":"Incense Burner"},{"floor":8,"key":"Blue Candle"},{"floor":9,"key":"Smiling Mask"},{"floor":11,"key":"Dream Catcher"},{"floor":12,"key":"Darkstone Periapt"},{"floor":13,"key":"Bronze Scales"},{"floor":14,"key":"Whetstone"},{"floor":18,"key":"Art of War"},{"floor":20,"key":"Ancient Tea Set"},{"floor":22,"key":"DTMod:AncientBone"}],"event_choices":[{"damage_healed":0,"gold_gain":75,"player_choice":"Gather Gold","damage_taken":11,"max_hp_gain":0,"max_hp_loss":0,"event_name":"World of Goop","floor":2,"gold_loss":0},{"damage_healed":0,"gold_gain":0,"player_choice":"Lose Max HP","damage_taken":0,"relics_obtained":["Golden Idol"],"max_hp_gain":0,"max_hp_loss":4,"event_name":"Golden Idol","floor":4,"gold_loss":0},{"damage_healed":0,"gold_gain":0,"player_choice":"Grow","damage_taken":0,"max_hp_gain":0,"max_hp_loss":0,"event_name":"Living Wall","floor":5,"gold_loss":0,"cards_upgraded":["DTMod:Training"]},{"damage_healed":0,"gold_gain":0,"player_choice":"Read","damage_taken":0,"max_hp_gain":0,"max_hp_loss":0,"event_name":"The Library","floor":19,"gold_loss":0,"cards_obtained":["DTMod:Hide"]}],"is_beta":false,"boss_relics":[{"not_picked":["Black Star","Sozu"],"picked":"DTMod:TheChair"}],"items_purged_floors":[],"is_endless":false,"potions_floor_spawned":[6,8,14,16,18,22],"killed_by":"Gremlin Leader","ascension_level":20}}