{"host":"exyz3r55z4kt6m9o","time":1609667394,"event":{"mods":["2.2 Compatiblity","AchievementEnabler","Aspiration","BaseMod","Better Altar","Better Match","Better Note","Better Sensory Stone","Better Skull","Better Third Choice","BetterRewards","Colored Powertips","Energized Spire","Friendly Minions","GifTheSpireLib","Infinite Spire","Ironclad Rager","Jorbs\u0027s Wanderer Trilogy","Luminous","Marisa????????","Minty Spire (QoL Compilation)","Permanent Neow","Rare Cards Sparkle","Reimu??????","Relic Filter","Replay The Spire","Spicy Shops","StSLib","The Bladedancer","The Blue Laboratory","The Gatherer","The Hayseed","The Mystic","The Runesmith","Wandering Minibosses","yUi"],"gold_per_floor":[117,137,5,80,99,99,99],"floor_reached":6,"playtime":347,"items_purged":["Runesmith:Strike_RS"],"score":36,"play_id":"58ee9abf-b0ea-449c-af45-5b153e808257","local_time":"20210103044954","is_ascension_mode":false,"campfire_choices":[],"circlet_count":0,"master_deck":["Runesmith:Strike_RS","Runesmith:Strike_RS","Runesmith:Strike_RS","Runesmith:Defend_RS","Runesmith:Defend_RS","Runesmith:Defend_RS","Runesmith:Defend_RS","Runesmith:CraftFirestone","Runesmith:Fortify","Runesmith:CraftProtectio","Runesmith:Firewall","Runesmith:PoweredAnvil+1","Runesmith:Repurpose"],"relics":["Runesmith:BrokenRuby","aspiration:Nostalgia","stsjorbsmod:BookOfTrialsRelic"],"acts_visited":["Exordium"],"potions_floor_usage":[6],"damage_taken":[{"damage":0,"enemies":"Jaw Worm","floor":1,"turns":6},{"damage":4,"enemies":"Small Slimes","floor":2,"turns":4},{"damage":0,"enemies":"Cultist","floor":5,"turns":5},{"damage":61,"enemies":"Gremlin Nob","floor":6,"turns":5}],"seed_played":"-8738031418821148984","potions_obtained":[{"floor":5,"key":"blueLaboratory:BubblePotion"}],"is_trial":false,"path_per_floor":["M","M","$","?","M","E"],"character_chosen":"RUNESMITH_CLASS","items_purchased":["Runesmith:PoweredAnvil+1"],"campfire_rested":0,"item_purchase_floors":[3],"current_hp_per_floor":[70,66,66,55,55,0,0],"gold":99,"neow_bonus":"NOSTALGIA","is_daily":false,"chose_seed":false,"campfire_upgraded":0,"win_rate":0.0,"timestamp":1609667394,"path_taken":["M","M","$","?","M","E"],"items_purchased_type":["Card"],"build_version":"2020-12-22","purchased_purges":1,"victory":false,"max_hp_per_floor":[70,70,70,70,70,70,70],"card_choices":[{"not_picked":["Runesmith:HeatExchange","Runesmith:ShiftingStrike"],"picked":"Runesmith:CraftProtectio","floor":1},{"not_picked":["Runesmith:RuneHurl","Runesmith:LithiumIon"],"picked":"Runesmith:Firewall","floor":2},{"not_picked":["Runesmith:HammerThrow","Runesmith:RunicBlueprint"],"picked":"Runesmith:Repurpose","floor":5}],"player_experience":661947,"relics_obtained":[],"event_choices":[{"damage_healed":0,"gold_gain":75,"player_choice":"Gold","damage_taken":11,"max_hp_gain":0,"max_hp_loss":0,"event_name":"betterThird:BetterGoop","floor":4,"gold_loss":0}],"is_beta":false,"boss_relics":[],"items_purged_floors":[3],"is_endless":false,"potions_floor_spawned":[5],"killed_by":"Gremlin Nob","ascension_level":0}}