{"host":"4cz9gr89nglr7k8k","time":1609713011,"event":{"mods":["BaseMod","Minty Spire (QoL Compilation)","Relic Stats","Slay-I"],"gold_per_floor":[113,113,127,127,127,127,162,31,31,31,44,100,71,91,91,169,169,183,233,233,252,252,252,252,271,271,271,271,61,61,77,77,150,150,169,183,183,208,42,42,62,62,62,87,87,35,35,52,52,52,52,52],"floor_reached":51,"playtime":1434,"items_purged":["Writhe"],"score":1363,"play_id":"0abc8da0-0162-483a-8866-8b2f331c28e5","local_time":"20210103233011","is_ascension_mode":true,"campfire_choices":[{"floor":6,"key":"REST"},{"data":"Spot Weakness","floor":10,"key":"SMITH"},{"floor":15,"key":"REST"},{"data":"Limit Break","floor":23,"key":"SMITH"},{"data":"Demon Form","floor":27,"key":"SMITH"},{"floor":32,"key":"REST"},{"data":"Whirlwind","floor":40,"key":"SMITH"},{"data":"Impervious","floor":42,"key":"SMITH"},{"floor":47,"key":"REST"},{"data":"Heavy Blade","floor":49,"key":"SMITH"}],"circlet_count":0,"master_deck":["AscendersBane","Strike_R+1","Strike_R+1","Strike_R+1","Strike_R+1","Strike_R+1","Defend_R+1","Defend_R+1","Defend_R+1","Defend_R+1","Bash","Wild Strike","Perfected Strike+1","Perfected Strike","Spot Weakness+1","Whirlwind+1","Anger","Perfected Strike","True Grit","Limit Break+1","Demon Form+1","Flex","Anger","Inflame","Heavy Blade+1","Seeing Red","Decay","Flex","Impervious+1","Rage","Shockwave+1","Madness","Madness","Headbutt","Cleave","Sever Soul","Good Instincts","Clothesline","Infernal Blade"],"relics":["Black Blood","Ornamental Fan","Eternal Feather","HornCleat","Pear","Anchor","Mummified Hand","MutagenicStrength","Busted Crown","Torii","Lee\u0027s Waffle","CaptainsWheel","Bag of Preparation"],"acts_visited":["Exordium","TheCity","TheBeyond"],"potions_floor_usage":[12,33,33,50,50],"damage_taken":[{"damage":2,"enemies":"2 Louse","floor":1,"turns":3},{"damage":16,"enemies":"Small Slimes","floor":3,"turns":3},{"damage":8,"enemies":"Gremlin Nob","floor":7,"turns":3},{"damage":12,"enemies":"Jaw Worm","floor":11,"turns":2},{"damage":42,"enemies":"Lagavulin Event","floor":12,"turns":6},{"damage":0,"enemies":"Exordium Wildlife","floor":14,"turns":3},{"damage":70,"enemies":"Hexaghost","floor":16,"turns":8},{"damage":18,"enemies":"Spheric Guardian","floor":18,"turns":4},{"damage":25,"enemies":"Shell Parasite","floor":21,"turns":4},{"damage":16,"enemies":"Snake Plant","floor":25,"turns":4},{"damage":55,"enemies":"Shelled Parasite and Fungi","floor":31,"turns":6},{"damage":53,"enemies":"Automaton","floor":33,"turns":8},{"damage":23,"enemies":"3 Shapes","floor":35,"turns":12},{"damage":1,"enemies":"Orb Walker","floor":36,"turns":3},{"damage":25,"enemies":"Mind Bloom Boss Battle","floor":38,"turns":8},{"damage":18,"enemies":"4 Shapes","floor":41,"turns":1},{"damage":65,"enemies":"Reptomancer","floor":44,"turns":9},{"damage":7,"enemies":"Transient","floor":48,"turns":6},{"damage":92,"enemies":"Donu and Deca","floor":50,"turns":7},{"damage":24,"enemies":"Awakened One","floor":51,"turns":2}],"seed_played":"-8425970493908355773","potions_obtained":[{"floor":3,"key":"PowerPotion"},{"floor":14,"key":"EssenceOfSteel"},{"floor":18,"key":"CultistPotion"},{"floor":33,"key":"ElixirPotion"},{"floor":36,"key":"DuplicationPotion"},{"floor":44,"key":"DuplicationPotion"},{"floor":48,"key":"Dexterity Potion"}],"is_trial":false,"path_per_floor":["M","?","M","?","?","R","E","$","T","R","M","?","$","M","R","B",null,"M","?","?","M","?","R","?","M","T","R","?","$","?","M","R","B",null,"M","M","?","?","$","R","M","R","T","E","?","$","R","M","R","B","B"],"character_chosen":"IRONCLAD","items_purchased":["Spot Weakness","Whirlwind","True Grit","Heavy Blade","Seeing Red","Lee\u0027s Waffle","Clothesline"],"campfire_rested":4,"item_purchase_floors":[8,8,13,29,29,39,46],"current_hp_per_floor":[79,53,43,48,48,74,72,72,72,81,75,49,49,55,96,32,81,75,75,75,62,62,74,74,70,70,85,85,85,85,42,86,45,84,73,84,67,54,104,104,98,104,104,51,51,51,103,104,104,24,0,0],"gold":52,"neow_bonus":"TEN_PERCENT_HP_BONUS","is_daily":false,"chose_seed":false,"campfire_upgraded":6,"win_rate":0.0,"timestamp":1609713011,"path_taken":["M","?","M","?","?","R","E","?","T","R","?","?","$","M","R","BOSS","M","?","?","M","?","R","?","M","T","R","?","?","?","M","R","BOSS","M","?","?","?","?","R","M","R","T","E","?","$","R","M","R","BOSS","BOSS"],"items_purchased_type":["Card","Card","Card","Card","Card","Relic","Card"],"build_version":"2020-12-22","purchased_purges":1,"victory":false,"max_hp_per_floor":[82,82,82,87,87,87,87,87,87,87,87,97,97,97,97,97,97,97,97,97,97,97,97,97,97,97,97,97,97,97,97,97,97,97,97,97,97,97,104,104,104,104,104,104,104,104,104,104,104,104,104,104],"relic_stats":{"Lee\u0027s Waffle":50,"Busted Crown":14,"Torii":3,"counters":[20,102],"Ornamental Fan":[64],"Mummified Hand":[19],"Black Blood":182,"Eternal Feather":90,"Bag of Preparation":[6],"obtain_stats":[{"Lee\u0027s Waffle":39,"Pear":12,"Torii":38,"Black Blood":17,"Eternal Feather":7,"Bag of Preparation":44,"Burning Blood":0,"Anchor":20,"CaptainsWheel":43,"HornCleat":9,"Busted Crown":34,"Ornamental Fan":2,"Mummified Hand":26,"MutagenicStrength":28},{"Lee\u0027s Waffle":15,"Pear":4,"Torii":15,"Black Blood":7,"Eternal Feather":3,"Bag of Preparation":17,"Burning Blood":0,"Anchor":8,"CaptainsWheel":16,"HornCleat":3,"Busted Crown":12,"Ornamental Fan":1,"Mummified Hand":10,"MutagenicStrength":10},{"Lee\u0027s Waffle":77,"Pear":11,"Torii":77,"Black Blood":28,"Eternal Feather":9,"Bag of Preparation":87,"Burning Blood":0,"Anchor":32,"CaptainsWheel":78,"HornCleat":9,"Busted Crown":54,"Ornamental Fan":3,"Mummified Hand":40,"MutagenicStrength":40}]},"card_choices":[{"not_picked":["Warcry","Combust"],"picked":"Wild Strike","floor":1},{"not_picked":["Hemokinesis","Thunderclap"],"picked":"Perfected Strike","floor":3},{"not_picked":["True Grit","Iron Wave"],"picked":"Perfected Strike","floor":7},{"not_picked":["Clothesline","Rage"],"picked":"Anger","floor":11},{"not_picked":["Heavy Blade","True Grit"],"picked":"Perfected Strike","floor":12},{"not_picked":["Metallicize","Armaments"],"picked":"Limit Break","floor":14},{"not_picked":["Reaper","Feed"],"picked":"Demon Form","floor":16},{"not_picked":["Twin Strike","Pommel Strike"],"picked":"Flex","floor":18},{"not_picked":["Headbutt","Sentinel"],"picked":"Anger","floor":21},{"not_picked":["Ghostly Armor","Perfected Strike"],"picked":"Inflame","floor":25},{"not_picked":["Perfected Strike","Blood for Blood"],"picked":"Flex","floor":31},{"not_picked":["Fiend Fire","Bludgeon"],"picked":"Impervious","floor":33},{"not_picked":[],"picked":"Rage","floor":35},{"not_picked":[],"picked":"Shockwave+1","floor":36},{"not_picked":[],"picked":"Headbutt","floor":38},{"not_picked":[],"picked":"Cleave","floor":41},{"not_picked":[],"picked":"Sever Soul","floor":44},{"not_picked":[],"picked":"Good Instincts","floor":45},{"not_picked":[],"picked":"Infernal Blade","floor":48}],"player_experience":1476776,"relics_obtained":[{"floor":7,"key":"Eternal Feather"},{"floor":9,"key":"HornCleat"},{"floor":26,"key":"Mummified Hand"},{"floor":38,"key":"Torii"},{"floor":43,"key":"CaptainsWheel"},{"floor":44,"key":"Bag of Preparation"}],"event_choices":[{"damage_healed":0,"gold_gain":0,"player_choice":"Success","damage_taken":26,"relics_obtained":["Ornamental Fan"],"max_hp_gain":0,"max_hp_loss":0,"event_name":"Scrap Ooze","floor":2,"gold_loss":0},{"damage_healed":0,"gold_gain":0,"player_choice":"Donut","damage_taken":0,"max_hp_gain":5,"max_hp_loss":0,"event_name":"Big Fish","floor":4,"gold_loss":0},{"damage_healed":0,"gold_gain":0,"player_choice":"Grow","damage_taken":0,"max_hp_gain":0,"max_hp_loss":0,"event_name":"Living Wall","floor":5,"gold_loss":0,"cards_upgraded":["Perfected Strike"]},{"damage_healed":0,"gold_gain":0,"player_choice":"Searched \u00272\u0027 times","damage_taken":0,"relics_obtained":["Pear"],"max_hp_gain":0,"max_hp_loss":0,"event_name":"Dead Adventurer","floor":12,"gold_loss":0},{"damage_healed":0,"gold_gain":50,"player_choice":"Stole From Cult","damage_taken":0,"max_hp_gain":0,"max_hp_loss":0,"event_name":"Nest","floor":19,"gold_loss":0},{"damage_healed":0,"gold_gain":0,"player_choice":"Opened","damage_taken":0,"relics_obtained":["Anchor"],"max_hp_gain":0,"max_hp_loss":0,"event_name":"The Mausoleum","floor":20,"gold_loss":0,"cards_obtained":["Writhe"]},{"damage_healed":0,"gold_gain":0,"player_choice":"Ignored","damage_taken":0,"max_hp_gain":0,"max_hp_loss":0,"event_name":"Ghosts","floor":22,"gold_loss":0},{"damage_healed":0,"gold_gain":0,"player_choice":"Simplicity","damage_taken":0,"max_hp_gain":0,"max_hp_loss":0,"event_name":"Back to Basics","floor":24,"gold_loss":0,"cards_upgraded":["Strike_R","Strike_R","Strike_R","Strike_R","Strike_R","Defend_R","Defend_R","Defend_R","Defend_R"]},{"damage_healed":0,"gold_gain":0,"player_choice":"Inject Mutagens","damage_taken":0,"relics_obtained":["MutagenicStrength"],"max_hp_gain":0,"max_hp_loss":0,"event_name":"Drug Dealer","floor":28,"gold_loss":0},{"damage_healed":0,"gold_gain":0,"player_choice":"Cursed","damage_taken":0,"max_hp_gain":0,"max_hp_loss":0,"event_name":"Wheel of Change","floor":30,"gold_loss":0,"cards_obtained":["Decay"]},{"damage_healed":0,"gold_gain":0,"player_choice":"Embrace Madness","damage_taken":17,"max_hp_gain":0,"max_hp_loss":0,"event_name":"Winding Halls","floor":37,"gold_loss":0,"cards_obtained":["Madness","Madness"]},{"damage_healed":0,"gold_gain":0,"player_choice":"Fight","damage_taken":0,"max_hp_gain":0,"max_hp_loss":0,"event_name":"MindBloom","floor":38,"gold_loss":0},{"damage_healed":0,"gold_gain":0,"player_choice":"Memory 1","damage_taken":0,"max_hp_gain":0,"max_hp_loss":0,"event_name":"SensoryStone","floor":45,"gold_loss":0}],"is_beta":false,"boss_relics":[{"not_picked":["Cursed Key","SlaversCollar"],"picked":"Black Blood"},{"not_picked":["Coffee Dripper","Snecko Eye"],"picked":"Busted Crown"}],"items_purged_floors":[29],"is_endless":false,"potions_floor_spawned":[3,14,18,31,33,36,44,48],"killed_by":"Awakened One","ascension_level":20}}