{"host":"91blwi3hgehj6ch9","time":1609650664,"event":{"mods":["2.2 Compatiblity","AchievementEnabler","BaseMod","Colored Map","DeckTracker","Keyboard Shortcuts","Minty Spire (QoL Compilation)","Permanent Neow","Quick Restart","StSLib","SuperFastMode"],"gold_per_floor":[119,119,129,129,149,149,169,169,169,185,197,147,160,173,173,275,275,289,289,303,152,162,162,162,193,193,213,231,231,231],"floor_reached":29,"playtime":1285,"items_purged":["Strike_G"],"score":325,"play_id":"ae6cbd9b-261d-48e3-9ac3-ef437f632c14","local_time":"20210103141104","is_ascension_mode":true,"campfire_choices":[{"data":"Blade Dance","floor":6.0,"key":"SMITH"},{"data":"Flechettes","floor":8.0,"key":"SMITH"},{"floor":15.0,"key":"REST"},{"floor":23.0,"key":"REST"}],"circlet_count":0,"master_deck":["Strike_G","Strike_G","Strike_G","Defend_G","Defend_G","Defend_G","Defend_G","Survivor","Neutralize","Flechettes+1","Blade Dance+1","Corpse Explosion","Crippling Poison","Flying Knee+1","Backflip","Dagger Spray+1","Deadly Poison","Wraith Form v2","Cloak And Dagger+1","Bouncing Flask","Finisher+1","PiercingWail","Footwork","Die Die Die+1","Backflip+1"],"relics":["Ring of the Snake","Ice Cream","Molten Egg 2","Philosopher\u0027s Stone","Sundial","The Specimen","Mummified Hand"],"acts_visited":["Exordium","TheCity"],"potions_floor_usage":[27],"damage_taken":[{"damage":8.0,"enemies":"2 Louse","floor":1.0,"turns":4.0},{"damage":0.0,"enemies":"Small Slimes","floor":3.0,"turns":2.0},{"damage":0.0,"enemies":"Cultist","floor":5.0,"turns":4.0},{"damage":23.0,"enemies":"Exordium Thugs","floor":7.0,"turns":3.0},{"damage":7.0,"enemies":"Red Slaver","floor":10.0,"turns":5.0},{"damage":5.0,"enemies":"Large Slime","floor":11.0,"turns":4.0},{"damage":7.0,"enemies":"3 Louse","floor":13.0,"turns":2.0},{"damage":3.0,"enemies":"Blue Slaver","floor":14.0,"turns":4.0},{"damage":16.0,"enemies":"The Guardian","floor":16.0,"turns":10.0},{"damage":20.0,"enemies":"Spheric Guardian","floor":18.0,"turns":5.0},{"damage":0.0,"enemies":"3 Byrds","floor":20.0,"turns":3.0},{"damage":20.0,"enemies":"Sentry and Sphere","floor":22.0,"turns":4.0},{"damage":28,"enemies":"Gremlin Leader","floor":25,"turns":5},{"damage":7,"enemies":"Snake Plant","floor":27,"turns":5},{"damage":12,"enemies":"Centurion and Healer","floor":28,"turns":4},{"damage":2,"enemies":"Shelled Parasite and Fungi","floor":29,"turns":1}],"seed_played":"-7422845205610982055","potions_obtained":[{"floor":5.0,"key":"Explosive Potion"},{"floor":11.0,"key":"LiquidMemories"},{"floor":13.0,"key":"DistilledChaos"},{"floor":16.0,"key":"CultistPotion"},{"floor":18.0,"key":"ColorlessPotion"},{"floor":25,"key":"Regen Potion"}],"is_trial":false,"path_per_floor":["M","?","M","?","M","R","M","R","T","M","M","?","M","M","R","B",null,"M","?","M","$","M","R","T","E","T","M","M","M"],"character_chosen":"THE_SILENT","items_purchased":["Finisher+1"],"campfire_rested":2,"item_purchase_floors":[21],"current_hp_per_floor":[55,60,60,53,53,53,30,30,30,23,18,18,11,8,28,12,54,34,34,34,34,14,34,34,6,6,14,2,0,0],"gold":231,"neow_bonus":"ONE_RARE_RELIC","is_daily":false,"chose_seed":false,"campfire_upgraded":2,"win_rate":0.0,"timestamp":1609650664,"path_taken":["M","?","M","?","M","R","M","R","T","M","M","?","M","M","R","BOSS","M","?","?","$","M","R","?","E","T","M","?","M"],"items_purchased_type":["Card"],"build_version":"2020-12-22","purchased_purges":1,"victory":false,"max_hp_per_floor":[63,68,68,68,68,68,68,68,68,68,68,68,68,68,68,68,68,68,68,68,68,68,68,68,68,68,68,68,68,68],"card_choices":[{"not_picked":["Slice","Predator"],"picked":"Flechettes","floor":1.0},{"not_picked":["Cloak And Dagger","PiercingWail"],"picked":"Blade Dance","floor":3.0},{"not_picked":["Prepared","Masterful Stab"],"picked":"Corpse Explosion","floor":5.0},{"not_picked":["Terror","Outmaneuver"],"picked":"Crippling Poison","floor":7.0},{"not_picked":["PiercingWail","Dagger Spray+1"],"picked":"Flying Knee+1","floor":10.0},{"not_picked":["Deflect","Quick Slash+1"],"picked":"Backflip","floor":11.0},{"not_picked":["Slice+1","Flying Knee+1"],"picked":"Dagger Spray+1","floor":13.0},{"not_picked":["Caltrops","Leg Sweep"],"picked":"Deadly Poison","floor":14.0},{"not_picked":["Unload+1","Tools of the Trade"],"picked":"Wraith Form v2","floor":16.0},{"not_picked":["Predator+1","Dagger Spray+1"],"picked":"Cloak And Dagger+1","floor":18.0},{"not_picked":["Bane+1","Masterful Stab+1"],"picked":"Bouncing Flask","floor":20.0},{"not_picked":["Skewer+1","Sucker Punch+1"],"picked":"PiercingWail","floor":22.0},{"not_picked":["Bane+1","Acrobatics+1"],"picked":"Footwork","floor":25},{"not_picked":["Quick Slash+1","PiercingWail+1"],"picked":"Die Die Die+1","floor":27},{"not_picked":["Caltrops+1","Slice+1"],"picked":"Backflip+1","floor":28}],"player_experience":123816,"relics_obtained":[{"floor":9.0,"key":"Molten Egg 2"},{"floor":24,"key":"Sundial"},{"floor":25,"key":"The Specimen"},{"floor":26,"key":"Mummified Hand"}],"event_choices":[{"damage_healed":0.0,"max_hp_gain":5.0,"max_hp_loss":0.0,"gold_gain":0.0,"event_name":"Big Fish","player_choice":"Donut","floor":2.0,"gold_loss":0.0,"damage_taken":0.0},{"cards_removed":["Strike_G"],"damage_healed":0.0,"max_hp_gain":0.0,"max_hp_loss":0.0,"gold_gain":0.0,"event_name":"Golden Wing","player_choice":"Card Removal","floor":4.0,"gold_loss":0.0,"damage_taken":7.0},{"cards_removed":["Defend_G"],"damage_healed":0.0,"max_hp_gain":0.0,"max_hp_loss":0.0,"gold_gain":0.0,"event_name":"The Cleric","player_choice":"Card Removal","floor":12.0,"gold_loss":50.0,"damage_taken":0.0},{"damage_healed":0.0,"max_hp_gain":0.0,"max_hp_loss":0.0,"gold_gain":0.0,"event_name":"N\u0027loth","player_choice":"Ignored","floor":19.0,"gold_loss":0.0,"damage_taken":0.0}],"is_beta":false,"boss_relics":[{"not_picked":["Busted Crown","SlaversCollar"],"picked":"Philosopher\u0027s Stone"}],"items_purged_floors":[21],"is_endless":false,"potions_floor_spawned":[5,11,13,16,18,25],"killed_by":"Shelled Parasite and Fungi","ascension_level":7}}