{"host":"tnsigirk6wurdark","time":1609636124,"event":{"mods":["BaseMod","Highlight Path","Minty Spire (QoL Compilation)","Quick Restart","Relic Sorter","SuperFastMode","Synergy Search"],"gold_per_floor":[119,119,130,130,130,130,32,46,46,71,90,134,134,154,154,252,252,275,295,24,24,42,42,42,42,69,69,110,110,125,141,141,141,141],"floor_reached":33,"playtime":1037,"items_purged":[],"score":451,"play_id":"aa4e567d-1d6b-4305-a481-241d588a3d83","local_time":"20210103010844","is_ascension_mode":true,"campfire_choices":[{"floor":6,"key":"REST"},{"floor":13,"key":"REST"},{"floor":15,"key":"REST"},{"floor":23,"key":"REST"},{"floor":25,"key":"REST"},{"data":"Bouncing Flask","floor":27,"key":"SMITH"},{"floor":32,"key":"REST"}],"circlet_count":0,"master_deck":["AscendersBane","Strike_G","Strike_G","Strike_G","Strike_G","Defend_G","Defend_G","Defend_G+1","Defend_G","Defend_G","Survivor","Neutralize+1","Backflip","Caltrops","Bouncing Flask+1","Slice+1","Deadly Poison","Dagger Spray+1","Blade Dance","Corpse Explosion","Noxious Fumes","Quick Slash","Noxious Fumes+1","Sucker Punch","Leg Sweep","Cloak And Dagger+1"],"relics":["Ring of the Snake","MealTicket","NeowsBlessing","Golden Idol","White Beast Statue","Pen Nib","Whetstone","WristBlade","Medical Kit","Art of War","Omamori"],"acts_visited":["Exordium","TheCity"],"potions_floor_usage":[12,16,16,18,19,22,22,28,30,31,33],"damage_taken":[{"damage":0.0,"enemies":"Jaw Worm","floor":1.0,"turns":1.0},{"damage":0.0,"enemies":"2 Louse","floor":3.0,"turns":1.0},{"damage":0,"enemies":"Cultist","floor":8,"turns":1},{"damage":18,"enemies":"Lots of Slimes","floor":11,"turns":4},{"damage":14,"enemies":"3 Sentries","floor":12,"turns":6},{"damage":1,"enemies":"Looter","floor":14,"turns":4},{"damage":17,"enemies":"Hexaghost","floor":16,"turns":9},{"damage":12,"enemies":"2 Thieves","floor":18,"turns":4},{"damage":19,"enemies":"Spheric Guardian","floor":19,"turns":4},{"damage":16,"enemies":"Cultist and Chosen","floor":22,"turns":6},{"damage":28,"enemies":"Slavers","floor":28,"turns":3},{"damage":6,"enemies":"Centurion and Healer","floor":30,"turns":6},{"damage":24,"enemies":"Snake Plant","floor":31,"turns":4},{"damage":24,"enemies":"Automaton","floor":33,"turns":2}],"seed_played":"-6028725728437802240","potions_obtained":[{"floor":11,"key":"Explosive Potion"},{"floor":12,"key":"LiquidBronze"},{"floor":14,"key":"Swift Potion"},{"floor":16,"key":"AttackPotion"},{"floor":18,"key":"Fire Potion"},{"floor":19,"key":"Ancient Potion"},{"floor":22,"key":"Weak Potion"},{"floor":28,"key":"ColorlessPotion"},{"floor":30,"key":"LiquidMemories"},{"floor":31,"key":"Swift Potion"}],"is_trial":false,"path_per_floor":["M","?","M","?","?","R","$","M","T","T","M","E","R","M","R","B",null,"M","M","$","?","M","R","$","R","T","R","E","?","M","M","R","B"],"character_chosen":"THE_SILENT","items_purchased":["Bouncing Flask","Slice","Regen Potion","Medical Kit","Quick Slash"],"campfire_rested":6,"item_purchase_floors":[7,7,20,20,20],"current_hp_per_floor":[59,52,52,39,23,42,42,42,42,42,24,10,29,28,47,30,57,45,26,26,26,25,44,44,63,63,63,35,35,29,5,24,0,0],"gold":141,"neow_bonus":"THREE_ENEMY_KILL","is_daily":false,"chose_seed":false,"campfire_upgraded":1,"win_rate":0.0,"timestamp":1609636124,"path_taken":["M","?","M","?","?","R","?","M","T","?","M","E","R","M","R","BOSS","M","M","$","?","?","R","$","R","T","R","E","?","M","M","R","BOSS"],"items_purchased_type":["Card","Card","Potion","Relic","Card"],"build_version":"2020-12-22","purchased_purges":0,"victory":false,"max_hp_per_floor":[66,66,66,66,66,66,66,66,66,66,66,66,66,66,66,66,66,66,66,66,66,66,66,66,66,66,66,66,66,66,66,66,66,66],"card_choices":[{"not_picked":["Noxious Fumes","Prepared"],"picked":"Backflip","floor":1.0},{"not_picked":["Heel Hook","Underhanded Strike"],"picked":"Caltrops","floor":3},{"not_picked":["Distraction","Eviscerate"],"picked":"Deadly Poison","floor":8},{"not_picked":["Caltrops","Bane"],"picked":"Dagger Spray","floor":11},{"not_picked":["All Out Attack","Underhanded Strike","Burst"],"picked":"SKIP","floor":12},{"not_picked":["Deadly Poison","Noxious Fumes"],"picked":"Blade Dance","floor":14},{"not_picked":["Phantasmal Killer","Adrenaline"],"picked":"Corpse Explosion","floor":16},{"not_picked":["Heel Hook+1","Blade Dance"],"picked":"Deadly Poison+1","floor":18},{"not_picked":["Outmaneuver","Masterful Stab"],"picked":"Noxious Fumes","floor":19},{"not_picked":["Dagger Spray","Blur+1"],"picked":"Noxious Fumes+1","floor":22},{"not_picked":["Underhanded Strike","Outmaneuver"],"picked":"Sucker Punch","floor":28},{"not_picked":["Underhanded Strike","Acrobatics"],"picked":"Leg Sweep","floor":30},{"not_picked":["Dagger Spray","Leg Sweep"],"picked":"Cloak And Dagger+1","floor":31}],"player_experience":631020,"relics_obtained":[{"floor":9,"key":"White Beast Statue"},{"floor":10,"key":"Pen Nib"},{"floor":12,"key":"Whetstone"},{"floor":26,"key":"MealTicket"},{"floor":28,"key":"Omamori"}],"event_choices":[{"cards_removed":["Strike_G"],"damage_healed":0.0,"max_hp_gain":0.0,"max_hp_loss":0.0,"gold_gain":0.0,"event_name":"Golden Wing","player_choice":"Card Removal","floor":2.0,"gold_loss":0.0,"damage_taken":7.0},{"damage_healed":0,"gold_gain":0,"player_choice":"Entered Light","damage_taken":13,"max_hp_gain":0,"max_hp_loss":0,"event_name":"Shining Light","floor":4,"gold_loss":0,"cards_upgraded":["Defend_G","Neutralize"]},{"damage_healed":0,"gold_gain":0,"player_choice":"Take Damage","damage_taken":16,"relics_obtained":["Golden Idol"],"max_hp_gain":0,"max_hp_loss":0,"event_name":"Golden Idol","floor":5,"gold_loss":0},{"cards_removed":["Deadly Poison"],"damage_healed":0,"gold_gain":0,"player_choice":"Gave Card","damage_taken":0,"relics_obtained":["Art of War"],"max_hp_gain":0,"max_hp_loss":0,"event_name":"WeMeetAgain","floor":21,"gold_loss":0},{"damage_healed":0,"gold_gain":0,"player_choice":"Ignored","damage_taken":0,"max_hp_gain":0,"max_hp_loss":0,"event_name":"Ghosts","floor":29,"gold_loss":0}],"is_beta":false,"boss_relics":[{"not_picked":["Velvet Choker","SlaversCollar"],"picked":"WristBlade"}],"items_purged_floors":[],"is_endless":false,"potions_floor_spawned":[11,12,14,16,18,19,22,28,30,31],"killed_by":"Automaton","ascension_level":14}}