{"host":"t9wo05e1llrbe5dt","time":1609701486,"event":{"mods":["2.2 Compatiblity","AchievementEnabler","Ascension Unlocker","BaseMod","Bestiary","Better Altar","Better Match","Better Note","Better Sensory Stone","Better Skull","Better Third Choice","Better Vampires","Better-Laid Plans","Block Reminder","Colored Map","Colored Powertips","Curses Come First","DeckTracker","Displayed Cursed Tome","Downfall","Filter the Spire","Googly Eyes","Gremlin Mod","GungeonMod","Hermit","Highlight Path","Marked Mod","Minty Spire (QoL Compilation)","Quick Restart","Random Character Button","Rare Cards Sparkle","Reorder Act Four","Reworked Bosses","Spicy Shops","StSLib","The Bug Knight","The Cursed","The Hierophant","The IronCluck","The Mystic","The Necromancer","The Runesmith","Transform Curses","Uncapped","everything is the same but u backflip on backflip","slay the spire mod where everything is the same but ironclad has a cowboy hat"],"gold_per_floor":[110,127,127,145,157,189,189,209,260,271,289,321,338,24,24,126,126,145,164,164,183,55,55,85,85,110,140,140,160,194,205,205,301,301,312,327,327,29,41,73,120,137,137,14,27,37,37,56,56,56,56,11,11,46,46,46],"floor_reached":55,"playtime":2839,"items_purged":["Leap"],"score":950,"play_id":"fe98b607-d67a-40fe-a8e3-ddde1925a968","local_time":"20210103131806","is_ascension_mode":false,"campfire_choices":[{"data":"Beam Cell","floor":15,"key":"SMITH"},{"data":"Loop","floor":23,"key":"SMITH"},{"data":"Seek","floor":25,"key":"SMITH"},{"floor":32,"key":"REST"},{"floor":47,"key":"REST"},{"floor":49,"key":"RECALL"},{"data":"Creative AI","floor":53,"key":"SMITH"}],"circlet_count":0,"master_deck":["Strike_B","Strike_B","Strike_B","Strike_B+1","Defend_B","Defend_B","Defend_B","Zap","Dualcast","Apotheosis+1","BootSequence+1","Buffer","Hologram+1","Heatsinks+1","Chaos","Genetic Algorithm","Coolheaded","Steam","Beam Cell+1","Seek+1","Compile Driver+1","Biased Cognition","Compile Driver","Loop+1","Recycle","Redo","Skim","Sweeping Beam","Creative AI+1","Streamline+1","Mind Blast","expansioncontent:DefensiveMode","Defragment","White Noise+1","Darkness+1","Capacitor","Go for the Eyes+1","Ball Lightning+1","Ball Lightning","Beam Cell+1"],"relics":["Cracked Core","War Paint","Omamori","HollowMod:LifeEnderRelic","Busted Crown","Lantern","Pen Nib","Pocketwatch","Bronze Scales","Cursed Key","ClockworkSouvenir","Toy Ornithopter","TungstenRod","Unceasing Top","Pantograph","Whetstone"],"acts_visited":["Exordium","TheCity","TheBeyond","TheEnding"],"potions_floor_usage":[11,12,12,16,19,24,39,41,48,55],"damage_taken":[{"damage":7,"enemies":"Small Slimes","floor":1,"turns":2},{"damage":1,"enemies":"Jaw Worm","floor":2,"turns":4},{"damage":0,"enemies":"Cultist","floor":4,"turns":3},{"damage":0,"enemies":"Exordium Thugs","floor":5,"turns":4},{"damage":0,"enemies":"HollowMod:MossKnight","floor":6,"turns":11},{"damage":0,"enemies":"2 Fungi Beasts","floor":8,"turns":4},{"damage":0,"enemies":"Lots of Slimes","floor":10,"turns":5},{"damage":0,"enemies":"Large Slime","floor":11,"turns":5},{"damage":0,"enemies":"3 Sentries","floor":12,"turns":7},{"damage":0,"enemies":"2 Fungi Beasts","floor":13,"turns":4},{"damage":0,"enemies":"The Guardian","floor":16,"turns":9},{"damage":0,"enemies":"Shell Parasite","floor":18,"turns":4},{"damage":0,"enemies":"Spheric Guardian","floor":19,"turns":4},{"damage":0,"enemies":"3 Cultists","floor":21,"turns":6},{"damage":13,"enemies":"Slavers","floor":24,"turns":5},{"damage":7,"enemies":"HollowMod:Nosk","floor":27,"turns":8},{"damage":0,"enemies":"Snake Plant","floor":29,"turns":4},{"damage":33,"enemies":"Slavers","floor":30,"turns":7},{"damage":0,"enemies":"Snecko","floor":31,"turns":3},{"damage":0,"enemies":"bossMod:newChamp","floor":33,"turns":8},{"damage":25,"enemies":"3 Darklings","floor":35,"turns":5},{"damage":4,"enemies":"Orb Walker","floor":36,"turns":3},{"damage":1,"enemies":"3 Darklings","floor":39,"turns":3},{"damage":0,"enemies":"Giant Head","floor":40,"turns":7},{"damage":24,"enemies":"2 Orb Walkers","floor":41,"turns":5},{"damage":0,"enemies":"4 Shapes","floor":42,"turns":4},{"damage":5,"enemies":"Jaw Worm Horde","floor":45,"turns":5},{"damage":0,"enemies":"Maw","floor":46,"turns":5},{"damage":0,"enemies":"Writhing Mass","floor":48,"turns":5},{"damage":10,"enemies":"bossMod:newShapes","floor":50,"turns":5},{"damage":46,"enemies":"Shield and Spear","floor":54,"turns":6},{"damage":59,"enemies":"The Heart","floor":55,"turns":6}],"seed_played":"6662228081837961479","potions_obtained":[{"floor":4,"key":"PowerPotion"},{"floor":5,"key":"DemoMod:LeadSkinPotion"},{"floor":6,"key":"SpeedPotion"},{"floor":11,"key":"AttackPotion"},{"floor":12,"key":"GamblersBrew"},{"floor":21,"key":"hexamod:EctoCoolerPotion"},{"floor":29,"key":"FearPotion"},{"floor":31,"key":"Fire Potion"},{"floor":36,"key":"Weak Potion"},{"floor":39,"key":"Energy Potion"},{"floor":40,"key":"LiquidMemories"}],"is_trial":false,"path_per_floor":["M","M","?","M","M","E","?","M","T","M","M","E","M","$","R","B",null,"M","M","?","M","$","R","E","R","T","E","?","M","E","M","R","B",null,"M","M","?","$","M","E","?","M","T","$","M","M","R","M","R","B",null,"$","R","E","B"],"character_chosen":"DEFECT","items_purchased":["Seek","Compile Driver","HollowMod:LifeEnderRelic","Loop","Leap","ClockworkSouvenir","Defragment","Pantograph","Ball Lightning"],"campfire_rested":2,"item_purchase_floors":[14,14,14,22,22,38,38,44,52],"current_hp_per_floor":[47,46,46,46,46,46,46,46,46,46,46,46,46,46,46,46,75,75,75,75,75,75,75,62,62,62,55,55,55,22,22,44,44,75,50,46,46,46,45,45,26,26,26,26,21,21,43,48,48,63,75,75,75,29,0,0],"gold":46,"neow_bonus":"RANDOM_COLORLESS_2","is_daily":false,"chose_seed":false,"campfire_upgraded":4,"win_rate":0.0,"timestamp":1609701486,"path_taken":["M","M","?","M","M","E","?","M","T","M","?","E","M","?","R","BOSS","M","M","?","M","$","R","E","R","T","E","?","?","E","M","R","BOSS","M","M","?","$","M","E","?","M","T","$","M","M","R","M","R","BOSS","$","R","E","BOSS"],"items_purchased_type":["Card","Card","Relic","Card","Card","Relic","Card","Relic","Card"],"build_version":"2020-12-22","purchased_purges":1,"victory":false,"max_hp_per_floor":[75,75,75,75,75,75,75,75,75,75,75,75,75,75,75,75,75,75,75,75,75,75,75,75,75,75,75,75,75,75,75,75,75,75,75,75,75,75,75,75,75,75,75,75,75,75,75,75,75,75,75,75,75,75,75,75],"card_choices":[{"not_picked":["Thinking Ahead","Master of Strategy"],"picked":"Apotheosis","floor":0},{"not_picked":["Streamline","Reprogram","Steam"],"picked":"SKIP","floor":1},{"not_picked":["Blizzard","Barrage"],"picked":"BootSequence","floor":2},{"not_picked":["Stack","Reprogram"],"picked":"Buffer","floor":4},{"not_picked":["BootSequence","Stack"],"picked":"Hologram","floor":5},{"not_picked":["Blizzard","Redo"],"picked":"Heatsinks","floor":6},{"not_picked":["Go for the Eyes","Static Discharge"],"picked":"Chaos","floor":8},{"not_picked":["Aggregate","Force Field"],"picked":"Genetic Algorithm","floor":10},{"not_picked":["BootSequence","Compile Driver"],"picked":"Coolheaded","floor":11},{"not_picked":["Blizzard","Reboot"],"picked":"Steam","floor":12},{"not_picked":["Leap","Double Energy"],"picked":"Beam Cell","floor":13},{"not_picked":["Meteor Strike","Fission"],"picked":"Biased Cognition","floor":16},{"not_picked":[],"picked":"Compile Driver","floor":18},{"not_picked":["Turbo"],"picked":"SKIP","floor":19},{"not_picked":["Steam+1"],"picked":"SKIP","floor":21},{"not_picked":["Steam"],"picked":"SKIP","floor":24},{"not_picked":["Turbo"],"picked":"SKIP","floor":27},{"not_picked":[],"picked":"Redo","floor":29},{"not_picked":[],"picked":"Skim","floor":30},{"not_picked":[],"picked":"Sweeping Beam","floor":31},{"not_picked":[],"picked":"Creative AI","floor":33},{"not_picked":[],"picked":"Streamline+1","floor":35},{"not_picked":["Stack"],"picked":"SKIP","floor":36},{"not_picked":[],"picked":"Mind Blast","floor":37},{"not_picked":[],"picked":"expansioncontent:DefensiveMode","floor":37},{"not_picked":[],"picked":"White Noise+1","floor":39},{"not_picked":[],"picked":"Darkness+1","floor":40},{"not_picked":[],"picked":"Capacitor","floor":42},{"not_picked":[],"picked":"Go for the Eyes+1","floor":45},{"not_picked":["Auto Shields+1"],"picked":"SKIP","floor":46},{"not_picked":[],"picked":"Ball Lightning+1","floor":48},{"not_picked":[],"picked":"Beam Cell+1","floor":54}],"player_experience":166257,"relics_obtained":[{"floor":6,"key":"War Paint"},{"floor":12,"key":"Omamori"},{"floor":24,"key":"Lantern"},{"floor":26,"key":"Pen Nib"},{"floor":27,"key":"Pocketwatch"},{"floor":30,"key":"Bronze Scales"},{"floor":40,"key":"Toy Ornithopter"},{"floor":41,"key":"TungstenRod"},{"floor":43,"key":"Unceasing Top"},{"floor":54,"key":"Whetstone"}],"event_choices":[{"damage_healed":0,"gold_gain":0,"player_choice":"Grow","damage_taken":0,"max_hp_gain":0,"max_hp_loss":0,"event_name":"Living Wall","floor":3,"gold_loss":0,"cards_upgraded":["Apotheosis"]},{"damage_healed":0,"gold_gain":0,"player_choice":"Upgraded","damage_taken":0,"max_hp_gain":0,"max_hp_loss":0,"event_name":"Upgrade Shrine","floor":7,"gold_loss":0,"cards_upgraded":["Heatsinks"]},{"damage_healed":0,"gold_gain":0,"player_choice":"Ignored","damage_taken":0,"max_hp_gain":0,"max_hp_loss":0,"event_name":"betterNote:BetterNote","floor":20,"gold_loss":0,"cards_obtained":["Apotheosis"]},{"damage_healed":0,"gold_gain":0,"cards_transformed":["Defend_B"],"player_choice":"Transformed","damage_taken":0,"max_hp_gain":0,"max_hp_loss":0,"event_name":"Transmorgrifier","floor":28,"gold_loss":0,"cards_obtained":["Recycle"]},{"damage_healed":0,"gold_gain":3,"player_choice":"1","damage_taken":0,"max_hp_gain":0,"max_hp_loss":0,"event_name":"betterStone:BetterStone","floor":37,"gold_loss":0},{"damage_healed":0,"gold_gain":0,"player_choice":"Fight","damage_taken":0,"max_hp_gain":0,"max_hp_loss":0,"event_name":"Mysterious Sphere","floor":41,"gold_loss":0}],"is_beta":false,"boss_relics":[{"not_picked":["Pandora\u0027s Box","Runic Dome"],"picked":"Busted Crown"},{"not_picked":["Fusion Hammer","Runesmith:UraniumAnvil"],"picked":"Cursed Key"}],"items_purged_floors":[38],"is_endless":false,"potions_floor_spawned":[4,5,6,8,11,12,21,29,31,36,39,40],"killed_by":"The Heart","ascension_level":0}}