{"host":"2461dio7vetlq1z3","time":1609634223,"event":{"mods":["2.2 Compatiblity","AchievementEnabler","Aspiration","BaseMod","Better Third Choice","Friendly Minions","Hubris","Minty Spire (QoL Compilation)","Relic Stats","Replay The Spire","Spicy Shops","StSLib","Waifu the Spire"],"gold_per_floor":[111,111,124,143,143,173,173,223,223,223,243,243,196,196,196],"floor_reached":14,"playtime":327,"items_purged":[],"score":176,"play_id":"812fe329-0d7d-4ec9-a930-f54b0b64d096","local_time":"20210103013703","is_ascension_mode":true,"campfire_choices":[{"floor":7,"key":"REST"},{"data":"Streamline","floor":10,"key":"SMITH"},{"data":"ReplayTheSpireMod:System Scan","floor":12,"key":"SMITH"}],"circlet_count":0,"master_deck":["AscendersBane","Strike_B","Strike_B","Strike_B","Strike_B","Defend_B","Defend_B","Defend_B","Defend_B","Zap","Dualcast","Streamline+1","Melter","ReplaySort","ReplayTheSpireMod:System Scan+1"],"relics":["hubris:CrackedHourglass","hubris:Towel","MealTicket","ReplayTheSpireMod:Shallot","betterThird:SlimedRelic"],"acts_visited":["Exordium"],"potions_floor_usage":[6,14],"damage_taken":[{"damage":7,"enemies":"Jaw Worm","floor":1,"turns":3},{"damage":0,"enemies":"Small Slimes","floor":3,"turns":3},{"damage":6,"enemies":"Cultist","floor":4,"turns":3},{"damage":20,"enemies":"Lagavulin","floor":6,"turns":5},{"damage":4,"enemies":"3 Louse","floor":11,"turns":3},{"damage":33,"enemies":"Gremlin Nob","floor":14,"turns":3}],"seed_played":"-5793799964463341061","potions_obtained":[{"floor":3,"key":"Strength Potion"},{"floor":6,"key":"Swift Potion"}],"is_trial":false,"path_per_floor":["M","?","M","M","?","E","R","?","T","R","M","R","?","E"],"character_chosen":"DEFECT","items_purchased":[],"campfire_rested":1,"item_purchase_floors":[],"current_hp_per_floor":[57,57,57,51,51,31,52,45,45,45,41,41,30,0,0],"gold":196,"neow_bonus":"BOSS_RELIC","is_daily":false,"chose_seed":false,"campfire_upgraded":2,"win_rate":0.0,"timestamp":1609634223,"path_taken":["M","?","M","M","?","E","R","?","T","R","?","R","?","E"],"items_purchased_type":[],"build_version":"2020-12-22","purchased_purges":0,"victory":false,"max_hp_per_floor":[71,71,71,71,71,71,71,71,71,71,71,71,71,71,71],"relic_stats":{"counters":[6,20],"MealTicket":0,"obtain_stats":[{"ReplayTheSpireMod:Shallot":9,"betterThird:SlimedRelic":13,"MealTicket":6,"hubris:CrackedHourglass":0,"hubris:Towel":5,"Cracked Core":0},{"ReplayTheSpireMod:Shallot":4,"betterThird:SlimedRelic":5,"MealTicket":4,"hubris:CrackedHourglass":0,"hubris:Towel":3,"Cracked Core":0},{"ReplayTheSpireMod:Shallot":14,"betterThird:SlimedRelic":17,"MealTicket":14,"hubris:CrackedHourglass":0,"hubris:Towel":9,"Cracked Core":0}]},"card_choices":[{"not_picked":["Barrage","White Noise"],"picked":"Streamline","floor":1},{"not_picked":["Barrage","Rebound"],"picked":"Melter","floor":3},{"not_picked":["Go for the Eyes","Conserve Battery","Redo"],"picked":"SKIP","floor":4},{"not_picked":["FTL","Storm"],"picked":"ReplaySort","floor":6},{"not_picked":["hubris:Prefetch","FTL"],"picked":"ReplayTheSpireMod:System Scan","floor":11}],"player_experience":1032881,"relics_obtained":[{"floor":6,"key":"MealTicket"},{"floor":9,"key":"ReplayTheSpireMod:Shallot"}],"event_choices":[{"damage_healed":0,"gold_gain":0,"player_choice":"Ignored","damage_taken":111,"max_hp_gain":0,"max_hp_loss":0,"event_name":"betterThird:BetterSerpent","floor":2,"gold_loss":0},{"damage_healed":0,"gold_gain":50,"player_choice":"Touch","damage_taken":7,"max_hp_gain":0,"max_hp_loss":0,"event_name":"FaceTrader","floor":8,"gold_loss":0},{"damage_healed":0,"gold_gain":0,"player_choice":"Slimed","damage_taken":11,"max_hp_gain":0,"max_hp_loss":0,"event_name":"betterThird:BetterGoop","floor":13,"gold_loss":47}],"is_beta":false,"boss_relics":[],"items_purged_floors":[],"is_endless":false,"potions_floor_spawned":[3,6],"killed_by":"Gremlin Nob","ascension_level":20}}