{"host":"5dk97cf2ubw2v967","time":1609683166,"event":{"mods":["AlwaysNeverKeys","BaseMod","Better Altar","Better Vampires","Block Reminder","Colored Powertips","Downfall","Googly Eyes","Highlight Path","Minty Spire (QoL Compilation)","Permanent Neow","Potion Indicator Mod","Quick Restart","Relic Filter","Relic Stats","Say the Spire","Spicy Shops","StSLib","Waifu the Spire","everything is the same but u backflip on backflip"],"gold_per_floor":[361,41,51,71,71,100,100,114,114,127,127,138,157,186,186,259,259,278,6,6,0,0,35,35,35,35,35,54,54,79,92,92,168,168,185,1184,88,100,7,7,24,24,49,77,77,0,15,15,15,15,15],"floor_reached":50,"playtime":1875,"items_purged":["Strike_B","Strike_B","Normality","Normality"],"score":1111,"play_id":"db0e8a2f-15e7-4ee6-9f96-dad592291749","local_time":"20210103141246","is_ascension_mode":true,"campfire_choices":[{"data":"Zap","floor":7.0,"key":"SMITH"},{"floor":11.0,"key":"REST"},{"data":"Consume","floor":15.0,"key":"SMITH"},{"floor":24,"key":"REST"},{"data":"Recycle","floor":27,"key":"SMITH"},{"floor":32,"key":"REST"},{"data":"Strike_B","floor":40,"key":"PURGE"},{"data":"Strike_B","floor":42,"key":"PURGE"},{"floor":49,"key":"REST"}],"circlet_count":0,"master_deck":["AscendersBane","Defend_B","Defend_B","Defend_B","Defend_B","Zap+1","Dualcast","Tempest","Undo","Conserve Battery","Sunder","Thunder Strike","Consume+1","Chill","Recycle+1","Scrape","Reinforced Body","Echo Form+1","Steam+1","Tempest","Machine Learning+1","Static Discharge+1","Loop+1","Amplify","Conserve Battery+1","Heatsinks+1","Tempest","Storm+1","Turbo+1","FTL","Heatsinks+1","Echo Form+1"],"relics":["Cracked Core","Chemical X","Frozen Egg 2","Prayer Wheel","Lantern","SlaversCollar","DollysMirror","Enchiridion","Smiling Mask","Meat on the Bone","MealTicket","Sozu","Turnip","Pear","TheAbacus","Strange Spoon","Peace Pipe","Gambling Chip","Red Mask","White Beast Statue"],"acts_visited":["Exordium","TheCity","TheBeyond"],"potions_floor_usage":[30,50],"damage_taken":[{"damage":1.0,"enemies":"Cultist","floor":1.0,"turns":3.0},{"damage":0.0,"enemies":"2 Louse","floor":3.0,"turns":1.0},{"damage":5.0,"enemies":"Small Slimes","floor":4.0,"turns":4.0},{"damage":27.0,"enemies":"3 Sentries","floor":6.0,"turns":8.0},{"damage":4.0,"enemies":"Looter","floor":8.0,"turns":2.0},{"damage":0.0,"enemies":"3 Louse","floor":10.0,"turns":2.0},{"damage":2.0,"enemies":"Exordium Wildlife","floor":12.0,"turns":3.0},{"damage":1.0,"enemies":"Red Slaver","floor":13.0,"turns":3.0},{"damage":0.0,"enemies":"Gremlin Nob","floor":14.0,"turns":2.0},{"damage":19.0,"enemies":"The Guardian","floor":16.0,"turns":10.0},{"damage":2.0,"enemies":"3 Byrds","floor":18.0,"turns":5.0},{"damage":12,"enemies":"Book of Stabbing","floor":23,"turns":4},{"damage":1,"enemies":"Spheric Guardian","floor":28,"turns":4},{"damage":10,"enemies":"Gremlin Leader","floor":30,"turns":4},{"damage":0,"enemies":"Snake Plant","floor":31,"turns":2},{"damage":42,"enemies":"Collector","floor":33,"turns":7},{"damage":11,"enemies":"Orb Walker","floor":35,"turns":3},{"damage":26,"enemies":"3 Darklings","floor":38,"turns":3},{"damage":5,"enemies":"Spire Growth","floor":41,"turns":3},{"damage":14,"enemies":"Giant Head","floor":44,"turns":6},{"damage":18,"enemies":"Jaw Worm Horde","floor":47,"turns":4},{"damage":66,"enemies":"Donu and Deca","floor":50,"turns":5}],"seed_played":"-3249529699197842050","potions_obtained":[{"floor":1.0,"key":"BlessingOfTheForge"},{"floor":3.0,"key":"LiquidMemories"},{"floor":8.0,"key":"Fire Potion"},{"floor":16.0,"key":"FearPotion"},{"floor":28,"key":"SkillPotion"},{"floor":33,"key":"GamblersBrew"}],"is_trial":false,"path_per_floor":["M","$","M","M","?","E","R","M","T","M","R","M","M","E","R","B",null,"M","$","?","?","?","E","R","?","T","R","M","$","E","M","R","B",null,"M","?","$","M","$","R","M","R","T","E","?","?","M","T","R","B"],"character_chosen":"DEFECT","items_purchased":["Tempest","Chemical X","DollysMirror","Turnip","Pear","TheAbacus","Strange Spoon","Peace Pipe","Heatsinks+1","Storm+1"],"campfire_rested":4,"item_purchase_floors":[2,2,19,37,37,37,37,37,37,39],"current_hp_per_floor":[45,45,45,40,63,36,36,32,32,32,53,51,50,50,50,31,61,59,59,59,59,38,26,47,47,47,47,46,46,36,36,57,27,60,49,49,74,48,63,63,58,58,58,44,44,44,38,38,62,0,0],"gold":15,"neow_bonus":"TWO_FIFTY_GOLD","is_daily":false,"chose_seed":false,"campfire_upgraded":3,"win_rate":0.0,"timestamp":1609683166,"path_taken":["M","$","M","M","?","E","R","M","T","M","R","M","M","E","R","BOSS","M","$","?","?","?","E","R","?","T","R","?","?","E","M","R","BOSS","M","?","$","M","?","R","M","R","T","E","?","?","M","?","R","BOSS"],"items_purchased_type":["Card","Relic","Relic","Relic","Relic","Relic","Relic","Relic","Card","Card"],"build_version":"2020-12-22","purchased_purges":4,"victory":false,"max_hp_per_floor":[71,71,71,71,71,71,71,71,71,71,71,71,71,71,71,71,71,71,71,71,71,71,71,71,71,71,71,71,71,71,71,71,71,71,71,71,81,81,81,81,81,81,81,81,81,81,81,81,81,81,81],"relic_stats":{"counters":[22,88],"Smiling Mask":175,"Sozu":2,"Peace Pipe":2,"Strange Spoon":[12],"TheAbacus":[18],"Gambling Chip":[7],"Prayer Wheel":10,"MealTicket":30,"Turnip":[0],"Chemical X":[50],"obtain_stats":[{"Lantern":14,"Pear":37,"Enchiridion":22,"Frozen Egg 2":6,"Smiling Mask":23,"White Beast Statue":48,"Sozu":34,"Peace Pipe":37,"SlaversCollar":17,"Strange Spoon":37,"TheAbacus":37,"DollysMirror":19,"Gambling Chip":44,"Prayer Wheel":9,"MealTicket":30,"Turnip":37,"Red Mask":46,"Chemical X":2,"Cracked Core":0,"Meat on the Bone":26},{"Lantern":9,"Pear":17,"Enchiridion":11,"Frozen Egg 2":4,"Smiling Mask":12,"White Beast Statue":21,"Sozu":16,"Peace Pipe":17,"SlaversCollar":10,"Strange Spoon":17,"TheAbacus":17,"DollysMirror":11,"Gambling Chip":20,"Prayer Wheel":5,"MealTicket":14,"Turnip":17,"Red Mask":20,"Chemical X":1,"Cracked Core":0,"Meat on the Bone":12},{"Lantern":28,"Pear":67,"Enchiridion":43,"Frozen Egg 2":16,"Smiling Mask":47,"White Beast Statue":83,"Sozu":64,"Peace Pipe":67,"SlaversCollar":38,"Strange Spoon":67,"TheAbacus":67,"DollysMirror":43,"Gambling Chip":79,"Prayer Wheel":18,"MealTicket":55,"Turnip":67,"Red Mask":79,"Chemical X":3,"Cracked Core":0,"Meat on the Bone":47}],"Meat on the Bone":24},"card_choices":[{"not_picked":["Force Field","Go for the Eyes","Rebound"],"picked":"SKIP","floor":1.0},{"not_picked":["Chill","Cold Snap"],"picked":"Undo","floor":3.0},{"not_picked":["Fusion","Streamline"],"picked":"Conserve Battery","floor":4.0},{"not_picked":["Leap","Genetic Algorithm"],"picked":"Sunder","floor":6.0},{"not_picked":["Beam Cell","Doom and Gloom"],"picked":"Cold Snap","floor":8.0},{"not_picked":["Cold Snap","Lockon"],"picked":"Thunder Strike","floor":10.0},{"not_picked":["Sweeping Beam","Streamline"],"picked":"Consume","floor":10.0},{"not_picked":["Hologram","Steam Power"],"picked":"Chill","floor":12.0},{"not_picked":["Beam Cell","Turbo","Barrage"],"picked":"SKIP","floor":12.0},{"not_picked":["Rainbow","Compile Driver"],"picked":"Recycle","floor":13.0},{"not_picked":["Scrape","Hologram","Turbo"],"picked":"SKIP","floor":13.0},{"not_picked":["Hologram","Turbo"],"picked":"Scrape","floor":13.0},{"not_picked":["Melter","Compile Driver"],"picked":"Reinforced Body","floor":14.0},{"not_picked":["Core Surge","Reboot"],"picked":"Echo Form+1","floor":16.0},{"not_picked":["Ball Lightning","Sweeping Beam"],"picked":"Steam+1","floor":18.0},{"not_picked":["Gash","Stack","Turbo+1"],"picked":"SKIP","floor":18.0},{"not_picked":["Turbo","Beam Cell"],"picked":"Machine Learning+1","floor":23},{"not_picked":["Leap","Steam Power"],"picked":"Static Discharge+1","floor":28},{"not_picked":["Coolheaded","Reprogram","Turbo"],"picked":"SKIP","floor":28},{"not_picked":["Ball Lightning","Auto Shields","Go for the Eyes"],"picked":"SKIP","floor":30},{"not_picked":["Chill","Capacitor+1"],"picked":"Loop+1","floor":31},{"not_picked":["Doom and Gloom","Beam Cell","Cold Snap"],"picked":"SKIP","floor":31},{"not_picked":["All For One","Core Surge"],"picked":"Amplify","floor":33},{"not_picked":["Undo","Go for the Eyes"],"picked":"Conserve Battery+1","floor":35},{"not_picked":["Ball Lightning","Rebound+1","Turbo"],"picked":"SKIP","floor":35},{"not_picked":["Core Surge","Reprogram+1"],"picked":"Tempest","floor":38},{"not_picked":["Ball Lightning","Steam","Conserve Battery"],"picked":"SKIP","floor":38},{"not_picked":["Auto Shields","Meteor Strike"],"picked":"Turbo+1","floor":41},{"not_picked":["Conserve Battery","Stack"],"picked":"FTL","floor":41},{"not_picked":["Undo","Leap"],"picked":"Heatsinks+1","floor":44},{"not_picked":["Rip and Tear","Blizzard+1"],"picked":"Echo Form+1","floor":47},{"not_picked":["Darkness+1","Conserve Battery","Genetic Algorithm"],"picked":"SKIP","floor":47}],"player_experience":1288413,"relics_obtained":[{"floor":6.0,"key":"Frozen Egg 2"},{"floor":9.0,"key":"Prayer Wheel"},{"floor":14.0,"key":"Lantern"},{"floor":22,"key":"Enchiridion"},{"floor":23,"key":"Smiling Mask"},{"floor":26,"key":"Meat on the Bone"},{"floor":30,"key":"MealTicket"},{"floor":44,"key":"Gambling Chip"},{"floor":48,"key":"White Beast Statue"}],"event_choices":[{"damage_healed":23.0,"max_hp_gain":0.0,"max_hp_loss":0.0,"gold_gain":0.0,"event_name":"Big Fish","player_choice":"Banana","floor":5.0,"gold_loss":0.0,"damage_taken":0.0},{"damage_healed":0.0,"max_hp_gain":0.0,"max_hp_loss":0.0,"gold_gain":0.0,"event_name":"Ghosts","player_choice":"Ignored","floor":20.0,"gold_loss":0.0,"damage_taken":0.0},{"damage_healed":0,"gold_gain":0,"player_choice":"Paid Fearfully","damage_taken":0,"max_hp_gain":0,"max_hp_loss":0,"event_name":"Masked Bandits","floor":21,"gold_loss":6},{"damage_healed":0,"gold_gain":0,"player_choice":"Obtained Book","damage_taken":21,"max_hp_gain":0,"max_hp_loss":0,"event_name":"Cursed Tome","floor":22,"gold_loss":0},{"damage_healed":0,"gold_gain":999,"player_choice":"Gold","damage_taken":0,"max_hp_gain":0,"max_hp_loss":0,"event_name":"MindBloom","floor":36,"gold_loss":0,"cards_obtained":["Normality","Normality"]},{"cards_removed":["Cold Snap"],"damage_healed":0,"gold_gain":0,"player_choice":"Removed Attack","damage_taken":0,"max_hp_gain":0,"max_hp_loss":0,"event_name":"Falling","floor":45,"gold_loss":0},{"damage_healed":0,"gold_gain":0,"player_choice":"Paid","damage_taken":0,"relics_obtained":["Red Mask"],"max_hp_gain":0,"max_hp_loss":0,"event_name":"Tomb of Lord Red Mask","floor":46,"gold_loss":77}],"is_beta":false,"boss_relics":[{"not_picked":["Astrolabe","Cursed Key"],"picked":"SlaversCollar"},{"not_picked":["Empty Cage","Snecko Eye"],"picked":"Sozu"}],"items_purged_floors":[2,19,37,39],"is_endless":false,"potions_floor_spawned":[1,3,8,10,16,28,33,44,47],"killed_by":"Donu and Deca","ascension_level":20}}