{"host":"2tgyrzvaa7l04o2e","time":1609702116,"event":{"mods":["BaseMod","Highlight Path","Minty Spire (QoL Compilation)","Permanent Neow","Relic Stats"],"gold_per_floor":[12,12,27,42,18,18,50,68,68,68,83,116,116,126,126,126,126],"floor_reached":16,"playtime":1137,"items_purged":[],"score":224,"play_id":"570db1d0-0732-47c2-80b8-36a530ab9ef5","local_time":"20210103202836","is_ascension_mode":true,"campfire_choices":[{"data":"Malaise","floor":6,"key":"SMITH"},{"floor":10,"key":"REST"},{"data":"Bouncing Flask","floor":13,"key":"SMITH"},{"data":"Catalyst","floor":15,"key":"SMITH"}],"circlet_count":0,"master_deck":["AscendersBane","Strike_G","Strike_G","Strike_G","Strike_G","Strike_G","Defend_G","Defend_G","Defend_G","Defend_G","Defend_G","Survivor","Neutralize","Malaise+1","Quick Slash","Decay","Predator","Leg Sweep","Flying Knee","Deadly Poison","Bouncing Flask+1","Noxious Fumes+1","Catalyst+1"],"relics":["Ring of the Snake","Frozen Egg 2","InkBottle","Meat on the Bone"],"acts_visited":["Exordium"],"potions_floor_usage":[4,12,14],"damage_taken":[{"damage":0,"enemies":"2 Louse","floor":1,"turns":5},{"damage":2,"enemies":"Cultist","floor":3,"turns":4},{"damage":3,"enemies":"Small Slimes","floor":4,"turns":2},{"damage":39,"enemies":"Lagavulin","floor":7,"turns":12},{"damage":6,"enemies":"Looter","floor":8,"turns":4},{"damage":0,"enemies":"3 Louse","floor":11,"turns":4},{"damage":10,"enemies":"3 Sentries","floor":12,"turns":6},{"damage":0,"enemies":"Red Slaver","floor":14,"turns":2},{"damage":45,"enemies":"Slime Boss","floor":16,"turns":6}],"seed_played":"-5837888990632553997","potions_obtained":[{"floor":1,"key":"BlessingOfTheForge"},{"floor":7,"key":"SkillPotion"},{"floor":12,"key":"DistilledChaos"}],"is_trial":false,"path_per_floor":["M","?","M","M","$","R","E","M","T","R","M","E","R","M","R","B"],"character_chosen":"THE_SILENT","items_purchased":["Flying Knee"],"campfire_rested":1,"item_purchase_floors":[5],"current_hp_per_floor":[59,59,57,54,54,54,15,9,9,28,28,18,18,30,30,0,0],"gold":126,"neow_bonus":"THREE_RARE_CARDS","is_daily":false,"chose_seed":false,"campfire_upgraded":3,"win_rate":0.0,"timestamp":1609702116,"path_taken":["M","?","M","M","$","R","E","M","T","R","M","E","R","?","R","BOSS"],"items_purchased_type":["Card"],"build_version":"2020-12-22","purchased_purges":0,"victory":false,"max_hp_per_floor":[66,66,66,66,66,66,66,66,66,66,66,66,66,66,66,66,66],"relic_stats":{"counters":[9,45],"obtain_stats":[{"Frozen Egg 2":7,"InkBottle":9,"Ring of the Snake":0,"Meat on the Bone":12},{"Frozen Egg 2":4,"InkBottle":5,"Ring of the Snake":0,"Meat on the Bone":7},{"Frozen Egg 2":23,"InkBottle":27,"Ring of the Snake":0,"Meat on the Bone":37}],"InkBottle":[4],"Ring of the Snake":[18],"Meat on the Bone":12},"card_choices":[{"not_picked":["Bullet Time","Grand Finale"],"picked":"Malaise","floor":0},{"not_picked":["Choke","PiercingWail"],"picked":"Quick Slash","floor":1},{"not_picked":["Slice","Accuracy"],"picked":"Predator","floor":3},{"not_picked":["Blade Dance","Cloak And Dagger"],"picked":"Leg Sweep","floor":4},{"not_picked":["Backflip","Deflect"],"picked":"Deadly Poison","floor":7},{"not_picked":["Quick Slash","Unload"],"picked":"Bouncing Flask","floor":8},{"not_picked":["Sucker Punch","Leg Sweep"],"picked":"Noxious Fumes+1","floor":11},{"not_picked":["Prepared","Eviscerate"],"picked":"Catalyst","floor":12},{"not_picked":["Tactician","Crippling Poison","Calculated Gamble"],"picked":"SKIP","floor":14}],"player_experience":551939,"relics_obtained":[{"floor":7,"key":"Frozen Egg 2"},{"floor":9,"key":"InkBottle"},{"floor":12,"key":"Meat on the Bone"}],"event_choices":[{"damage_healed":0,"gold_gain":0,"player_choice":"Cursed","damage_taken":0,"max_hp_gain":0,"max_hp_loss":0,"event_name":"Wheel of Change","floor":2,"gold_loss":0,"cards_obtained":["Decay"]}],"is_beta":false,"boss_relics":[],"items_purged_floors":[],"is_endless":false,"potions_floor_spawned":[1,7,12],"killed_by":"Slime Boss","ascension_level":20}}