{"host":"08z5bj28eube4vug","time":1609688925,"event":{"mods":["2.2 Compatiblity","Abigail Mod","Act Like it!","BaseMod","Beaked The Cultist","Bestiary","Friendly Minions","Gensokyo","GungeonMod","Hallownest","Kiyohime????","Koishi","Lobotomy","Marisa????????","Minty Spire (QoL Compilation)","Prisma Mod","Remilia??????","Replay The Spire","StSLib","Td1madao Mod","The Alterego","The Bug Knight","The Jungle","The Sage","The Senshi","The Servant 0.9.4","Waifu the Spire","WarShipGirlsR/????R mod","Yuri Mod"],"gold_per_floor":[116,134,32,32,51,51,66,91,114,131,131,150,182,182,182,282,282,302,44,62,62,112,112,128,163,163,163,163,191,45,56,56,159,159,172,183,195,195,206,206,259,81,81,5,34,34,34,52,52,52],"floor_reached":51,"playtime":3870,"items_purged":[],"score":847,"play_id":"a56cd983-2de8-4e7c-ac0d-ca18a59f4f5a","local_time":"20210103184845","is_ascension_mode":true,"campfire_choices":[{"data":"alterego_mod:Nekomimi","floor":6.0,"key":"SMITH"},{"data":"alterego_mod:Mirror","floor":11.0,"key":"SMITH"},{"data":"alterego_mod:Pet","floor":15.0,"key":"SMITH"},{"data":"alterego_mod:Venus","floor":23.0,"key":"SMITH"},{"data":"alterego_mod:1TonWallop","floor":28.0,"key":"SMITH"},{"floor":32.0,"key":"REST"},{"floor":40,"key":"REST"},{"floor":47,"key":"REST"},{"floor":49,"key":"REST"}],"circlet_count":0,"master_deck":["alterego_mod:Strike","alterego_mod:Strike","alterego_mod:Strike","alterego_mod:Strike","alterego_mod:Defend+1","alterego_mod:Defend","alterego_mod:Defend","alterego_mod:Defend","alterego_mod:Impale","alterego_mod:BigMeatyClaws+1","alterego_mod:BrynhildrsRune","alterego_mod:1TonWallop+1","alterego_mod:Nekomimi+1","alterego_mod:Bounce","alterego_mod:Mirror+1","alterego_mod:Pet+1","alterego_mod:Undulate","alterego_mod:Bounce","ReplayTheSpireMod:Splinters","alterego_mod:Exercise","alterego_mod:Venus+1","alterego_mod:Mirror+1","alterego_mod:Mirror+1","alterego_mod:Cooking","alterego_mod:BiFurious","alterego_mod:RidiculouslyBig+1","alterego_mod:Weigh","beaked:WalkersFury","alterego_mod:TrashNCrash+1","alterego_mod:IndependentAction+1","alterego_mod:Birthday+1","alterego_mod:Complex+1","Poisoned Strike","alterego_mod:Undulate+1"],"relics":["alterego_mod:MasochisticConstitution","Replay:Accelerometer","Lantern","Unceasing Top","DemoMod:MonsterBlood","Runic Pyramid","Replay:WaspNest","Anchor","StoneCalendar","ReplayTheSpireMod:TigerMarble","Chemical X","Replay:Grab Bag","Cursed Key","Fusion Hammer","beaked:SacredDeck","Bird Faced Urn","Happy Flower","DemoMod:WhiteGuonStone"],"acts_visited":["Exordium","TheCity","TheBeyond"],"potions_floor_usage":[39,41,45,48],"damage_taken":[{"damage":4.0,"enemies":"Cultist","floor":1.0,"turns":4.0},{"damage":10.0,"enemies":"Small Slimes","floor":2.0,"turns":3.0},{"damage":11.0,"enemies":"Jaw Worm","floor":5.0,"turns":2.0},{"damage":4.0,"enemies":"3 Louse","floor":7.0,"turns":1.0},{"damage":8.0,"enemies":"HollowMod:MossKnight","floor":8.0,"turns":6.0},{"damage":8.0,"enemies":"Large Slime","floor":10.0,"turns":3.0},{"damage":4.0,"enemies":"Exordium Wildlife","floor":12.0,"turns":3.0},{"damage":21.0,"enemies":"The Guardian","floor":16.0,"turns":11.0},{"damage":7.0,"enemies":"Chosen","floor":18.0,"turns":3.0},{"damage":19.0,"enemies":"2 Thieves","floor":20.0,"turns":2.0},{"damage":12.0,"enemies":"Centurion and Healer","floor":24.0,"turns":5.0},{"damage":25.0,"enemies":"HollowMod:Nosk","floor":25.0,"turns":6.0},{"damage":0.0,"enemies":"Slavers","floor":29.0,"turns":4.0},{"damage":27.0,"enemies":"Snake Plant","floor":31.0,"turns":3.0},{"damage":31.0,"enemies":"Champ","floor":33.0,"turns":11.0},{"damage":3.0,"enemies":"3 Shapes","floor":35.0,"turns":4.0},{"damage":17.0,"enemies":"3 Darklings","floor":36.0,"turns":3.0},{"damage":41.0,"enemies":"Writhing Mass","floor":37.0,"turns":4.0},{"damage":2,"enemies":"Sphere and 2 Shapes","floor":39,"turns":3},{"damage":19,"enemies":"2 Orb Walkers","floor":41,"turns":4},{"damage":20,"enemies":"Nemesis","floor":45,"turns":5},{"damage":0,"enemies":"Spire Growth","floor":48,"turns":3},{"damage":56,"enemies":"Time Eater","floor":50,"turns":7}],"seed_played":"-4071582559441336317","potions_obtained":[{"floor":1.0,"key":"LiquidBronze"},{"floor":7.0,"key":"Swift Potion"},{"floor":8.0,"key":"Explosive Potion"},{"floor":12.0,"key":"SkillPotion"},{"floor":18.0,"key":"SkillPotion"},{"floor":24.0,"key":"LifebloodPotion"},{"floor":37,"key":"Block Potion"},{"floor":39,"key":"FearPotion"},{"floor":45,"key":"FearPotion"}],"is_trial":false,"path_per_floor":["M","M","$","?","M","R","M","E","T","M","R","M","?","?","R","B",null,"M","$","M","?","?","R","M","E","T","?","R","E","$","M","R","B",null,"M","M","M","?","M","R","?","$","T","$","E","?","R","M","R","B",null],"character_chosen":"The_Alterego","items_purchased":["alterego_mod:Bounce","SteroidPotion","Replay:WaspNest","Chemical X","Happy Flower","alterego_mod:Complex+1","SkillPotion"],"campfire_rested":4,"item_purchase_floors":[3,3,19,30,42,42,44],"current_hp_per_floor":[67,58,58,58,48,48,45,38,38,31,31,28,28,35,35,22,85,79,79,61,61,61,61,50,29,29,58,58,58,58,35,62,42,91,92,76,36,36,35,63,59,59,59,59,55,55,84,94,97,47],"gold":52,"neow_bonus":"RANDOM_EVENT","is_daily":false,"chose_seed":false,"campfire_upgraded":5,"win_rate":0.0,"timestamp":1609688925,"path_taken":["M","M","$","?","M","R","M","E","T","M","R","M","?","?","R","BOSS","M","$","M","?","?","R","?","E","T","?","R","E","$","M","R","BOSS","M","M","M","?","M","R","?","$","T","$","E","?","R","M","R","BOSS"],"items_purchased_type":["Card","Potion","Relic","Relic","Relic","Card","Potion"],"build_version":"2020-12-22","purchased_purges":0,"victory":true,"max_hp_per_floor":[71,72,72,72,73,73,74,75,75,76,76,77,77,84,84,85,85,86,86,87,87,87,87,88,89,89,89,89,89,89,90,90,91,91,92,93,94,94,95,95,96,96,96,96,97,97,97,97,97,98],"card_choices":[{"not_picked":["alterego_mod:Valentines","alterego_mod:Clones"],"picked":"alterego_mod:1TonWallop","floor":1.0},{"not_picked":["alterego_mod:Pet","alterego_mod:BreastValley"],"picked":"alterego_mod:Nekomimi","floor":2.0},{"not_picked":["alterego_mod:Schoolgirl","alterego_mod:Cycle","alterego_mod:DiscoLights"],"picked":"SKIP","floor":5.0},{"not_picked":["alterego_mod:Exercise","alterego_mod:GIGAMILK"],"picked":"alterego_mod:Mirror","floor":7.0},{"not_picked":["alterego_mod:DustData","alterego_mod:Belle"],"picked":"alterego_mod:Pet","floor":8.0},{"not_picked":["alterego_mod:BiFurious","alterego_mod:Birthday"],"picked":"alterego_mod:Undulate","floor":10.0},{"not_picked":["alterego_mod:BiFurious","alterego_mod:HighServant"],"picked":"alterego_mod:Bounce","floor":12.0},{"not_picked":["alterego_mod:Lingerie","alterego_mod:DiscoLights"],"picked":"alterego_mod:Exercise","floor":13.0},{"not_picked":["alterego_mod:GIGAMILK","alterego_mod:SideboobHour"],"picked":"alterego_mod:Venus","floor":16.0},{"not_picked":["alterego_mod:Pet","alterego_mod:TrashNCrash"],"picked":"alterego_mod:Mirror+1","floor":18.0},{"not_picked":["alterego_mod:Punishment","alterego_mod:Schoolgirl"],"picked":"alterego_mod:Mirror+1","floor":20.0},{"not_picked":["alterego_mod:Pet","alterego_mod:PerceptionDisorder+1"],"picked":"alterego_mod:Cooking","floor":24.0},{"not_picked":["alterego_mod:Cycle","alterego_mod:Birthday"],"picked":"alterego_mod:BiFurious","floor":25.0},{"not_picked":["alterego_mod:GachaTicket+1","alterego_mod:BiFurious","alterego_mod:Crossover"],"picked":"SKIP","floor":29.0},{"not_picked":["alterego_mod:Valkyrie","alterego_mod:1TonWallop+1"],"picked":"alterego_mod:RidiculouslyBig+1","floor":31.0},{"not_picked":["alterego_mod:Vow","alterego_mod:Tantrum"],"picked":"alterego_mod:Weigh","floor":33.0},{"not_picked":["alterego_mod:Skirt+1","alterego_mod:Complex"],"picked":"alterego_mod:TrashNCrash+1","floor":35.0},{"not_picked":["alterego_mod:IndependentAction+1","alterego_mod:Crossover","alterego_mod:1TonWallop"],"picked":"SKIP","floor":36.0},{"not_picked":["alterego_mod:Crossover","alterego_mod:1TonWallop"],"picked":"alterego_mod:IndependentAction+1","floor":36.0},{"not_picked":["alterego_mod:HighServant+1","alterego_mod:1TonWallop","alterego_mod:Cooking"],"picked":"SKIP","floor":37},{"not_picked":["alterego_mod:DiscoLights","alterego_mod:TrashNCrash+1","alterego_mod:DustData"],"picked":"SKIP","floor":39},{"not_picked":["alterego_mod:Cooking+1","alterego_mod:Jiggle"],"picked":"alterego_mod:Birthday+1","floor":41},{"not_picked":["alterego_mod:TrashNCrash","alterego_mod:BustOut+1","alterego_mod:Swimsuit+1"],"picked":"SKIP","floor":45},{"not_picked":["Replay:Sssssssssshield","Purity"],"picked":"Poisoned Strike","floor":46},{"not_picked":["alterego_mod:Santa+1","alterego_mod:DiscoLights+1"],"picked":"alterego_mod:Undulate+1","floor":48}],"player_experience":731540,"relics_obtained":[{"floor":8.0,"key":"Replay:Accelerometer"},{"floor":9.0,"key":"Lantern"},{"floor":13.0,"key":"Unceasing Top"},{"floor":25.0,"key":"Anchor"},{"floor":26.0,"key":"StoneCalendar"},{"floor":29.0,"key":"ReplayTheSpireMod:TigerMarble"},{"floor":41,"key":"Bird Faced Urn"},{"floor":45,"key":"DemoMod:WhiteGuonStone"}],"event_choices":[{"damage_healed":0.0,"max_hp_gain":0.0,"max_hp_loss":0.0,"gold_gain":0.0,"event_name":"Living Wall","player_choice":"Grow","floor":0.0,"gold_loss":0.0,"damage_taken":0.0,"cards_upgraded":["alterego_mod:BigMeatyClaws"]},{"damage_healed":0.0,"max_hp_gain":0.0,"max_hp_loss":0.0,"gold_gain":0.0,"event_name":"Dead Adventurer","player_choice":"Searched \u00271\u0027 times","floor":14.0,"gold_loss":0.0,"damage_taken":0.0,"relics_obtained":["DemoMod:MonsterBlood"]},{"damage_healed":0.0,"max_hp_gain":0.0,"max_hp_loss":0.0,"gold_gain":100.0,"event_name":"The Joust","player_choice":"Bet on Murderer","floor":22.0,"gold_loss":50.0,"damage_taken":0.0},{"damage_healed":29.0,"max_hp_gain":0.0,"max_hp_loss":0.0,"gold_gain":0.0,"event_name":"The Library","player_choice":"Heal","floor":27.0,"gold_loss":0.0,"damage_taken":0.0},{"damage_healed":0,"gold_gain":0,"player_choice":"Ignored","damage_taken":0,"max_hp_gain":0,"max_hp_loss":0,"event_name":"The Moai Head","floor":38,"gold_loss":0},{"damage_healed":0,"gold_gain":0,"player_choice":"Fight","damage_taken":0,"max_hp_gain":0,"max_hp_loss":0,"event_name":"Mysterious Sphere","floor":41,"gold_loss":0},{"damage_healed":0,"gold_gain":0,"player_choice":"Memory 1","damage_taken":0,"max_hp_gain":0,"max_hp_loss":0,"event_name":"SensoryStone","floor":46,"gold_loss":0}],"is_beta":false,"boss_relics":[{"not_picked":["Kintsugi","ReplayTheSpireMod:DimensionalGlitch"],"picked":"Runic Pyramid"},{"not_picked":["sagemod:Falmels_Amulet","Empty Cage"],"picked":"Replay:Grab Bag"},{"not_picked":["Replay:Bronze Core","Runic Dome"],"picked":"Cursed Key"},{"not_picked":["ReplayTheSpireMod:Onyx Gauntlets","Replay:Fungal Core"],"picked":"Fusion Hammer"},{"not_picked":["SlaversCollar","Snecko Heart"],"picked":"beaked:SacredDeck"}],"items_purged_floors":[],"is_endless":false,"potions_floor_spawned":[1,7,8,12,18,24,37,39,45],"ascension_level":3}}