{"host":"w9yruvs4bqht6bhw","time":1609638447,"event":{"mods":["BaseMod","Colored Powertips","Minty Spire (QoL Compilation)"],"gold_per_floor":[209,85,97,97,107,107,139,139,139,39,55,88,103,137,137,233,233,243,243,243,262,280,280,56,56,129,129,143,155,173,23,23,127,127,143,143,158,9,9,9,9,59,82,82,102,51,51,51,51,51,51],"floor_reached":50,"playtime":1476,"items_purged":["Defend_R","Strike_R","Strike_R","Strike_R"],"score":655,"play_id":"09a228a3-441a-4b61-8e76-a8ca09e1808c","local_time":"20210102204727","is_ascension_mode":true,"campfire_choices":[{"data":"Clash","floor":6,"key":"SMITH"},{"data":"Clash","floor":8,"key":"SMITH"},{"data":"Clash","floor":15,"key":"SMITH"},{"data":"RitualDagger","floor":23,"key":"SMITH"},{"data":"Flex","floor":32,"key":"SMITH"},{"floor":40,"key":"REST"},{"floor":47,"key":"REST"},{"data":"Shrug It Off","floor":49,"key":"SMITH"}],"circlet_count":0,"master_deck":["Strike_R","Defend_R","Defend_R","Defend_R","Bash","Clash+1","Rampage","Clash+1","Flex+1","Clash+1","Shrug It Off+1","RitualDagger+1","Thunderclap","PanicButton","Shrug It Off"],"relics":["Burning Blood","CultistMask","Art of War","Paper Frog","HornCleat","Meat on the Bone","Black Star","Pantograph","MutagenicStrength","Busted Crown","Oddly Smooth Stone","Calipers","PreservedInsect"],"acts_visited":["Exordium","TheCity","TheBeyond"],"potions_floor_usage":[12,12,13,13,13,14,16,29,30,30,44,50],"damage_taken":[{"damage":4,"enemies":"2 Louse","floor":1,"turns":3},{"damage":0,"enemies":"Cultist","floor":3,"turns":3},{"damage":0,"enemies":"Small Slimes","floor":5,"turns":3},{"damage":8,"enemies":"Gremlin Nob","floor":7,"turns":3},{"damage":7,"enemies":"3 Louse","floor":11,"turns":2},{"damage":25,"enemies":"3 Sentries","floor":12,"turns":6},{"damage":5,"enemies":"Gremlin Gang","floor":13,"turns":2},{"damage":0,"enemies":"Lagavulin","floor":14,"turns":2},{"damage":17,"enemies":"Hexaghost","floor":16,"turns":6},{"damage":4,"enemies":"Chosen","floor":18,"turns":3},{"damage":9,"enemies":"Shell Parasite","floor":21,"turns":3},{"damage":24,"enemies":"Snake Plant","floor":22,"turns":2},{"damage":24,"enemies":"Cultist and Chosen","floor":28,"turns":5},{"damage":10,"enemies":"3 Cultists","floor":29,"turns":4},{"damage":0,"enemies":"Snecko","floor":30,"turns":3},{"damage":83,"enemies":"Automaton","floor":33,"turns":9},{"damage":1,"enemies":"3 Darklings","floor":35,"turns":5},{"damage":29,"enemies":"3 Shapes","floor":37,"turns":3},{"damage":10,"enemies":"Mind Bloom Boss Battle","floor":42,"turns":5},{"damage":0,"enemies":"Maw","floor":44,"turns":2},{"damage":36,"enemies":"4 Shapes","floor":45,"turns":6},{"damage":134,"enemies":"Awakened One","floor":50,"turns":13}],"seed_played":"-1823121573945585023","potions_obtained":[{"floor":1,"key":"FearPotion"},{"floor":3,"key":"FearPotion"},{"floor":12,"key":"EntropicBrew"},{"floor":13,"key":"BlessingOfTheForge"},{"floor":21,"key":"FearPotion"},{"floor":29,"key":"Block Potion"},{"floor":35,"key":"SmokeBomb"},{"floor":45,"key":"FairyPotion"}],"is_trial":false,"path_per_floor":["M","$","M","?","M","R","E","R","T","$","M","E","M","E","R","B",null,"M","?","?","M","M","R","$","?","T","?","M","M","M","$","R","B",null,"M","?","M","$","?","R","?","?","T","M","M","$","R","?","R","B"],"character_chosen":"IRONCLAD","items_purchased":["Strength Potion","FairyPotion","Oddly Smooth Stone","Dexterity Potion"],"campfire_rested":2,"item_purchase_floors":[2,24,38,46],"current_hp_per_floor":[74,74,80,80,80,80,78,78,78,78,77,58,59,65,65,54,74,76,70,80,77,59,59,59,59,59,59,53,49,55,55,55,42,71,76,76,53,53,53,75,75,72,72,76,46,46,68,68,68,0,0],"gold":51,"neow_bonus":"HUNDRED_GOLD","is_daily":false,"chose_seed":false,"campfire_upgraded":6,"win_rate":0.0,"timestamp":1609638447,"path_taken":["M","$","M","?","M","R","E","R","T","$","M","E","?","E","R","BOSS","M","?","?","?","M","R","$","?","T","?","M","M","M","$","R","BOSS","M","?","M","$","?","R","?","?","T","M","?","$","R","?","R","BOSS"],"items_purchased_type":["Potion","Potion","Relic","Potion"],"build_version":"2020-12-22","purchased_purges":4,"victory":false,"max_hp_per_floor":[80,80,80,80,80,80,80,80,80,80,80,80,80,80,80,80,80,80,80,80,80,80,80,80,80,80,80,80,80,80,80,80,80,80,80,80,80,80,76,76,76,76,76,76,76,76,76,76,76,76,76],"card_choices":[{"not_picked":["Thunderclap","Body Slam"],"picked":"Clash","floor":1},{"not_picked":["Reckless Charge","Flame Barrier"],"picked":"Rampage","floor":3},{"not_picked":["Sword Boomerang","True Grit"],"picked":"Clash","floor":5},{"not_picked":["Anger","True Grit","Hemokinesis"],"picked":"SKIP","floor":7},{"not_picked":["Iron Wave","Wild Strike"],"picked":"Flex","floor":11},{"not_picked":["Evolve","Heavy Blade","Demon Form"],"picked":"SKIP","floor":12},{"not_picked":["Dual Wield","Whirlwind"],"picked":"Clash","floor":13},{"not_picked":["Whirlwind","Dark Embrace"],"picked":"Shrug It Off","floor":14},{"not_picked":["Reckless Charge","Iron Wave","Havoc"],"picked":"SKIP","floor":18},{"not_picked":["Anger","Headbutt"],"picked":"Thunderclap","floor":21},{"not_picked":["Warcry+1","Wild Strike","Body Slam"],"picked":"SKIP","floor":22},{"not_picked":["Cleave","Shockwave+1","Uppercut"],"picked":"SKIP","floor":28},{"not_picked":["Clothesline","Battle Trance","Iron Wave+1"],"picked":"SKIP","floor":29},{"not_picked":["Body Slam","Dual Wield","Clothesline+1"],"picked":"SKIP","floor":30},{"not_picked":["Sentinel+1"],"picked":"SKIP","floor":35},{"not_picked":["Warcry"],"picked":"SKIP","floor":37},{"not_picked":[],"picked":"PanicButton","floor":41},{"not_picked":[],"picked":"Shrug It Off","floor":42},{"not_picked":["Twin Strike+1"],"picked":"SKIP","floor":45}],"player_experience":282748,"relics_obtained":[{"floor":7,"key":"Art of War"},{"floor":9,"key":"Paper Frog"},{"floor":12,"key":"HornCleat"},{"floor":14,"key":"Meat on the Bone"},{"floor":26,"key":"Pantograph"},{"floor":42,"key":"Calipers"},{"floor":43,"key":"PreservedInsect"}],"event_choices":[{"damage_healed":0,"gold_gain":0,"player_choice":"Trade","damage_taken":0,"relics_obtained":["CultistMask"],"max_hp_gain":0,"max_hp_loss":0,"event_name":"FaceTrader","floor":4,"gold_loss":0},{"damage_healed":0,"gold_gain":0,"player_choice":"Joined the Cult","damage_taken":6,"max_hp_gain":0,"max_hp_loss":0,"event_name":"Nest","floor":19,"gold_loss":0,"cards_obtained":["RitualDagger"]},{"damage_healed":10,"gold_gain":0,"player_choice":"Full Heal","damage_taken":0,"max_hp_gain":0,"max_hp_loss":0,"event_name":"Wheel of Change","floor":20,"gold_loss":0},{"damage_healed":0,"gold_gain":0,"player_choice":"Ignored","damage_taken":0,"max_hp_gain":0,"max_hp_loss":0,"event_name":"Vampires","floor":25,"gold_loss":0},{"damage_healed":0,"gold_gain":0,"player_choice":"Inject Mutagens","damage_taken":0,"relics_obtained":["MutagenicStrength"],"max_hp_gain":0,"max_hp_loss":0,"event_name":"Drug Dealer","floor":27,"gold_loss":0},{"damage_healed":0,"gold_gain":0,"player_choice":"Ignored","damage_taken":0,"max_hp_gain":0,"max_hp_loss":0,"event_name":"Tomb of Lord Red Mask","floor":36,"gold_loss":0},{"damage_healed":0,"gold_gain":0,"player_choice":"Max HP","damage_taken":0,"max_hp_gain":0,"max_hp_loss":4,"event_name":"Winding Halls","floor":39,"gold_loss":0},{"damage_healed":0,"gold_gain":0,"player_choice":"Memory 1","damage_taken":0,"max_hp_gain":0,"max_hp_loss":0,"event_name":"SensoryStone","floor":41,"gold_loss":0},{"damage_healed":0,"gold_gain":0,"player_choice":"Fight","damage_taken":0,"max_hp_gain":0,"max_hp_loss":0,"event_name":"MindBloom","floor":42,"gold_loss":0},{"cards_removed":["Strike_R"],"damage_healed":0,"gold_gain":0,"player_choice":"Removed Attack","damage_taken":0,"max_hp_gain":0,"max_hp_loss":0,"event_name":"Falling","floor":48,"gold_loss":0}],"is_beta":false,"boss_relics":[{"not_picked":["Empty Cage","Mark of Pain"],"picked":"Black Star"},{"not_picked":["SacredBark","Astrolabe"],"picked":"Busted Crown"}],"items_purged_floors":[2,10,24,31],"is_endless":false,"potions_floor_spawned":[1,3,11,12,13,21,28,29,35,44,45],"killed_by":"Awakened One","ascension_level":7}}