{"host":"akjsb4vg7478j4ls","time":1609634473,"event":{"mods":["BaseMod","Colored Powertips","Minty Spire (QoL Compilation)","Rare Cards Sparkle"],"gold_per_floor":[113,126,142,142,158,192,192,210,210,385,385,401,401,401,401,401,401],"floor_reached":16,"playtime":1020,"items_purged":[],"score":102,"play_id":"3c69334f-1739-4aa1-9e99-062292d48236","local_time":"20210102224113","is_ascension_mode":false,"campfire_choices":[{"floor":7,"key":"REST"},{"floor":11,"key":"REST"},{"data":"Outmaneuver","floor":15,"key":"SMITH"}],"circlet_count":0,"master_deck":["Strike_G","Strike_G","Strike_G","Strike_G","Strike_G","Defend_G","Defend_G","Defend_G","Defend_G","Defend_G","Survivor","Neutralize","Dagger Spray","Outmaneuver+1","Blade Dance","Quick Slash","Sucker Punch","Venomology+1","Doubt","Backflip"],"relics":["HoveringKite","Juzu Bracelet","Pear"],"acts_visited":["Exordium"],"potions_floor_usage":[5,12,16,16,16,16],"damage_taken":[{"damage":0,"enemies":"Small Slimes","floor":1,"turns":4},{"damage":2,"enemies":"Jaw Worm","floor":2,"turns":5},{"damage":2,"enemies":"2 Louse","floor":3,"turns":4},{"damage":8,"enemies":"Lots of Slimes","floor":5,"turns":4},{"damage":40,"enemies":"Gremlin Nob","floor":6,"turns":5},{"damage":7,"enemies":"Red Slaver","floor":8,"turns":3},{"damage":5,"enemies":"Blue Slaver","floor":12,"turns":5},{"damage":83,"enemies":"Hexaghost","floor":16,"turns":16}],"seed_played":"-7315250098890065317","potions_obtained":[{"floor":3,"key":"DistilledChaos"},{"floor":6,"key":"Block Potion"},{"floor":8,"key":"Dexterity Potion"},{"floor":12,"key":"EssenceOfSteel"}],"is_trial":false,"path_per_floor":["M","M","M","$","M","E","R","M","T","?","R","M","?","?","R","B"],"character_chosen":"THE_SILENT","items_purchased":[],"campfire_rested":2,"item_purchase_floors":[],"current_hp_per_floor":[70,68,66,66,58,18,39,32,42,42,66,61,61,80,80,0,0],"gold":401,"neow_bonus":"BOSS_RELIC","is_daily":false,"chose_seed":false,"campfire_upgraded":1,"win_rate":0.0,"timestamp":1609634473,"path_taken":["M","M","M","$","M","E","R","M","T","?","R","M","?","?","R","BOSS"],"items_purchased_type":[],"build_version":"2020-12-22","purchased_purges":0,"victory":false,"max_hp_per_floor":[70,70,70,70,70,70,70,70,80,80,80,80,80,80,80,80,80],"card_choices":[{"not_picked":["Caltrops","Underhanded Strike"],"picked":"Dagger Spray","floor":1},{"not_picked":["Masterful Stab","Calculated Gamble"],"picked":"Outmaneuver","floor":2},{"not_picked":["Masterful Stab","Outmaneuver"],"picked":"Blade Dance","floor":3},{"not_picked":["Acrobatics","Deadly Poison"],"picked":"Quick Slash","floor":5},{"not_picked":["Bane","Heel Hook"],"picked":"Sucker Punch","floor":6},{"not_picked":["PiercingWail","Leg Sweep"],"picked":"Venomology","floor":8},{"not_picked":["Sucker Punch","Leg Sweep"],"picked":"Backflip","floor":12}],"player_experience":77355,"relics_obtained":[{"floor":6,"key":"Juzu Bracelet"},{"floor":9,"key":"Pear"}],"event_choices":[{"damage_healed":0,"gold_gain":175,"player_choice":"AGREE","damage_taken":0,"max_hp_gain":0,"max_hp_loss":0,"event_name":"Liars Game","floor":10,"gold_loss":0,"cards_obtained":["Doubt"]},{"damage_healed":0,"gold_gain":0,"player_choice":"Grow","damage_taken":0,"max_hp_gain":0,"max_hp_loss":0,"event_name":"Living Wall","floor":13,"gold_loss":0,"cards_upgraded":["Venomology"]},{"damage_healed":26,"gold_gain":0,"player_choice":"Banana","damage_taken":0,"max_hp_gain":0,"max_hp_loss":0,"event_name":"Big Fish","floor":14,"gold_loss":0}],"is_beta":false,"boss_relics":[],"items_purged_floors":[],"is_endless":false,"potions_floor_spawned":[3,6,8,12],"killed_by":"Hexaghost","ascension_level":0}}