{"host":"sav7uxregyirlf69","time":1609674204,"event":{"mods":["AchievementEnabler","BaseMod","Colored Map","DeckTracker","Keyboard Shortcuts","Minty Spire (QoL Compilation)","READ ME - Guardian Mod","StSLib","SuperFastMode"],"gold_per_floor":[111,111,161,171,189,218,218,218,268,283,283,322,322,83,83,83,83],"floor_reached":16,"playtime":356,"items_purged":["Strike_R"],"score":216,"play_id":"67821c55-5e14-41f0-bb52-5e47328c183e","local_time":"20210103204324","is_ascension_mode":true,"campfire_choices":[{"floor":7,"key":"REST"},{"data":"Immolate","floor":11,"key":"SMITH"},{"data":"Body Slam","floor":15,"key":"SMITH"}],"circlet_count":0,"master_deck":["AscendersBane","Strike_R","Strike_R","Strike_R","Defend_R","Defend_R","Defend_R","Defend_R","Bash","Wild Strike","Carnage","Immolate+1","Body Slam+1"],"relics":["Burning Blood","NeowsBlessing","Ancient Tea Set","Calipers","Golden Idol","Toy Ornithopter","Pear","Medical Kit"],"acts_visited":["Exordium"],"potions_floor_usage":[],"damage_taken":[{"damage":0.0,"enemies":"Jaw Worm","floor":1.0,"turns":1.0},{"damage":0,"enemies":"2 Louse","floor":4,"turns":1},{"damage":0,"enemies":"Cultist","floor":5,"turns":1},{"damage":52,"enemies":"Lagavulin","floor":6,"turns":7},{"damage":0,"enemies":"2 Fungi Beasts","floor":10,"turns":1},{"damage":30,"enemies":"3 Sentries","floor":12,"turns":5},{"damage":11,"enemies":"The Guardian","floor":16,"turns":5}],"seed_played":"-4049109459843133201","potions_obtained":[{"floor":6,"key":"FearPotion"}],"is_trial":false,"path_per_floor":["M","?","?","M","M","E","R","?","T","M","R","E","?","$","R","B"],"character_chosen":"IRONCLAD","items_purchased":["Medical Kit"],"campfire_rested":1,"item_purchase_floors":[14],"current_hp_per_floor":[74,56,49,55,61,15,37,37,37,43,43,29,22,22,22,11,11],"gold":83,"neow_bonus":"THREE_ENEMY_KILL","is_daily":false,"chose_seed":false,"campfire_upgraded":2,"win_rate":0.0,"timestamp":1609674204,"path_taken":["M","?","?","M","?","E","R","?","T","M","R","E","?","$","R","BOSS"],"items_purchased_type":["Relic"],"build_version":"2020-12-22","purchased_purges":1,"victory":false,"max_hp_per_floor":[75,75,75,75,75,75,75,68,68,68,68,78,78,78,78,78,78],"card_choices":[{"not_picked":["Perfected Strike","Wild Strike","Flex"],"picked":"SKIP","floor":1.0},{"not_picked":["Perfected Strike","Flex"],"picked":"Wild Strike","floor":1.0},{"not_picked":["Pommel Strike","Armaments"],"picked":"Carnage","floor":4},{"not_picked":["Perfected Strike","Dropkick","Carnage"],"picked":"SKIP","floor":5},{"not_picked":["Iron Wave","Inflame"],"picked":"Immolate","floor":6},{"not_picked":["Iron Wave","Pommel Strike","Entrench"],"picked":"SKIP","floor":10},{"not_picked":["Sword Boomerang","Thunderclap"],"picked":"Body Slam","floor":12}],"player_experience":1121435,"relics_obtained":[{"floor":6,"key":"Calipers"},{"floor":9,"key":"Toy Ornithopter"},{"floor":12,"key":"Pear"}],"event_choices":[{"damage_healed":0.0,"max_hp_gain":0.0,"max_hp_loss":0.0,"gold_gain":0.0,"event_name":"Scrap Ooze","player_choice":"Success","floor":2.0,"gold_loss":0.0,"damage_taken":18.0,"relics_obtained":["Ancient Tea Set"]},{"damage_healed":0,"gold_gain":50,"player_choice":"Touch","damage_taken":7,"max_hp_gain":0,"max_hp_loss":0,"event_name":"FaceTrader","floor":3,"gold_loss":0},{"damage_healed":0,"gold_gain":0,"player_choice":"Lose Max HP","damage_taken":0,"relics_obtained":["Golden Idol"],"max_hp_gain":0,"max_hp_loss":7,"event_name":"Golden Idol","floor":8,"gold_loss":0},{"cards_removed":["Strike_R"],"damage_healed":0,"gold_gain":0,"player_choice":"Card Removal","damage_taken":7,"max_hp_gain":0,"max_hp_loss":0,"event_name":"Golden Wing","floor":13,"gold_loss":0}],"is_beta":false,"boss_relics":[],"items_purged_floors":[14],"is_endless":false,"potions_floor_spawned":[6],"killed_by":"The Guardian","ascension_level":20}}