{"host":"56ghxnzsglgdq727","time":1609664119,"event":{"mods":["AchievementEnabler","BaseMod","Downfall","Minty Spire (QoL Compilation)","StSLib"],"gold_per_floor":[99,99,549,549,268,302,302,317,317,317,342,362,287,322,341,341,341],"floor_reached":16,"playtime":441,"items_purged":["Slimebound:Icky"],"score":148,"play_id":"5303d924-15b8-449f-bfd3-75f8da673ce4","local_time":"20210103035519","is_ascension_mode":true,"campfire_choices":[{"data":"sneckomod:Unknown","floor":1,"key":"SMITH"},{"data":"sneckomod:Unknown3Cost","floor":10,"key":"SMITH"},{"data":"sneckomod:CheapStock","floor":13,"key":"SMITH"}],"circlet_count":0,"master_deck":["sneckomod:Strike","sneckomod:Strike","sneckomod:Strike","sneckomod:Defend","sneckomod:Defend","sneckomod:TailWhip","sneckomod:SnekBite","sneckomod:Unknown+1","sneckomod:Unknown","Slimebound:Icky","Slimebound:Icky","sneckomod:Unknown1Cost","sneckomod:DiceCrush","sneckomod:CheapStock+1","Metamorphosis","sneckomod:Unknown3Cost+1","sneckomod:Unknown1Cost","sneckomod:MorePower","sneckomod:UnknownDexterity+1","sneckomod:Unknown1Cost","sneckomod:UnknownRareAttack+1","sneckomod:UnknownColorless+1"],"relics":["sneckomod:SneckoSoul","downfall:HeartsMalice","Gremlin Horn","Mercury Hourglass","Bag of Marbles","downfall:HeartBlessingGreen","Boot"],"acts_visited":["Exordium"],"potions_floor_usage":[11],"damage_taken":[{"damage":0,"enemies":"2 Louse","floor":4,"turns":1},{"damage":0,"enemies":"downfall:FleeingMerchant","floor":5,"turns":1},{"damage":0,"enemies":"Lagavulin","floor":6,"turns":1},{"damage":11,"enemies":"Jaw Worm","floor":8,"turns":3},{"damage":12,"enemies":"Gremlin Nob","floor":11,"turns":3},{"damage":2,"enemies":"Small Slimes","floor":12,"turns":3},{"damage":15,"enemies":"3 Sentries","floor":14,"turns":5},{"damage":21,"enemies":"2 Fungi Beasts","floor":15,"turns":3},{"damage":76,"enemies":"downfall:Defect","floor":16,"turns":6}],"seed_played":"-4317724536195663278","potions_obtained":[{"floor":6,"key":"Fire Potion"},{"floor":11,"key":"FairyPotion"},{"floor":14,"key":"SpeedPotion"}],"is_trial":false,"path_per_floor":["R","?","?","M","$","E","T","M","?","R","E","M","R","E","M","B"],"character_chosen":"THE_SNECKO","items_purchased":["sneckomod:CheapStock","Metamorphosis"],"campfire_rested":0,"item_purchase_floors":[5,5],"current_hp_per_floor":[90,90,90,91,91,92,92,82,82,82,70,70,70,63,45,0,0],"gold":341,"neow_bonus":"THREE_ENEMY_KILL","is_daily":false,"chose_seed":false,"campfire_upgraded":3,"win_rate":0.0,"timestamp":1609664119,"path_taken":["R","?","?","M","?","E","T","M","?","R","E","?","R","E","M","BOSS"],"items_purchased_type":["Card","Card"],"build_version":"2020-12-22","purchased_purges":1,"victory":false,"max_hp_per_floor":[90,90,90,91,91,92,92,93,93,93,93,95,95,96,97,97,97],"card_choices":[{"not_picked":["sneckomod:UnknownStrike","sneckomod:UnknownCommonAttack"],"picked":"sneckomod:Unknown1Cost","floor":4},{"not_picked":["sneckomod:UnknownBlock","sneckomod:UnknownStrike"],"picked":"sneckomod:DiceCrush","floor":5},{"not_picked":["sneckomod:UnknownClassGUARDIAN","sneckomod:UnknownClassGREEN"],"picked":"sneckomod:Unknown3Cost","floor":6},{"not_picked":["sneckomod:UnknownBlock","sneckomod:DefensiveFlair"],"picked":"sneckomod:Unknown1Cost","floor":8},{"not_picked":["sneckomod:QuickBite","sneckomod:Unknown3Cost"],"picked":"sneckomod:MorePower","floor":11},{"not_picked":["sneckomod:UnknownEthereal+1","sneckomod:UnknownClassRED+1"],"picked":"sneckomod:UnknownDexterity+1","floor":12},{"not_picked":["sneckomod:DiceCrush","sneckomod:UnknownStrike"],"picked":"sneckomod:Unknown1Cost","floor":12},{"not_picked":["sneckomod:UnknownClassTHE_CHAMP_GRAY+1","sneckomod:UnknownVulnerable+1"],"picked":"sneckomod:UnknownRareAttack+1","floor":14},{"not_picked":["sneckomod:UnknownStrike","sneckomod:DiceBlock","sneckomod:SnakeSap"],"picked":"SKIP","floor":14},{"not_picked":["sneckomod:UnknownEthereal+1","sneckomod:UnknownClassRED+1"],"picked":"sneckomod:UnknownColorless+1","floor":15},{"not_picked":["sneckomod:UnknownCommonAttack","sneckomod:QuickMove","sneckomod:UnknownBlock"],"picked":"SKIP","floor":15}],"player_experience":105965,"relics_obtained":[{"floor":6,"key":"Gremlin Horn"},{"floor":7,"key":"Mercury Hourglass"},{"floor":11,"key":"Bag of Marbles"},{"floor":14,"key":"Boot"}],"event_choices":[{"cards_removed":["sneckomod:Defend"],"damage_healed":0,"gold_gain":0,"player_choice":"Card Removal","damage_taken":0,"max_hp_gain":0,"max_hp_loss":0,"event_name":"The Cleric","floor":2,"gold_loss":0}],"is_beta":false,"boss_relics":[],"items_purged_floors":[5],"is_endless":false,"potions_floor_spawned":[6,11,14],"killed_by":"downfall:Defect","ascension_level":1}}