{"host":"8i4doyxqctgl5qb0","time":1609639697,"event":{"mods":["AchievementEnabler","BaseMod","Block Reminder","Colored Powertips","Downfall","Marisa£®ÏF”Í°°ƒß¿Ì…≥£©","Minty Spire (QoL Compilation)","Permanent Neow","Potion Indicator Mod","Rare Cards Sparkle","StSLib","SuperFastMode"],"gold_per_floor":[110,15,15,15,28,28,55,55,81,98,98,115,115,135,135,231,231,245,256,256,266,266,266],"floor_reached":22,"playtime":664,"items_purged":[],"score":205,"play_id":"7f0117ee-d6eb-40dc-b3d3-ad971f7d1e38","local_time":"20210103100817","is_ascension_mode":true,"campfire_choices":[{"floor":6.0,"key":"REST"},{"floor":11.0,"key":"REST"},{"floor":13.0,"key":"REST"},{"data":"Echo Form","floor":15.0,"key":"SMITH"}],"circlet_count":0,"master_deck":["Strike_B","Strike_B","Strike_B","Strike_B","Defend_B","Defend_B","Defend_B","Defend_B","Zap","Dualcast+1","expansioncontent:CaCaw","Sweeping Beam+1","Conserve Battery","Loop","Regret","Leap","Glacier","Heatsinks","Turbo","Sweeping Beam","Reinforced Body","Sweeping Beam","Echo Form+1","Electrodynamics","Defragment","Steam","Ball Lightning","Streamline","Storm","Coolheaded"],"relics":["Cracked Core","Darkstone Periapt","Prayer Wheel","Boot","Inserter","Smiling Mask"],"acts_visited":["Exordium","TheCity"],"potions_floor_usage":[],"damage_taken":[{"damage":4.0,"enemies":"Jaw Worm","floor":1.0,"turns":3.0},{"damage":11.0,"enemies":"Small Slimes","floor":5.0,"turns":2.0},{"damage":47.0,"enemies":"Gremlin Nob","floor":7.0,"turns":5.0},{"damage":2.0,"enemies":"Cultist","floor":10.0,"turns":4.0},{"damage":2.0,"enemies":"Exordium Wildlife","floor":12.0,"turns":2.0},{"damage":15.0,"enemies":"Large Slime","floor":14.0,"turns":6.0},{"damage":43.0,"enemies":"Slime Boss","floor":16.0,"turns":13.0},{"damage":40.0,"enemies":"Shell Parasite","floor":18.0,"turns":7.0},{"damage":7.0,"enemies":"3 Byrds","floor":19.0,"turns":2.0},{"damage":3.0,"enemies":"Centurion and Healer","floor":21.0,"turns":6.0},{"damage":38,"enemies":"Shelled Parasite and Fungi","floor":22,"turns":3}],"seed_played":"-5403622383890802865","potions_obtained":[{"floor":1.0,"key":"PotionOfCapacity"},{"floor":7.0,"key":"Block Potion"},{"floor":14.0,"key":"FocusPotion"},{"floor":18.0,"key":"LiquidBronze"}],"is_trial":false,"path_per_floor":["M","$","?","?","M","R","E","$","T","M","R","M","R","M","R","B",null,"M","M","?","M","M"],"character_chosen":"DEFECT","items_purchased":["Conserve Battery","Loop"],"campfire_rested":3,"item_purchase_floors":[2,2],"current_hp_per_floor":[71,71,56,62,51,75,28,28,28,26,50,48,72,57,57,14,81,41,34,34,31,0,0],"gold":266,"neow_bonus":"RANDOM_COLORLESS","is_daily":false,"chose_seed":false,"campfire_upgraded":1,"win_rate":0.0,"timestamp":1609639697,"path_taken":["M","$","?","?","M","R","E","$","T","M","R","M","R","M","R","BOSS","M","M","?","?","M"],"items_purchased_type":["Card","Card"],"build_version":"2020-12-22","purchased_purges":0,"victory":false,"max_hp_per_floor":[75,75,75,81,81,81,81,81,81,81,81,81,81,81,81,81,81,81,81,81,81,81,81],"card_choices":[{"not_picked":["Deep Breath","expansioncontent:GoopSpray"],"picked":"expansioncontent:CaCaw","floor":0.0},{"not_picked":["Stack","Skim"],"picked":"Sweeping Beam","floor":1.0},{"not_picked":["Go for the Eyes","Coolheaded"],"picked":"Leap","floor":5.0},{"not_picked":["Streamline","Loop"],"picked":"Glacier","floor":7.0},{"not_picked":["Chill","Consume"],"picked":"Heatsinks","floor":10.0},{"not_picked":["FTL","Chill"],"picked":"Turbo","floor":10.0},{"not_picked":["Fusion","Streamline"],"picked":"Sweeping Beam","floor":12.0},{"not_picked":["Skim","Coolheaded"],"picked":"Reinforced Body","floor":12.0},{"not_picked":["Barrage","Genetic Algorithm"],"picked":"Sweeping Beam","floor":14.0},{"not_picked":["Rebound","Barrage"],"picked":"Echo Form","floor":14.0},{"not_picked":["Core Surge","Thunder Strike"],"picked":"Electrodynamics","floor":16.0},{"not_picked":["Chaos","Darkness"],"picked":"Defragment","floor":18.0},{"not_picked":["Streamline","Heatsinks"],"picked":"Steam","floor":18.0},{"not_picked":["Turbo","Scrape"],"picked":"Ball Lightning","floor":19.0},{"not_picked":["Stack","FTL"],"picked":"Streamline","floor":19.0},{"not_picked":["Go for the Eyes+1","White Noise+1"],"picked":"Storm","floor":21.0},{"not_picked":["Streamline","Rebound+1"],"picked":"Coolheaded","floor":21.0}],"player_experience":38541,"relics_obtained":[{"floor":7.0,"key":"Prayer Wheel"},{"floor":9.0,"key":"Boot"}],"event_choices":[{"damage_healed":0.0,"max_hp_gain":0.0,"max_hp_loss":0.0,"gold_gain":0.0,"event_name":"Shining Light","player_choice":"Entered Light","floor":3.0,"gold_loss":0.0,"damage_taken":15.0,"cards_upgraded":["Sweeping Beam","Dualcast"]},{"damage_healed":0.0,"max_hp_gain":0.0,"max_hp_loss":0.0,"gold_gain":0.0,"event_name":"Big Fish","player_choice":"Box","floor":4.0,"gold_loss":0.0,"damage_taken":0.0,"relics_obtained":["Darkstone Periapt"],"cards_obtained":["Regret"]},{"damage_healed":0.0,"max_hp_gain":0.0,"max_hp_loss":0.0,"gold_gain":0.0,"event_name":"WeMeetAgain","player_choice":"Gave Potion","floor":20.0,"gold_loss":0.0,"damage_taken":0.0,"relics_obtained":["Smiling Mask"]}],"is_beta":false,"boss_relics":[{"not_picked":["Cursed Key","Astrolabe"],"picked":"Inserter"}],"items_purged_floors":[],"is_endless":false,"potions_floor_spawned":[1,7,14,18],"killed_by":"Shelled Parasite and Fungi","ascension_level":2}}