{"host":"31s8hzukbhz1k6i6","time":1609714237,"event":{"mods":["AchievementEnabler","BaseMod","Bestiary","Colored Map","Filter the Spire","Minty Spire (QoL Compilation)","Relic Stats","ojb\u0027s Info Mod"],"gold_per_floor":[117,117,117,132,152,185,185,213,238,265,15,35,53,80,80,157,157,110,110,121,121,121,121,155,205,205,221,233,265,265,290,290,368,368,382,382,394,394,21,21,32,32,113,145,191,216,230,263,263,263,263,263,263,13,43,43],"floor_reached":57,"playtime":4037,"items_purged":["Strike_R"],"score":3442,"play_id":"b2f0a60c-0b7c-4a81-bd3e-5fda78660a09","local_time":"20210103145037","is_ascension_mode":true,"campfire_choices":[{"data":"Barricade","floor":7.0,"key":"SMITH"},{"data":"Disarm","floor":15.0,"key":"SMITH"},{"floor":23.0,"key":"REST"},{"data":"Juggernaut","floor":30.0,"key":"SMITH"},{"data":"True Grit","floor":32.0,"key":"SMITH"},{"data":"Dark Embrace","floor":40.0,"key":"SMITH"},{"data":"Feel No Pain","floor":42.0,"key":"SMITH"},{"floor":49.0,"key":"RECALL"},{"data":"Fire Breathing","floor":53.0,"key":"SMITH"}],"circlet_count":0,"master_deck":["AscendersBane","Strike_R","Strike_R","Defend_R+1","Bash","Ghostly Armor+1","Shrug It Off+1","Havoc+1","Rage+1","Barricade+1","Twin Strike","Disarm+1","Fire Breathing+1","Clothesline","Dark Embrace+1","Feel No Pain+1","Seeing Red","Wild Strike","Wild Strike","Juggernaut+1","Intimidate","Shrug It Off","Second Wind","True Grit+1","Offering","Rage+1","Intimidate","Dark Embrace+1","Body Slam+1","Juggernaut"],"relics":["Astrolabe","MealTicket","Boot","Bottled Lightning","Toy Ornithopter","White Beast Statue","War Paint","Anchor","SlaversCollar","Nilry\u0027s Codex","Smiling Mask","InkBottle","Gambling Chip","Akabeko","Philosopher\u0027s Stone","FossilizedHelix","Mummified Hand","Self Forming Clay","Girya","Charon\u0027s Ashes","Happy Flower","Bag of Preparation","Mercury Hourglass"],"acts_visited":["Exordium","TheCity","TheBeyond","TheEnding"],"potions_floor_usage":[56,56],"damage_taken":[{"damage":1.0,"enemies":"Jaw Worm","floor":1.0,"turns":5.0},{"damage":0.0,"enemies":"Cultist","floor":4.0,"turns":4.0},{"damage":0.0,"enemies":"Small Slimes","floor":5.0,"turns":3.0},{"damage":30.0,"enemies":"3 Sentries","floor":6.0,"turns":12.0},{"damage":0.0,"enemies":"Lagavulin","floor":8.0,"turns":13.0},{"damage":16.0,"enemies":"3 Sentries","floor":10.0,"turns":5.0},{"damage":1.0,"enemies":"3 Louse","floor":12.0,"turns":4.0},{"damage":0.0,"enemies":"Large Slime","floor":13.0,"turns":8.0},{"damage":0.0,"enemies":"Lagavulin","floor":14.0,"turns":7.0},{"damage":0.0,"enemies":"Hexaghost","floor":16.0,"turns":11.0},{"damage":22.0,"enemies":"2 Thieves","floor":18.0,"turns":5.0},{"damage":0.0,"enemies":"Spheric Guardian","floor":20.0,"turns":7.0},{"damage":0.0,"enemies":"Book of Stabbing","floor":24.0,"turns":7.0},{"damage":18.0,"enemies":"Snecko","floor":27.0,"turns":9.0},{"damage":29.0,"enemies":"Shelled Parasite and Fungi","floor":28.0,"turns":13.0},{"damage":20.0,"enemies":"Slavers","floor":29.0,"turns":5.0},{"damage":18.0,"enemies":"Book of Stabbing","floor":31.0,"turns":5.0},{"damage":0.0,"enemies":"Automaton","floor":33.0,"turns":12.0},{"damage":10.0,"enemies":"3 Shapes","floor":35.0,"turns":5.0},{"damage":26.0,"enemies":"3 Darklings","floor":37.0,"turns":6.0},{"damage":0.0,"enemies":"4 Shapes","floor":41.0,"turns":6.0},{"damage":0.0,"enemies":"Reptomancer","floor":44.0,"turns":6.0},{"damage":17.0,"enemies":"2 Orb Walkers","floor":45.0,"turns":4.0},{"damage":0.0,"enemies":"Mind Bloom Boss Battle","floor":46.0,"turns":7.0},{"damage":0.0,"enemies":"Writhing Mass","floor":47.0,"turns":5.0},{"damage":0.0,"enemies":"Nemesis","floor":48.0,"turns":5.0},{"damage":0.0,"enemies":"Awakened One","floor":50.0,"turns":7.0},{"damage":12.0,"enemies":"Donu and Deca","floor":51.0,"turns":4.0},{"damage":0.0,"enemies":"Shield and Spear","floor":55.0,"turns":5.0},{"damage":36,"enemies":"The Heart","floor":56,"turns":6}],"seed_played":"-4758916253388547329","potions_obtained":[{"floor":1.0,"key":"Weak Potion"},{"floor":4.0,"key":"Explosive Potion"},{"floor":5.0,"key":"DuplicationPotion"},{"floor":12.0,"key":"Energy Potion"},{"floor":18.0,"key":"Regen Potion"},{"floor":24.0,"key":"Regen Potion"},{"floor":27.0,"key":"Fire Potion"},{"floor":28.0,"key":"Fire Potion"},{"floor":29.0,"key":"GamblersBrew"},{"floor":31.0,"key":"BloodPotion"},{"floor":33.0,"key":"BloodPotion"},{"floor":35.0,"key":"Dexterity Potion"},{"floor":37.0,"key":"DistilledChaos"},{"floor":41.0,"key":"Fire Potion"},{"floor":44.0,"key":"Regen Potion"},{"floor":45.0,"key":"HeartOfIron"},{"floor":55.0,"key":"FearPotion"}],"is_trial":false,"path_per_floor":["M","?","?","M","M","E","R","E","T","E","$","M","M","E","R","B",null,"M","?","M","?","?","R","E","?","T","M","M","E","R","E","R","B",null,"M","?","M","?","$","R","M","R","T","E","?","?","M","E","R","B","B",null,"R","$","E","B",null],"character_chosen":"IRONCLAD","items_purchased":["Feel No Pain","War Paint","FossilizedHelix","Bag of Preparation","DuplicationPotion"],"campfire_rested":1,"item_purchase_floors":[11,11,39,54,54],"current_hp_per_floor":[67,56,56,56,56,26,26,26,26,10,25,24,24,24,24,24,62,40,19,19,19,19,41,66,66,66,48,39,29,29,11,11,31,64,54,54,47,37,52,52,57,57,57,57,57,57,57,57,57,57,45,65,65,71,71,35],"gold":43,"neow_bonus":"BOSS_RELIC","is_daily":false,"chose_seed":false,"campfire_upgraded":7,"win_rate":0.0,"timestamp":1609714237,"path_taken":["M","?","?","M","M","E","R","E","T","E","$","?","M","E","R","BOSS","M","?","M","?","?","R","E","?","T","M","M","E","R","E","R","BOSS","M","?","M","?","$","R","M","R","T","E","?","?","?","E","R","BOSS","BOSS","R","$","E","BOSS"],"items_purchased_type":["Card","Relic","Relic","Relic","Potion"],"build_version":"2020-12-22","purchased_purges":1,"victory":true,"max_hp_per_floor":[75,75,75,75,75,75,75,75,75,75,75,75,75,75,75,75,75,75,75,75,75,75,75,75,75,75,75,75,75,75,75,75,75,75,75,71,71,71,71,71,71,71,71,71,71,71,71,71,71,71,71,71,71,71,71,71],"relic_stats":{"Happy Flower":[7],"counters":[30,201],"Self Forming Clay":[18],"Astrolabe":["Ghostly Armor","Shrug It Off","Havoc"],"Charon\u0027s Ashes":[342],"Bag of Preparation":[4],"War Paint":["Defend_R","Rage"],"Boot":[46],"Smiling Mask":25,"Mercury Hourglass":[18],"Mummified Hand":[66],"Gambling Chip":[29],"MealTicket":36,"obtain_stats":[{"Girya":45,"Happy Flower":48,"Nilry\u0027s Codex":19,"Self Forming Clay":44,"Astrolabe":0,"Charon\u0027s Ashes":46,"Bag of Preparation":54,"War Paint":11,"Boot":6,"Smiling Mask":24,"Burning Blood":0,"White Beast Statue":10,"Akabeko":31,"Mercury Hourglass":55,"SlaversCollar":17,"Anchor":14,"Mummified Hand":43,"Gambling Chip":29,"MealTicket":2,"Philosopher\u0027s Stone":34,"Bottled Lightning":8,"Toy Ornithopter":9,"InkBottle":26,"FossilizedHelix":39},{"Girya":23,"Happy Flower":26,"Nilry\u0027s Codex":11,"Self Forming Clay":22,"Astrolabe":0,"Charon\u0027s Ashes":24,"Bag of Preparation":28,"War Paint":6,"Boot":4,"Smiling Mask":13,"Burning Blood":0,"White Beast Statue":6,"Akabeko":17,"Mercury Hourglass":29,"SlaversCollar":10,"Anchor":9,"Mummified Hand":21,"Gambling Chip":16,"MealTicket":1,"Philosopher\u0027s Stone":18,"Bottled Lightning":5,"Toy Ornithopter":5,"InkBottle":13,"FossilizedHelix":20},{"Girya":162,"Happy Flower":179,"Nilry\u0027s Codex":77,"Self Forming Clay":158,"Astrolabe":0,"Charon\u0027s Ashes":169,"Bag of Preparation":190,"War Paint":42,"Boot":24,"Smiling Mask":91,"Burning Blood":0,"White Beast Statue":42,"Akabeko":123,"Mercury Hourglass":195,"SlaversCollar":72,"Anchor":61,"Mummified Hand":152,"Gambling Chip":118,"MealTicket":5,"Philosopher\u0027s Stone":135,"Bottled Lightning":37,"Toy Ornithopter":37,"InkBottle":91,"FossilizedHelix":146}],"Toy Ornithopter":45,"InkBottle":[53]},"card_choices":[{"not_picked":["True Grit","Headbutt"],"picked":"Rage","floor":1.0},{"not_picked":["Rupture","Clash"],"picked":"Twin Strike","floor":4.0},{"not_picked":["Second Wind","Iron Wave"],"picked":"Disarm","floor":5.0},{"not_picked":["Armaments","Blood for Blood"],"picked":"Fire Breathing","floor":6.0},{"not_picked":["Body Slam","Rampage"],"picked":"Clothesline","floor":8.0},{"not_picked":["Sword Boomerang","Body Slam"],"picked":"Dark Embrace","floor":10.0},{"not_picked":["Headbutt","Armaments"],"picked":"Seeing Red","floor":12.0},{"not_picked":["Rupture","Sword Boomerang"],"picked":"Wild Strike","floor":13.0},{"not_picked":["Battle Trance","Second Wind"],"picked":"Wild Strike","floor":14.0},{"not_picked":["Reaper","Limit Break"],"picked":"Juggernaut","floor":16.0},{"not_picked":["Wild Strike","Clothesline","Havoc"],"picked":"SKIP","floor":18.0},{"not_picked":["Flex","Dropkick"],"picked":"Intimidate","floor":20.0},{"not_picked":["Fire Breathing","Anger","Carnage"],"picked":"SKIP","floor":24.0},{"not_picked":["Havoc","Barricade"],"picked":"Shrug It Off","floor":27.0},{"not_picked":["Anger","Headbutt"],"picked":"Second Wind","floor":28.0},{"not_picked":["Carnage","Armaments","Inflame"],"picked":"SKIP","floor":29.0},{"not_picked":["Iron Wave","Dark Embrace"],"picked":"True Grit","floor":31.0},{"not_picked":["Juggernaut","Berserk"],"picked":"Offering","floor":33.0},{"not_picked":["Clothesline+1","Anger+1"],"picked":"Rage+1","floor":35.0},{"not_picked":["Inflame","Iron Wave"],"picked":"Intimidate","floor":37.0},{"not_picked":["Armaments","Pummel"],"picked":"Dark Embrace+1","floor":41.0},{"not_picked":["Sword Boomerang+1","Flex","Cleave"],"picked":"SKIP","floor":44.0},{"not_picked":["Burning Pact+1","Spot Weakness+1"],"picked":"Body Slam+1","floor":47.0},{"not_picked":["True Grit","Havoc","Searing Blow+1"],"picked":"SKIP","floor":48.0},{"not_picked":["Twin Strike","Havoc+1"],"picked":"Juggernaut","floor":55.0}],"player_experience":139915,"relics_obtained":[{"floor":6.0,"key":"Boot"},{"floor":8.0,"key":"Bottled Lightning"},{"floor":9.0,"key":"Toy Ornithopter"},{"floor":10.0,"key":"White Beast Statue"},{"floor":14.0,"key":"Anchor"},{"floor":19.0,"key":"Nilry\u0027s Codex"},{"floor":24.0,"key":"Smiling Mask"},{"floor":26.0,"key":"InkBottle"},{"floor":29.0,"key":"Gambling Chip"},{"floor":31.0,"key":"Akabeko"},{"floor":43.0,"key":"Mummified Hand"},{"floor":44.0,"key":"Self Forming Clay"},{"floor":45.0,"key":"Girya"},{"floor":46.0,"key":"Charon\u0027s Ashes"},{"floor":48.0,"key":"Happy Flower"},{"floor":55.0,"key":"Mercury Hourglass"}],"event_choices":[{"damage_healed":0.0,"max_hp_gain":0.0,"max_hp_loss":0.0,"gold_gain":0.0,"event_name":"Scrap Ooze","player_choice":"Success","floor":2.0,"gold_loss":0.0,"damage_taken":11.0,"relics_obtained":["MealTicket"]},{"damage_healed":0.0,"max_hp_gain":0.0,"max_hp_loss":0.0,"gold_gain":0.0,"cards_transformed":["Defend_R"],"event_name":"Transmorgrifier","player_choice":"Transformed","floor":3.0,"gold_loss":0.0,"damage_taken":0.0,"cards_obtained":["Barricade"]},{"damage_healed":0.0,"max_hp_gain":0.0,"max_hp_loss":0.0,"gold_gain":0.0,"event_name":"Cursed Tome","player_choice":"Obtained Book","floor":19.0,"gold_loss":0.0,"damage_taken":21.0},{"damage_healed":0.0,"max_hp_gain":0.0,"max_hp_loss":0.0,"gold_gain":0.0,"event_name":"Vampires","player_choice":"Ignored","floor":21.0,"gold_loss":0.0,"damage_taken":0.0},{"cards_removed":["Strike_R"],"damage_healed":0.0,"max_hp_gain":0.0,"max_hp_loss":0.0,"gold_gain":0.0,"event_name":"Back to Basics","player_choice":"Elegance","floor":22.0,"gold_loss":0.0,"damage_taken":0.0},{"damage_healed":0.0,"max_hp_gain":0.0,"max_hp_loss":0.0,"gold_gain":50.0,"event_name":"Nest","player_choice":"Stole From Cult","floor":25.0,"gold_loss":0.0,"damage_taken":0.0},{"damage_healed":0.0,"max_hp_gain":0.0,"max_hp_loss":4.0,"gold_gain":0.0,"event_name":"Winding Halls","player_choice":"Max HP","floor":36.0,"gold_loss":0.0,"damage_taken":0.0},{"damage_healed":0.0,"max_hp_gain":0.0,"max_hp_loss":0.0,"gold_gain":0.0,"event_name":"SensoryStone","player_choice":"Memory 3","floor":38.0,"gold_loss":0.0,"damage_taken":10.0},{"damage_healed":0.0,"max_hp_gain":0.0,"max_hp_loss":0.0,"gold_gain":0.0,"event_name":"Mysterious Sphere","player_choice":"Fight","floor":45.0,"gold_loss":0.0,"damage_taken":0.0},{"damage_healed":0.0,"max_hp_gain":0.0,"max_hp_loss":0.0,"gold_gain":0.0,"event_name":"MindBloom","player_choice":"Fight","floor":46.0,"gold_loss":0.0,"damage_taken":0.0}],"is_beta":false,"boss_relics":[{"not_picked":["Runic Cube","Runic Pyramid"],"picked":"SlaversCollar"},{"not_picked":["Velvet Choker","Empty Cage"],"picked":"Philosopher\u0027s Stone"}],"items_purged_floors":[39],"is_endless":false,"potions_floor_spawned":[1,4,5,12,13,14,16,18,20,24,27,28,29,31,33,35,37,41,44,45,46,47,48,55],"ascension_level":20}}