{"host":"Jinnai","time":1609696779,"event":{"mods":["BaseMod","Bestiary","Block Reminder","Colored Map","Colored Powertips","Highlight Path","Minty Spire (QoL Compilation)","Quick Restart","Relic Stats"],"gold_per_floor":[118,118,44,44,61,89,89,11,62,72,107,107,138,150,150,150,150],"floor_reached":16,"playtime":613,"items_purged":[],"score":279,"play_id":"61e83be5-2c7d-4013-b8de-e74d80e40902","local_time":"20210103125939","is_ascension_mode":true,"campfire_choices":[{"data":"Collect","floor":7,"key":"SMITH"},{"floor":15,"key":"REST"}],"circlet_count":0,"master_deck":["AscendersBane","Strike_P+1","Strike_P","Strike_P","Defend_P","Defend_P","Defend_P","Defend_P","Eruption","Vigilance","Weave+1","BattleHymn","Collect+1","Wireheading","BowlingBash","TalkToTheHand","Judgement","Scrawl+1","Study","EmptyMind+1"],"relics":["PureWater","NeowsBlessing","Mummified Hand","Smiling Mask","Toxic Egg 2","Centennial Puzzle"],"acts_visited":["Exordium"],"potions_floor_usage":[11,16,16],"damage_taken":[{"damage":0,"enemies":"2 Louse","floor":1,"turns":1},{"damage":0,"enemies":"Small Slimes","floor":5,"turns":2},{"damage":0,"enemies":"Lagavulin","floor":6,"turns":2},{"damage":0,"enemies":"Cultist","floor":10,"turns":2},{"damage":10,"enemies":"3 Sentries","floor":11,"turns":5},{"damage":25,"enemies":"Lagavulin","floor":13,"turns":5},{"damage":2,"enemies":"Blue Slaver","floor":14,"turns":3},{"damage":29,"enemies":"Hexaghost","floor":16,"turns":7}],"seed_played":"-4227932156229964251","potions_obtained":[{"floor":1,"key":"PowerPotion"},{"floor":10,"key":"SpeedPotion"},{"floor":13,"key":"StancePotion"},{"floor":14,"key":"Strength Potion"}],"is_trial":false,"path_per_floor":["M","?","$","?","M","E","R","$","T","M","E","?","E","M","R","B"],"character_chosen":"WATCHER","items_purchased":["BattleHymn","TalkToTheHand"],"campfire_rested":1,"item_purchase_floors":[3,8],"current_hp_per_floor":[61,41,41,41,41,41,41,41,41,41,31,31,6,4,24,0,0],"gold":150,"neow_bonus":"THREE_ENEMY_KILL","is_daily":false,"chose_seed":false,"campfire_upgraded":1,"win_rate":0.0,"timestamp":1609696779,"path_taken":["M","?","$","?","?","E","R","$","T","M","E","?","E","?","R","BOSS"],"items_purchased_type":["Card","Card"],"build_version":"2020-12-18","purchased_purges":0,"victory":false,"max_hp_per_floor":[68,68,68,68,68,68,68,68,68,68,68,68,68,68,68,68,68],"relic_stats":{"Centennial Puzzle":[6],"counters":[8,27],"Mummified Hand":[11],"Smiling Mask":0,"obtain_stats":[{"Centennial Puzzle":13,"NeowsBlessing":0,"Mummified Hand":6,"PureWater":0,"Toxic Egg 2":11,"Smiling Mask":9},{"Centennial Puzzle":6,"NeowsBlessing":0,"Mummified Hand":3,"PureWater":0,"Toxic Egg 2":5,"Smiling Mask":3},{"Centennial Puzzle":17,"NeowsBlessing":0,"Mummified Hand":5,"PureWater":0,"Toxic Egg 2":12,"Smiling Mask":5}]},"card_choices":[{"not_picked":["EmptyMind","FlurryOfBlows"],"picked":"Weave","floor":1},{"not_picked":["PathToVictory","Pray"],"picked":"Wireheading","floor":5},{"not_picked":["SashWhip","FollowUp"],"picked":"BowlingBash","floor":6},{"not_picked":["FlurryOfBlows","EmptyBody"],"picked":"Judgement","floor":10},{"not_picked":["CarveReality","Protect+1"],"picked":"Scrawl+1","floor":11},{"not_picked":["Crescendo+1","CrushJoints"],"picked":"Study","floor":13},{"not_picked":["Consecrate","EmptyBody+1"],"picked":"EmptyMind+1","floor":14}],"player_experience":1497062,"relics_obtained":[{"floor":6,"key":"Mummified Hand"},{"floor":9,"key":"Smiling Mask"},{"floor":11,"key":"Toxic Egg 2"},{"floor":13,"key":"Centennial Puzzle"}],"event_choices":[{"damage_healed":0,"gold_gain":0,"player_choice":"Entered Light","damage_taken":20,"max_hp_gain":0,"max_hp_loss":0,"event_name":"Shining Light","floor":2,"gold_loss":0,"cards_upgraded":["Weave","Strike_P"]},{"damage_healed":0,"gold_gain":0,"player_choice":"1 cards matched","damage_taken":0,"max_hp_gain":0,"max_hp_loss":0,"event_name":"Match and Keep!","floor":4,"gold_loss":0,"cards_obtained":["Collect"]},{"cards_removed":["Strike_P"],"damage_healed":0,"gold_gain":0,"player_choice":"Purged","damage_taken":0,"max_hp_gain":0,"max_hp_loss":0,"event_name":"Purifier","floor":12,"gold_loss":0}],"is_beta":true,"boss_relics":[],"items_purged_floors":[],"is_endless":false,"potions_floor_spawned":[1,10,13,14],"killed_by":"Hexaghost","ascension_level":19}}