{"host":"5jyeqch4fosnsiz2","time":1609695401,"event":{"mods":["BaseMod","Bestiary","Colored Map","Colored Powertips","Filter the Spire","Minty Spire (QoL Compilation)","Relic Stats","StSLib","Waifu the Spire","ojb\u0027s Better Paths Mod","ojb\u0027s Info Mod"],"gold_per_floor":[214,214,94,94,110,143,161,161,208,208,208,208],"floor_reached":11,"playtime":404,"items_purged":["Strike_R"],"score":71,"play_id":"a4bbbb5f-f873-4eb3-b840-a828a114e402","local_time":"20210103123641","is_ascension_mode":false,"campfire_choices":[{"data":"Rage","floor":8,"key":"SMITH"},{"floor":10,"key":"REST"}],"circlet_count":0,"master_deck":["Strike_R","Strike_R","Strike_R","Strike_R","Defend_R","Defend_R","Defend_R","Defend_R","Bash","Heavy Blade","Armaments","Bloodletting","Ghostly Armor","Sword Boomerang","Rage+1"],"relics":["Burning Blood","Golden Idol","Pen Nib","Centennial Puzzle"],"acts_visited":["Exordium"],"potions_floor_usage":[5],"damage_taken":[{"damage":8,"enemies":"2 Louse","floor":1,"turns":3},{"damage":5,"enemies":"Cultist","floor":5,"turns":4},{"damage":67,"enemies":"Lagavulin","floor":6,"turns":11},{"damage":9,"enemies":"Jaw Worm","floor":7,"turns":4},{"damage":43,"enemies":"Gremlin Nob","floor":11,"turns":5}],"seed_played":"4306741209077232119","potions_obtained":[{"floor":1,"key":"EssenceOfSteel"}],"is_trial":false,"path_per_floor":["M","?","$","?","M","E","M","R","T","R","E"],"character_chosen":"IRONCLAD","items_purchased":["Armaments"],"campfire_rested":1,"item_purchase_floors":[3],"current_hp_per_floor":[78,74,74,74,74,13,10,10,10,32,0,0],"gold":208,"neow_bonus":"HUNDRED_GOLD","is_daily":false,"chose_seed":false,"campfire_upgraded":1,"win_rate":0.0,"timestamp":1609695401,"path_taken":["M","?","$","?","M","E","M","R","T","R","E"],"items_purchased_type":["Card"],"build_version":"2020-12-22","purchased_purges":1,"victory":false,"max_hp_per_floor":[80,74,74,74,74,74,74,74,74,74,74,74],"relic_stats":{"Centennial Puzzle":[3],"counters":[5,27],"Golden Idol":14,"Pen Nib":[1],"obtain_stats":[{"Centennial Puzzle":9,"Golden Idol":2,"Pen Nib":6,"Burning Blood":0},{"Centennial Puzzle":4,"Golden Idol":1,"Pen Nib":3,"Burning Blood":0},{"Centennial Puzzle":22,"Golden Idol":3,"Pen Nib":18,"Burning Blood":0}],"Burning Blood":23},"card_choices":[{"not_picked":["Thunderclap","Sword Boomerang"],"picked":"Heavy Blade","floor":1},{"not_picked":["Havoc","Hemokinesis"],"picked":"Ghostly Armor","floor":5},{"not_picked":["Twin Strike","Pommel Strike"],"picked":"Sword Boomerang","floor":6},{"not_picked":["Clash","Cleave"],"picked":"Rage","floor":7}],"player_experience":290974,"relics_obtained":[{"floor":6,"key":"Pen Nib"},{"floor":9,"key":"Centennial Puzzle"}],"event_choices":[{"damage_healed":0,"gold_gain":0,"player_choice":"Lose Max HP","damage_taken":0,"relics_obtained":["Golden Idol"],"max_hp_gain":0,"max_hp_loss":6,"event_name":"Golden Idol","floor":2,"gold_loss":0},{"damage_healed":0,"gold_gain":0,"player_choice":"1 cards matched","damage_taken":0,"max_hp_gain":0,"max_hp_loss":0,"event_name":"Match and Keep!","floor":4,"gold_loss":0,"cards_obtained":["Bloodletting"]}],"is_beta":false,"boss_relics":[],"items_purged_floors":[3],"is_endless":false,"potions_floor_spawned":[1],"killed_by":"Gremlin Nob","ascension_level":0}}