{"host":"qy7jow5usmjkdnnq","time":1609714210,"event":{"mods":["BaseMod","Colored Map","Downfall","Minty Spire (QoL Compilation)","Permanent Neow","Relic Stats","StSLib"],"gold_per_floor":[99,110,128,128,128,28,28,57,42,67,13,47,47,78,90,190,190,90,105,105,118,133,165,165,193,224,124,124,149,162,196,211,309,309,309,322,339,339,339,367,393,405,452,478,166,178,213,213,223,223,223,249,53,53,53,53],"floor_reached":57,"playtime":6403,"items_purged":[],"score":1944,"play_id":"4b68df5d-092f-4704-90ae-95363f616472","local_time":"20210103235010","is_ascension_mode":true,"campfire_choices":[{"floor":1,"key":"RECALL"},{"data":"sneckomod:UnknownEthereal","floor":6,"key":"SMITH"},{"data":"sneckomod:SerpentMind","floor":18,"key":"SMITH"},{"data":"RitualDagger","floor":27,"key":"SMITH"},{"data":"sneckomod:TrashToTreasure","floor":35,"key":"SMITH"},{"data":"expansioncontent:Chronoboost","floor":54,"key":"SMITH"}],"circlet_count":0,"master_deck":["sneckomod:Strike","sneckomod:Strike","sneckomod:Defend","sneckomod:Defend","sneckomod:Defend","sneckomod:TailWhip","sneckomod:SnekBite","sneckomod:Unknown","sneckomod:Unknown","sneckomod:DefensiveFlair","sneckomod:UnknownEthereal+1","sneckomod:UnknownVulnerable","sneckomod:UnknownUncommonAttack","sneckomod:SerpentMind+1","sneckomod:QuickMove","sneckomod:QuickBite","sneckomod:TrashToTreasure+1","sneckomod:SlitherStrike","sneckomod:UnknownX","sneckomod:MorePower","sneckomod:UnknownRareSkill+1","RitualDagger+1","sneckomod:UnknownDexterity+1","sneckomod:UnknownStrength+1","sneckomod:UnknownClassSLIMEBOUND+1","sneckomod:UnknownEthereal+1","sneckomod:SerpentIdol","sneckomod:UnknownUncommonPower+1","sneckomod:CheapStock","sneckomod:Unknown2Cost+1","sneckomod:Unknown0Cost+1","sneckomod:UnknownClassSLIMEBOUND+1","sneckomod:SoulCleanse+1","sneckomod:UnknownWeak+1","sneckomod:Unknown3Cost+1","sneckomod:UnknownStrength+1","sneckomod:Unknown2Cost","sneckomod:Unknown3Cost+1","sneckomod:SoulRoll","sneckomod:SnakeSap","sneckomod:UnknownX+1","sneckomod:UnknownBlock","sneckomod:SnakeSap+1","sneckomod:UnknownExhaust+1","expansioncontent:Chronoboost+1","expansioncontent:DefensiveMode","expansioncontent:FaceSlap","sneckomod:SoulCleanse+1","sneckomod:Nope+1","sneckomod:UnknownRareSkill+1"],"relics":["sneckomod:SneckoSoul","downfall:ShatteredFragment","downfall:HeartBlessingRed","Kunai","Gremlin Horn","Bag of Preparation","Ice Cream","Happy Flower","SlaversCollar","downfall:HeartBlessingGreen","Toy Ornithopter","Question Card","Sundial","PreservedInsect","Juzu Bracelet","downfall:HeartBlessingBlue","Nilry\u0027s Codex","Vajra","Oddly Smooth Stone","Snecko Eye","Unceasing Top","Smiling Mask","Regal Pillow","Orichalcum","HornCleat","Mummified Hand","Blood Vial","Nunchaku"],"acts_visited":["Exordium","TheCity","TheBeyond","TheEnding"],"potions_floor_usage":[10,12,23,33,33,56,56],"damage_taken":[{"damage":4,"enemies":"Cultist","floor":2,"turns":5},{"damage":7,"enemies":"Jaw Worm","floor":3,"turns":3},{"damage":3,"enemies":"Lagavulin","floor":8,"turns":4},{"damage":0,"enemies":"downfall:FleeingMerchant","floor":9,"turns":4},{"damage":0,"enemies":"Gremlin Nob","floor":10,"turns":3},{"damage":0,"enemies":"downfall:FleeingMerchant","floor":11,"turns":4},{"damage":3,"enemies":"Lagavulin","floor":12,"turns":4},{"damage":2,"enemies":"3 Sentries","floor":14,"turns":4},{"damage":0,"enemies":"Small Slimes","floor":15,"turns":1},{"damage":29,"enemies":"downfall:Defect","floor":16,"turns":7},{"damage":3,"enemies":"Shell Parasite","floor":19,"turns":4},{"damage":0,"enemies":"Spheric Guardian","floor":21,"turns":4},{"damage":11,"enemies":"Snecko","floor":22,"turns":4},{"damage":0,"enemies":"Gremlin Leader","floor":23,"turns":4},{"damage":13,"enemies":"Book of Stabbing","floor":25,"turns":5},{"damage":6,"enemies":"downfall:FleeingMerchant","floor":26,"turns":4},{"damage":4,"enemies":"Slavers","floor":29,"turns":4},{"damage":11,"enemies":"Sentry and Sphere","floor":30,"turns":3},{"damage":8,"enemies":"Book of Stabbing","floor":31,"turns":4},{"damage":0,"enemies":"Centurion and Healer","floor":32,"turns":3},{"damage":0,"enemies":"downfall:Ironclad","floor":33,"turns":7},{"damage":6,"enemies":"3 Shapes","floor":36,"turns":2},{"damage":9,"enemies":"3 Darklings","floor":37,"turns":4},{"damage":15,"enemies":"Giant Head","floor":40,"turns":6},{"damage":2,"enemies":"Jaw Worm Horde","floor":42,"turns":3},{"damage":15,"enemies":"Writhing Mass","floor":46,"turns":5},{"damage":0,"enemies":"Nemesis","floor":47,"turns":3},{"damage":0,"enemies":"Spire Growth","floor":49,"turns":1},{"damage":20,"enemies":"downfall:Silent","floor":50,"turns":3},{"damage":0,"enemies":"downfall:CharBossMerchant","floor":52,"turns":3},{"damage":25,"enemies":"downfall:NeowBossFinal","floor":56,"turns":7}],"seed_played":"5226129419829187152","potions_obtained":[{"floor":2,"key":"ColorlessPotion"},{"floor":3,"key":"GamblersBrew"},{"floor":10,"key":"PowerPotion"},{"floor":14,"key":"Swift Potion"},{"floor":22,"key":"Explosive Potion"},{"floor":23,"key":"FearPotion"},{"floor":25,"key":"Weak Potion"},{"floor":29,"key":"Dexterity Potion"},{"floor":32,"key":"DistilledChaos"},{"floor":37,"key":"Explosive Potion"},{"floor":40,"key":"Explosive Potion"},{"floor":47,"key":"champ:CounterPotion"},{"floor":52,"key":"sneckomod:MuddlingPotion"}],"is_trial":false,"path_per_floor":["R","M","M","?","?","R","T","E","$","E","$","E","?","E","M","B",null,"R","M","?","M","M","E","T","E","$","R","?","E","M","E","M","B",null,"R","M","M","?","?","E","T","M","?","T","$","M","E","?","M","B",null,"E","$","R","B","B",null],"character_chosen":"THE_SNECKO","items_purchased":["sneckomod:TrashToTreasure","PreservedInsect","Juzu Bracelet","HornCleat","sneckomod:UnknownBlock","Nunchaku","Dexterity Potion"],"campfire_rested":0,"item_purchase_floors":[11,26,26,45,45,53,53],"current_hp_per_floor":[90,87,81,81,60,60,60,58,58,58,58,55,43,42,42,13,94,94,92,86,88,78,79,79,67,62,72,56,53,43,36,37,48,116,116,111,103,103,103,103,103,102,102,102,103,104,104,94,94,74,121,122,122,122,107,109],"gold":53,"neow_bonus":"THREE_CARDS","is_daily":false,"chose_seed":false,"campfire_upgraded":5,"win_rate":0.0,"timestamp":1609714210,"path_taken":["R","M","M","?","?","R","T","E","?","E","$","E","?","E","M","BOSS","R","M","?","M","M","E","T","E","$","R","?","E","M","E","M","BOSS","R","M","M","?","?","E","T","M","?","?","$","M","E","?","M","BOSS","E","$","R","BOSS","BOSS"],"items_purchased_type":["Card","Relic","Relic","Relic","Card","Relic","Potion"],"build_version":"2020-12-22","purchased_purges":0,"victory":true,"max_hp_per_floor":[90,91,92,92,92,92,92,93,93,93,93,93,93,94,94,94,94,94,95,95,97,98,99,99,100,101,111,111,112,113,114,115,116,116,116,117,118,118,118,118,118,119,119,119,120,121,121,121,121,121,121,122,122,122,122,122],"relic_stats":{"Regal Pillow":0,"Gremlin Horn":[23,28],"Happy Flower":[33],"counters":[32,129],"PreservedInsect":353,"Bag of Preparation":[50],"Juzu Bracelet":1,"Orichalcum":[0],"Question Card":47,"Smiling Mask":0,"Blood Vial":2,"Nunchaku":[8],"Sundial":[6],"Mummified Hand":[54],"Snecko Eye":[91,113,115,118],"Kunai":[103],"obtain_stats":[{"Ice Cream":13,"Regal Pillow":43,"Gremlin Horn":10,"Nilry\u0027s Codex":28,"Vajra":29,"downfall:HeartBlessingGreen":18,"Bag of Preparation":12,"Juzu Bracelet":26,"sneckomod:SneckoSoul":0,"Smiling Mask":41,"Blood Vial":52,"Nunchaku":53,"HornCleat":45,"Sundial":25,"downfall:HeartBlessingBlue":27,"Mummified Hand":47,"Kunai":8,"downfall:ShatteredFragment":5,"downfall:HeartBlessingRed":6,"Happy Flower":14,"Oddly Smooth Stone":31,"PreservedInsect":26,"Orichalcum":44,"Question Card":24,"SlaversCollar":17,"Snecko Eye":34,"Toy Ornithopter":23,"Unceasing Top":40},{"Ice Cream":7,"Regal Pillow":25,"Gremlin Horn":5,"Nilry\u0027s Codex":16,"Vajra":17,"downfall:HeartBlessingGreen":10,"Bag of Preparation":7,"Juzu Bracelet":16,"sneckomod:SneckoSoul":0,"Smiling Mask":24,"Blood Vial":30,"Nunchaku":30,"HornCleat":25,"Sundial":15,"downfall:HeartBlessingBlue":16,"Mummified Hand":27,"Kunai":3,"downfall:ShatteredFragment":2,"downfall:HeartBlessingRed":2,"Happy Flower":8,"Oddly Smooth Stone":19,"PreservedInsect":16,"Orichalcum":25,"Question Card":14,"SlaversCollar":10,"Snecko Eye":21,"Toy Ornithopter":14,"Unceasing Top":24},{"Ice Cream":27,"Regal Pillow":99,"Gremlin Horn":19,"Nilry\u0027s Codex":63,"Vajra":67,"downfall:HeartBlessingGreen":39,"Bag of Preparation":27,"Juzu Bracelet":63,"sneckomod:SneckoSoul":0,"Smiling Mask":96,"Blood Vial":114,"Nunchaku":114,"HornCleat":99,"Sundial":59,"downfall:HeartBlessingBlue":63,"Mummified Hand":107,"Kunai":12,"downfall:ShatteredFragment":8,"downfall:HeartBlessingRed":8,"Happy Flower":31,"Oddly Smooth Stone":74,"PreservedInsect":63,"Orichalcum":99,"Question Card":55,"SlaversCollar":39,"Snecko Eye":84,"Toy Ornithopter":55,"Unceasing Top":96}],"Toy Ornithopter":20,"Unceasing Top":[3]},"card_choices":[{"not_picked":["sneckomod:Nope","sneckomod:DiceCrush"],"picked":"sneckomod:DefensiveFlair","floor":0},{"not_picked":["sneckomod:SoulCleanse","sneckomod:DefensiveFlair"],"picked":"sneckomod:UnknownEthereal","floor":2},{"not_picked":["sneckomod:DiceCrush","sneckomod:UnknownX"],"picked":"sneckomod:UnknownVulnerable","floor":3},{"not_picked":["sneckomod:DefensiveFlair","sneckomod:DiceBoulder"],"picked":"sneckomod:UnknownUncommonAttack","floor":8},{"not_picked":["sneckomod:DiceCrush","sneckomod:IronFang"],"picked":"sneckomod:SerpentMind","floor":9},{"not_picked":["sneckomod:Rotation","sneckomod:Mudshield"],"picked":"sneckomod:QuickMove","floor":10},{"not_picked":["sneckomod:UnknownCommonAttack","sneckomod:UnknownStrike"],"picked":"sneckomod:QuickBite","floor":11},{"not_picked":["sneckomod:IronFang","sneckomod:DefensiveFlair"],"picked":"sneckomod:SlitherStrike","floor":12},{"not_picked":["sneckomod:Unknown1Cost","sneckomod:UnknownBlock"],"picked":"sneckomod:UnknownX","floor":14},{"not_picked":["sneckomod:DiceCrush","sneckomod:SoulDraw","sneckomod:MixItUp"],"picked":"SKIP","floor":15},{"not_picked":["sneckomod:SoulExchange","sneckomod:Unknown3Cost"],"picked":"sneckomod:MorePower","floor":16},{"not_picked":["sneckomod:UnknownUncommonPower+1","sneckomod:UnknownUncommonSkill+1"],"picked":"sneckomod:UnknownRareSkill+1","floor":19},{"not_picked":["sneckomod:SoulDraw","sneckomod:UnknownClassTHE_BRONZE_AUTOMATON","sneckomod:WideSting"],"picked":"SKIP","floor":19},{"not_picked":["sneckomod:Unknown+1","sneckomod:UnknownClassRED+1"],"picked":"sneckomod:UnknownDexterity+1","floor":21},{"not_picked":["sneckomod:UnendingSupply","sneckomod:PureSnecko"],"picked":"sneckomod:UnknownStrength+1","floor":21},{"not_picked":["sneckomod:UnknownCommonAttack+1","sneckomod:UnknownClassHEXA_GHOST_PURPLE+1"],"picked":"sneckomod:UnknownClassSLIMEBOUND+1","floor":22},{"not_picked":["sneckomod:Mudshield","sneckomod:Unknown2Cost","sneckomod:UnknownCommonSkill"],"picked":"SKIP","floor":22},{"not_picked":["sneckomod:UnknownX+1","sneckomod:UnknownRareSkill+1"],"picked":"sneckomod:UnknownEthereal+1","floor":23},{"not_picked":["sneckomod:GlitteringGambit","sneckomod:UnknownClassTHE_BRONZE_AUTOMATON"],"picked":"sneckomod:SerpentIdol","floor":23},{"not_picked":["sneckomod:Unknown1Cost+1","sneckomod:UnknownClassSLIMEBOUND+1","sneckomod:Unknown+1"],"picked":"sneckomod:UnknownUncommonPower+1","floor":25},{"not_picked":["sneckomod:SoulExchange","sneckomod:UnendingSupply","sneckomod:UnknownDexterity"],"picked":"sneckomod:CheapStock","floor":25},{"not_picked":["sneckomod:UnknownStrike+1","sneckomod:UnknownStrength+1","sneckomod:UnknownRareSkill+1"],"picked":"sneckomod:Unknown2Cost+1","floor":26},{"not_picked":["sneckomod:IronFang+1","sneckomod:ImprovisedAttack","sneckomod:UnknownClassTHE_BRONZE_AUTOMATON","sneckomod:UnknownUncommonPower"],"picked":"SKIP","floor":26},{"not_picked":["sneckomod:UnknownVulnerable+1","sneckomod:UnknownCommonSkill+1","sneckomod:UnknownCommonAttack+1"],"picked":"sneckomod:Unknown0Cost+1","floor":29},{"not_picked":["sneckomod:UnknownCommonSkill","sneckomod:UnendingSupply","sneckomod:SoulDraw","sneckomod:UnknownUncommonPower+1"],"picked":"SKIP","floor":29},{"not_picked":["sneckomod:Unknown2Cost+1","sneckomod:UnknownUncommonAttack+1","sneckomod:UnknownUncommonPower+1"],"picked":"sneckomod:UnknownClassSLIMEBOUND+1","floor":30},{"not_picked":["sneckomod:UnendingSupply+1","sneckomod:SerpentIdol","sneckomod:UnknownCommonAttack","sneckomod:UnknownWeak"],"picked":"SKIP","floor":30},{"not_picked":["sneckomod:ImprovisedAttack","sneckomod:UnendingSupply+1","sneckomod:RainOfDice"],"picked":"sneckomod:SoulCleanse+1","floor":31},{"not_picked":["sneckomod:UnknownUncommonSkill+1","sneckomod:UnknownEthereal+1","sneckomod:UnknownDexterity+1"],"picked":"sneckomod:UnknownWeak+1","floor":31},{"not_picked":["sneckomod:UnknownClassTHE_CHAMP_GRAY+1","sneckomod:UnknownUncommonSkill+1","sneckomod:UnknownWeak+1"],"picked":"sneckomod:Unknown3Cost+1","floor":32},{"not_picked":["sneckomod:UnknownUncommonPower","sneckomod:SoulDraw","sneckomod:UnknownVulnerable","sneckomod:SoulRoll"],"picked":"SKIP","floor":32},{"not_picked":["sneckomod:UnknownClassTHE_BRONZE_AUTOMATON+1","sneckomod:UnknownClassGUARDIAN+1","sneckomod:UnknownClassTHE_CHAMP_GRAY+1"],"picked":"sneckomod:UnknownStrength+1","floor":33},{"not_picked":["sneckomod:SlitherStrike","sneckomod:IronFang","sneckomod:UnknownCommonSkill"],"picked":"sneckomod:Unknown2Cost","floor":36},{"not_picked":["sneckomod:UnknownCommonAttack+1","sneckomod:Unknown2Cost+1","sneckomod:UnknownDexterity+1"],"picked":"sneckomod:Unknown3Cost+1","floor":37},{"not_picked":["sneckomod:UnknownClassBLUE+1","sneckomod:Nope","sneckomod:UnknownClassPURPLE"],"picked":"sneckomod:SoulRoll","floor":37},{"not_picked":["sneckomod:UnknownVulnerable","sneckomod:UnknownCommonSkill","sneckomod:UnknownClassGUARDIAN+1"],"picked":"sneckomod:SnakeSap","floor":40},{"not_picked":["sneckomod:Unknown0Cost+1","sneckomod:Unknown+1","sneckomod:Unknown1Cost+1","sneckomod:UnknownVulnerable+1"],"picked":"SKIP","floor":40},{"not_picked":["sneckomod:UnknownWeak+1","sneckomod:DiceBlock+1","sneckomod:UnknownCommonSkill+1"],"picked":"sneckomod:UnknownX+1","floor":42},{"not_picked":["sneckomod:UnknownClassHEXA_GHOST_PURPLE+1","sneckomod:UnknownClassBLUE+1","sneckomod:UnknownWeak+1","sneckomod:UnknownClassPURPLE+1"],"picked":"SKIP","floor":42},{"not_picked":["sneckomod:DangerNoodle","sneckomod:IronFang","sneckomod:UnknownX"],"picked":"sneckomod:SnakeSap+1","floor":46},{"not_picked":["sneckomod:UnknownClassTHE_CHAMP_GRAY+1","sneckomod:Unknown1Cost+1","sneckomod:UnknownClassRED+1"],"picked":"sneckomod:UnknownExhaust+1","floor":46},{"not_picked":["sneckomod:UnendingSupply","sneckomod:MixItUp+1","sneckomod:UnknownClassSLIMEBOUND","sneckomod:UnknownClassHEXA_GHOST_PURPLE"],"picked":"SKIP","floor":47},{"not_picked":["expansioncontent:ChargeUp","expansioncontent:Flail","expansioncontent:Sear"],"picked":"expansioncontent:Chronoboost","floor":48},{"not_picked":["expansioncontent:DefensiveStance","expansioncontent:Collect","expansioncontent:AwakenDeath"],"picked":"expansioncontent:DefensiveMode","floor":48},{"not_picked":["expansioncontent:HyperBeam","expansioncontent:DefensiveStance","expansioncontent:TimeRipple"],"picked":"expansioncontent:FaceSlap","floor":48},{"not_picked":["sneckomod:MixItUp","sneckomod:UnknownClassGUARDIAN+1","sneckomod:UnknownClassTHE_CHAMP_GRAY"],"picked":"sneckomod:SoulCleanse+1","floor":49},{"not_picked":["sneckomod:Transmogrify","sneckomod:SoulDraw+1","sneckomod:UnknownClassGREEN+1"],"picked":"sneckomod:Nope+1","floor":52},{"not_picked":["sneckomod:UnknownStrength+1","sneckomod:UnknownClassSLIMEBOUND+1","sneckomod:UnknownClassTHE_CHAMP_GRAY+1"],"picked":"sneckomod:UnknownRareSkill+1","floor":52}],"player_experience":587249,"relics_obtained":[{"floor":8,"key":"Kunai"},{"floor":10,"key":"Gremlin Horn"},{"floor":12,"key":"Bag of Preparation"},{"floor":14,"key":"Happy Flower"},{"floor":23,"key":"Toy Ornithopter"},{"floor":24,"key":"Question Card"},{"floor":25,"key":"Sundial"},{"floor":28,"key":"Nilry\u0027s Codex"},{"floor":29,"key":"Vajra"},{"floor":31,"key":"Oddly Smooth Stone"},{"floor":40,"key":"Unceasing Top"},{"floor":41,"key":"Smiling Mask"},{"floor":43,"key":"Regal Pillow"},{"floor":44,"key":"Orichalcum"},{"floor":47,"key":"Mummified Hand"},{"floor":52,"key":"Blood Vial"}],"event_choices":[{"damage_healed":0,"gold_gain":0,"player_choice":"Success","damage_taken":12,"relics_obtained":["Ice Cream"],"max_hp_gain":0,"max_hp_loss":0,"event_name":"Scrap Ooze","floor":13,"gold_loss":0}],"is_beta":false,"boss_relics":[{"not_picked":["Sozu","sneckomod:SuperSneckoSoul"],"picked":"SlaversCollar"},{"not_picked":["SacredBark","Velvet Choker"],"picked":"Snecko Eye"}],"items_purged_floors":[],"is_endless":false,"potions_floor_spawned":[2,3,10,14,22,23,25,29,32,37,40,47,52],"ascension_level":4}}