{"host":"7i2b4pyo6x2376bs","time":1609634327,"event":{"mods":["BaseMod","Better Note","Colored Map","Highlight Path","Minty Spire (QoL Compilation)","Quick Restart","Rare Cards Sparkle","Shop Mod","StSLib","The Jungle"],"gold_per_floor":[115,115,115,115,135,135,170,170,170,197,197,212,223,249,249,350,350,369,386,386,386,400,414,414,442,442,442,541,541,315,315,315,417,417,435,435,481,481,494,494,90,165,165,165,25,39,39,39,39,39,39,39,39,39,39],"floor_reached":54,"playtime":3455,"items_purged":["Normality","Normality"],"score":1093,"play_id":"cbb078a9-303e-4f2c-afa1-33a4051e5690","local_time":"20210102163847","is_ascension_mode":true,"campfire_choices":[{"floor":6,"key":"RECALL"},{"floor":8,"key":"REST"},{"data":"Rupture","floor":15,"key":"SMITH"},{"floor":24,"key":"REST"},{"floor":29,"key":"REST"},{"data":"Limit Break","floor":32,"key":"SMITH"},{"floor":40,"key":"REST"},{"data":"Bludgeon","floor":44,"key":"SMITH"},{"floor":47,"key":"REST"},{"floor":49,"key":"REST"},{"floor":52,"key":"REST"}],"circlet_count":0,"master_deck":["AscendersBane","Strike_R","Strike_R","Strike_R","Strike_R","Strike_R","Defend_R","Defend_R","Defend_R","Defend_R","Bash","Uppercut","Inflame","Headbutt","Perfected Strike","Rupture+1","Bloodletting","Limit Break+1","Flex+1","Thunderclap","J.A.X.","Spot Weakness+1","Bloodletting","Cleave","Whirlwind+1","Juggernaut","Bludgeon+1","Combust+1","Combust","Cleave+1","Blood for Blood","Limit Break","Clumsy","Parasite","Spot Weakness","Heavy Blade+1","Inflame","Writhe","Carnage+1","Clothesline+1"],"relics":["Burning Blood","Dream Catcher","Boot","Pear","Orichalcum","Cursed Key","Tiny Chest","WingedGreaves","Lee\u0027s Waffle","Mark of Pain","Bottled Flame","Ginger","Bottled Tornado","Blue Candle","Molten Egg 2"],"acts_visited":["Exordium","TheCity","TheBeyond","TheEnding"],"potions_floor_usage":[7,13,13,23,37,37,50],"damage_taken":[{"damage":9,"enemies":"Small Slimes","floor":1,"turns":4},{"damage":12,"enemies":"Jaw Worm","floor":5,"turns":3},{"damage":28,"enemies":"Gremlin Nob","floor":7,"turns":4},{"damage":44,"enemies":"Lagavulin","floor":10,"turns":5},{"damage":6,"enemies":"2 Louse","floor":12,"turns":3},{"damage":3,"enemies":"2 Fungi Beasts","floor":13,"turns":4},{"damage":65,"enemies":"Hexaghost","floor":16,"turns":8},{"damage":42,"enemies":"2 Thieves","floor":18,"turns":5},{"damage":37,"enemies":"3 Byrds","floor":19,"turns":5},{"damage":34,"enemies":"Centurion and Healer","floor":22,"turns":4},{"damage":32,"enemies":"Snecko","floor":23,"turns":5},{"damage":77,"enemies":"Slavers","floor":25,"turns":5},{"damage":82,"enemies":"Automaton","floor":33,"turns":8},{"damage":3,"enemies":"3 Darklings","floor":35,"turns":1},{"damage":59,"enemies":"2 Orb Walkers","floor":37,"turns":3},{"damage":10,"enemies":"Orb Walker","floor":39,"turns":2},{"damage":56,"enemies":"Jaw Worm Horde","floor":46,"turns":5},{"damage":99,"enemies":"Time Eater","floor":50,"turns":7},{"damage":111,"enemies":"Shield and Spear","floor":54,"turns":3}],"seed_played":"2515155517115417132","potions_obtained":[{"floor":1,"key":"Swift Potion"},{"floor":5,"key":"Dexterity Potion"},{"floor":10,"key":"SpeedPotion"},{"floor":19,"key":"Regen Potion"},{"floor":23,"key":"Dexterity Potion"},{"floor":33,"key":"Energy Potion"},{"floor":35,"key":"BloodPotion"},{"floor":39,"key":"HeartOfIron"},{"floor":46,"key":"DuplicationPotion"}],"is_trial":false,"path_per_floor":["M","?","?","?","M","R","E","R","T","E","?","M","M","T","R","B",null,"M","M","?","?","M","M","R","E","T","?","?","R","$","?","R","B",null,"M","T","?","?","M","R","$","T","T","R","$","M","R","?","R","B",null,"R","$","E"],"character_chosen":"IRONCLAD","items_purchased":["Lee\u0027s Waffle","Bottled Tornado","Limit Break","Spot Weakness"],"campfire_rested":7,"item_purchase_floors":[30,41,41,45],"current_hp_per_floor":[77,44,73,73,67,67,45,71,71,43,98,98,98,98,98,39,83,47,16,16,98,70,58,87,16,16,16,16,45,105,105,105,29,86,89,89,57,57,53,84,84,84,84,84,84,34,65,91,105,12,82,105,105,0,0],"gold":39,"neow_bonus":"TEN_PERCENT_HP_BONUS","is_daily":false,"chose_seed":false,"campfire_upgraded":3,"win_rate":0.0,"timestamp":1609634327,"path_taken":["M","?","?","?","M","R","E","R","T","E","?","?","M","?","R","BOSS","M","M","?","?","M","?","R","E","T","?","?","R","$","?","R","BOSS","M","?","?","?","?","R","$","?","T","R","?","?","R","?","R","BOSS","R","$","E"],"items_purchased_type":["Relic","Relic","Card","Card"],"build_version":"2020-12-22","purchased_purges":2,"victory":false,"max_hp_per_floor":[88,88,88,88,88,88,88,88,88,98,98,98,98,98,98,98,98,98,98,98,98,98,98,98,98,98,98,98,98,105,105,105,105,105,105,105,105,105,105,105,105,105,105,105,105,105,105,105,105,105,105,105,105,105,105],"card_choices":[{"not_picked":["Disarm","Armaments"],"picked":"Uppercut","floor":1},{"not_picked":["Clash","Havoc"],"picked":"Inflame","floor":5},{"not_picked":["Twin Strike","Shrug It Off"],"picked":"Headbutt","floor":7},{"not_picked":["Anger","Cleave"],"picked":"Perfected Strike","floor":8},{"not_picked":["Cleave","Blood for Blood"],"picked":"Rupture","floor":10},{"not_picked":["Battle Trance","Clothesline"],"picked":"Bloodletting","floor":12},{"not_picked":["Pommel Strike","Twin Strike"],"picked":"Dropkick","floor":13},{"not_picked":["Berserk","Corruption"],"picked":"Limit Break","floor":16},{"not_picked":["Flame Barrier","Entrench"],"picked":"Flex+1","floor":18},{"not_picked":["Cleave","Rage"],"picked":"Thunderclap","floor":19},{"not_picked":["Shrug It Off","Heavy Blade"],"picked":"Spot Weakness+1","floor":22},{"not_picked":["Havoc","Iron Wave+1","Anger"],"picked":"SKIP","floor":23},{"not_picked":["Cleave+1","Perfected Strike"],"picked":"Bloodletting","floor":24},{"not_picked":["Havoc","Disarm"],"picked":"Cleave","floor":25},{"not_picked":["Perfected Strike","Shrug It Off"],"picked":"Whirlwind+1","floor":29},{"not_picked":["Barricade","Offering"],"picked":"Bludgeon","floor":33},{"not_picked":["Armaments+1","Shrug It Off"],"picked":"Combust+1","floor":35},{"not_picked":["Headbutt","Spot Weakness+1"],"picked":"Combust","floor":37},{"not_picked":["Wild Strike+1","Anger+1"],"picked":"Cleave+1","floor":39},{"not_picked":["Second Wind+1","Pummel+1"],"picked":"Blood for Blood","floor":40},{"not_picked":["Immolate+1","Perfected Strike+1"],"picked":"Heavy Blade+1","floor":46},{"not_picked":["Twin Strike+1","Dual Wield"],"picked":"Inflame","floor":47},{"not_picked":["True Grit","Anger+1"],"picked":"Carnage+1","floor":49},{"not_picked":["Iron Wave+1","Metallicize+1"],"picked":"Clothesline+1","floor":52}],"player_experience":686430,"relics_obtained":[{"floor":7,"key":"Boot"},{"floor":10,"key":"Pear"},{"floor":14,"key":"Orichalcum"},{"floor":25,"key":"Tiny Chest"},{"floor":26,"key":"WingedGreaves"},{"floor":36,"key":"Bottled Flame"},{"floor":37,"key":"Ginger"},{"floor":42,"key":"Blue Candle"},{"floor":43,"key":"Molten Egg 2"}],"event_choices":[{"damage_healed":0,"gold_gain":0,"player_choice":"Success","damage_taken":33,"relics_obtained":["Dream Catcher"],"max_hp_gain":0,"max_hp_loss":0,"event_name":"Scrap Ooze","floor":2,"gold_loss":0},{"damage_healed":29,"gold_gain":0,"player_choice":"Banana","damage_taken":0,"max_hp_gain":0,"max_hp_loss":0,"event_name":"Big Fish","floor":3,"gold_loss":0},{"damage_healed":0,"gold_gain":0,"player_choice":"Ignored","damage_taken":0,"max_hp_gain":0,"max_hp_loss":0,"event_name":"Shining Light","floor":4,"gold_loss":0},{"damage_healed":55,"gold_gain":0,"player_choice":"Full Heal","damage_taken":0,"max_hp_gain":0,"max_hp_loss":0,"event_name":"Wheel of Change","floor":11,"gold_loss":0},{"damage_healed":0,"gold_gain":0,"player_choice":"Obtain J.A.X.","damage_taken":0,"max_hp_gain":0,"max_hp_loss":0,"event_name":"Drug Dealer","floor":20,"gold_loss":0,"cards_obtained":["J.A.X."]},{"cards_removed":["Dropkick"],"damage_healed":82,"gold_gain":0,"player_choice":"Offered Uncommon","damage_taken":0,"max_hp_gain":0,"max_hp_loss":0,"event_name":"Bonfire Elementals","floor":21,"gold_loss":0},{"damage_healed":0,"gold_gain":0,"player_choice":"Ignored","damage_taken":0,"max_hp_gain":0,"max_hp_loss":0,"event_name":"Ghosts","floor":27,"gold_loss":0},{"damage_healed":0,"gold_gain":99,"player_choice":"Stole From Cult","damage_taken":0,"max_hp_gain":0,"max_hp_loss":0,"event_name":"Nest","floor":28,"gold_loss":0},{"damage_healed":0,"gold_gain":0,"player_choice":"Read","damage_taken":0,"max_hp_gain":0,"max_hp_loss":0,"event_name":"The Library","floor":31,"gold_loss":0,"cards_obtained":["Juggernaut"]},{"damage_healed":0,"gold_gain":0,"player_choice":"Fight","damage_taken":0,"max_hp_gain":0,"max_hp_loss":0,"event_name":"Mysterious Sphere","floor":37,"gold_loss":0},{"damage_healed":0,"gold_gain":0,"player_choice":"Ignored","damage_taken":0,"max_hp_gain":0,"max_hp_loss":0,"event_name":"Tomb of Lord Red Mask","floor":38,"gold_loss":0},{"damage_healed":26,"gold_gain":0,"player_choice":"Writhe","damage_taken":0,"max_hp_gain":0,"max_hp_loss":0,"event_name":"Winding Halls","floor":48,"gold_loss":0,"cards_obtained":["Writhe"]}],"is_beta":false,"boss_relics":[{"not_picked":["Pandora\u0027s Box","Busted Crown"],"picked":"Cursed Key"},{"not_picked":["Sozu","Velvet Choker"],"picked":"Mark of Pain"}],"items_purged_floors":[30,45],"is_endless":false,"potions_floor_spawned":[1,5,10,19,23,33,35,39,46],"killed_by":"Shield and Spear","ascension_level":11}}