{"host":"t7mx8yfj1no5p62f","time":1609684206,"event":{"mods":["BaseMod","Colored Map","Colored Powertips","Minty Spire (QoL Compilation)","Relic Stats","StSLib"],"gold_per_floor":[367,382,393,410,122,122,138,138,138,149,160,185,200,225,225,297,297,312,324,239,289,307,307,319,335,358,358,368,368,382,27,27,103,103,113,25,25,38,63,63,89,105,152,152,163,38,38,38],"floor_reached":47,"playtime":2059,"items_purged":["Strike_G","Strike_G","Pain"],"score":1021,"play_id":"28839a59-4528-4a25-8d74-43c835ca2ff6","local_time":"20210103093006","is_ascension_mode":true,"campfire_choices":[{"data":"Blade Dance","floor":6.0,"key":"SMITH"},{"data":"Dagger Throw","floor":8.0,"key":"SMITH"},{"data":"Deadly Poison","floor":15.0,"key":"SMITH"},{"data":"Neutralize","floor":23.0,"key":"SMITH"},{"floor":27.0,"key":"REST"},{"floor":29.0,"key":"REST"},{"data":"Apotheosis","floor":32.0,"key":"SMITH"},{"data":"After Image","floor":40.0,"key":"SMITH"}],"circlet_count":0,"master_deck":["AscendersBane","Strike_G","Strike_G","Defend_G","Defend_G","Defend_G","Defend_G","Defend_G","Survivor","Neutralize+1","Dagger Throw+1","Flying Knee","Blade Dance+1","Dagger Spray+1","Leg Sweep","Acrobatics","Backflip","Deadly Poison+1","Grand Finale+1","Dagger Throw+1","Deadly Poison+1","Backflip","After Image+1","Dash+1","Prepared+1","Apotheosis+1","Corpse Explosion","Catalyst","Catalyst","Dagger Spray+1","PiercingWail","Outmaneuver+1"],"relics":["Ring of the Snake","Lantern","Molten Egg 2","Bottled Lightning","Strawberry","Runic Pyramid","Mercury Hourglass","Snake Skull","Cursed Key","The Specimen","Potion Belt"],"acts_visited":["Exordium","TheCity","TheBeyond"],"potions_floor_usage":[47],"damage_taken":[{"damage":1.0,"enemies":"Small Slimes","floor":1.0,"turns":5.0},{"damage":0.0,"enemies":"Cultist","floor":2.0,"turns":4.0},{"damage":4.0,"enemies":"Jaw Worm","floor":3.0,"turns":4.0},{"damage":10.0,"enemies":"Looter","floor":4.0,"turns":4.0},{"damage":2.0,"enemies":"Exordium Wildlife","floor":7.0,"turns":5.0},{"damage":0.0,"enemies":"2 Fungi Beasts","floor":10.0,"turns":3.0},{"damage":1.0,"enemies":"Looter","floor":11.0,"turns":3.0},{"damage":8.0,"enemies":"Gremlin Nob","floor":12.0,"turns":3.0},{"damage":0.0,"enemies":"Large Slime","floor":13.0,"turns":3.0},{"damage":5.0,"enemies":"3 Sentries","floor":14.0,"turns":7.0},{"damage":6.0,"enemies":"The Guardian","floor":16.0,"turns":13.0},{"damage":12.0,"enemies":"2 Thieves","floor":18.0,"turns":4.0},{"damage":7.0,"enemies":"Shell Parasite","floor":19.0,"turns":4.0},{"damage":27.0,"enemies":"Cultist and Chosen","floor":22.0,"turns":6.0},{"damage":13.0,"enemies":"Snake Plant","floor":24.0,"turns":5.0},{"damage":2.0,"enemies":"Shelled Parasite and Fungi","floor":25.0,"turns":3.0},{"damage":26.0,"enemies":"Sentry and Sphere","floor":28.0,"turns":8.0},{"damage":5.0,"enemies":"Centurion and Healer","floor":30.0,"turns":5.0},{"damage":16.0,"enemies":"Automaton","floor":33.0,"turns":9.0},{"damage":0.0,"enemies":"3 Shapes","floor":35.0,"turns":4.0},{"damage":0.0,"enemies":"Orb Walker","floor":38.0,"turns":3.0},{"damage":0.0,"enemies":"Mind Bloom Boss Battle","floor":39.0,"turns":5.0},{"damage":46.0,"enemies":"Giant Head","floor":41.0,"turns":7.0},{"damage":6.0,"enemies":"4 Shapes","floor":42.0,"turns":4.0},{"damage":1,"enemies":"Maw","floor":45,"turns":5},{"damage":5,"enemies":"Reptomancer","floor":47,"turns":2}],"seed_played":"4203090872058262694","potions_obtained":[{"floor":2.0,"key":"Fruit Juice"},{"floor":4.0,"key":"CunningPotion"},{"floor":7.0,"key":"Poison Potion"},{"floor":12.0,"key":"Regen Potion"},{"floor":22.0,"key":"GamblersBrew"},{"floor":25.0,"key":"ColorlessPotion"},{"floor":35.0,"key":"LiquidBronze"},{"floor":39.0,"key":"Ancient Potion"},{"floor":42.0,"key":"Fire Potion"}],"is_trial":false,"path_per_floor":["M","M","M","M","$","R","M","R","T","M","M","E","M","E","R","B",null,"M","M","?","?","M","R","M","M","T","R","M","R","M","$","R","B",null,"M","$","?","M","?","R","E","M","T","?","M","$","E"],"character_chosen":"THE_SILENT","items_purchased":["Lantern","Blade Dance","Apotheosis","AttackPotion","Catalyst"],"campfire_rested":2,"item_purchase_floors":[5,5,31,31,36],"current_hp_per_floor":[58,58,54,44,44,44,47,47,47,47,46,38,38,40,40,34,63,51,44,44,37,10,10,11,9,9,30,4,25,20,20,20,4,55,55,55,55,55,55,55,9,3,3,3,2,2,0,0],"gold":38,"neow_bonus":"TWO_FIFTY_GOLD","is_daily":false,"chose_seed":false,"campfire_upgraded":6,"win_rate":0.0,"timestamp":1609684206,"path_taken":["M","M","M","M","$","R","M","R","T","M","M","E","M","E","R","BOSS","M","M","?","?","?","R","M","?","T","R","M","R","M","$","R","BOSS","M","$","?","?","?","R","E","M","T","?","M","$","E"],"items_purchased_type":["Relic","Card","Card","Potion","Card"],"build_version":"2020-12-22","purchased_purges":3,"victory":false,"max_hp_per_floor":[60,60,60,60,60,60,65,65,65,65,65,65,65,72,72,72,72,72,72,72,72,72,72,72,72,72,72,72,72,72,72,72,72,72,72,72,72,72,72,72,72,72,72,72,72,72,72,72],"relic_stats":{"counters":[26,128],"Snake Skull":[34],"Cursed Key":1,"obtain_stats":[{"Potion Belt":41,"Lantern":5,"The Specimen":39,"Strawberry":14,"Molten Egg 2":9,"Snake Skull":26,"Bottled Lightning":12,"Cursed Key":34,"Ring of the Snake":0,"Runic Pyramid":17,"Mercury Hourglass":20},{"Potion Belt":23,"Lantern":4,"The Specimen":22,"Strawberry":10,"Molten Egg 2":5,"Snake Skull":16,"Bottled Lightning":8,"Cursed Key":19,"Ring of the Snake":0,"Runic Pyramid":11,"Mercury Hourglass":13},{"Potion Belt":117,"Lantern":17,"The Specimen":110,"Strawberry":41,"Molten Egg 2":22,"Snake Skull":76,"Bottled Lightning":31,"Cursed Key":98,"Ring of the Snake":0,"Runic Pyramid":54,"Mercury Hourglass":62}],"Ring of the Snake":[52],"Mercury Hourglass":[252]},"card_choices":[{"not_picked":["Bane","Masterful Stab"],"picked":"Dagger Throw","floor":1.0},{"not_picked":["Choke","Escape Plan"],"picked":"Caltrops","floor":2.0},{"not_picked":["Cloak And Dagger","Concentrate","Heel Hook"],"picked":"SKIP","floor":3.0},{"not_picked":["Outmaneuver","Underhanded Strike"],"picked":"Flying Knee","floor":4.0},{"not_picked":["Dagger Throw","Caltrops","Poisoned Stab"],"picked":"SKIP","floor":7.0},{"not_picked":["Corpse Explosion","Finisher+1"],"picked":"Dagger Spray+1","floor":10.0},{"not_picked":["Quick Slash+1","Masterful Stab+1"],"picked":"Leg Sweep","floor":11.0},{"not_picked":["Infinite Blades","Deflect"],"picked":"Acrobatics","floor":12.0},{"not_picked":["Blade Dance","Quick Slash+1"],"picked":"Backflip","floor":13.0},{"not_picked":["Wraith Form v2","Tactician"],"picked":"Deadly Poison","floor":14.0},{"not_picked":["Doppelganger","A Thousand Cuts"],"picked":"Grand Finale+1","floor":16.0},{"not_picked":["Predator+1","Riddle With Holes+1"],"picked":"Dagger Throw+1","floor":18.0},{"not_picked":["Blade Dance","Caltrops"],"picked":"Deadly Poison+1","floor":19.0},{"not_picked":["Choke+1","Leg Sweep"],"picked":"Backflip","floor":22.0},{"not_picked":["Flying Knee+1","Deadly Poison"],"picked":"After Image","floor":24.0},{"not_picked":["Slice+1","Well Laid Plans","Dodge and Roll"],"picked":"SKIP","floor":25.0},{"not_picked":["Acrobatics","Distraction+1"],"picked":"Dash+1","floor":28.0},{"not_picked":["Bane+1","Predator+1"],"picked":"Prepared+1","floor":30.0},{"not_picked":["Unload+1","Tools of the Trade"],"picked":"Corpse Explosion","floor":33.0},{"not_picked":["Acrobatics","Underhanded Strike+1"],"picked":"Catalyst","floor":35.0},{"not_picked":["Flying Knee+1","Backstab+1","Terror"],"picked":"SKIP","floor":38.0},{"not_picked":["Dagger Throw+1","Leg Sweep"],"picked":"PiercingWail","floor":41.0},{"not_picked":["Prepared","Blade Dance+1"],"picked":"Outmaneuver+1","floor":42.0},{"not_picked":["Infinite Blades","Backstab+1","All Out Attack+1"],"picked":"SKIP","floor":45}],"player_experience":1651260,"relics_obtained":[{"floor":9.0,"key":"Molten Egg 2"},{"floor":12.0,"key":"Bottled Lightning"},{"floor":14.0,"key":"Strawberry"},{"floor":26.0,"key":"Snake Skull"},{"floor":39.0,"key":"The Specimen"},{"floor":41.0,"key":"Potion Belt"}],"event_choices":[{"damage_healed":0.0,"max_hp_gain":0.0,"max_hp_loss":0.0,"gold_gain":0.0,"event_name":"Addict","player_choice":"Obtained Relic","floor":20.0,"gold_loss":85.0,"damage_taken":0.0,"relics_obtained":["Mercury Hourglass"]},{"damage_healed":0.0,"max_hp_gain":0.0,"max_hp_loss":0.0,"gold_gain":50.0,"event_name":"FaceTrader","player_choice":"Touch","floor":21.0,"gold_loss":0.0,"damage_taken":7.0},{"damage_healed":0.0,"max_hp_gain":0.0,"max_hp_loss":0.0,"gold_gain":0.0,"cards_transformed":["Strike_G"],"event_name":"Transmorgrifier","player_choice":"Transformed","floor":37.0,"gold_loss":0.0,"damage_taken":0.0,"cards_obtained":["Dagger Spray"]},{"damage_healed":0.0,"max_hp_gain":0.0,"max_hp_loss":0.0,"gold_gain":0.0,"event_name":"MindBloom","player_choice":"Fight","floor":39.0,"gold_loss":0.0,"damage_taken":0.0},{"cards_removed":["Caltrops"],"damage_healed":0.0,"max_hp_gain":0.0,"max_hp_loss":0.0,"gold_gain":0.0,"event_name":"Falling","player_choice":"Removed Power","floor":44.0,"gold_loss":0.0,"damage_taken":0.0}],"is_beta":false,"boss_relics":[{"not_picked":["Tiny House","Pandora\u0027s Box"],"picked":"Runic Pyramid"},{"not_picked":["Astrolabe","HoveringKite"],"picked":"Cursed Key"}],"items_purged_floors":[5,31,46],"is_endless":false,"potions_floor_spawned":[2,4,7,11,12,22,25,35,39,42],"killed_by":"Reptomancer","ascension_level":20}}