{"host":"emut9mh212kd9b86","time":1609664409,"event":{"mods":["ATMod(°¢èªMod)","Act Like it!","BaseMod","Better Vampires","Downfall","Koishi","KomeijiMod","Minty Spire (QoL Compilation)","MostiFishMod","Shop Mod","Spicy Shops","StSLib","TestMod","Waifu the Spire","noobMod","¡¾ÒÅÎï¿¨ÅÆ¡¿REMEMod"],"gold_per_floor":[99,119,119,138,123,108,134,134,33,59,59,69,156,187,201,302,302,302,319,333,225,225,225,225,225,102,202,227,53,53,88,105,201,201,126,143,158,158,168,197,197,224,224,240,240,78,89,114,129,129],"floor_reached":51,"playtime":1883,"items_purged":["Koishi:BasicDefend","Koishi:BasicDefend","Koishi:UnconsciousUprising+1"],"score":1564,"play_id":"5ca3e3e4-d9dc-4a11-a266-01e2049a9b3e","local_time":"20210103170009","is_ascension_mode":true,"campfire_choices":[{"data":"AT_DrawKnifeCut","floor":1,"key":"SMITH"},{"data":"Koishi:LastRemote","floor":11,"key":"SMITH"},{"floor":18,"key":"RECALL"},{"data":"Clash","floor":35,"key":"SMITH"},{"floor":43,"key":"REST"}],"circlet_count":0,"master_deck":["Koishi:HauntingSlash+1","AT_DrawKnifeCut+1","DeceiveReality+1","Koishi:LastRemote+1","Koishi:JumpScare+1","Koishi:PhilosophyOfTheDespised+1","Koishi:EmbersOfLove+1","Clash+1","NingyouKisou+1","hexamod:SixthSeal","Koishi:SubconsciousSweep+1"],"relics":["Koishi:ImaginaryFriend","testmod-TestBox","ice","DaveBox","AT_ATBox","REME_ComplimentaryCards","testmod-Temperance","FeatherPendant","testmod-HeartOfDaVinci","Pen Nib","Odd Mushroom","MerchantsRug","MigarariNingyou","Brimstone","PreservedInsect","ShirouKen","MutagenicStrength","Lantern","Juzu Bracelet","Pear","testmod-CardMagician","downfall:HeartBlessingRed","testmod-BalancedPeriapt","Eternal Feather","REME_LimitBreaker","AT_BellDemon","REME_CardOfGreed","AT_EbonyIvory","testmod-CrystalShield","Koishi:BloodstainedWhiteRose"],"acts_visited":["Exordium","TheCity","TheBeyond"],"potions_floor_usage":[13,13,21,50,50],"damage_taken":[{"damage":0,"enemies":"Cultist","floor":2,"turns":2},{"damage":0,"enemies":"Jaw Worm","floor":4,"turns":2},{"damage":0,"enemies":"downfall:FleeingMerchant","floor":5,"turns":4},{"damage":0,"enemies":"downfall:FleeingMerchant","floor":6,"turns":4},{"damage":12,"enemies":"downfall:FleeingMerchant","floor":9,"turns":4},{"damage":0,"enemies":"3 Sentries","floor":10,"turns":3},{"damage":0,"enemies":"Small Slimes","floor":12,"turns":1},{"damage":0,"enemies":"The Mushroom Lair","floor":13,"turns":3},{"damage":4,"enemies":"Gremlin Nob","floor":14,"turns":3},{"damage":0,"enemies":"3 Louse","floor":15,"turns":1},{"damage":0,"enemies":"downfall:Silent","floor":16,"turns":8},{"damage":4,"enemies":"Shell Parasite","floor":19,"turns":4},{"damage":0,"enemies":"Centurion and Healer","floor":20,"turns":5},{"damage":0,"enemies":"downfall:FleeingMerchant","floor":21,"turns":4},{"damage":19,"enemies":"downfall:Augmenter","floor":27,"turns":2},{"damage":2,"enemies":"Gremlin Leader","floor":28,"turns":2},{"damage":0,"enemies":"Slavers","floor":31,"turns":2},{"damage":0,"enemies":"Snecko","floor":32,"turns":2},{"damage":27,"enemies":"downfall:Watcher","floor":33,"turns":4},{"damage":16,"enemies":"3 Shapes","floor":36,"turns":1},{"damage":1,"enemies":"Orb Walker","floor":37,"turns":3},{"damage":11,"enemies":"3 Darklings","floor":39,"turns":2},{"damage":0,"enemies":"Reptomancer","floor":40,"turns":2},{"damage":21,"enemies":"Nemesis","floor":42,"turns":3},{"damage":0,"enemies":"Spire Growth","floor":44,"turns":3},{"damage":4,"enemies":"Maw","floor":47,"turns":3},{"damage":67,"enemies":"Reptomancer","floor":48,"turns":2},{"damage":8,"enemies":"4 Shapes","floor":49,"turns":1},{"damage":0,"enemies":"downfall:Defect","floor":50,"turns":3}],"seed_played":"-931878488901838602","potions_obtained":[{"floor":10,"key":"REME_GoldPotion"},{"floor":12,"key":"REME_GoldPotion"},{"floor":13,"key":"ColorlessPotion"},{"floor":14,"key":"Fire Potion"},{"floor":32,"key":"Slimebound:ThreeZeroPotion"},{"floor":40,"key":"Dexterity Potion"},{"floor":47,"key":"PowerPotion"},{"floor":48,"key":"Strength Potion"}],"is_trial":false,"path_per_floor":["R","M","T","M","$","$","T","?","$","E","R","M","?","E","M","B",null,"R","M","M","$","?","?","T","T","$","?","E","$","?","E","M","B",null,"R","M","M","?","M","E","T","E","R","M","?","$","M","E","M","B",null],"character_chosen":"KOISHI","items_purchased":["OriginationStaff","MerchantsRug","MigarariNingyou","Brimstone","RingOfDollmaker","Lantern","Juzu Bracelet","AT_BellDemon","REME_CardOfGreed"],"campfire_rested":1,"item_purchase_floors":[9,21,21,21,26,29,29,46,46],"current_hp_per_floor":[60,60,60,60,60,60,60,60,48,54,54,54,62,66,66,66,66,66,66,66,66,66,54,54,54,54,44,52,52,44,54,62,45,72,72,64,71,71,72,81,81,68,81,81,81,81,81,26,18,33],"gold":129,"neow_bonus":"TEN_PERCENT_HP_BONUS","is_daily":false,"chose_seed":false,"campfire_upgraded":3,"win_rate":0.0,"timestamp":1609664409,"path_taken":["R","M","?","M","?","$","T","?","$","E","R","?","?","E","M","BOSS","R","M","M","$","?","?","T","?","$","?","E","$","?","E","M","BOSS","R","M","M","?","M","E","T","E","R","M","?","$","M","E","M","BOSS"],"items_purchased_type":["Relic","Relic","Relic","Relic","Relic","Relic","Relic","Relic","Relic"],"build_version":"2020-12-22","purchased_purges":3,"victory":true,"max_hp_per_floor":[66,66,66,66,66,66,66,66,66,66,66,66,66,66,66,66,66,66,66,66,66,66,71,71,71,71,71,71,71,71,81,81,81,81,81,81,81,81,81,81,81,81,81,81,81,81,81,81,81,81],"card_choices":[{"not_picked":["Koishi:UnconsciousUprising","Koishi:StingingMind","Koishi:HeartfeltFancy"],"picked":"SKIP","floor":2},{"not_picked":["Koishi:CatchAndRose","Koishi:SprinkleStarAndHeart","Koishi:ReleaseOfTheId"],"picked":"SKIP","floor":4},{"not_picked":["Koishi:GeneticsOfTheUnconscious","Koishi:UnconsciousUprising"],"picked":"Koishi:LastRemote","floor":5},{"not_picked":["Koishi:PhantomStrike","Koishi:ApparitionsStalkTheNight"],"picked":"Koishi:JumpScare","floor":6},{"not_picked":["Koishi:SpiritedAway","Koishi:ConditionedTeleport"],"picked":"Koishi:PhilosophyOfTheDespised","floor":9},{"not_picked":["Koishi:FidgetySnatcher","Koishi:PhantomBarrier","Koishi:DreadfulBlow"],"picked":"SKIP","floor":10},{"not_picked":["Koishi:GhostParty","Koishi:FreudianInstinct","Koishi:CatchAndRose"],"picked":"SKIP","floor":12},{"not_picked":["Koishi:Prune","Koishi:StingingMind","Koishi:DreadfulBlow"],"picked":"SKIP","floor":14},{"not_picked":["Koishi:Whimsy","Koishi:GeneticsOfTheUnconscious","Koishi:Prune"],"picked":"SKIP","floor":15},{"not_picked":["Koishi:DNAsFlaw","Koishi:MindNumbingTerror+1","Koishi:IdleWhim"],"picked":"SKIP","floor":19},{"not_picked":["Koishi:SpiritedAway","Koishi:PhantomStrike","Koishi:PhilosophyOfTheDespised+1"],"picked":"SKIP","floor":20},{"not_picked":["Koishi:EmbryosDream","Koishi:StrangeCloudFist"],"picked":"Koishi:EmbersOfLove","floor":21},{"not_picked":["Koishi:CatchAndRose","Koishi:DreadfulBlow"],"picked":"Koishi:SubconsciousSweep","floor":28},{"not_picked":["Koishi:ImGoingToCallYouNow","Koishi:HeartStoppingHorror","Koishi:MassHysteria"],"picked":"SKIP","floor":31},{"not_picked":["Koishi:SpiritedAway","Koishi:Whimsy+1","Koishi:ReflexRadar"],"picked":"SKIP","floor":32},{"not_picked":["Koishi:SubconsciousSweep","Koishi:RorschachInDanmaku+1","Koishi:StrangeCloudFist+1"],"picked":"SKIP","floor":36},{"not_picked":["Koishi:HeartfeltFancy","Koishi:SubterraneanRose+1","Koishi:SprinkleStarAndHeart"],"picked":"SKIP","floor":37},{"not_picked":["Koishi:HeartfeltFancy","Koishi:Whimsy","Koishi:PhantomStrike+1"],"picked":"SKIP","floor":39},{"not_picked":["Koishi:SprinkleStarAndHeart+1","Koishi:UnconsciousUprising","Koishi:SpiritedAway"],"picked":"SKIP","floor":40},{"not_picked":["Koishi:YoukaiPolygraph","Koishi:RacingHeart","Koishi:BloodcurdlingScream"],"picked":"SKIP","floor":42},{"not_picked":["Koishi:DanmakuParanoia+1","Koishi:FleetingPhantom+1","Koishi:DreadfulBlow"],"picked":"SKIP","floor":44},{"not_picked":["Koishi:SubterraneanRose+1","Koishi:BramblyRoseGarden+1","Koishi:DanmakuParanoia+1"],"picked":"SKIP","floor":47},{"not_picked":["Koishi:VengefulSpirit+1","Koishi:CatchAndRose","Koishi:UnansweredLove+1"],"picked":"SKIP","floor":48},{"not_picked":["Koishi:Whimsy+1","Koishi:PredatoryInstincts+1","Koishi:FourthEye"],"picked":"SKIP","floor":49}],"player_experience":432027,"relics_obtained":[{"floor":3,"key":"testmod-HeartOfDaVinci"},{"floor":7,"key":"War Paint"},{"floor":10,"key":"Pen Nib"},{"floor":13,"key":"Odd Mushroom"},{"floor":14,"key":"Regal Pillow"},{"floor":24,"key":"PreservedInsect"},{"floor":25,"key":"ShirouKen"},{"floor":27,"key":"MutagenicStrength"},{"floor":28,"key":"hexamod:SpiritBrand"},{"floor":31,"key":"Pear"},{"floor":40,"key":"testmod-BalancedPeriapt"},{"floor":41,"key":"Eternal Feather"},{"floor":42,"key":"REME_LimitBreaker"},{"floor":48,"key":"AT_EbonyIvory"},{"floor":48,"key":"testmod-CrystalShield"},{"floor":49,"key":"Koishi:BloodstainedWhiteRose"}],"event_choices":[{"cards_removed":["Koishi:BasicDefend"],"damage_healed":0,"gold_gain":0,"player_choice":"Card Removal","damage_taken":0,"max_hp_gain":0,"max_hp_loss":0,"event_name":"Wheel of Change","floor":8,"gold_loss":0},{"damage_healed":0,"gold_gain":0,"player_choice":"Fought Mushrooms","damage_taken":0,"max_hp_gain":0,"max_hp_loss":0,"event_name":"Mushrooms","floor":13,"gold_loss":0},{"cards_removed":["Koishi:Catatonia"],"damage_healed":0,"gold_gain":0,"player_choice":"Purged","damage_taken":0,"max_hp_gain":0,"max_hp_loss":0,"event_name":"Purifier","floor":45,"gold_loss":0}],"is_beta":false,"boss_relics":[{"not_picked":["BloodWine","Busted Crown"],"picked":"Runic Pyramid"},{"not_picked":["testmod-IncinerationGenerator","xbg"],"picked":"testmod-CardMagician"}],"items_purged_floors":[21,21,46],"is_endless":false,"potions_floor_spawned":[10,12,13,14,15,20,32,40,42,47,48],"ascension_level":9}}