{"host":"yptvp0rjza9g9li7","time":1609670388,"event":{"mods":["AchievementEnabler","BaseMod","Colored Map","Colored Powertips","DeckTracker","Minty Spire (QoL Compilation)","SuperFastMode"],"gold_per_floor":[118,129,146,146,165,197,214,233,233,233,260,272,288,313,313,412,412,432,447,461,12,31,31,56,56,56,67,0,0,0,14,14,114,114,128,128,140,42,59,87,87,100,100,135,148,148,161,161,161],"floor_reached":48,"playtime":2547,"items_purged":["Writhe"],"score":590,"play_id":"3fdbe956-6e4b-4927-9731-2fbb5005f76a","local_time":"20210103193948","is_ascension_mode":false,"campfire_choices":[{"floor":10.0,"key":"REST"},{"floor":15.0,"key":"REST"},{"floor":23.0,"key":"REST"},{"floor":30.0,"key":"REST"},{"data":"WindmillStrike","floor":32.0,"key":"SMITH"},{"floor":41.0,"key":"REST"}],"circlet_count":0,"master_deck":["Strike_P+1","Strike_P+1","Strike_P+1","Strike_P+1","Defend_P+1","Defend_P+1","Defend_P+1","Defend_P+1","Eruption","Vigilance","Vengeance","PathToVictory","CarveReality","FollowUp","Indignation","Prostrate","EmptyBody","Consecrate+1","Halt","JustLucky","ClearTheMind","WindmillStrike+1","Establishment+1","ClearTheMind","SashWhip","CutThroughFate","Panache+1","JustLucky","Evaluate+1","Omniscience+1","RitualDagger","Consecrate","CarveReality","Blasphemy+1","Crescendo+1","WaveOfTheHand+1","Evaluate+1","Perseverance+1","EmptyFist+1","FlyingSleeves+1","Consecrate","Protect+1","Secret Technique+1","FlurryOfBlows+1"],"relics":["PureWater","Eternal Feather","Frozen Egg 2","Whetstone","HornCleat","Busted Crown","Toxic Egg 2","Ornamental Fan","Potion Belt","SlaversCollar","Shuriken","Bottled Flame","Gremlin Horn"],"acts_visited":[],"potions_floor_usage":[],"damage_taken":[{"damage":1.0,"enemies":"Jaw Worm","floor":1.0,"turns":4.0},{"damage":0.0,"enemies":"Cultist","floor":2.0,"turns":2.0},{"damage":3.0,"enemies":"Small Slimes","floor":3.0,"turns":2.0},{"damage":0.0,"enemies":"Exordium Wildlife","floor":5.0,"turns":2.0},{"damage":19.0,"enemies":"3 Sentries","floor":6.0,"turns":4.0},{"damage":26.0,"enemies":"Lots of Slimes","floor":7.0,"turns":4.0},{"damage":5.0,"enemies":"Blue Slaver","floor":8.0,"turns":2.0},{"damage":24.0,"enemies":"Lagavulin","floor":11.0,"turns":4.0},{"damage":0.0,"enemies":"Exordium Wildlife","floor":12.0,"turns":3.0},{"damage":0.0,"enemies":"Looter","floor":13.0,"turns":1.0},{"damage":17.0,"enemies":"3 Sentries","floor":14.0,"turns":4.0},{"damage":7.0,"enemies":"Hexaghost","floor":16.0,"turns":7.0},{"damage":1.0,"enemies":"Spheric Guardian","floor":18.0,"turns":3.0},{"damage":1.0,"enemies":"Shell Parasite","floor":19.0,"turns":3.0},{"damage":11.0,"enemies":"Snake Plant","floor":20.0,"turns":3.0},{"damage":31.0,"enemies":"Cultist and Chosen","floor":22.0,"turns":7.0},{"damage":38.0,"enemies":"Slavers","floor":24.0,"turns":4.0},{"damage":16.0,"enemies":"Snecko","floor":27.0,"turns":6.0},{"damage":0.0,"enemies":"Snake Plant","floor":31.0,"turns":3.0},{"damage":39.0,"enemies":"Collector","floor":33.0,"turns":9.0},{"damage":32.0,"enemies":"3 Shapes","floor":35.0,"turns":4.0},{"damage":9.0,"enemies":"Orb Walker","floor":37.0,"turns":3.0},{"damage":26.0,"enemies":"Spire Growth","floor":39.0,"turns":4.0},{"damage":13.0,"enemies":"Nemesis","floor":40.0,"turns":5.0},{"damage":5.0,"enemies":"Maw","floor":42.0,"turns":5.0},{"damage":32.0,"enemies":"Giant Head","floor":44.0,"turns":7.0},{"damage":10.0,"enemies":"3 Darklings","floor":45.0,"turns":3.0},{"damage":3,"enemies":"Transient","floor":47,"turns":5},{"damage":2,"enemies":"Spire Growth","floor":48,"turns":2}],"seed_played":"-7052105351916500484","potions_obtained":[{"floor":3.0,"key":"DuplicationPotion"},{"floor":5.0,"key":"Weak Potion"},{"floor":6.0,"key":"FearPotion"},{"floor":14.0,"key":"Block Potion"},{"floor":16.0,"key":"DistilledChaos"},{"floor":18.0,"key":"Weak Potion"},{"floor":27.0,"key":"GamblersBrew"},{"floor":33.0,"key":"Swift Potion"},{"floor":39.0,"key":"FearPotion"},{"floor":40.0,"key":"ColorlessPotion"},{"floor":44.0,"key":"StancePotion"},{"floor":47,"key":"Strength Potion"}],"is_trial":false,"path_per_floor":["M","M","M","?","M","E","M","M","T","R","E","M","M","E","R","B",null,"M","M","M","$","M","R","E","?","T","M","?","?","R","M","R","B",null,"M","?","M","$","M","E","R","M","T","E","M","?","M","M"],"character_chosen":"WATCHER","items_purchased":["Toxic Egg 2","Panache+1","JustLucky","Evaluate+1"],"campfire_rested":5,"item_purchase_floors":[21,21,21,38],"current_hp_per_floor":[71,71,68,68,68,49,23,18,18,48,24,24,24,7,40,33,72,71,70,59,59,28,64,26,20,20,4,4,4,43,43,61,22,72,40,58,49,49,23,10,52,47,47,15,5,5,2,0,0],"gold":161,"neow_bonus":"THREE_CARDS","is_daily":false,"chose_seed":false,"campfire_upgraded":1,"win_rate":0.0,"timestamp":1609670388,"path_taken":["M","M","M","?","M","E","M","M","T","R","E","M","?","E","R","BOSS","M","M","M","$","M","R","E","?","T","M","?","?","R","M","R","BOSS","M","?","M","$","M","E","R","M","T","E","M","?","M","M"],"items_purchased_type":["Relic","Card","Card","Card"],"build_version":"2020-12-22","purchased_purges":1,"victory":false,"max_hp_per_floor":[72,72,72,72,72,72,72,72,72,72,72,72,72,72,72,72,72,72,72,72,72,72,72,72,72,72,72,72,72,72,72,72,72,72,72,72,72,72,72,72,72,72,72,72,72,72,72,72,72],"card_choices":[{"not_picked":["Evaluate","FlyingSleeves"],"picked":"Vengeance","floor":0.0},{"not_picked":["DeceiveReality","BattleHymn"],"picked":"PathToVictory","floor":1.0},{"not_picked":["FlyingSleeves","Collect"],"picked":"CarveReality","floor":2.0},{"not_picked":["EmptyMind","EmptyFist"],"picked":"FollowUp","floor":3.0},{"not_picked":["BowlingBash","CarveReality"],"picked":"Indignation","floor":5.0},{"not_picked":["Consecrate","EmptyBody"],"picked":"Prostrate","floor":6.0},{"not_picked":["BowlingBash","Protect"],"picked":"EmptyBody","floor":7.0},{"not_picked":["EmptyFist","WaveOfTheHand"],"picked":"Consecrate","floor":8.0},{"not_picked":["Consecrate","Vengeance"],"picked":"Halt","floor":11.0},{"not_picked":["BowlingBash","DevaForm+1"],"picked":"JustLucky","floor":12.0},{"not_picked":["ThirdEye","CarveReality"],"picked":"ClearTheMind","floor":13.0},{"not_picked":["EmptyMind","CutThroughFate"],"picked":"WindmillStrike","floor":14.0},{"not_picked":["Blasphemy","Brilliance"],"picked":"Establishment+1","floor":16.0},{"not_picked":[],"picked":"ClearTheMind","floor":18.0},{"not_picked":[],"picked":"SashWhip","floor":19.0},{"not_picked":[],"picked":"CutThroughFate","floor":20.0},{"not_picked":[],"picked":"Evaluate+1","floor":22.0},{"not_picked":[],"picked":"Omniscience+1","floor":24.0},{"not_picked":[],"picked":"Consecrate","floor":27.0},{"not_picked":[],"picked":"CarveReality","floor":31.0},{"not_picked":[],"picked":"Blasphemy+1","floor":33.0},{"not_picked":[],"picked":"Crescendo+1","floor":35.0},{"not_picked":[],"picked":"WaveOfTheHand+1","floor":37.0},{"not_picked":[],"picked":"Perseverance+1","floor":39.0},{"not_picked":[],"picked":"EmptyFist+1","floor":40.0},{"not_picked":[],"picked":"FlyingSleeves+1","floor":42.0},{"not_picked":[],"picked":"Consecrate","floor":44.0},{"not_picked":[],"picked":"Protect+1","floor":45.0},{"not_picked":[],"picked":"Secret Technique+1","floor":46},{"not_picked":[],"picked":"FlurryOfBlows+1","floor":47}],"player_experience":157544,"relics_obtained":[{"floor":6.0,"key":"Eternal Feather"},{"floor":9.0,"key":"Frozen Egg 2"},{"floor":11.0,"key":"Whetstone"},{"floor":14.0,"key":"HornCleat"},{"floor":24.0,"key":"Ornamental Fan"},{"floor":26.0,"key":"Potion Belt"},{"floor":40.0,"key":"Shuriken"},{"floor":43.0,"key":"Bottled Flame"},{"floor":44.0,"key":"Gremlin Horn"}],"event_choices":[{"damage_healed":0.0,"max_hp_gain":0.0,"max_hp_loss":0.0,"gold_gain":0.0,"event_name":"NoteForYourself","player_choice":"Ignored","floor":4.0,"gold_loss":0.0,"damage_taken":0.0},{"damage_healed":0.0,"max_hp_gain":0.0,"max_hp_loss":0.0,"gold_gain":0.0,"event_name":"Nest","player_choice":"Joined the Cult","floor":25.0,"gold_loss":0.0,"damage_taken":6.0,"cards_obtained":["RitualDagger"]},{"damage_healed":0.0,"max_hp_gain":0.0,"max_hp_loss":0.0,"gold_gain":0.0,"event_name":"Masked Bandits","player_choice":"Paid Fearfully","floor":28.0,"gold_loss":67.0,"damage_taken":0.0},{"damage_healed":0.0,"max_hp_gain":0.0,"max_hp_loss":0.0,"gold_gain":0.0,"event_name":"Back to Basics","player_choice":"Simplicity","floor":29.0,"gold_loss":0.0,"damage_taken":0.0,"cards_upgraded":["Strike_P","Strike_P","Strike_P","Defend_P","Defend_P","Defend_P","Defend_P"]},{"damage_healed":18.0,"max_hp_gain":0.0,"max_hp_loss":0.0,"gold_gain":0.0,"event_name":"Winding Halls","player_choice":"Writhe","floor":36.0,"gold_loss":0.0,"damage_taken":0.0,"cards_obtained":["Writhe"]},{"damage_healed":0,"gold_gain":0,"player_choice":"Memory 1","damage_taken":0,"max_hp_gain":0,"max_hp_loss":0,"event_name":"SensoryStone","floor":46,"gold_loss":0}],"is_beta":false,"boss_relics":[{"not_picked":["Pandora\u0027s Box","Sozu"],"picked":"Busted Crown"},{"not_picked":["Empty Cage","Calling Bell"],"picked":"SlaversCollar"}],"items_purged_floors":[38],"is_endless":false,"potions_floor_spawned":[3,5,6,14,16,18,19,27,33,39,40,44,47],"killed_by":"Spire Growth","ascension_level":0}}