{"host":"6ld56ls1xbe0aj21","time":1609676432,"event":{"mods":["AchievementEnabler","BaseMod","Colored Powertips","Minty Spire (QoL Compilation)","Quick Restart","Rare Cards Sparkle","StSLib","SuperFastMode","everything is the same but u backflip on backflip","slay the spire mod where everything is the same but ironclad has a cowboy hat"],"gold_per_floor":[134,59,109,109,148,148,200,46,46,122,189,189,228,45,45,245,245,259,345,345,97,201,254,254,254,254],"floor_reached":25,"playtime":1180,"items_purged":["Normality"],"score":332,"play_id":"4982c005-97dc-4868-aaf9-785ce87fcc27","local_time":"20210103232032","is_ascension_mode":true,"campfire_choices":[{"data":"HandOfGreed","floor":6.0,"key":"SMITH"},{"data":"Warcry","floor":12.0,"key":"SMITH"},{"data":"Apotheosis","floor":15.0,"key":"SMITH"},{"data":"Barricade","floor":24,"key":"SMITH"}],"circlet_count":0,"master_deck":["Strike_R","Strike_R","Strike_R","Strike_R","Strike_R","Defend_R","Defend_R","Defend_R","Defend_R","Bash","HandOfGreed+1","Cleave","Iron Wave","Metallicize","Impervious","Warcry+1","Reaper","Apotheosis+1","Barricade+1","Hemokinesis+1","Headbutt","Flex+1"],"relics":["Burning Blood","White Beast Statue","Orichalcum","Eternal Feather","Nunchaku","Philosopher\u0027s Stone","Bottled Flame","Red Mask","Red Skull"],"acts_visited":["Exordium","TheCity"],"potions_floor_usage":[25,25],"damage_taken":[{"damage":15.0,"enemies":"Cultist","floor":1.0,"turns":5.0},{"damage":1.0,"enemies":"2 Louse","floor":3.0,"turns":4.0},{"damage":12.0,"enemies":"Jaw Worm","floor":5.0,"turns":2.0},{"damage":20.0,"enemies":"Gremlin Nob","floor":7.0,"turns":4.0},{"damage":12.0,"enemies":"3 Sentries","floor":10.0,"turns":10.0},{"damage":4.0,"enemies":"Exordium Wildlife","floor":11.0,"turns":6.0},{"damage":8.0,"enemies":"Blue Slaver","floor":13.0,"turns":6.0},{"damage":38.0,"enemies":"Slime Boss","floor":16.0,"turns":20.0},{"damage":8.0,"enemies":"Chosen","floor":18.0,"turns":4.0},{"damage":10.0,"enemies":"3 Byrds","floor":19.0,"turns":11.0},{"damage":36.0,"enemies":"Masked Bandits","floor":22.0,"turns":9.0},{"damage":31,"enemies":"Gremlin Leader","floor":23,"turns":7},{"damage":71,"enemies":"Book of Stabbing","floor":25,"turns":5}],"seed_played":"2514887427488383164","potions_obtained":[{"floor":1.0,"key":"Strength Potion"},{"floor":3.0,"key":"SpeedPotion"},{"floor":5.0,"key":"Regen Potion"},{"floor":10.0,"key":"SkillPotion"},{"floor":11.0,"key":"Fire Potion"},{"floor":13.0,"key":"Block Potion"},{"floor":16.0,"key":"Swift Potion"},{"floor":18.0,"key":"HeartOfIron"},{"floor":19.0,"key":"GamblersBrew"},{"floor":22.0,"key":"BloodPotion"},{"floor":23,"key":"Energy Potion"}],"is_trial":false,"path_per_floor":["M","$","M","?","M","R","E","$","T","E","M","R","M","$","R","B",null,"M","M","?","$","?","E","R","E"],"character_chosen":"IRONCLAD","items_purchased":["Orichalcum","Apotheosis","Bottled Flame"],"campfire_rested":0,"item_purchase_floors":[8,14,21],"current_hp_per_floor":[63,63,68,68,62,62,48,48,48,57,59,68,66,66,75,48,72,77,76,76,76,49,38,50,0,0],"gold":254,"neow_bonus":"RANDOM_COLORLESS_2","is_daily":false,"chose_seed":false,"campfire_upgraded":4,"win_rate":0.0,"timestamp":1609676432,"path_taken":["M","?","?","?","M","R","E","$","T","E","M","R","?","$","R","BOSS","M","M","?","$","?","E","R","E"],"items_purchased_type":["Relic","Card","Relic"],"build_version":"2020-12-22","purchased_purges":1,"victory":false,"max_hp_per_floor":[80,80,80,80,80,80,80,80,80,80,80,80,80,80,80,80,80,80,80,80,80,80,80,80,80,80],"card_choices":[{"not_picked":["Transmutation","Chrysalis"],"picked":"HandOfGreed","floor":0.0},{"not_picked":["Sentinel","Havoc"],"picked":"Cleave","floor":1.0},{"not_picked":["Sever Soul","Perfected Strike"],"picked":"Iron Wave","floor":3.0},{"not_picked":["Clothesline","Sword Boomerang"],"picked":"Metallicize","floor":5.0},{"not_picked":["Burning Pact","Body Slam"],"picked":"Impervious","floor":7.0},{"not_picked":["Rage","Twin Strike"],"picked":"Warcry","floor":10.0},{"not_picked":["Twin Strike","Disarm","Clothesline"],"picked":"SKIP","floor":11.0},{"not_picked":["Pommel Strike","Warcry"],"picked":"Reaper","floor":13.0},{"not_picked":["Exhume","Impervious"],"picked":"Barricade","floor":16.0},{"not_picked":["Sword Boomerang","Thunderclap"],"picked":"Hemokinesis+1","floor":18.0},{"not_picked":["Clothesline","Heavy Blade","Body Slam+1"],"picked":"SKIP","floor":19.0},{"not_picked":["Anger","Havoc"],"picked":"Flex+1","floor":22.0},{"not_picked":["Flex+1","Body Slam","Clothesline"],"picked":"SKIP","floor":23}],"player_experience":282547,"relics_obtained":[{"floor":7.0,"key":"White Beast Statue"},{"floor":9.0,"key":"Eternal Feather"},{"floor":10.0,"key":"Nunchaku"},{"floor":22.0,"key":"Red Mask"},{"floor":23,"key":"Red Skull"}],"event_choices":[{"damage_healed":0.0,"max_hp_gain":0.0,"max_hp_loss":0.0,"gold_gain":0.0,"event_name":"The Woman in Blue","player_choice":"Bought 0 Potions","floor":4.0,"gold_loss":0.0,"damage_taken":0.0},{"damage_healed":0.0,"max_hp_gain":0.0,"max_hp_loss":0.0,"gold_gain":0.0,"event_name":"The Library","player_choice":"Read","floor":20.0,"gold_loss":0.0,"damage_taken":0.0,"cards_obtained":["Headbutt"]},{"damage_healed":0.0,"max_hp_gain":0.0,"max_hp_loss":0.0,"gold_gain":0.0,"event_name":"Masked Bandits","player_choice":"Fought Bandits","floor":22.0,"gold_loss":0.0,"damage_taken":0.0}],"is_beta":false,"boss_relics":[{"not_picked":["Runic Cube","Runic Dome"],"picked":"Philosopher\u0027s Stone"}],"items_purged_floors":[2],"is_endless":false,"potions_floor_spawned":[1,3,5,10,11,13,16,18,19,22,23],"killed_by":"Book of Stabbing","ascension_level":9}}