{"host":"at64dhdf9kc8hjax","time":1609633295,"event":{"mods":["Act Like it!","BaseMod","Dota2Spire","Friendly Minions","Gensokyo","Highlight Path","Minty Spire (QoL Compilation)","Quick Restart","RumiaBox-露米娅的神秘盒子","Spicy Shops","StSLib","SuperFastMode","【遗物卡牌】REMEMod"],"gold_per_floor":[119,119,194,204,154,154,188,188,241,241,252,252,267,294,294,294,294],"floor_reached":16,"playtime":714,"items_purged":[],"score":103,"play_id":"d812b391-259e-4aa7-8456-60670a4f2d8a","local_time":"20210103082135","is_ascension_mode":true,"campfire_choices":[{"data":"Rupture","floor":6,"key":"SMITH"},{"data":"Bash","floor":8,"key":"SMITH"},{"data":"REME_Scribble","floor":10,"key":"SMITH"},{"data":"Wild Strike","floor":12,"key":"SMITH"},{"data":"Gensokyo:HouraiInAPot","floor":15,"key":"SMITH"}],"circlet_count":0,"master_deck":["Strike_R","Strike_R","Strike_R","Strike_R","Defend_R","Defend_R","Defend_R","Defend_R","Bash+1","Immolate","Gensokyo:HouraiInAPot+1","Rupture+1","Evolve","REME_Scribble+1","Wild Strike+1","Twin Strike"],"relics":["Burning Blood","REME_ComplimentaryCards","Mercury Hourglass","The Courier","Strawberry","Regal Pillow"],"acts_visited":["Exordium"],"potions_floor_usage":[13,16],"damage_taken":[{"damage":0,"enemies":"2 Louse","floor":1,"turns":2},{"damage":5,"enemies":"Small Slimes","floor":4,"turns":2},{"damage":34,"enemies":"Gremlin Nob","floor":7,"turns":5},{"damage":9,"enemies":"Jaw Worm","floor":11,"turns":2},{"damage":2,"enemies":"Exordium Thugs","floor":13,"turns":2},{"damage":35,"enemies":"Hexaghost","floor":16,"turns":7}],"seed_played":"6915180055013754205","potions_obtained":[{"floor":11,"key":"BlessingOfTheForge"},{"floor":13,"key":"SpeedPotion"}],"is_trial":false,"path_per_floor":["M","?","?","M","?","R","E","R","T","R","M","R","M","T","R","B"],"character_chosen":"IRONCLAD","items_purchased":[],"campfire_rested":0,"item_purchase_floors":[],"current_hp_per_floor":[62,59,48,49,49,49,21,21,28,28,28,28,32,32,32,0,0],"gold":294,"neow_bonus":"THREE_RARE_CARDS","is_daily":false,"chose_seed":false,"campfire_upgraded":5,"win_rate":0.0,"timestamp":1609633295,"path_taken":["M","?","?","M","?","R","E","R","T","R","M","R","M","?","R","BOSS"],"items_purchased_type":[],"build_version":"2020-12-22","purchased_purges":0,"victory":false,"max_hp_per_floor":[80,80,80,80,80,80,80,80,87,87,90,90,90,90,90,93,93],"card_choices":[{"not_picked":["Demon Form","Exhume"],"picked":"Immolate","floor":0},{"not_picked":["REME_Cut","True Grit"],"picked":"Rupture","floor":1},{"not_picked":["Havoc","Battle Trance"],"picked":"Evolve","floor":4},{"not_picked":["Sword Boomerang","Headbutt"],"picked":"REME_Scribble","floor":7},{"not_picked":["Headbutt","Cleave"],"picked":"Wild Strike","floor":11},{"not_picked":["Whirlwind","Pommel Strike"],"picked":"Twin Strike","floor":13}],"player_experience":238167,"relics_obtained":[{"floor":7,"key":"The Courier"},{"floor":9,"key":"Strawberry"},{"floor":14,"key":"Regal Pillow"}],"event_choices":[{"damage_healed":0,"gold_gain":0,"player_choice":"Success","damage_taken":3,"relics_obtained":["Mercury Hourglass"],"max_hp_gain":0,"max_hp_loss":0,"event_name":"Scrap Ooze","floor":2,"gold_loss":0},{"damage_healed":0,"gold_gain":75,"player_choice":"Gather Gold","damage_taken":11,"max_hp_gain":0,"max_hp_loss":0,"event_name":"World of Goop","floor":3,"gold_loss":0},{"cards_removed":["Strike_R"],"damage_healed":0,"gold_gain":0,"player_choice":"Card Removal","damage_taken":0,"max_hp_gain":0,"max_hp_loss":0,"event_name":"The Cleric","floor":5,"gold_loss":50}],"is_beta":false,"boss_relics":[],"items_purged_floors":[],"is_endless":false,"potions_floor_spawned":[11,13],"killed_by":"Hexaghost","ascension_level":1}}