{"host":"mbpcepu6ztteuwhq","time":1609687723,"event":{"mods":["AchievementEnabler","BaseMod","Colored Map","Custom Start","DeckTracker","Minty Spire (QoL Compilation)","Rare Cards Sparkle","StSLib","everything is the same but u backflip on backflip"],"gold_per_floor":[109,126,51,51,51,51,85,85,85,159,197,30,30,43,43,43,43],"floor_reached":16,"playtime":231,"items_purged":["Strike_P"],"score":266,"play_id":"a551666c-da2e-45cd-93f4-6a62a22c0fe3","local_time":"20210104002843","is_ascension_mode":true,"campfire_choices":[{"data":"Eruption","floor":6.0,"key":"SMITH"},{"data":"Ragnarok","floor":13,"key":"SMITH"},{"data":"InnerPeace","floor":15,"key":"SMITH"}],"circlet_count":0,"master_deck":["AscendersBane","Strike_P","Strike_P","Strike_P","Defend_P","Defend_P","Defend_P","Defend_P","Eruption+1","Vigilance","FearNoEvil","Ragnarok+1","FlurryOfBlows","InnerPeace+1"],"relics":["PureWater","NeowsBlessing","Golden Idol","Eternal Feather","SsserpentHead","Yang","Mummified Hand","HandDrill"],"acts_visited":["Exordium"],"potions_floor_usage":[11,16],"damage_taken":[{"damage":0.0,"enemies":"Small Slimes","floor":1.0,"turns":2.0},{"damage":0.0,"enemies":"Jaw Worm","floor":2.0,"turns":1.0},{"damage":0.0,"enemies":"Gremlin Nob","floor":7.0,"turns":1.0},{"damage":0,"enemies":"2 Louse","floor":10,"turns":2},{"damage":21,"enemies":"Lagavulin","floor":11,"turns":5},{"damage":1,"enemies":"Red Slaver","floor":14,"turns":4},{"damage":26,"enemies":"Slime Boss","floor":16,"turns":5}],"seed_played":"-1579931891412566152","potions_obtained":[{"floor":1.0,"key":"EssenceOfSteel"},{"floor":2.0,"key":"PowerPotion"},{"floor":7.0,"key":"BlessingOfTheForge"}],"is_trial":false,"path_per_floor":["M","M","$","?","?","R","E","?","T","M","E","$","R","M","R","B"],"character_chosen":"WATCHER","items_purchased":["HandDrill"],"campfire_rested":0,"item_purchase_floors":[12],"current_hp_per_floor":[61,61,61,61,38,38,38,38,38,38,17,17,23,22,28,2,2],"gold":43,"neow_bonus":"THREE_ENEMY_KILL","is_daily":false,"chose_seed":false,"campfire_upgraded":3,"win_rate":0.0,"timestamp":1609687723,"path_taken":["M","M","$","?","?","R","E","?","T","?","E","$","R","M","R","BOSS"],"items_purchased_type":["Relic"],"build_version":"2020-12-22","purchased_purges":1,"victory":false,"max_hp_per_floor":[68,68,68,68,68,68,68,68,68,68,68,68,68,68,68,68,68],"card_choices":[{"not_picked":["Prostrate","Protect"],"picked":"FearNoEvil","floor":1.0},{"not_picked":["Perseverance","Halt","Consecrate"],"picked":"SKIP","floor":2.0},{"not_picked":["SashWhip","LikeWater"],"picked":"Ragnarok","floor":7.0},{"not_picked":["Meditate","ClearTheMind"],"picked":"FlurryOfBlows","floor":10},{"not_picked":["FlurryOfBlows","Vengeance"],"picked":"InnerPeace","floor":11},{"not_picked":["SashWhip","JustLucky","WindmillStrike"],"picked":"SKIP","floor":14}],"player_experience":8870,"relics_obtained":[{"floor":7.0,"key":"Eternal Feather"},{"floor":9.0,"key":"Yang"},{"floor":11,"key":"Mummified Hand"}],"event_choices":[{"damage_healed":0.0,"max_hp_gain":0.0,"max_hp_loss":0.0,"gold_gain":0.0,"event_name":"The Cleric","player_choice":"Leave","floor":4.0,"gold_loss":0.0,"damage_taken":0.0},{"damage_healed":0.0,"max_hp_gain":0.0,"max_hp_loss":0.0,"gold_gain":0.0,"event_name":"Golden Idol","player_choice":"Take Damage","floor":5.0,"gold_loss":0.0,"damage_taken":23.0,"relics_obtained":["Golden Idol"]},{"damage_healed":0.0,"max_hp_gain":0.0,"max_hp_loss":0.0,"gold_gain":0.0,"event_name":"FaceTrader","player_choice":"Trade","floor":8.0,"gold_loss":0.0,"damage_taken":0.0,"relics_obtained":["SsserpentHead"]}],"is_beta":false,"boss_relics":[],"items_purged_floors":[3],"is_endless":false,"potions_floor_spawned":[1,2,7],"killed_by":"Slime Boss","ascension_level":20}}