{"host":"1cd1aqaox6jesai3","time":1609668332,"event":{"mods":["Act Like it!","Astrologer","Bartender","BaseMod","Colored Powertips","Downfall","Hallownest","Mimic Mod","Minty Spire (QoL Compilation)","StSLib","The Bug Knight","The Construct","The Factory"],"gold_per_floor":[112,132,82,37,37,37,56,90,90,90,110,110,150,120,120,251,251,267,61,61,76,76,114,39,39,66,90,90,90],"floor_reached":28,"playtime":1447,"items_purged":["construct:PowerUp+2"],"score":244,"play_id":"12640943-0f52-41b1-9de6-9a7c4d375f3f","local_time":"20210103050532","is_ascension_mode":false,"campfire_choices":[{"data":"construct:PowerUp+1","floor":12,"key":"SMITH"},{"floor":15,"key":"REST"},{"floor":25,"key":"REST"}],"circlet_count":0,"master_deck":["construct:Strike_Gold","construct:Strike_Gold","construct:Strike_Gold","construct:Strike_Gold","construct:Defend_Gold+1","construct:Defend_Gold","construct:Defend_Gold","construct:Defend_Gold","construct:Defend_Gold+1","construct:AttackMode","construct:DefenseMode","construct:Autoturret","construct:Zapper","construct:NuclearCore","construct:Synchronize+1","construct:Failsafe+1","construct:ClockworkEgg","construct:Failsafe+1","construct:LaserCore","construct:Autoturret+1","construct:ForceCore","construct:GuardCore+1"],"relics":["construct:ClockworkPhoenix","NeowsBlessing","Golden Idol","Meat on the Bone","War Paint","Frozen Egg 2","Oddly Smooth Stone","construct:ClawGrip","Ornamental Fan","Happy Flower"],"acts_visited":["Exordium","TheCity"],"potions_floor_usage":[8,13,23,23],"damage_taken":[{"damage":0,"enemies":"Small Slimes","floor":1,"turns":2},{"damage":0,"enemies":"Jaw Worm","floor":2,"turns":1},{"damage":0,"enemies":"Cultist","floor":7,"turns":1},{"damage":22,"enemies":"HollowMod:MossKnight","floor":8,"turns":5},{"damage":22,"enemies":"Lots of Slimes","floor":11,"turns":5},{"damage":28,"enemies":"3 Sentries","floor":13,"turns":7},{"damage":2,"enemies":"Looter","floor":14,"turns":4},{"damage":34,"enemies":"Hexaghost","floor":16,"turns":10},{"damage":27,"enemies":"Shell Parasite","floor":18,"turns":4},{"damage":1,"enemies":"Chosen","floor":21,"turns":4},{"damage":42,"enemies":"Book of Stabbing","floor":23,"turns":4},{"damage":28,"enemies":"Snake Plant","floor":27,"turns":5},{"damage":28,"enemies":"Gremlin Leader","floor":28,"turns":4}],"seed_played":"-4265834003256626575","potions_obtained":[{"floor":2,"key":"PowerPotion"},{"floor":11,"key":"AttackPotion"},{"floor":16,"key":"DistilledChaos"},{"floor":18,"key":"SkillPotion"}],"is_trial":false,"path_per_floor":["M","M","?","$","?","?","M","E","T","?","M","R","E","M","R","B",null,"M","$","?","M","?","E","?","R","T","M","E"],"character_chosen":"THE_CONSTRUCT_MOD","items_purchased":["construct:Autoturret","construct:LaserCore","construct:Autoturret+1"],"campfire_rested":2,"item_purchase_floors":[4,19,19],"current_hp_per_floor":[85,85,85,85,79,79,79,57,57,57,47,47,31,41,64,42,79,52,52,52,51,51,21,21,42,42,26,0,0],"gold":90,"neow_bonus":"THREE_ENEMY_KILL","is_daily":false,"chose_seed":false,"campfire_upgraded":1,"win_rate":0.0,"timestamp":1609668332,"path_taken":["M","M","?","$","?","?","M","E","T","?","M","R","E","?","R","BOSS","M","$","?","M","?","E","?","R","T","M","E"],"items_purchased_type":["Card","Card","Card"],"build_version":"2020-12-22","purchased_purges":1,"victory":false,"max_hp_per_floor":[85,85,85,85,79,79,79,79,79,79,79,79,79,79,79,79,79,79,79,79,79,72,72,72,72,72,72,72,72],"card_choices":[{"not_picked":["construct:ScrapCannon","construct:HeavyBolt"],"picked":"construct:MoltenSmash","floor":1},{"not_picked":["construct:BatteryAcid","construct:FierceBash"],"picked":"construct:PowerUp","floor":2},{"not_picked":["construct:ShiftStrike","construct:Autoturret"],"picked":"construct:Zapper","floor":7},{"not_picked":["construct:ReactiveShield","construct:Multistage","construct:Rollout"],"picked":"SKIP","floor":8},{"not_picked":["construct:FlammableFog","construct:Impenetrable"],"picked":"construct:NuclearCore","floor":11},{"not_picked":["construct:SuppressiveFire","construct:ScopeCore"],"picked":"construct:Synchronize+1","floor":13},{"not_picked":["construct:NuclearCore","construct:HeavyBolt"],"picked":"construct:Failsafe+1","floor":14},{"not_picked":["construct:ShieldGenerator+1","construct:ShieldBurst"],"picked":"construct:ClockworkEgg","floor":16},{"not_picked":["construct:ModeShift","construct:MetalShell"],"picked":"construct:Failsafe+1","floor":18},{"not_picked":["construct:Rollout","construct:FierceBash","construct:QuickAttack+1"],"picked":"SKIP","floor":21},{"not_picked":["construct:FlammableFog","construct:ModeShift","construct:ChargeShot"],"picked":"SKIP","floor":23},{"not_picked":["construct:ClusterMines","construct:HeavyBolt"],"picked":"construct:GuardCore+1","floor":27}],"player_experience":148661,"relics_obtained":[{"floor":8,"key":"Meat on the Bone"},{"floor":9,"key":"War Paint"},{"floor":13,"key":"Oddly Smooth Stone"},{"floor":23,"key":"Ornamental Fan"},{"floor":26,"key":"Happy Flower"}],"event_choices":[{"cards_removed":["construct:Strike_Gold"],"damage_healed":0,"gold_gain":0,"player_choice":"Card Removal","damage_taken":0,"max_hp_gain":0,"max_hp_loss":0,"event_name":"The Cleric","floor":3,"gold_loss":50},{"damage_healed":0,"gold_gain":0,"player_choice":"Lose Max HP","damage_taken":0,"relics_obtained":["Golden Idol"],"max_hp_gain":0,"max_hp_loss":6,"event_name":"Golden Idol","floor":5,"gold_loss":0},{"damage_healed":0,"gold_gain":0,"player_choice":"Grow","damage_taken":0,"max_hp_gain":0,"max_hp_loss":0,"event_name":"Living Wall","floor":6,"gold_loss":0,"cards_upgraded":["construct:PowerUp"]},{"cards_removed":["construct:MoltenSmash"],"damage_healed":0,"gold_gain":0,"player_choice":"Gave Card","damage_taken":0,"relics_obtained":["Frozen Egg 2"],"max_hp_gain":0,"max_hp_loss":0,"event_name":"WeMeetAgain","floor":10,"gold_loss":0},{"damage_healed":0,"gold_gain":0,"player_choice":"Read","damage_taken":0,"max_hp_gain":0,"max_hp_loss":0,"event_name":"The Library","floor":20,"gold_loss":0,"cards_obtained":["construct:ForceCore"]},{"cards_removed":["Slimebound:CheckThePlaybook"],"damage_healed":0,"gold_gain":0,"player_choice":"Gave Gold","damage_taken":0,"max_hp_gain":0,"max_hp_loss":0,"event_name":"Beggar","floor":24,"gold_loss":75}],"is_beta":false,"boss_relics":[{"not_picked":["Silver_Glasses","Astrolabe"],"picked":"construct:ClawGrip"}],"items_purged_floors":[19],"is_endless":false,"potions_floor_spawned":[2,11,16,18],"killed_by":"Gremlin Leader","ascension_level":0}}