{"host":"¿à÷økuyou","time":1609678965,"event":{"mods":["ATMod(°¢èªMod)","Act Like it!","BaseMod","BetterRewards","Minty Spire (QoL Compilation)","Quick Restart","StSLib"],"gold_per_floor":[119,119,135,310,310,310,81,156,234,234,250,288,288,288,288,418,418,442,465,465,465],"floor_reached":20,"playtime":535,"items_purged":["Doubt"],"score":247,"play_id":"487044b4-4ec5-4fbc-a9af-c082b88a3fdc","local_time":"20210103210245","is_ascension_mode":true,"campfire_choices":[{"data":"AT_FamilyPortrait","floor":6.0,"key":"SMITH"},{"floor":10.0,"key":"REST"},{"data":"Dualcast","floor":13.0,"key":"SMITH"},{"floor":15.0,"key":"REST"}],"circlet_count":0,"master_deck":["Strike_B","Strike_B","Strike_B","Strike_B","Defend_B","Defend_B","Defend_B","Defend_B","Zap","Dualcast+1","AT_FamilyPortrait+1","Loop","Creative AI","Turbo"],"relics":["AT_ATBox","Runic Dome","InkBottle","Golden Idol","AT_ChloranthyRing","AT_ForceNature","AT_GoldPhoenixTree","AT_ArchangelStaff","Sozu"],"acts_visited":["Exordium","TheCity"],"potions_floor_usage":[],"damage_taken":[{"damage":7.0,"enemies":"Small Slimes","floor":1.0,"turns":4.0},{"damage":0.0,"enemies":"2 Louse","floor":3.0,"turns":2.0},{"damage":0.0,"enemies":"Jaw Worm","floor":11.0,"turns":2.0},{"damage":20.0,"enemies":"3 Sentries","floor":12.0,"turns":7.0},{"damage":29,"enemies":"The Guardian","floor":16,"turns":11},{"damage":25,"enemies":"Spheric Guardian","floor":18,"turns":5},{"damage":16,"enemies":"Chosen","floor":19,"turns":5},{"damage":23,"enemies":"Shelled Parasite and Fungi","floor":20,"turns":3}],"seed_played":"-6136551251445520607","potions_obtained":[{"floor":11.0,"key":"Fire Potion"}],"is_trial":false,"path_per_floor":["M","?","M","?","?","R","$","?","T","R","M","E","R","?","R","B",null,"M","M","M"],"character_chosen":"DEFECT","items_purchased":["AT_ChloranthyRing"],"campfire_rested":2,"item_purchase_floors":[7],"current_hp_per_floor":[61,36,36,36,18,18,18,7,7,29,29,17,17,17,39,10,59,34,18,0,0],"gold":465,"neow_bonus":"BOSS_RELIC","is_daily":false,"chose_seed":false,"campfire_upgraded":2,"win_rate":0.0,"timestamp":1609678965,"path_taken":["M","?","M","?","?","R","?","?","T","R","?","E","R","?","R","BOSS","M","M","M"],"items_purchased_type":["Relic"],"build_version":"2020-12-18","purchased_purges":1,"victory":false,"max_hp_per_floor":[75,75,75,75,75,75,75,75,75,75,75,75,75,75,75,75,75,75,75,75,75],"card_choices":[{"not_picked":["Tempest","Rebound","Compile Driver"],"picked":"SKIP","floor":1.0},{"not_picked":["AT_HeatAcrobatics","Rebound","AT_WarpDrive"],"picked":"SKIP","floor":3.0},{"not_picked":["Sweeping Beam","Barrage","Aggregate"],"picked":"SKIP","floor":11.0},{"not_picked":["Stack","BootSequence"],"picked":"Loop","floor":12.0},{"not_picked":["Fission","AT_WaterDrop"],"picked":"Creative AI","floor":16},{"not_picked":["Redo","Leap","Compile Driver"],"picked":"SKIP","floor":18},{"not_picked":["Streamline","Rebound"],"picked":"Turbo","floor":19}],"player_experience":158500,"relics_obtained":[{"floor":9.0,"key":"AT_ForceNature"},{"floor":12.0,"key":"AT_GoldPhoenixTree"}],"event_choices":[{"damage_healed":0.0,"max_hp_gain":0.0,"max_hp_loss":0.0,"gold_gain":0.0,"event_name":"Scrap Ooze","player_choice":"Success","floor":2.0,"gold_loss":0.0,"damage_taken":25.0,"relics_obtained":["InkBottle"]},{"damage_healed":0.0,"max_hp_gain":0.0,"max_hp_loss":0.0,"gold_gain":175.0,"event_name":"Liars Game","player_choice":"AGREE","floor":4.0,"gold_loss":0.0,"damage_taken":0.0,"cards_obtained":["Doubt"]},{"damage_healed":0.0,"max_hp_gain":0.0,"max_hp_loss":0.0,"gold_gain":0.0,"event_name":"Golden Idol","player_choice":"Take Damage","floor":5.0,"gold_loss":0.0,"damage_taken":18.0,"relics_obtained":["Golden Idol"]},{"damage_healed":0.0,"max_hp_gain":0.0,"max_hp_loss":0.0,"gold_gain":75.0,"event_name":"World of Goop","player_choice":"Gather Gold","floor":8.0,"gold_loss":0.0,"damage_taken":11.0},{"damage_healed":0.0,"max_hp_gain":0.0,"max_hp_loss":0.0,"gold_gain":0.0,"event_name":"Dead Adventurer","player_choice":"Searched \u00271\u0027 times","floor":14.0,"gold_loss":0.0,"damage_taken":0.0,"relics_obtained":["AT_ArchangelStaff"]}],"is_beta":true,"boss_relics":[{"not_picked":["Cursed Key","SacredBark"],"picked":"Sozu"}],"items_purged_floors":[7],"is_endless":false,"potions_floor_spawned":[11,18],"killed_by":"Shelled Parasite and Fungi","ascension_level":9}}