{"host":"2se5dq1do2gp0x9k","time":1609632360,"event":{"mods":["AchievementEnabler","BaseMod","Block Reminder","Colored Map","Colored Powertips","Minty Spire (QoL Compilation)","Relic Stats","StSLib","SuperFastMode"],"gold_per_floor":[118,118,128,138,158,158,184,194,194,194,223,223,243,256,256,360,360,374,391,266,284,284,284],"floor_reached":22,"playtime":719,"items_purged":["Defend_P"],"score":250,"play_id":"20bad38a-3d96-440e-a53e-07ca76da0b33","local_time":"20210102160600","is_ascension_mode":true,"campfire_choices":[{"data":"BattleHymn","floor":6.0,"key":"SMITH"},{"data":"Eruption","floor":10.0,"key":"SMITH"},{"data":"MentalFortress","floor":12.0,"key":"SMITH"},{"data":"Blasphemy","floor":15.0,"key":"SMITH"}],"circlet_count":0,"master_deck":["Strike_P","Strike_P","Strike_P","Strike_P","Defend_P","Eruption+1","Vigilance","BattleHymn+1","FollowUp","DeceiveReality","MentalFortress+1","InnerPeace","DeceiveReality","FearNoEvil","Vengeance","Blasphemy+1","DevaForm","Crescendo+1","TalkToTheHand","ThirdEye","Protect"],"relics":["PureWater","NeowsBlessing","Lantern","Mango","Question Card","Empty Cage"],"acts_visited":["Exordium","TheCity"],"potions_floor_usage":[21,21,21,21],"damage_taken":[{"damage":0.0,"enemies":"2 Louse","floor":1.0,"turns":1.0},{"damage":0.0,"enemies":"Cultist","floor":3.0,"turns":1.0},{"damage":0.0,"enemies":"Small Slimes","floor":4.0,"turns":1.0},{"damage":1.0,"enemies":"Looter","floor":5.0,"turns":3.0},{"damage":14.0,"enemies":"3 Sentries","floor":7.0,"turns":5.0},{"damage":26.0,"enemies":"Exordium Thugs","floor":8.0,"turns":6.0},{"damage":10.0,"enemies":"Gremlin Nob","floor":11.0,"turns":3.0},{"damage":0.0,"enemies":"Large Slime","floor":13.0,"turns":3.0},{"damage":0.0,"enemies":"2 Fungi Beasts","floor":14.0,"turns":2.0},{"damage":12.0,"enemies":"The Guardian","floor":16.0,"turns":6.0},{"damage":7.0,"enemies":"Chosen","floor":18.0,"turns":3.0},{"damage":38,"enemies":"Shell Parasite","floor":19,"turns":4},{"damage":14,"enemies":"Snake Plant","floor":21,"turns":4},{"damage":1,"enemies":"Masked Bandits","floor":22,"turns":2}],"seed_played":"-7739927031157515035","potions_obtained":[{"floor":2.0,"key":"EntropicBrew"},{"floor":2.0,"key":"BottledMiracle"},{"floor":2.0,"key":"BottledMiracle"},{"floor":8.0,"key":"DuplicationPotion"},{"floor":11.0,"key":"SteroidPotion"},{"floor":16.0,"key":"Dexterity Potion"}],"is_trial":false,"path_per_floor":["M","?","M","M","M","R","E","M","T","R","E","R","M","M","R","B",null,"M","M","$","M","?"],"character_chosen":"WATCHER","items_purchased":["ThirdEye"],"campfire_rested":0,"item_purchase_floors":[20],"current_hp_per_floor":[72,72,72,72,71,71,57,31,45,45,35,35,35,35,35,23,70,63,25,25,11,10,10],"gold":284,"neow_bonus":"THREE_ENEMY_KILL","is_daily":false,"chose_seed":false,"campfire_upgraded":4,"win_rate":0.0,"timestamp":1609632360,"path_taken":["M","?","?","M","M","R","E","M","T","R","E","R","M","M","R","BOSS","M","M","$","M","?"],"items_purchased_type":["Card"],"build_version":"2020-12-22","purchased_purges":1,"victory":false,"max_hp_per_floor":[72,72,72,72,72,72,72,72,86,86,86,86,86,86,86,86,86,86,86,86,86,86,86],"relic_stats":{"counters":[14,44],"Question Card":6,"obtain_stats":[{"Lantern":7,"NeowsBlessing":0,"Mango":9,"PureWater":0,"Question Card":11,"Empty Cage":17},{"Lantern":5,"NeowsBlessing":0,"Mango":6,"PureWater":0,"Question Card":7,"Empty Cage":10},{"Lantern":11,"NeowsBlessing":0,"Mango":17,"PureWater":0,"Question Card":20,"Empty Cage":31}]},"card_choices":[{"not_picked":["ThirdEye","ClearTheMind"],"picked":"BattleHymn","floor":1.0},{"not_picked":["SandsOfTime","PathToVictory"],"picked":"FollowUp","floor":3.0},{"not_picked":["Crescendo","Perseverance"],"picked":"DeceiveReality","floor":4.0},{"not_picked":["Adaptation","Worship"],"picked":"MentalFortress","floor":5.0},{"not_picked":["EmptyBody","PathToVictory"],"picked":"InnerPeace","floor":7.0},{"not_picked":["Prostrate","ClearTheMind"],"picked":"DeceiveReality","floor":8.0},{"not_picked":["Indignation","CrushJoints"],"picked":"FearNoEvil","floor":11.0},{"not_picked":["Consecrate","FlyingSleeves","Wireheading"],"picked":"Vengeance","floor":13.0},{"not_picked":["Halt","EmptyBody","Crescendo"],"picked":"Blasphemy","floor":14.0},{"not_picked":["Judgement","Alpha","Scrawl"],"picked":"DevaForm","floor":16.0},{"not_picked":["Evaluate","TalkToTheHand","FearNoEvil"],"picked":"Crescendo+1","floor":18.0},{"not_picked":["SashWhip+1","ThirdEye","Halt+1"],"picked":"TalkToTheHand","floor":19},{"not_picked":["CutThroughFate","EmptyBody+1","BattleHymn"],"picked":"Protect","floor":21}],"player_experience":3722167,"relics_obtained":[{"floor":7.0,"key":"Lantern"},{"floor":9.0,"key":"Mango"},{"floor":11.0,"key":"Question Card"}],"event_choices":[{"damage_healed":0.0,"max_hp_gain":0.0,"max_hp_loss":0.0,"gold_gain":0.0,"event_name":"Lab","player_choice":"Got Potions","floor":2.0,"gold_loss":0.0,"damage_taken":0.0},{"damage_healed":0,"gold_gain":0,"player_choice":"Fought Bandits","damage_taken":0,"max_hp_gain":0,"max_hp_loss":0,"event_name":"Masked Bandits","floor":22,"gold_loss":0}],"is_beta":false,"boss_relics":[{"not_picked":["Runic Pyramid","Calling Bell"],"picked":"Empty Cage"}],"items_purged_floors":[20],"is_endless":false,"potions_floor_spawned":[4,8,11,16],"killed_by":"Masked Bandits","ascension_level":5}}