{"host":"Rich","time":1609709474,"event":{"mods":["AchievementEnabler","BaseMod","Highlight Path","Minty Spire (QoL Compilation)","Relic Stats"],"gold_per_floor":[118,118,118,118,137,137,164,32,32,32,50,82,93,119,119,193,193,207,223,241,241,258,258,258],"floor_reached":23,"playtime":733,"items_purged":["Strike_R"],"score":472,"play_id":"3719ac95-d921-4ecd-8cfb-7f313057a8b3","local_time":"20210103163114","is_ascension_mode":true,"campfire_choices":[{"data":"Sword Boomerang","floor":6,"key":"SMITH"},{"data":"Rage","floor":15,"key":"SMITH"}],"circlet_count":0,"master_deck":["AscendersBane","Strike_R","Strike_R","Strike_R","Defend_R","Defend_R+1","Defend_R","Defend_R+1","Bash","Sword Boomerang+1","Thunderclap","Immolate","Flex","Pommel Strike","Rage+1","Pummel","Sword Boomerang","Demon Form","Shrug It Off","True Grit+1"],"relics":["Burning Blood","NeowsBlessing","Vajra","Blood Vial","Thread and Needle","Blue Candle","Strawberry","Velvet Choker","Enchiridion"],"acts_visited":["Exordium","TheCity"],"potions_floor_usage":[14,22],"damage_taken":[{"damage":0,"enemies":"2 Louse","floor":1,"turns":1},{"damage":0,"enemies":"Jaw Worm","floor":5,"turns":1},{"damage":0,"enemies":"Lagavulin","floor":7,"turns":1},{"damage":0,"enemies":"Cultist","floor":11,"turns":2},{"damage":8,"enemies":"3 Sentries","floor":12,"turns":3},{"damage":3,"enemies":"Gremlin Gang","floor":13,"turns":3},{"damage":24,"enemies":"Gremlin Nob","floor":14,"turns":4},{"damage":21,"enemies":"The Guardian","floor":16,"turns":12},{"damage":18,"enemies":"2 Thieves","floor":18,"turns":3},{"damage":10,"enemies":"Shell Parasite","floor":19,"turns":4},{"damage":43,"enemies":"Shelled Parasite and Fungi","floor":20,"turns":4},{"damage":6,"enemies":"Sentry and Sphere","floor":22,"turns":7},{"damage":23,"enemies":"Book of Stabbing","floor":23,"turns":3}],"seed_played":"-5473554367608589007","potions_obtained":[{"floor":11,"key":"Fruit Juice"},{"floor":13,"key":"Ancient Potion"}],"is_trial":false,"path_per_floor":["M","?","?","?","M","R","E","$","T","$","M","E","M","E","R","B",null,"M","M","M","?","M","E"],"character_chosen":"IRONCLAD","items_purchased":["Flex"],"campfire_rested":0,"item_purchase_floors":[8],"current_hp_per_floor":[74,63,56,33,39,39,45,45,45,45,53,53,58,49,49,36,71,61,59,24,3,10,0,0],"gold":258,"neow_bonus":"THREE_ENEMY_KILL","is_daily":false,"chose_seed":false,"campfire_upgraded":2,"win_rate":0.0,"timestamp":1609709474,"path_taken":["M","?","?","?","?","R","E","$","T","?","M","E","M","E","R","BOSS","M","M","?","?","M","E"],"items_purchased_type":["Card"],"build_version":"2020-12-18","purchased_purges":1,"victory":false,"max_hp_per_floor":[75,75,75,75,75,75,75,75,75,75,75,75,75,82,82,82,82,82,82,82,82,87,87,87],"relic_stats":{"Blood Vial":20,"counters":[13,48],"Blue Candle":[0],"obtain_stats":[{"Blood Vial":7,"NeowsBlessing":0,"Blue Candle":12,"Strawberry":14,"Vajra":2,"Velvet Choker":17,"Enchiridion":21,"Thread and Needle":9,"Burning Blood":0},{"Blood Vial":3,"NeowsBlessing":0,"Blue Candle":5,"Strawberry":7,"Vajra":1,"Velvet Choker":8,"Enchiridion":11,"Thread and Needle":3,"Burning Blood":0},{"Blood Vial":3,"NeowsBlessing":0,"Blue Candle":8,"Strawberry":15,"Vajra":1,"Velvet Choker":27,"Enchiridion":38,"Thread and Needle":3,"Burning Blood":0}],"Burning Blood":72},"card_choices":[{"not_picked":["Shrug It Off","Perfected Strike"],"picked":"Sword Boomerang","floor":1},{"not_picked":["Anger","Uppercut"],"picked":"Thunderclap","floor":5},{"not_picked":["Battle Trance","Second Wind"],"picked":"Immolate","floor":7},{"not_picked":["Havoc","Perfected Strike"],"picked":"Pommel Strike","floor":11},{"not_picked":["Twin Strike","Pommel Strike"],"picked":"Rage","floor":12},{"not_picked":["Flame Barrier","Perfected Strike"],"picked":"Pummel","floor":13},{"not_picked":["Dropkick","Bloodletting"],"picked":"Sword Boomerang","floor":14},{"not_picked":["Bludgeon","Exhume"],"picked":"Demon Form","floor":16},{"not_picked":["Sword Boomerang","Havoc","Rampage"],"picked":"SKIP","floor":18},{"not_picked":["Carnage+1","Dark Embrace"],"picked":"Shrug It Off","floor":19},{"not_picked":["Anger+1","Body Slam"],"picked":"True Grit+1","floor":20},{"not_picked":["Heavy Blade","Anger+1","Bloodletting"],"picked":"SKIP","floor":22}],"player_experience":1955929,"relics_obtained":[{"floor":7,"key":"Blood Vial"},{"floor":9,"key":"Thread and Needle"},{"floor":12,"key":"Blue Candle"},{"floor":14,"key":"Strawberry"},{"floor":21,"key":"Enchiridion"}],"event_choices":[{"damage_healed":0,"gold_gain":0,"player_choice":"Success","damage_taken":11,"relics_obtained":["Vajra"],"max_hp_gain":0,"max_hp_loss":0,"event_name":"Scrap Ooze","floor":2,"gold_loss":0},{"cards_removed":["Strike_R"],"damage_healed":0,"gold_gain":0,"player_choice":"Card Removal","damage_taken":7,"max_hp_gain":0,"max_hp_loss":0,"event_name":"Golden Wing","floor":3,"gold_loss":0},{"damage_healed":0,"gold_gain":0,"player_choice":"Entered Light","damage_taken":23,"max_hp_gain":0,"max_hp_loss":0,"event_name":"Shining Light","floor":4,"gold_loss":0,"cards_upgraded":["Defend_R","Defend_R"]},{"damage_healed":0,"gold_gain":0,"player_choice":"Obtained Book","damage_taken":21,"max_hp_gain":0,"max_hp_loss":0,"event_name":"Cursed Tome","floor":21,"gold_loss":0}],"is_beta":true,"boss_relics":[{"not_picked":["Mark of Pain","SacredBark"],"picked":"Velvet Choker"}],"items_purged_floors":[8],"is_endless":false,"potions_floor_spawned":[11,13],"killed_by":"Book of Stabbing","ascension_level":20}}