{"host":"2820e8i2y38gm4bp","time":1609698834,"event":{"mods":["2.2 Compatiblity","Act Like it!","BaseMod","Better Note","BetterRewards","Downfall","Elementarium","GungeonMod","Hubris","Marisa????????","Minty Spire (QoL Compilation)","Rare Cards Sparkle","Replay The Spire","Shop Mod","StSLib","The Cursed","The Jungle"],"gold_per_floor":[109,127,147,147,161,161,196,196,196,226,244,244,254,274,274,274,274],"floor_reached":16,"playtime":835,"items_purged":[],"score":172,"play_id":"b7145e0f-4658-4f74-b640-d56cf04e0e02","local_time":"20210103133354","is_ascension_mode":true,"campfire_choices":[{"data":"Life Link","floor":6.0,"key":"SMITH"},{"data":"Body Slam","floor":8.0,"key":"SMITH"},{"data":"ReplayTheSpireMod:Muscle Training","floor":12.0,"key":"SMITH"},{"floor":15.0,"key":"REST"}],"circlet_count":0,"master_deck":["Strike_R","Strike_R","Strike_R","Strike_R","Defend_R","Defend_R","Defend_R","Defend_R","Bash","Rupture","Rupture","Life Link+1","hubris:ReadiedAction","Body Slam","Power Through","Body Slam+1","Feel No Pain","True Grit","Bloodletting","ReplayTheSpireMod:Muscle Training+1","hubris:StunningStrike"],"relics":["Burning Blood","hubris:EmptyBottle","Snack Pack","Replay:Bottled Flurry","Bottled Flame"],"acts_visited":["Exordium"],"potions_floor_usage":[16],"damage_taken":[{"damage":1.0,"enemies":"2 Louse","floor":1.0,"turns":3.0},{"damage":0.0,"enemies":"Cultist","floor":2.0,"turns":4.0},{"damage":8.0,"enemies":"Small Slimes","floor":3.0,"turns":5.0},{"damage":0.0,"enemies":"Blue Slaver","floor":5.0,"turns":3.0},{"damage":7.0,"enemies":"3 Sentries","floor":7.0,"turns":12.0},{"damage":17.0,"enemies":"Gremlin Nob","floor":10.0,"turns":4.0},{"damage":25.0,"enemies":"Exordium Wildlife","floor":11.0,"turns":5.0},{"damage":4.0,"enemies":"Lots of Slimes","floor":13.0,"turns":5.0},{"damage":8.0,"enemies":"2 Fungi Beasts","floor":14.0,"turns":3.0},{"damage":73,"enemies":"Slime Boss","floor":16,"turns":8}],"seed_played":"-2324823503977820900","potions_obtained":[{"floor":1.0,"key":"FearPotion"},{"floor":2.0,"key":"EntropicBrew"},{"floor":10.0,"key":"hexamod:EctoCoolerPotion"},{"floor":14.0,"key":"sneckomod:MuddlingPotion"}],"is_trial":false,"path_per_floor":["M","M","M","?","M","R","E","R","T","E","M","R","M","M","R","B"],"character_chosen":"IRONCLAD","items_purchased":["hubris:EmptyBottle","Rupture","Life Link","hubris:ReadiedAction"],"campfire_rested":1,"item_purchase_floors":[0,0,0,0],"current_hp_per_floor":[63,69,67,67,73,73,72,72,72,61,42,42,46,46,70,0,0],"gold":274,"neow_bonus":"","is_daily":false,"chose_seed":false,"campfire_upgraded":3,"win_rate":0.0,"timestamp":1609698834,"path_taken":["M","M","M","?","M","R","E","R","T","E","M","R","?","M","R","BOSS"],"items_purchased_type":["Relic","Card","Card","Card"],"build_version":"2020-12-22","purchased_purges":0,"victory":false,"max_hp_per_floor":[80,80,80,80,80,80,80,80,80,80,80,80,80,80,80,80,80],"card_choices":[{"not_picked":["Inflame","ReplayTheSpireMod:Strike From Hell"],"picked":"Body Slam","floor":1.0},{"not_picked":["Ghostly Armor","Heavy Blade"],"picked":"Power Through","floor":2.0},{"not_picked":["Thunderclap","Life Link"],"picked":"Body Slam","floor":3.0},{"not_picked":["Rage","Searing Blow"],"picked":"True Grit","floor":5.0},{"not_picked":["Sword Boomerang","Wild Strike","Anger"],"picked":"SKIP","floor":7.0},{"not_picked":["Clothesline","Rampage"],"picked":"Bloodletting","floor":10.0},{"not_picked":["Anger","ReplayTheSpireMod:Limb From Limb"],"picked":"ReplayTheSpireMod:Muscle Training","floor":11.0},{"not_picked":["Power Through","Body Slam"],"picked":"hubris:StunningStrike","floor":13.0},{"not_picked":["Massacre","Flex","True Grit"],"picked":"SKIP","floor":14.0}],"player_experience":525169,"relics_obtained":[{"floor":7.0,"key":"Snack Pack"},{"floor":9.0,"key":"Replay:Bottled Flurry"},{"floor":10.0,"key":"Bottled Flame"}],"event_choices":[{"damage_healed":0.0,"max_hp_gain":0.0,"max_hp_loss":0.0,"gold_gain":0.0,"cards_transformed":["Strike_R"],"event_name":"Transmorgrifier","player_choice":"Transformed","floor":4.0,"gold_loss":0.0,"damage_taken":0.0,"cards_obtained":["Feel No Pain"]}],"is_beta":false,"boss_relics":[],"items_purged_floors":[],"is_endless":false,"potions_floor_spawned":[1,2,7,10,14],"killed_by":"Slime Boss","ascension_level":1}}