{"host":"7hpq7e8rzvzbnf1s","time":1609665365,"event":{"mods":["Arknights The Spire","BaseMod","Minty Spire (QoL Compilation)","Quick Restart","StSLib","Waifu the Spire"],"gold_per_floor":[114,114,124,144,144,144,167,167,193,193,193,208,61,104,104,223,223,238,238,238],"floor_reached":19,"playtime":663,"items_purged":["Decay"],"score":175,"play_id":"9543cd01-c146-47c6-b08c-b81e13046bf2","local_time":"20210103171605","is_ascension_mode":true,"campfire_choices":[{"data":"ats:Emotion Absorption","floor":6,"key":"SMITH"},{"floor":8,"key":"REST"},{"data":"Panacea","floor":10,"key":"SMITH"},{"data":"ats:Healing Strengthening","floor":15,"key":"SMITH"}],"circlet_count":0,"master_deck":["ats:Strike C","ats:Strike G","ats:Strike S","ats:Strike V","ats:Armor Crushing Shot","ats:Defend","ats:Defend","ats:Defend","ats:Defend","ats:Emotion Absorption+1","Panacea+1","ats:Curse Doll","ats:Burning Ground","ats:Hammer On","ats:Hammer On","ats:Healing Drone","ats:Healing Strengthening+1","ats:Automatic Cover","ats:Dogmatic Field","ats:Ignite"],"relics":["ats:Sanity","Golden Idol","Omamori","Anchor","ats:Originium","ats:Spiritual Recovery","Philosopher\u0027s Stone"],"acts_visited":["Exordium","TheCity"],"potions_floor_usage":[14],"damage_taken":[{"damage":7.0,"enemies":"2 Louse","floor":1.0,"turns":2.0},{"damage":4,"enemies":"Cultist","floor":3,"turns":4},{"damage":17,"enemies":"Small Slimes","floor":4,"turns":3},{"damage":14,"enemies":"Exordium Wildlife","floor":7,"turns":4},{"damage":0,"enemies":"3 Louse","floor":12,"turns":2},{"damage":26,"enemies":"3 Sentries","floor":14,"turns":10},{"damage":84,"enemies":"Slime Boss","floor":16,"turns":14},{"damage":65,"enemies":"Shell Parasite","floor":18,"turns":8},{"damage":66,"enemies":"3 Byrds","floor":19,"turns":3}],"seed_played":"-3071878483105887857","potions_obtained":[{"floor":1.0,"key":"Strength Potion"},{"floor":4,"key":"FearPotion"},{"floor":12,"key":"Fire Potion"}],"is_trial":false,"path_per_floor":["M","?","M","M","?","R","M","R","T","R","?","M","$","E","R","B",null,"M","M"],"character_chosen":"DOCTOR_CLASS","items_purchased":["ats:Healing Strengthening"],"campfire_rested":1,"item_purchase_floors":[13],"current_hp_per_floor":[65,65,61,44,26,26,12,33,33,33,26,26,26,36,36,24,72,53,0,0],"gold":238,"neow_bonus":"RANDOM_COLORLESS","is_daily":false,"chose_seed":false,"campfire_upgraded":3,"win_rate":0.0,"timestamp":1609665365,"path_taken":["M","?","M","?","?","R","M","R","T","R","?","M","$","E","R","BOSS","M","M"],"items_purchased_type":["Card"],"build_version":"2020-12-22","purchased_purges":1,"victory":false,"max_hp_per_floor":[72,72,72,72,72,72,72,72,72,72,72,72,72,72,72,72,72,72,72,72],"card_choices":[{"not_picked":["Madness","Blind"],"picked":"Panacea","floor":0.0},{"not_picked":["ats:Poison Spread","ats:Flexible Camouflage"],"picked":"ats:Curse Doll","floor":1.0},{"not_picked":["ats:Counter Healing Mode","ats:Assault Order"],"picked":"ats:Burning Ground","floor":3},{"not_picked":["ats:Explosion Area Strengthen","ats:Powerful Strike"],"picked":"ats:Hammer On","floor":4},{"not_picked":["ats:Childhood Dance","ats:Beaten Up"],"picked":"ats:Hammer On","floor":7},{"not_picked":["ats:Support Order","ats:Ignite"],"picked":"ats:Healing Drone","floor":12},{"not_picked":["ats:Cat Scratch","ats:Powerful Strike"],"picked":"ats:Automatic Cover","floor":14},{"not_picked":["ats:Calcification","ats:Rat Pack"],"picked":"ats:Dogmatic Field","floor":16},{"not_picked":["ats:Powerful Strike","ats:Counter Healing Mode+1"],"picked":"ats:Ignite","floor":18}],"player_experience":195020,"relics_obtained":[{"floor":9,"key":"Omamori"},{"floor":14,"key":"ats:Originium"},{"floor":14,"key":"ats:Spiritual Recovery"}],"event_choices":[{"damage_healed":0,"gold_gain":0,"player_choice":"Cursed","damage_taken":0,"max_hp_gain":0,"max_hp_loss":0,"event_name":"Wheel of Change","floor":2,"gold_loss":0,"cards_obtained":["Decay"]},{"damage_healed":0,"gold_gain":0,"player_choice":"Take Damage","damage_taken":18,"relics_obtained":["Golden Idol"],"max_hp_gain":0,"max_hp_loss":0,"event_name":"Golden Idol","floor":5,"gold_loss":0},{"damage_healed":0,"gold_gain":0,"player_choice":"Success","damage_taken":7,"relics_obtained":["Anchor"],"max_hp_gain":0,"max_hp_loss":0,"event_name":"Scrap Ooze","floor":11,"gold_loss":0}],"is_beta":false,"boss_relics":[{"not_picked":["Astrolabe","Snecko Eye"],"picked":"Philosopher\u0027s Stone"}],"items_purged_floors":[13],"is_endless":false,"potions_floor_spawned":[1,4,12],"killed_by":"3 Byrds","ascension_level":1}}