{"host":"ockkdcgl3b18tfz9","time":1609691758,"event":{"mods":["2.2 Compatiblity","BaseMod","Better Skull","Better Third Choice","BetterRewards","Hermit","Minty Spire (QoL Compilation)","Quick Restart","Replay The Spire","Spicy Shops","StSLib","SuperFastMode","The Jungle"],"gold_per_floor":[117,129,94,109,109,109,125,159,159,334,334,91,119,119,119,221,221,243,455,483,509,539,551,563,643,678,789,801,838,863,885,897,1011,1023,1035,1035],"floor_reached":35,"playtime":756,"items_purged":["Decay"],"score":791,"play_id":"6cb5b4a7-8b8f-4f84-8d32-485b6f704bf9","local_time":"20210103233558","is_ascension_mode":true,"campfire_choices":[{"floor":6.0,"key":"REST"},{"floor":11.0,"key":"REST"},{"floor":15.0,"key":"REST"},{"floor":23.0,"key":"REST"},{"floor":28.0,"key":"REST"},{"floor":32.0,"key":"REST"}],"circlet_count":0,"master_deck":["AscendersBane","Strike_B","Strike_B+1","Strike_B","Strike_B","Defend_B","Defend_B","Defend_B","Defend_B+1","Zap+1","Dualcast","FIFO Queue","Self Repair+1","Sweeping Beam","Panic Button","Ball Lightning","Static Discharge","Aggregate","Undo","Hologram","Leap","Defragment","Beam Cell+1","Doubt","White Noise","Biased Cognition+1","Spreading Infection","CommonCold","CommonCold","Ball Lightning+1","Go for the Eyes+1","Reprogram","Ball Lightning+1","Glacier","Compile Driver+1","Stack","Echo Form+1"],"relics":["Cracked Core","BargainBundle","Tiny Chest","Gremlin Food","ReplayTheSpireMod:Lightbulb","Orrery","Art of War","Symbiotic Virus","Golden Egg","Bird Faced Urn","ReplayTheSpireMod:Ninjato","Replay:Ancient Bell","MawBank","Cables","FossilizedHelix","Replay:Ringing Soul","Juzu Bracelet","Vajra","Replay:Bronze Core"],"acts_visited":["Exordium","TheCity","TheBeyond"],"potions_floor_usage":[],"damage_taken":[{"damage":13.0,"enemies":"Small Slimes","floor":1.0,"turns":2.0},{"damage":0.0,"enemies":"2 Louse","floor":2.0,"turns":3.0},{"damage":2.0,"enemies":"Jaw Worm","floor":4.0,"turns":2.0},{"damage":19.0,"enemies":"Exordium Wildlife","floor":7.0,"turns":2.0},{"damage":38.0,"enemies":"Gremlin Nob","floor":8.0,"turns":4.0},{"damage":16.0,"enemies":"Lagavulin","floor":13.0,"turns":6.0},{"damage":20.0,"enemies":"The Guardian","floor":16.0,"turns":7.0},{"damage":34.0,"enemies":"2 Thieves","floor":18.0,"turns":3.0},{"damage":1.0,"enemies":"Shell Parasite","floor":20.0,"turns":3.0},{"damage":56.0,"enemies":"Cultist and Chosen","floor":21.0,"turns":4.0},{"damage":18.0,"enemies":"Chosen and Byrds","floor":22.0,"turns":5.0},{"damage":35.0,"enemies":"Book of Stabbing","floor":29.0,"turns":4.0},{"damage":25.0,"enemies":"Centurion and Healer","floor":30.0,"turns":6.0},{"damage":16.0,"enemies":"Snake Plant","floor":31.0,"turns":2.0},{"damage":27,"enemies":"Champ","floor":33,"turns":8},{"damage":24,"enemies":"3 Shapes","floor":35,"turns":2}],"seed_played":"-4958018871794633246","potions_obtained":[{"floor":1.0,"key":"Explosive Potion"},{"floor":2.0,"key":"DistilledChaos"},{"floor":22.0,"key":"Dexterity Potion"},{"floor":29.0,"key":"LiquidMemories"},{"floor":33,"key":"SneckoOil"}],"is_trial":false,"path_per_floor":["M","M","?","M","?","R","M","E","T","?","R","$","E","T","R","B",null,"M","?","M","M","M","R","?","T","T","?","R","E","M","M","R","B",null,"M"],"character_chosen":"DEFECT","items_purchased":["BargainBundle","Tiny Chest","Gremlin Food","ReplayTheSpireMod:Lightbulb","Orrery","Go for the Eyes","Static Discharge","Golden Egg"],"campfire_rested":6,"item_purchase_floors":[0,0,0,0,0,0,0,12],"current_hp_per_floor":[27,34,52,50,55,79,60,29,29,29,53,53,44,44,68,76,79,49,49,66,28,16,40,40,40,40,40,64,42,38,29,55,53,82,60,60],"gold":1035,"neow_bonus":"","is_daily":false,"chose_seed":false,"campfire_upgraded":0,"win_rate":0.0,"timestamp":1609691758,"path_taken":["M","M","?","M","?","R","M","E","T","?","R","$","E","?","R","BOSS","M","?","M","M","?","R","?","?","T","?","R","E","M","M","R","BOSS","M"],"items_purchased_type":["Relic","Relic","Relic","Relic","Relic","Card","Card","Relic"],"build_version":"2020-12-22","purchased_purges":1,"victory":false,"max_hp_per_floor":[75,75,75,75,80,80,80,80,80,80,80,80,80,80,80,80,80,80,80,80,80,80,80,80,80,80,80,80,83,86,89,89,92,92,92,92],"card_choices":[{"not_picked":["Beam Cell","Panic Button"],"picked":"FIFO Queue","floor":0.0},{"not_picked":["Go for the Eyes","Steam"],"picked":"Self Repair","floor":0.0},{"not_picked":["Cold Snap","Reprogram"],"picked":"Sweeping Beam","floor":0.0},{"not_picked":["Barrage","Hyperbeam"],"picked":"Panic Button","floor":0.0},{"not_picked":["Undo","Go for the Eyes"],"picked":"Ball Lightning","floor":0.0},{"not_picked":["Time Bomb","Coolheaded"],"picked":"Undo","floor":1.0},{"not_picked":["Skim","ReplayTheSpireMod:GoodbyeWorld"],"picked":"Hologram","floor":2.0},{"not_picked":["Hologram","ReplaySolidLightProjector"],"picked":"Leap","floor":4.0},{"not_picked":["Leap","Double Energy"],"picked":"Defragment","floor":7.0},{"not_picked":["Time Bomb","Sweeping Beam"],"picked":"Beam Cell","floor":8.0},{"not_picked":["Auto Shields","Go for the Eyes"],"picked":"White Noise","floor":13.0},{"not_picked":["Seek","Amplify"],"picked":"Biased Cognition","floor":16.0},{"not_picked":["Voices","Looming Evil"],"picked":"Spreading Infection","floor":17.0},{"not_picked":["Voices","Hallucinations"],"picked":"CommonCold","floor":17.0},{"not_picked":["Normality","Languid"],"picked":"CommonCold","floor":17.0},{"not_picked":["Blizzard","FTL"],"picked":"Ball Lightning+1","floor":18.0},{"not_picked":["Hologram","Hyperbeam"],"picked":"Go for the Eyes+1","floor":20.0},{"not_picked":["Stack","Sweeping Beam"],"picked":"Reprogram","floor":21.0},{"not_picked":["BasicCrystalCard","Meteor Strike"],"picked":"Ball Lightning","floor":22.0},{"not_picked":["Reboot","Coolheaded"],"picked":"Glacier","floor":29.0},{"not_picked":["ReplayTheSpireMod:Calculation Training","ReplaySort+1"],"picked":"Compile Driver+1","floor":30.0},{"not_picked":["Recycle","BasicCrystalCard"],"picked":"Stack","floor":31.0},{"not_picked":["Buffer","Meteor Strike"],"picked":"Echo Form","floor":33}],"player_experience":251244,"relics_obtained":[{"floor":8.0,"key":"Art of War"},{"floor":9.0,"key":"Symbiotic Virus"},{"floor":13.0,"key":"Bird Faced Urn"},{"floor":14.0,"key":"ReplayTheSpireMod:Ninjato"},{"floor":25.0,"key":"Replay:Ringing Soul"},{"floor":26.0,"key":"Juzu Bracelet"},{"floor":29.0,"key":"Vajra"}],"event_choices":[{"damage_healed":18.0,"max_hp_gain":0.0,"max_hp_loss":0.0,"gold_gain":0.0,"event_name":"The Cleric","player_choice":"Healed","floor":3.0,"gold_loss":35.0,"damage_taken":0.0},{"damage_healed":0.0,"max_hp_gain":5.0,"max_hp_loss":0.0,"gold_gain":0.0,"event_name":"Big Fish","player_choice":"Donut","floor":5.0,"gold_loss":0.0,"damage_taken":0.0},{"damage_healed":0.0,"max_hp_gain":0.0,"max_hp_loss":0.0,"gold_gain":175.0,"event_name":"betterThird:BetterSerpent","player_choice":"AGREE","floor":10.0,"gold_loss":0.0,"damage_taken":159.0},{"damage_healed":0.0,"max_hp_gain":0.0,"max_hp_loss":0.0,"gold_gain":250.0,"event_name":"The Joust","player_choice":"Bet on Owner","floor":19.0,"gold_loss":50.0,"damage_taken":0.0},{"damage_healed":0.0,"max_hp_gain":0.0,"max_hp_loss":0.0,"gold_gain":0.0,"event_name":"betterThird:BetterWriting","player_choice":"Adaptability","floor":24.0,"gold_loss":0.0,"damage_taken":0.0},{"damage_healed":0.0,"max_hp_gain":0.0,"max_hp_loss":0.0,"gold_gain":99.0,"event_name":"betterThird:BetterNest","player_choice":"Steal","floor":27.0,"gold_loss":0.0,"damage_taken":0.0}],"is_beta":false,"boss_relics":[{"not_picked":["Inserter","Cursed Key"],"picked":"Replay:Ancient Bell"},{"not_picked":["Grinning Jar","Pen Nib"],"picked":"MawBank"},{"not_picked":["Replay:Bottled Flurry","Divine Protection"],"picked":"Cables"},{"not_picked":["Mango","TungstenRod"],"picked":"FossilizedHelix"},{"not_picked":["Coffee Dripper","ReplayTheSpireMod:DimensionalGlitch"],"picked":"Replay:Bronze Core"}],"items_purged_floors":[0],"is_endless":false,"potions_floor_spawned":[1,2,13,22,29,33],"killed_by":"3 Shapes","ascension_level":12}}