{"host":"p7j7o00jacnw7qzt","time":1609651637,"event":{"mods":["BaseMod","Colored Map","Colored Powertips","DeckTracker","Highlight Path","Minty Spire (QoL Compilation)","Relic Stats"],"gold_per_floor":[118,43,43,70,82,82,112,112,194,223,247,247,263,298,298,298,298],"floor_reached":16,"playtime":446,"items_purged":["Strike_R"],"score":282,"play_id":"5418cc80-6d8e-472f-b843-ef8a293aed84","local_time":"20210103002717","is_ascension_mode":true,"campfire_choices":[{"data":"Shockwave","floor":6.0,"key":"SMITH"},{"data":"Rampage","floor":8.0,"key":"SMITH"},{"data":"Bash","floor":12.0,"key":"PURGE"},{"floor":15.0,"key":"DIG"}],"circlet_count":0,"master_deck":["AscendersBane","Strike_R","Strike_R","Strike_R","Strike_R","Defend_R","Defend_R","Defend_R","Defend_R","Shockwave+1","Rampage+1","Shrug It Off","Dark Embrace","Burning Pact","Impervious"],"relics":["Burning Blood","NeowsBlessing","Lantern","Peace Pipe","Shovel","Odd Mushroom","Toy Ornithopter","Paper Frog"],"acts_visited":["Exordium"],"potions_floor_usage":[16],"damage_taken":[{"damage":0.0,"enemies":"Small Slimes","floor":1.0,"turns":2.0},{"damage":0.0,"enemies":"Jaw Worm","floor":5.0,"turns":1.0},{"damage":0.0,"enemies":"Gremlin Nob","floor":7.0,"turns":1.0},{"damage":35.0,"enemies":"3 Sentries","floor":10.0,"turns":8.0},{"damage":21.0,"enemies":"The Mushroom Lair","floor":11.0,"turns":5.0},{"damage":1.0,"enemies":"2 Louse","floor":13.0,"turns":4.0},{"damage":28.0,"enemies":"Gremlin Nob","floor":14.0,"turns":4.0},{"damage":19,"enemies":"Hexaghost","floor":16,"turns":8}],"seed_played":"-2352020854840099207","potions_obtained":[{"floor":7.0,"key":"SteroidPotion"},{"floor":14.0,"key":"Explosive Potion"}],"is_trial":false,"path_per_floor":["M","$","?","T","M","R","E","R","T","E","?","R","M","E","R","B"],"character_chosen":"IRONCLAD","items_purchased":[],"campfire_rested":0,"item_purchase_floors":[],"current_hp_per_floor":[74,74,74,74,75,75,75,75,75,46,31,31,36,14,14,0,0],"gold":298,"neow_bonus":"THREE_ENEMY_KILL","is_daily":false,"chose_seed":false,"campfire_upgraded":2,"win_rate":0.0,"timestamp":1609651637,"path_taken":["M","$","?","?","M","R","E","R","T","E","?","R","M","E","R","BOSS"],"items_purchased_type":[],"build_version":"2020-12-22","purchased_purges":1,"victory":false,"max_hp_per_floor":[75,75,75,75,75,75,75,75,75,75,75,75,75,75,75,75,75],"relic_stats":{"Peace Pipe":1,"Shovel":1,"counters":[8,33],"obtain_stats":[{"Peace Pipe":7,"Lantern":4,"Shovel":10,"NeowsBlessing":0,"Odd Mushroom":11,"Burning Blood":0,"Toy Ornithopter":14,"Paper Frog":15},{"Peace Pipe":3,"Lantern":1,"Shovel":4,"NeowsBlessing":0,"Odd Mushroom":5,"Burning Blood":0,"Toy Ornithopter":7,"Paper Frog":7},{"Peace Pipe":4,"Lantern":2,"Shovel":12,"NeowsBlessing":0,"Odd Mushroom":17,"Burning Blood":0,"Toy Ornithopter":25,"Paper Frog":25}],"Burning Blood":31,"Toy Ornithopter":5},"card_choices":[{"not_picked":["Clothesline","Sever Soul","Pummel"],"picked":"SKIP","floor":1.0},{"not_picked":["Sword Boomerang","Dual Wield"],"picked":"Shockwave","floor":5.0},{"not_picked":["Cleave","Power Through"],"picked":"Rampage","floor":7.0},{"not_picked":["Pommel Strike","Intimidate"],"picked":"Shrug It Off","floor":10.0},{"not_picked":["Havoc","Pommel Strike"],"picked":"Dark Embrace","floor":11.0},{"not_picked":["Heavy Blade","Flame Barrier"],"picked":"Burning Pact","floor":13.0},{"not_picked":["Iron Wave","Headbutt"],"picked":"Impervious","floor":14.0}],"player_experience":952064,"relics_obtained":[{"floor":4.0,"key":"Lantern"},{"floor":7.0,"key":"Peace Pipe"},{"floor":10.0,"key":"Shovel"},{"floor":11.0,"key":"Odd Mushroom"},{"floor":14.0,"key":"Toy Ornithopter"},{"floor":15.0,"key":"Paper Frog"}],"event_choices":[{"damage_healed":0.0,"max_hp_gain":0.0,"max_hp_loss":0.0,"gold_gain":0.0,"event_name":"Liars Game","player_choice":"Ignored","floor":3.0,"gold_loss":0.0,"damage_taken":0.0},{"damage_healed":0.0,"max_hp_gain":0.0,"max_hp_loss":0.0,"gold_gain":0.0,"event_name":"Mushrooms","player_choice":"Fought Mushrooms","floor":11.0,"gold_loss":0.0,"damage_taken":0.0}],"is_beta":false,"boss_relics":[],"items_purged_floors":[2],"is_endless":false,"potions_floor_spawned":[7,14],"killed_by":"Hexaghost","ascension_level":20}}