{"host":"igj4vwc42ivwqexo","time":1609632000,"event":{"mods":["BaseMod","Better Third Choice","Koishi","Marisa????????","Minty Spire (QoL Compilation)","Shop Mod","StSLib","The Blue Laboratory","The Disciple","The Hierophant","The Servant 0.9.4"],"gold_per_floor":[114,128,44,55,67,67,17,43,43,43,63,63,63,98,98,98,98],"floor_reached":16,"playtime":1081,"items_purged":[],"score":138,"play_id":"83651146-a61f-4cf3-af1b-292a679573bc","local_time":"20210103010000","is_ascension_mode":true,"campfire_choices":[{"data":"Mayhem","floor":6,"key":"SMITH"},{"data":"Zap","floor":12,"key":"SMITH"},{"data":"Creative AI","floor":15,"key":"SMITH"}],"circlet_count":0,"master_deck":["Strike_B","Strike_B","Strike_B","Strike_B","Defend_B","Defend_B+1","Defend_B","Zap+1","Dualcast","Mayhem+1","BootSequence","Self Repair","Ball Lightning","Self Repair","Genetic Algorithm","FTL+1","Genetic Algorithm","Creative AI+1"],"relics":["Cracked Core","Cables","Peace Pipe","TungstenRod"],"acts_visited":["Exordium"],"potions_floor_usage":[11,14],"damage_taken":[{"damage":1,"enemies":"Cultist","floor":1,"turns":4},{"damage":3,"enemies":"2 Louse","floor":2,"turns":3},{"damage":0,"enemies":"Small Slimes","floor":4,"turns":3},{"damage":24,"enemies":"Exordium Thugs","floor":5,"turns":4},{"damage":44,"enemies":"3 Sentries","floor":8,"turns":9},{"damage":6,"enemies":"2 Fungi Beasts","floor":11,"turns":3},{"damage":2,"enemies":"Lagavulin","floor":14,"turns":6},{"damage":39,"enemies":"Slime Boss","floor":16,"turns":5}],"seed_played":"1216693148084498857","potions_obtained":[{"floor":8,"key":"EssenceOfSteel"},{"floor":11,"key":"blueLaboratory:PhilterOfMotion"},{"floor":14,"key":"blueLaboratory:HorrorPotion"}],"is_trial":false,"path_per_floor":["M","M","$","M","M","R","?","E","T","?","M","R","?","E","R","B"],"character_chosen":"DEFECT","items_purchased":["Self Repair","Ball Lightning"],"campfire_rested":0,"item_purchase_floors":[3,3],"current_hp_per_floor":[67,64,64,68,51,51,51,21,21,7,15,15,20,32,32,0,0],"gold":98,"neow_bonus":"RANDOM_COLORLESS_2","is_daily":false,"chose_seed":false,"campfire_upgraded":3,"win_rate":0.0,"timestamp":1609632000,"path_taken":["M","M","?","?","M","R","?","E","T","?","M","R","?","E","R","BOSS"],"items_purchased_type":["Card","Card"],"build_version":"2020-12-22","purchased_purges":0,"victory":false,"max_hp_per_floor":[68,68,68,68,68,68,68,68,68,68,68,68,73,73,73,73,73],"card_choices":[{"not_picked":["HandOfGreed","Panache"],"picked":"Mayhem","floor":0},{"not_picked":["Gash","Streamline","Hello World"],"picked":"SKIP","floor":1},{"not_picked":["Hologram","Ball Lightning"],"picked":"BootSequence","floor":2},{"not_picked":["Blizzard","Hologram"],"picked":"Self Repair","floor":4},{"not_picked":["Darkness","Beam Cell"],"picked":"Genetic Algorithm","floor":5},{"not_picked":["Rebound","Stack"],"picked":"FTL","floor":8},{"not_picked":["Thunder Strike","Turbo"],"picked":"Genetic Algorithm","floor":11},{"not_picked":["Tempest","Hologram"],"picked":"Creative AI","floor":14}],"player_experience":316979,"relics_obtained":[{"floor":8,"key":"Cables"},{"floor":9,"key":"Peace Pipe"},{"floor":14,"key":"TungstenRod"}],"event_choices":[{"cards_removed":["Defend_B"],"damage_healed":0,"gold_gain":0,"player_choice":"Card Removal","damage_taken":0,"max_hp_gain":0,"max_hp_loss":0,"event_name":"The Cleric","floor":7,"gold_loss":50},{"damage_healed":21,"gold_gain":0,"player_choice":"Upgrade","damage_taken":14,"max_hp_gain":0,"max_hp_loss":68,"event_name":"betterThird:BetterShining","floor":10,"gold_loss":0,"cards_upgraded":["Defend_B","FTL"]},{"damage_healed":0,"gold_gain":0,"player_choice":"Donut","damage_taken":0,"max_hp_gain":5,"max_hp_loss":0,"event_name":"Big Fish","floor":13,"gold_loss":0}],"is_beta":false,"boss_relics":[],"items_purged_floors":[],"is_endless":false,"potions_floor_spawned":[8,11,14],"killed_by":"Slime Boss","ascension_level":5}}