{"host":"5wf60zc4jjt9ov65","time":1609696011,"event":{"mods":["AchievementEnabler","BaseMod","Beaked The Cultist","Better Altar","Better Match","Better Note","Better Sensory Stone","Better Skull","Better Third Choice","BetterRewards","Colored Map","Colored Powertips","Downfall","Googly Eyes","Halation","Highlight Path","Hubris","Infinite Spire","Minty Spire (QoL Compilation)","Permanent Neow","Quick Restart","Replay The Spire","StSLib","The Bug Knight","The Construct"],"gold_per_floor":[116,129,129,147,147,147,180,196,196,371,56,56,156,171,171,266,266,276,286,305,305,305,305,305],"floor_reached":23,"playtime":1657,"items_purged":["Strike_B"],"score":191,"play_id":"3b1a9549-5070-4a04-ba26-b5cce74b17c5","local_time":"20210103124651","is_ascension_mode":false,"campfire_choices":[{"data":"Zap","floor":6.0,"key":"SMITH"},{"floor":15.0,"key":"REST"}],"circlet_count":0,"master_deck":["Strike_B","Strike_B","Strike_B","Defend_B","Defend_B","Defend_B","Defend_B","Zap+1","Dualcast","ReplayRNGCard","Turbo","Panic Button","Leap","BasicCrystalCard","Aggregate","Doubt","hubris:Fate","Ball Lightning","Buffer","ReplaySolidLightProjector+1","Sweeping Beam+1","Redo+1"],"relics":["Cracked Core","hubris:Towel","halation:YellowSoulGem","halation:PenCase","Gambling Chip","hubris:SoftwareUpdate","Nloth\u0027s Gift"],"acts_visited":["Exordium","TheCity"],"potions_floor_usage":[19,19,20,23],"damage_taken":[{"damage":3.0,"enemies":"Jaw Worm","floor":1.0,"turns":3.0},{"damage":0.0,"enemies":"2 Louse","floor":2.0,"turns":1.0},{"damage":0.0,"enemies":"Small Slimes","floor":4.0,"turns":4.0},{"damage":13.0,"enemies":"Lagavulin","floor":7.0,"turns":6.0},{"damage":6.0,"enemies":"Looter","floor":8.0,"turns":3.0},{"damage":4.0,"enemies":"Lots of Slimes","floor":14.0,"turns":4.0},{"damage":21.0,"enemies":"Slime Boss","floor":16.0,"turns":8.0},{"damage":27.0,"enemies":"Spheric Guardian","floor":18.0,"turns":7.0},{"damage":35,"enemies":"3 Byrds","floor":19,"turns":8},{"damage":13,"enemies":"Snake Plant","floor":20,"turns":5},{"damage":20,"enemies":"Slavers","floor":23,"turns":1}],"seed_played":"8319214447244983798","potions_obtained":[{"floor":2.0,"key":"sneckomod:MuddlingPotion"},{"floor":4.0,"key":"Flashbang"},{"floor":8.0,"key":"champ:CounterPotion"},{"floor":18.0,"key":"Block Potion"},{"floor":19,"key":"Fire Potion"}],"is_trial":false,"path_per_floor":["M","M","?","M","?","R","E","M","T","?","$","?","?","M","R","B",null,"M","M","M","?","?","E"],"character_chosen":"DEFECT","items_purchased":["hubris:SoftwareUpdate"],"campfire_rested":1,"item_purchase_floors":[11],"current_hp_per_floor":[72,72,72,72,72,72,59,53,53,53,53,35,35,31,53,32,75,48,28,15,15,15,0,0],"gold":305,"neow_bonus":"ONE_RANDOM_RARE_CARD","is_daily":false,"chose_seed":false,"campfire_upgraded":1,"win_rate":0.0,"timestamp":1609696011,"path_taken":["M","M","?","M","?","R","E","M","T","?","$","?","?","M","R","BOSS","M","M","?","?","?","E"],"items_purchased_type":["Relic"],"build_version":"2020-12-22","purchased_purges":1,"victory":false,"max_hp_per_floor":[75,75,75,75,75,75,75,75,75,75,75,75,75,75,75,75,75,75,75,75,75,75,75,75],"card_choices":[{"not_picked":["Auto Shields","ReplayTheSpireMod:GoodbyeWorld"],"picked":"Turbo","floor":1.0},{"not_picked":["Gash","Ball Lightning"],"picked":"Panic Button","floor":2.0},{"not_picked":["Static Discharge","Storm"],"picked":"Leap","floor":4.0},{"not_picked":["Heatsinks","Ball Lightning"],"picked":"BasicCrystalCard","floor":7.0},{"not_picked":["Hologram","Compile Driver"],"picked":"Aggregate","floor":8.0},{"not_picked":["hubris:Rewind","infinitespire:FinalStrike"],"picked":"hubris:Fate","floor":12.0},{"not_picked":["Streamline","Scrape"],"picked":"Ball Lightning","floor":14.0},{"not_picked":["hubris:Prefetch","Multi-Cast"],"picked":"Buffer","floor":16.0},{"not_picked":["Go for the Eyes","Beam Cell"],"picked":"ReplaySolidLightProjector+1","floor":18.0},{"not_picked":["Rebound","Streamline"],"picked":"Sweeping Beam+1","floor":19},{"not_picked":["BasicCrystalCard","Steam Power"],"picked":"Redo+1","floor":20}],"player_experience":14187,"relics_obtained":[{"floor":7.0,"key":"halation:PenCase"},{"floor":9.0,"key":"Gambling Chip"}],"event_choices":[{"damage_healed":0.0,"max_hp_gain":0.0,"max_hp_loss":0.0,"gold_gain":175.0,"event_name":"betterThird:BetterSerpent","player_choice":"AGREE","floor":10.0,"gold_loss":0.0,"damage_taken":196.0},{"damage_healed":0.0,"max_hp_gain":0.0,"max_hp_loss":0.0,"gold_gain":100.0,"event_name":"Golden Shrine","player_choice":"Pray","floor":13.0,"gold_loss":0.0,"damage_taken":0.0},{"cards_removed":["hubris:Fate"],"damage_healed":0,"gold_gain":0,"player_choice":"Give","damage_taken":0,"max_hp_gain":0,"max_hp_loss":0,"event_name":"betterNote:BetterNote","floor":21,"gold_loss":0,"cards_obtained":["None"]},{"damage_healed":0,"gold_gain":0,"player_choice":"Traded Relic","damage_taken":0,"relics_obtained":["Nloth\u0027s Gift"],"max_hp_gain":0,"max_hp_loss":0,"event_name":"N\u0027loth","floor":22,"relics_lost":["infinitespire:Cupcake"],"gold_loss":0}],"is_beta":false,"boss_relics":[{"not_picked":["construct:ClawGrip","halation:CatFaceCupcake"],"picked":"infinitespire:Cupcake"}],"items_purged_floors":[11],"is_endless":false,"potions_floor_spawned":[2,4,8,14,18,19],"killed_by":"Slavers","ascension_level":0}}