{"host":"0241nbavu410sn7l","time":1609695494,"event":{"mods":["Ascension Reborn","BaseMod","Better Third Choice","Minty Spire (QoL Compilation)","Rare Cards Sparkle","StSLib"],"gold_per_floor":[217,233,9,25,35,35,0,0,0,0,31,6,6,24,24,24,24],"floor_reached":16,"playtime":1476,"items_purged":[],"score":125,"play_id":"e6615bf9-69b1-4f7e-a862-d4266516623f","local_time":"20210103103814","is_ascension_mode":false,"campfire_choices":[{"data":"All Out Attack","floor":6,"key":"SMITH"},{"data":"Enlightenment","floor":8,"key":"SMITH"},{"data":"Neutralize","floor":10,"key":"SMITH"},{"data":"After Image","floor":15,"key":"SMITH"}],"circlet_count":0,"master_deck":["Strike_G","Strike_G","Strike_G","Strike_G","Strike_G","Defend_G","Defend_G","Defend_G","Defend_G","Defend_G","Survivor","Neutralize+1","Underhanded Strike","All Out Attack+1","Caltrops","Acrobatics","Prepared","Enlightenment+1","After Image+1","Sucker Punch","Regret","Crippling Poison"],"relics":["Ring of the Snake","ClockworkSouvenir","Smiling Mask","Eternal Feather","Pear"],"acts_visited":["Exordium"],"potions_floor_usage":[11,16],"damage_taken":[{"damage":1,"enemies":"Jaw Worm","floor":1,"turns":5},{"damage":0,"enemies":"Small Slimes","floor":2,"turns":4},{"damage":5,"enemies":"Cultist","floor":4,"turns":4},{"damage":4,"enemies":"Blue Slaver","floor":5,"turns":3},{"damage":10,"enemies":"3 Sentries","floor":11,"turns":6},{"damage":2,"enemies":"Large Slime","floor":14,"turns":5},{"damage":65,"enemies":"Slime Boss","floor":16,"turns":10}],"seed_played":"2203884962829843885","potions_obtained":[{"floor":1,"key":"SpeedPotion"},{"floor":4,"key":"LiquidMemories"},{"floor":14,"key":"LiquidMemories"}],"is_trial":false,"path_per_floor":["M","M","$","M","M","R","?","R","T","R","E","$","?","M","R","B"],"character_chosen":"THE_SILENT","items_purchased":["ClockworkSouvenir","Caltrops","Sucker Punch"],"campfire_rested":0,"item_purchase_floors":[3,3,12],"current_hp_per_floor":[69,69,69,64,60,60,66,66,66,66,56,56,66,64,76,11,11],"gold":24,"neow_bonus":"HUNDRED_GOLD","is_daily":false,"chose_seed":false,"campfire_upgraded":4,"win_rate":0.0,"timestamp":1609695494,"path_taken":["M","M","$","M","M","R","?","R","T","R","E","$","?","M","R","BOSS"],"items_purchased_type":["Relic","Card","Card"],"build_version":"2020-12-22","purchased_purges":0,"victory":false,"max_hp_per_floor":[70,70,70,70,70,70,76,76,76,76,76,76,86,86,86,86,86],"card_choices":[{"not_picked":["Heel Hook","Deflect"],"picked":"Underhanded Strike","floor":1},{"not_picked":["Dodge and Roll","Eviscerate"],"picked":"All Out Attack","floor":2},{"not_picked":["Poisoned Stab","Dagger Spray"],"picked":"Acrobatics","floor":4},{"not_picked":["Flying Knee","Deadly Poison"],"picked":"Prepared","floor":5},{"not_picked":["Deadly Poison","Backflip"],"picked":"After Image","floor":11},{"not_picked":["Infinite Blades","Poisoned Stab"],"picked":"Crippling Poison","floor":14}],"player_experience":562223,"relics_obtained":[{"floor":9,"key":"Smiling Mask"},{"floor":11,"key":"Eternal Feather"}],"event_choices":[{"damage_healed":0,"gold_gain":0,"player_choice":"RENOUNCE","damage_taken":35,"max_hp_gain":0,"max_hp_loss":0,"event_name":"betterThird:BetterSerpent","floor":7,"gold_loss":35,"cards_obtained":["Enlightenment"]},{"damage_healed":0,"gold_gain":0,"player_choice":"Box","damage_taken":0,"relics_obtained":["Pear"],"max_hp_gain":0,"max_hp_loss":0,"event_name":"Big Fish","floor":13,"gold_loss":0,"cards_obtained":["Regret"]}],"is_beta":false,"boss_relics":[],"items_purged_floors":[],"is_endless":false,"potions_floor_spawned":[1,4,14],"killed_by":"Slime Boss","ascension_level":0}}