{"host":"uv231blk40vjdojr","time":1609712257,"event":{"mods":["BaseMod","Minty Spire (QoL Compilation)","Relic Stats"],"gold_per_floor":[117,38,56,56,76,111,123,123,123,123,123,123,139,139,139,239,239,259,174,174,193,209,209,238,238,238,251,251,251,36,56,56,154,154,164,178,103,0,12,39,39,68,68,97,97,112,161,161,161,161],"floor_reached":51,"playtime":3440,"items_purged":["Defend_G"],"score":1215,"play_id":"b9e533bb-b4e9-44da-961b-996f5b1e59c1","local_time":"20210103231737","is_ascension_mode":true,"campfire_choices":[{"floor":8,"key":"REST"},{"data":"Apotheosis","floor":10,"key":"SMITH"},{"floor":12,"key":"REST"},{"data":"Infinite Blades","floor":15,"key":"SMITH"},{"floor":23,"key":"REST"},{"floor":25,"key":"REST"},{"data":"Ghostly","floor":32,"key":"SMITH"},{"data":"Strike_G","floor":49,"key":"PURGE"}],"circlet_count":0,"master_deck":["AscendersBane","Strike_G+1","Defend_G","Defend_G","Defend_G","Defend_G","Survivor","Neutralize","Apotheosis+1","Quick Slash","Skewer+1","Dagger Spray","Envenom","Infinite Blades+1","Bullet Time","Footwork","Dagger Throw","Phantasmal Killer","Dagger Spray+1","Leg Sweep","Ghostly+1","Ghostly","Ghostly","Ghostly","Ghostly","Noxious Fumes+1","Accuracy+1","Calculated Gamble+1","Tools of the Trade+1","A Thousand Cuts+1","Wraith Form v2+1","Master of Strategy"],"relics":["Ring of the Snake","Strawberry","Mummified Hand","Runic Pyramid","Bird Faced Urn","Oddly Smooth Stone","Frozen Egg 2","Frozen Eye","Cursed Key","Red Mask","Juzu Bracelet","Ornamental Fan","Vajra","Peace Pipe"],"acts_visited":["Exordium","TheCity","TheBeyond"],"potions_floor_usage":[6,13,40,50,50],"damage_taken":[{"damage":0,"enemies":"Small Slimes","floor":1,"turns":4},{"damage":0,"enemies":"2 Louse","floor":3,"turns":3},{"damage":7,"enemies":"Jaw Worm","floor":5,"turns":3},{"damage":30,"enemies":"3 Sentries","floor":6,"turns":6},{"damage":13,"enemies":"2 Fungi Beasts","floor":7,"turns":3},{"damage":8,"enemies":"Exordium Thugs","floor":13,"turns":4},{"damage":16,"enemies":"Slime Boss","floor":16,"turns":8},{"damage":3,"enemies":"Spheric Guardian","floor":18,"turns":3},{"damage":17,"enemies":"Shell Parasite","floor":21,"turns":3},{"damage":40,"enemies":"3 Cultists","floor":22,"turns":5},{"damage":26,"enemies":"Slavers","floor":24,"turns":6},{"damage":0,"enemies":"Snecko","floor":27,"turns":4},{"damage":1,"enemies":"Shelled Parasite and Fungi","floor":31,"turns":5},{"damage":3,"enemies":"Automaton","floor":33,"turns":9},{"damage":3,"enemies":"3 Darklings","floor":35,"turns":4},{"damage":2,"enemies":"Orb Walker","floor":36,"turns":4},{"damage":0,"enemies":"Spire Growth","floor":39,"turns":7},{"damage":10,"enemies":"Giant Head","floor":40,"turns":9},{"damage":3,"enemies":"Reptomancer","floor":42,"turns":6},{"damage":0,"enemies":"Giant Head","floor":44,"turns":8},{"damage":1,"enemies":"4 Shapes","floor":46,"turns":3},{"damage":1,"enemies":"2 Orb Walkers","floor":47,"turns":5},{"damage":25,"enemies":"Awakened One","floor":50,"turns":12}],"seed_played":"-7560039671090185815","potions_obtained":[{"floor":1,"key":"Block Potion"},{"floor":7,"key":"Explosive Potion"},{"floor":13,"key":"SpeedPotion"},{"floor":22,"key":"FearPotion"},{"floor":27,"key":"SneckoOil"},{"floor":33,"key":"Block Potion"},{"floor":47,"key":"SkillPotion"}],"is_trial":false,"path_per_floor":["M","$","M","$","M","E","M","R","T","R","?","R","M","?","R","B",null,"M","?","?","M","M","R","E","R","T","M","?","?","$","M","R","B",null,"M","M","$","?","M","E","?","E","T","E","?","M","?","?","R","B",null],"character_chosen":"THE_SILENT","items_purchased":["Skewer","Frozen Eye","Accuracy+1"],"campfire_rested":4,"item_purchase_floors":[2,30,30],"current_hp_per_floor":[63,63,63,63,56,33,20,41,41,41,27,48,40,40,40,24,59,56,56,56,45,11,32,12,33,33,37,35,35,35,35,35,35,35,35,35,35,35,35,26,26,33,33,35,35,35,35,33,33,8],"gold":161,"neow_bonus":"RANDOM_COLORLESS_2","is_daily":false,"chose_seed":false,"campfire_upgraded":3,"win_rate":0.0,"timestamp":1609712257,"path_taken":["M","$","M","$","M","E","M","R","T","R","?","R","M","?","R","BOSS","M","?","?","M","M","R","E","R","T","M","?","?","$","M","R","BOSS","M","M","$","?","M","E","?","E","T","E","?","M","?","?","R","BOSS"],"items_purchased_type":["Card","Relic","Card"],"build_version":"2020-12-22","purchased_purges":1,"victory":true,"max_hp_per_floor":[63,63,63,63,63,70,70,70,70,70,70,70,70,70,70,70,70,70,70,70,70,70,70,70,70,70,70,35,35,35,35,35,35,35,35,35,35,35,35,35,35,35,35,35,35,35,35,33,33,33],"relic_stats":{"Peace Pipe":1,"counters":[23,124],"Mummified Hand":[76],"Ornamental Fan":[48],"Bird Faced Urn":[46],"Juzu Bracelet":1,"Cursed Key":0,"obtain_stats":[{"Oddly Smooth Stone":24,"Vajra":44,"Juzu Bracelet":40,"Frozen Egg 2":26,"Cursed Key":34,"Peace Pipe":47,"Frozen Eye":30,"Mummified Hand":9,"Ornamental Fan":42,"Strawberry":6,"Bird Faced Urn":19,"Red Mask":38,"Ring of the Snake":0,"Runic Pyramid":17},{"Oddly Smooth Stone":11,"Vajra":20,"Juzu Bracelet":18,"Frozen Egg 2":11,"Cursed Key":14,"Peace Pipe":22,"Frozen Eye":12,"Mummified Hand":5,"Ornamental Fan":19,"Strawberry":4,"Bird Faced Urn":8,"Red Mask":16,"Ring of the Snake":0,"Runic Pyramid":7},{"Oddly Smooth Stone":48,"Vajra":104,"Juzu Bracelet":90,"Frozen Egg 2":48,"Cursed Key":66,"Peace Pipe":112,"Frozen Eye":52,"Mummified Hand":19,"Ornamental Fan":96,"Strawberry":16,"Bird Faced Urn":34,"Red Mask":74,"Ring of the Snake":0,"Runic Pyramid":31}],"Ring of the Snake":[46]},"card_choices":[{"not_picked":["Sadistic Nature","The Bomb"],"picked":"Apotheosis","floor":0},{"not_picked":["Backflip","Riddle With Holes"],"picked":"Quick Slash","floor":1},{"not_picked":["Dagger Throw","Slice","PiercingWail"],"picked":"SKIP","floor":3},{"not_picked":["Backflip","Distraction"],"picked":"Dagger Spray","floor":5},{"not_picked":["Catalyst","Underhanded Strike","Predator"],"picked":"SKIP","floor":6},{"not_picked":["Tactician","Flying Knee"],"picked":"Envenom","floor":7},{"not_picked":["Underhanded Strike","PiercingWail"],"picked":"Infinite Blades","floor":13},{"not_picked":["Night Terror","Wraith Form v2"],"picked":"Bullet Time","floor":16},{"not_picked":["Slice","Underhanded Strike+1"],"picked":"Footwork","floor":18},{"not_picked":["Deadly Poison","Cloak And Dagger","Prepared"],"picked":"SKIP","floor":21},{"not_picked":["Noxious Fumes","Deadly Poison"],"picked":"Dagger Spray+1","floor":22},{"not_picked":["Dodge and Roll","Underhanded Strike","Dagger Spray"],"picked":"SKIP","floor":24},{"not_picked":["Eviscerate","PiercingWail"],"picked":"Leg Sweep","floor":27},{"not_picked":["Deadly Poison","Riddle With Holes"],"picked":"Calculated Gamble+1","floor":31},{"not_picked":["Doppelganger","Envenom+1"],"picked":"Tools of the Trade+1","floor":33},{"not_picked":["Dagger Spray+1","Flying Knee","Well Laid Plans+1"],"picked":"SKIP","floor":35},{"not_picked":["Setup","Tactician","Prepared+1"],"picked":"SKIP","floor":36},{"not_picked":["Infinite Blades+1","All Out Attack","Quick Slash"],"picked":"SKIP","floor":39},{"not_picked":["Reflex","Storm of Steel","Setup"],"picked":"SKIP","floor":40},{"not_picked":["Cloak And Dagger","Flying Knee"],"picked":"A Thousand Cuts+1","floor":42},{"not_picked":["Sucker Punch","Outmaneuver+1"],"picked":"Wraith Form v2+1","floor":44},{"not_picked":["Metamorphosis","The Bomb"],"picked":"Master of Strategy","floor":45},{"not_picked":["Tactician","Dagger Spray","Blade Dance"],"picked":"SKIP","floor":46}],"player_experience":560051,"relics_obtained":[{"floor":6,"key":"Strawberry"},{"floor":9,"key":"Mummified Hand"},{"floor":24,"key":"Oddly Smooth Stone"},{"floor":26,"key":"Frozen Egg 2"},{"floor":40,"key":"Juzu Bracelet"},{"floor":42,"key":"Ornamental Fan"},{"floor":44,"key":"Vajra"},{"floor":47,"key":"Peace Pipe"}],"event_choices":[{"damage_healed":0,"gold_gain":0,"player_choice":"Entered Light","damage_taken":14,"max_hp_gain":0,"max_hp_loss":0,"event_name":"Shining Light","floor":11,"gold_loss":0,"cards_upgraded":["Skewer","Strike_G"]},{"damage_healed":0,"gold_gain":0,"player_choice":"Ignored","damage_taken":0,"max_hp_gain":0,"max_hp_loss":0,"event_name":"Liars Game","floor":14,"gold_loss":0},{"damage_healed":0,"gold_gain":0,"player_choice":"Obtained Relic","damage_taken":0,"relics_obtained":["Bird Faced Urn"],"max_hp_gain":0,"max_hp_loss":0,"event_name":"Addict","floor":19,"gold_loss":85},{"damage_healed":0,"gold_gain":0,"cards_transformed":["Strike_G","Strike_G"],"player_choice":"Became Test Subject","damage_taken":0,"max_hp_gain":0,"max_hp_loss":0,"event_name":"Drug Dealer","floor":20,"gold_loss":0,"cards_obtained":["Dagger Throw","Phantasmal Killer"]},{"damage_healed":0,"gold_gain":0,"player_choice":"Became a Ghost","damage_taken":0,"max_hp_gain":0,"max_hp_loss":35,"event_name":"Ghosts","floor":28,"gold_loss":0,"cards_obtained":["Ghostly","Ghostly","Ghostly","Ghostly","Ghostly"]},{"damage_healed":0,"gold_gain":0,"player_choice":"Read","damage_taken":0,"max_hp_gain":0,"max_hp_loss":0,"event_name":"The Library","floor":29,"gold_loss":0,"cards_obtained":["Noxious Fumes"]},{"damage_healed":0,"gold_gain":0,"player_choice":"Paid","damage_taken":0,"relics_obtained":["Red Mask"],"max_hp_gain":0,"max_hp_loss":0,"event_name":"Tomb of Lord Red Mask","floor":38,"gold_loss":103},{"cards_removed":["Strike_G"],"damage_healed":0,"gold_gain":0,"player_choice":"Removed Attack","damage_taken":0,"max_hp_gain":0,"max_hp_loss":0,"event_name":"Falling","floor":41,"gold_loss":0},{"damage_healed":0,"gold_gain":0,"player_choice":"Memory 1","damage_taken":0,"max_hp_gain":0,"max_hp_loss":0,"event_name":"SensoryStone","floor":45,"gold_loss":0},{"damage_healed":0,"gold_gain":0,"player_choice":"Fight","damage_taken":0,"max_hp_gain":0,"max_hp_loss":0,"event_name":"Mysterious Sphere","floor":47,"gold_loss":0},{"damage_healed":0,"gold_gain":0,"player_choice":"Max HP","damage_taken":0,"max_hp_gain":0,"max_hp_loss":2,"event_name":"Winding Halls","floor":48,"gold_loss":0}],"is_beta":false,"boss_relics":[{"not_picked":["Coffee Dripper","HoveringKite"],"picked":"Runic Pyramid"},{"not_picked":["Empty Cage","Velvet Choker"],"picked":"Cursed Key"}],"items_purged_floors":[37],"is_endless":false,"potions_floor_spawned":[1,7,13,22,27,33,35,36,39,47],"ascension_level":12}}