{"host":"hm3ikmf8oxbtqms2","time":1609717738,"event":{"mods":["BaseMod","Best Route Mod","Bestiary","Better Vampires","Block Reminder","Colored Map","Colored Powertips","Curses Come First","DeckTracker","Displayed Cursed Tome","Highlight Path","Minty Spire (QoL Compilation)","Quick Restart","StSLib"],"gold_per_floor":[116,129,129,129,204,236,5,38,38,38,68,88,88,101,101,200,200,213,213,10,10,10,37,37,37,37],"floor_reached":25,"playtime":1990,"items_purged":[],"score":312,"play_id":"6eaa921a-e5aa-425f-8a26-4112c9748740","local_time":"20210103184858","is_ascension_mode":true,"campfire_choices":[{"data":"Concentrate","floor":10.0,"key":"SMITH"},{"floor":13.0,"key":"REST"},{"floor":15.0,"key":"REST"},{"floor":24.0,"key":"REST"}],"circlet_count":0,"master_deck":["Strike_G","Strike_G","Strike_G","Strike_G+1","Defend_G","Defend_G","Defend_G","Defend_G+1","Defend_G","Survivor","Neutralize","Concentrate+1","Dodge and Roll","Bouncing Flask","Deadly Poison","Well Laid Plans","Outmaneuver","Backflip","Bane","Envenom","Skewer+1","Cloak And Dagger","Deflect"],"relics":["Ring of the Snake","NeowsBlessing","InkBottle","Juzu Bracelet","Bronze Scales","Potion Belt","Pen Nib","Black Star","Oddly Smooth Stone","Chemical X","MealTicket","Blue Candle"],"acts_visited":["Exordium","TheCity"],"potions_floor_usage":[],"damage_taken":[{"damage":0.0,"enemies":"Jaw Worm","floor":1.0,"turns":1.0},{"damage":0.0,"enemies":"Small Slimes","floor":2.0,"turns":1.0},{"damage":0.0,"enemies":"Gremlin Nob","floor":6.0,"turns":1.0},{"damage":17.0,"enemies":"Lagavulin","floor":8.0,"turns":6.0},{"damage":20.0,"enemies":"3 Sentries","floor":11.0,"turns":9.0},{"damage":1.0,"enemies":"2 Louse","floor":12.0,"turns":2.0},{"damage":2.0,"enemies":"Exordium Thugs","floor":14.0,"turns":5.0},{"damage":25.0,"enemies":"Hexaghost","floor":16.0,"turns":7.0},{"damage":9.0,"enemies":"Shell Parasite","floor":18.0,"turns":3.0},{"damage":33.0,"enemies":"Book of Stabbing","floor":23.0,"turns":6.0},{"damage":49,"enemies":"Gremlin Leader","floor":25,"turns":6}],"seed_played":"8313127421020193452","potions_obtained":[{"floor":6.0,"key":"Energy Potion"},{"floor":11.0,"key":"AttackPotion"},{"floor":16.0,"key":"DuplicationPotion"},{"floor":18.0,"key":"ColorlessPotion"}],"is_trial":false,"path_per_floor":["M","M","?","?","?","E","$","E","T","R","E","M","R","M","R","B",null,"M","?","$","?","?","E","R","E"],"character_chosen":"THE_SILENT","items_purchased":["Juzu Bracelet","Deadly Poison","Well Laid Plans","Chemical X","Cloak And Dagger"],"campfire_rested":3,"item_purchase_floors":[7,7,7,20,20],"current_hp_per_floor":[70,70,70,56,45,45,45,28,28,28,8,7,28,26,47,22,70,61,61,61,61,61,28,49,0,0],"gold":37,"neow_bonus":"THREE_ENEMY_KILL","is_daily":false,"chose_seed":false,"campfire_upgraded":1,"win_rate":0.0,"timestamp":1609717738,"path_taken":["M","M","?","?","?","E","$","E","T","R","E","M","R","M","R","BOSS","M","?","?","?","?","E","R","E"],"items_purchased_type":["Relic","Card","Card","Relic","Card"],"build_version":"2020-12-22","purchased_purges":0,"victory":false,"max_hp_per_floor":[70,70,70,70,70,70,70,70,70,70,70,70,70,70,70,70,70,70,70,70,70,70,70,70,70,70],"card_choices":[{"not_picked":["Sucker Punch","Dagger Spray"],"picked":"Concentrate","floor":1.0},{"not_picked":["Escape Plan","Deflect"],"picked":"Dodge and Roll","floor":2.0},{"not_picked":["Poisoned Stab","Dodge and Roll"],"picked":"Bouncing Flask","floor":6.0},{"not_picked":["Slice","Underhanded Strike"],"picked":"Outmaneuver","floor":8.0},{"not_picked":["Underhanded Strike","Dagger Spray"],"picked":"Backflip","floor":11.0},{"not_picked":["Reflex","Dagger Throw"],"picked":"Bane","floor":12.0},{"not_picked":["Skewer","A Thousand Cuts","Dodge and Roll"],"picked":"SKIP","floor":14.0},{"not_picked":["Glass Knife","After Image"],"picked":"Envenom","floor":16.0},{"not_picked":["Backflip","Deflect"],"picked":"Skewer+1","floor":18.0},{"not_picked":["PiercingWail","Finisher"],"picked":"Deflect","floor":23.0}],"player_experience":287632,"relics_obtained":[{"floor":6.0,"key":"InkBottle"},{"floor":8.0,"key":"Bronze Scales"},{"floor":9.0,"key":"Potion Belt"},{"floor":11.0,"key":"Pen Nib"},{"floor":23.0,"key":"MealTicket"},{"floor":23.0,"key":"Blue Candle"}],"event_choices":[{"damage_healed":0.0,"max_hp_gain":0.0,"max_hp_loss":0.0,"gold_gain":0.0,"event_name":"Golden Wing","player_choice":"Ignored","floor":3.0,"gold_loss":0.0,"damage_taken":0.0},{"damage_healed":0.0,"max_hp_gain":0.0,"max_hp_loss":0.0,"gold_gain":0.0,"event_name":"Shining Light","player_choice":"Entered Light","floor":4.0,"gold_loss":0.0,"damage_taken":14.0,"cards_upgraded":["Defend_G","Strike_G"]},{"damage_healed":0.0,"max_hp_gain":0.0,"max_hp_loss":0.0,"gold_gain":75.0,"event_name":"World of Goop","player_choice":"Gather Gold","floor":5.0,"gold_loss":0.0,"damage_taken":11.0},{"damage_healed":0.0,"max_hp_gain":0.0,"max_hp_loss":0.0,"gold_gain":0.0,"event_name":"WeMeetAgain","player_choice":"Gave Potion","floor":19.0,"gold_loss":0.0,"damage_taken":0.0,"relics_obtained":["Oddly Smooth Stone"]},{"damage_healed":0.0,"max_hp_gain":0.0,"max_hp_loss":0.0,"gold_gain":0.0,"event_name":"Vampires","player_choice":"Ignored","floor":21.0,"gold_loss":0.0,"damage_taken":0.0},{"cards_removed":["Strike_G"],"damage_healed":0.0,"max_hp_gain":0.0,"max_hp_loss":0.0,"gold_gain":0.0,"event_name":"Bonfire Elementals","player_choice":"Offered Basic","floor":22.0,"gold_loss":0.0,"damage_taken":0.0}],"is_beta":false,"boss_relics":[{"not_picked":["Fusion Hammer","Cursed Key"],"picked":"Black Star"}],"items_purged_floors":[],"is_endless":false,"potions_floor_spawned":[6,11,16,18],"killed_by":"Gremlin Leader","ascension_level":4}}