{"host":"ixenv8b8actib82w","time":1609642730,"event":{"mods":["Act Like it!","BaseMod","Conspire","Downfall","Minty Spire (QoL Compilation)","Replay The Spire","Spicy Shops","StSLib","The Jungle","The Marked","vexMod"],"gold_per_floor":[119,131,131,131,146,146,71,71,71,89,117,130,130,130,130,80,80,179,179,196,111,111,123,143,168,168,187,234,234,252,27,38,48,48,48,48],"floor_reached":35,"playtime":1795,"items_purged":["theMarked:Strike"],"score":279,"play_id":"207dd617-2c04-42c9-84b9-41abfcc97fb8","local_time":"20210103105850","is_ascension_mode":false,"campfire_choices":[{"data":"theMarked:BanishingStrike","floor":6,"key":"SMITH"},{"data":"theMarked:Frustration","floor":8,"key":"SMITH"},{"data":"theMarked:WardOff","floor":15,"key":"SMITH"},{"floor":17,"key":"REST"},{"floor":26,"key":"REST"},{"floor":29,"key":"REST"},{"floor":34,"key":"REST"}],"circlet_count":0,"master_deck":["theMarked:Strike","theMarked:Strike","theMarked:Strike","theMarked:Defend","theMarked:Defend","theMarked:Defend","theMarked:Defend","theMarked:SoldierOfQuellstein","theMarked:BanishingStrike+1","theMarked:Frustration+1","theMarked:WardOff+1","theMarked:BanishingStrike","theMarked:EternalStudent+1","theMarked:Aftermath+1","theMarked:MysticalArsenal+1","theMarked:Reabsorb+1","theMarked:Parry+1","theMarked:BanishingStrike","theMarked:ChannelForce","theMarked:WardOff+1","theMarked:EmpowerWeapon"],"relics":["theMarked:ArtifactOfAir","NeowsBlessing","conspire:BottledYoYo","theMarked:SecretDocuments","vexMod:CursedCompass","Art of War","Quantum Egg","Ancient Tea Set","Guide Book"],"acts_visited":["Exordium","TheCity"],"potions_floor_usage":[11,25,32,33,35,35,35],"damage_taken":[{"damage":0,"enemies":"2 Louse","floor":1,"turns":1},{"damage":0,"enemies":"Small Slimes","floor":2,"turns":1},{"damage":0,"enemies":"Jaw Worm","floor":5,"turns":1},{"damage":6,"enemies":"Red Slaver","floor":10,"turns":3},{"damage":29,"enemies":"3 Sentries","floor":11,"turns":7},{"damage":2,"enemies":"3 Louse","floor":12,"turns":2},{"damage":26,"enemies":"Fading Forest","floor":18,"turns":11},{"damage":0,"enemies":"conspire:FuzzyDice","floor":20,"turns":4},{"damage":26,"enemies":"2 Thieves","floor":23,"turns":4},{"damage":17,"enemies":"3 Cultists","floor":24,"turns":5},{"damage":22,"enemies":"conspire:Head Lice","floor":25,"turns":3},{"damage":12,"enemies":"Centurion and Healer","floor":27,"turns":3},{"damage":0,"enemies":"Cultist and Chosen","floor":30,"turns":2},{"damage":15,"enemies":"Shelled Parasite and Fungi","floor":32,"turns":4},{"damage":0,"enemies":"Snecko","floor":33,"turns":3},{"damage":49,"enemies":"Collector","floor":35,"turns":5}],"seed_played":"5179012786226057237","potions_obtained":[{"floor":2,"key":"BlessingOfTheForge"},{"floor":18,"key":"Elixir"},{"floor":23,"key":"Weak Potion"},{"floor":27,"key":"Block Potion"},{"floor":32,"key":"EntropicBrew"}],"is_trial":false,"path_per_floor":["M","M","?","?","M","R","$","R","T","M","E","M","PTL","PTL","R","?","R","B",null,"M","?","?","M","M","E","R","M","T","R","M","$","M","M","R","B"],"character_chosen":"THE_DEFAULT","items_purchased":["Guide Book","theMarked:ChannelForce"],"campfire_rested":4,"item_purchase_floors":[31,31],"current_hp_per_floor":[70,70,70,70,70,70,70,70,70,64,35,33,33,33,33,33,54,38,70,70,70,70,44,27,5,26,14,14,35,35,35,20,20,41,0,0],"gold":48,"neow_bonus":"THREE_ENEMY_KILL","is_daily":false,"chose_seed":false,"campfire_upgraded":3,"win_rate":0.0,"timestamp":1609642730,"path_taken":["M","M","?","?","M","R","$","R","T","M","E","M","PTL","PTL","R","?","R","BOSS","M","?","?","M","M","E","R","?","T","R","M","$","M","M","R","BOSS"],"items_purchased_type":["Relic","Card"],"build_version":"2020-12-22","purchased_purges":1,"victory":false,"max_hp_per_floor":[70,70,70,70,70,70,70,70,70,70,70,70,70,70,70,70,70,70,70,70,70,70,70,70,70,70,70,70,70,70,70,70,70,70,70,70],"card_choices":[{"not_picked":["theMarked:EmpowerWeapon","theMarked:HeightenedSenses"],"picked":"theMarked:BanishingStrike","floor":1},{"not_picked":["theMarked:ElementalBlade","theMarked:Electrocute"],"picked":"theMarked:Frustration","floor":2},{"not_picked":["theMarked:HeightenedSenses","theMarked:SelfDefenseTraining","theMarked:RepellingDischarge"],"picked":"SKIP","floor":5},{"not_picked":["theMarked:ChainLightning","theMarked:Aftermath"],"picked":"theMarked:WardOff","floor":10},{"not_picked":["theMarked:MaelstromOfLightning","theMarked:HeightenedSenses"],"picked":"theMarked:ChainLightning","floor":11},{"not_picked":["theMarked:Electrify","theMarked:EmpowerWeapon"],"picked":"theMarked:BanishingStrike","floor":12},{"not_picked":["theMarked:Snap","theMarked:DispelDoubt"],"picked":"theMarked:EternalStudent","floor":18},{"not_picked":["theMarked:SelfDefenseTraining+1","theMarked:ElectricStrings"],"picked":"theMarked:Aftermath+1","floor":20},{"not_picked":["theMarked:HeritageOfTheMarked+1","theMarked:WastefulDefense"],"picked":"theMarked:MysticalArsenal+1","floor":23},{"not_picked":["theMarked:KeepCalmAndFightOn+1","theMarked:Generate"],"picked":"theMarked:Reabsorb","floor":24},{"not_picked":["theMarked:HeightenedSenses","theMarked:ElectricStrings"],"picked":"theMarked:Parry+1","floor":25},{"not_picked":["theMarked:Improvise+1","theMarked:Standoff+1"],"picked":"theMarked:BanishingStrike","floor":27},{"not_picked":["theMarked:ElectricStrings","theMarked:Aftermath","theMarked:Generate"],"picked":"SKIP","floor":30},{"not_picked":["theMarked:TwofoldDefense","theMarked:SoldierForm"],"picked":"theMarked:WardOff+1","floor":32},{"not_picked":["theMarked:SwordAndMagic","theMarked:RogueSparks"],"picked":"theMarked:EmpowerWeapon","floor":33}],"player_experience":138793,"relics_obtained":[{"floor":9,"key":"conspire:BottledYoYo"},{"floor":11,"key":"theMarked:SecretDocuments"},{"floor":25,"key":"Quantum Egg"},{"floor":28,"key":"Ancient Tea Set"}],"event_choices":[{"damage_healed":0,"gold_gain":0,"player_choice":"Ignored","damage_taken":0,"max_hp_gain":0,"max_hp_loss":0,"event_name":"Liars Game","floor":4,"gold_loss":0},{"cards_removed":["theMarked:ChainLightning"],"damage_healed":0,"gold_gain":0,"player_choice":"Card Removal","damage_taken":0,"max_hp_gain":0,"max_hp_loss":0,"event_name":"The Cleric","floor":16,"gold_loss":50},{"damage_healed":0,"gold_gain":0,"player_choice":"Obtained Relic","damage_taken":0,"relics_obtained":["Art of War"],"max_hp_gain":0,"max_hp_loss":0,"event_name":"Addict","floor":21,"gold_loss":85},{"damage_healed":0,"gold_gain":0,"player_choice":"Ignored","damage_taken":0,"max_hp_gain":0,"max_hp_loss":0,"event_name":"NoteForYourself","floor":22,"gold_loss":0}],"is_beta":false,"boss_relics":[{"not_picked":["Honey Jar","vexMod:RockOfEvil"],"picked":"vexMod:CursedCompass"}],"items_purged_floors":[7],"is_endless":false,"potions_floor_spawned":[2,18,23,27,32],"killed_by":"Collector","ascension_level":0}}