{"host":"28bpuzdckreop5i0","time":1609636085,"event":{"mods":["Act Like it!","Aspiration","BaseMod","Beaked The Cultist","Best Route Mod","BetterRewards","Challenge The Spire","Conspire","Defuse TimeMaze Blight","Downfall","Energized Spire","GifTheSpireLib","Googly Eyes","Hubris","Infinite Spire","Lobotomy","Mimic Mod","Minty Spire (QoL Compilation)","Relic Stats","Shop Mod","Spicy Shops","StSLib","Stuff the Spire","The Awakened One except there are too many feathers","The Construct","The Cursed","The Disciple","The Hierophant","The IronCluck","The Jungle","Thieving Mod","Transform Curses","Wandering Minibosses","slay the spire mod where everything is the same but ironclad has a cowboy hat"],"gold_per_floor":[109,109,30,42,56,56,72,72,72,92,92,142,142,142,142,242,242,258,258,258],"floor_reached":19,"playtime":7848,"items_purged":[],"score":209,"play_id":"25e59b81-a00a-450e-b30f-f80f5638f736","local_time":"20210102190805","is_ascension_mode":false,"campfire_choices":[{"data":"beaked:BraceForImpact","floor":6,"key":"SMITH"},{"floor":8,"key":"REST"},{"data":"beaked:Caw","floor":13,"key":"SMITH"},{"data":"beaked:WarriorEssence","floor":15,"key":"SMITH"}],"circlet_count":0,"master_deck":["conspire:GhostlyStrike","conspire:GhostlyStrike","conspire:GhostlyStrike","conspire:GhostlyStrike","conspire:GhostlyStrike","conspire:GhostlyDefend","conspire:GhostlyDefend","conspire:GhostlyDefend","conspire:GhostlyDefend","beaked:Ceremony","beaked:Ceremony","beaked:Ceremony","beaked:Caw+1","beaked:WarriorEssence+1","beaked:BraceForImpact+1","beaked:Overpower","beaked:Caw","beaked:FakeOut","Limit Break"],"relics":["beaked:MendingPlumage","conspire:DeflatedDodgeball","beaked:SacredDeck"],"acts_visited":["Exordium","TheCity"],"potions_floor_usage":[12],"damage_taken":[{"damage":6,"enemies":"Small Slimes","floor":1,"turns":4},{"damage":11,"enemies":"Jaw Worm","floor":4,"turns":5},{"damage":29,"enemies":"infinitespire:Voidling","floor":5,"turns":5},{"damage":14,"enemies":"Blue Slaver","floor":7,"turns":4},{"damage":13,"enemies":"Gremlin Gang","floor":10,"turns":6},{"damage":14,"enemies":"Exordium Thugs","floor":12,"turns":5},{"damage":27,"enemies":"Hexaghost","floor":16,"turns":8},{"damage":35,"enemies":"Chosen","floor":18,"turns":5},{"damage":43,"enemies":"Spheric Guardian","floor":19,"turns":5}],"seed_played":"-8245758269972598015","potions_obtained":[{"floor":4,"key":"beaked:MendingBrew"},{"floor":7,"key":"ColorlessPotion"}],"is_trial":false,"path_per_floor":["M","?","$","M","M","R","M","R","T","M","?","M","R","?","R","B",null,"M","M"],"character_chosen":"BEAKED_THE_CULTIST","items_purchased":["beaked:WarriorEssence"],"campfire_rested":1,"item_purchase_floors":[3],"current_hp_per_floor":[50,50,50,47,38,38,35,50,50,50,50,45,45,50,50,43,50,26,0,0],"gold":258,"neow_bonus":"ONE_RANDOM_RARE_CARD","is_daily":false,"chose_seed":false,"campfire_upgraded":3,"win_rate":0.0,"timestamp":1609636085,"path_taken":["M","?","$","M","M","R","M","R","T","M","?","?","R","?","R","BOSS","M","?"],"items_purchased_type":["Card"],"build_version":"2020-12-22","purchased_purges":0,"victory":false,"max_hp_per_floor":[50,50,50,50,50,50,50,50,50,50,50,50,50,50,50,50,50,50,50,50],"relic_stats":{"counters":[9,47],"obtain_stats":[{"beaked:SacredDeck":17,"beaked:MendingPlumage":0,"conspire:DeflatedDodgeball":9},{"beaked:SacredDeck":7,"beaked:MendingPlumage":0,"conspire:DeflatedDodgeball":4},{"beaked:SacredDeck":37,"beaked:MendingPlumage":0,"conspire:DeflatedDodgeball":18}]},"card_choices":[{"not_picked":["beaked:Redirect","beaked:Poke","beaked:Resilience"],"picked":"SKIP","floor":1},{"not_picked":["beaked:BloodForTheGods","beaked:Insight"],"picked":"beaked:BraceForImpact","floor":4},{"not_picked":["beaked:Poke","beaked:MimicWarrior"],"picked":"beaked:Overpower","floor":5},{"not_picked":["beaked:MimicMachine","beaked:WindBringer","beaked:Tweet"],"picked":"SKIP","floor":7},{"not_picked":["beaked:DigDeeper","beaked:Redirect","beaked:MimicMachine"],"picked":"SKIP","floor":10},{"not_picked":["beaked:Mantra","beaked:Insight"],"picked":"beaked:Caw","floor":12},{"not_picked":["beaked:Brainwash","beaked:VolatileMisfortune"],"picked":"beaked:FakeOut","floor":16},{"not_picked":["beaked:Tradeoff","beaked:Foresight","beaked:HuntressSpirit"],"picked":"SKIP","floor":18}],"player_experience":938586,"relics_obtained":[{"floor":9,"key":"conspire:DeflatedDodgeball"}],"event_choices":[{"damage_healed":0,"gold_gain":0,"player_choice":"Agree","damage_taken":0,"max_hp_gain":0,"max_hp_loss":0,"event_name":"conspire:LoneGhost","floor":2,"gold_loss":0},{"damage_healed":0,"gold_gain":0,"player_choice":"Ignored","damage_taken":0,"max_hp_gain":0,"max_hp_loss":0,"event_name":"NoteForYourself","floor":11,"gold_loss":0},{"cards_removed":["conspire:GhostlyStrike"],"damage_healed":5,"gold_gain":0,"player_choice":"Offered Special","damage_taken":0,"max_hp_gain":0,"max_hp_loss":0,"event_name":"Bonfire Elementals","floor":14,"gold_loss":0}],"is_beta":false,"boss_relics":[{"not_picked":["hubris:CrackedHourglass","aspiration:FutureDiary"],"picked":"beaked:SacredDeck"}],"items_purged_floors":[],"is_endless":false,"potions_floor_spawned":[4,7],"killed_by":"Spheric Guardian","ascension_level":0}}