{"host":"s41rn2jhghpwfrvz","time":1609639315,"event":{"mods":["BaseMod","Minty Spire (QoL Compilation)","Quick Restart","Relic Stats","SuperFastMode"],"gold_per_floor":[109,109,109,133,148,163,197,211,211,228,228,253,272,290,290,362,362,376,376,376],"floor_reached":19,"playtime":516,"items_purged":[],"score":412,"play_id":"d6c1f033-9feb-40f7-8769-560527c09c7a","local_time":"20210103040155","daily_mods":["SealedDeck","Diverse","DeadlyEvents"],"is_ascension_mode":true,"campfire_choices":[{"data":"Sword Boomerang","floor":11,"key":"SMITH"},{"data":"Double Energy","floor":15,"key":"SMITH"}],"circlet_count":0,"master_deck":["AscendersBane","Beam Cell","Inflame","Burning Pact","Ghostly Armor","Sword Boomerang+1","Skim","Metallicize","Footwork","TalkToTheHand+1","Double Energy+1","Juggernaut+1"],"relics":["Burning Blood","Vajra","Frozen Egg 2","PreservedInsect","Black Star"],"acts_visited":["Exordium","TheCity"],"potions_floor_usage":[13,16,19],"damage_taken":[{"damage":0,"enemies":"Small Slimes","floor":1,"turns":2},{"damage":8,"enemies":"2 Louse","floor":5,"turns":2},{"damage":9,"enemies":"Jaw Worm","floor":6,"turns":3},{"damage":13,"enemies":"Gremlin Nob","floor":7,"turns":4},{"damage":12,"enemies":"Exordium Thugs","floor":8,"turns":4},{"damage":8,"enemies":"Looter","floor":10,"turns":2},{"damage":0,"enemies":"Lagavulin","floor":12,"turns":4},{"damage":17,"enemies":"Gremlin Gang","floor":13,"turns":2},{"damage":11,"enemies":"2 Fungi Beasts","floor":14,"turns":3},{"damage":15,"enemies":"Slime Boss","floor":16,"turns":5},{"damage":45,"enemies":"3 Byrds","floor":18,"turns":4},{"damage":32,"enemies":"Masked Bandits","floor":19,"turns":3}],"seed_played":"7032991733509538916","potions_obtained":[{"floor":5,"key":"Energy Potion"},{"floor":7,"key":"ColorlessPotion"},{"floor":10,"key":"Energy Potion"},{"floor":18,"key":"Swift Potion"}],"is_trial":true,"path_per_floor":["M","?","?","T","M","M","E","M","T","M","R","E","M","M","R","B",null,"M","?"],"character_chosen":"IRONCLAD","items_purchased":[],"campfire_rested":0,"item_purchase_floors":[],"current_hp_per_floor":[74,74,67,67,65,62,55,49,49,47,47,53,42,37,37,28,63,24,0,0],"gold":376,"neow_bonus":"","is_daily":false,"chose_seed":false,"campfire_upgraded":2,"win_rate":0.0,"timestamp":1609639315,"path_taken":["M","?","?","?","M","M","E","M","T","M","R","E","M","M","R","BOSS","M","?"],"items_purchased_type":[],"build_version":"2020-12-22","purchased_purges":0,"victory":false,"max_hp_per_floor":[75,75,75,75,75,75,75,75,75,75,75,75,75,75,75,75,75,75,75,75],"relic_stats":{"counters":[12,38],"PreservedInsect":0,"Black Star":0,"obtain_stats":[{"Vajra":7,"PreservedInsect":12,"Black Star":17,"Frozen Egg 2":9,"Burning Blood":0},{"Vajra":4,"PreservedInsect":7,"Black Star":10,"Frozen Egg 2":5,"Burning Blood":0},{"Vajra":11,"PreservedInsect":21,"Black Star":31,"Frozen Egg 2":15,"Burning Blood":0}],"Burning Blood":66},"card_choices":[{"not_picked":["EmptyFist","EmptyBody","FlurryOfBlows"],"picked":"SKIP","floor":1},{"not_picked":["Evaluate","Clothesline","All For One"],"picked":"SKIP","floor":5},{"not_picked":["Auto Shields","Infinite Blades","Beam Cell"],"picked":"SKIP","floor":6},{"not_picked":["Sucker Punch","Skewer","Sever Soul"],"picked":"SKIP","floor":7},{"not_picked":["Perfected Strike","True Grit","Headbutt"],"picked":"SKIP","floor":8},{"not_picked":["Sword Boomerang","Beam Cell","Conclude"],"picked":"SKIP","floor":10},{"not_picked":["Perfected Strike","Noxious Fumes+1"],"picked":"Double Energy","floor":12},{"not_picked":["Beam Cell","Gash","Sweeping Beam"],"picked":"SKIP","floor":13},{"not_picked":["Study+1","FollowUp","ClearTheMind"],"picked":"SKIP","floor":14},{"not_picked":["Wraith Form v2+1","Devotion+1"],"picked":"Juggernaut+1","floor":16},{"not_picked":["Study+1","Accuracy+1","SignatureMove"],"picked":"SKIP","floor":18}],"player_experience":1636692,"relics_obtained":[{"floor":7,"key":"Vajra"},{"floor":9,"key":"Frozen Egg 2"},{"floor":12,"key":"PreservedInsect"}],"event_choices":[{"damage_healed":0,"gold_gain":0,"player_choice":"Grow","damage_taken":0,"max_hp_gain":0,"max_hp_loss":0,"event_name":"Living Wall","floor":2,"gold_loss":0,"cards_upgraded":["TalkToTheHand"]},{"cards_removed":["Endless Agony"],"damage_healed":0,"gold_gain":0,"player_choice":"Card Removal","damage_taken":7,"max_hp_gain":0,"max_hp_loss":0,"event_name":"Golden Wing","floor":3,"gold_loss":0},{"damage_healed":0,"gold_gain":0,"player_choice":"Fought Bandits","damage_taken":0,"max_hp_gain":0,"max_hp_loss":0,"event_name":"Masked Bandits","floor":19,"gold_loss":0}],"is_beta":false,"boss_relics":[{"not_picked":["Coffee Dripper","Snecko Eye"],"picked":"Black Star"}],"items_purged_floors":[],"is_endless":false,"potions_floor_spawned":[5,7,8,10,12,13,18],"killed_by":"Masked Bandits","ascension_level":20}}