{"host":"mbpcepu6ztteuwhq","time":1609647426,"event":{"mods":["AchievementEnabler","BaseMod","Colored Map","DeckTracker","Minty Spire (QoL Compilation)","Rare Cards Sparkle","StSLib","everything is the same but u backflip on backflip"],"gold_per_floor":[117,128,128,142,154,189,189,189,237,237,17,17,17,36,36,36,36],"floor_reached":16,"playtime":369,"items_purged":["Pain"],"score":200,"play_id":"5bb6766b-3313-4ee3-9092-ade673065e91","local_time":"20210103131706","is_ascension_mode":true,"campfire_choices":[{"floor":8.0,"key":"REST"},{"floor":10.0,"key":"REST"},{"data":"After Image","floor":12,"key":"SMITH"},{"data":"Blade Dance","floor":15,"key":"SMITH"}],"circlet_count":0,"master_deck":["AscendersBane","Strike_G","Strike_G","Strike_G","Defend_G","Defend_G","Defend_G","Defend_G","Defend_G","Survivor","Neutralize","Blade Dance+1","PiercingWail","Dagger Throw","After Image+1"],"relics":["Ring of the Snake","NeowsBlessing","WarpedTongs","CeramicFish"],"acts_visited":["Exordium"],"potions_floor_usage":[16],"damage_taken":[{"damage":0.0,"enemies":"Small Slimes","floor":1.0,"turns":1.0},{"damage":0.0,"enemies":"Cultist","floor":2.0,"turns":1.0},{"damage":0.0,"enemies":"Jaw Worm","floor":4.0,"turns":1.0},{"damage":0.0,"enemies":"2 Fungi Beasts","floor":5.0,"turns":4.0},{"damage":52.0,"enemies":"3 Sentries","floor":6.0,"turns":13.0},{"damage":0,"enemies":"Blue Slaver","floor":14,"turns":4},{"damage":42,"enemies":"Slime Boss","floor":16,"turns":11}],"seed_played":"5455245072286215631","potions_obtained":[{"floor":2.0,"key":"DuplicationPotion"},{"floor":6.0,"key":"Poison Potion"},{"floor":14,"key":"Dexterity Potion"}],"is_trial":false,"path_per_floor":["M","M","?","M","M","E","?","R","T","R","$","R","?","M","R","B"],"character_chosen":"THE_SILENT","items_purchased":["After Image"],"campfire_rested":2,"item_purchase_floors":[11],"current_hp_per_floor":[59,59,59,59,59,7,7,26,26,45,45,45,45,45,45,3,3],"gold":36,"neow_bonus":"THREE_ENEMY_KILL","is_daily":false,"chose_seed":false,"campfire_upgraded":2,"win_rate":0.0,"timestamp":1609647426,"path_taken":["M","M","?","M","M","E","?","R","T","R","?","R","?","M","R","BOSS"],"items_purchased_type":["Card"],"build_version":"2020-12-22","purchased_purges":1,"victory":false,"max_hp_per_floor":[66,66,66,66,66,66,66,66,66,66,66,66,66,66,66,66,66],"card_choices":[{"not_picked":["Bane","Acrobatics"],"picked":"Blade Dance","floor":1.0},{"not_picked":["Dodge and Roll","Distraction","Prepared"],"picked":"SKIP","floor":2.0},{"not_picked":["Outmaneuver","Catalyst","Dagger Spray"],"picked":"SKIP","floor":4.0},{"not_picked":["Blur","Setup"],"picked":"Dagger Throw","floor":5.0},{"not_picked":["Escape Plan","Bullet Time","Bane"],"picked":"SKIP","floor":6.0},{"not_picked":["Outmaneuver","PiercingWail","Bane"],"picked":"SKIP","floor":14},{"not_picked":["Outmaneuver","PiercingWail","Bane"],"picked":"SKIP","floor":14}],"player_experience":1654,"relics_obtained":[{"floor":9.0,"key":"CeramicFish"}],"event_choices":[{"damage_healed":0.0,"max_hp_gain":0.0,"max_hp_loss":0.0,"gold_gain":0.0,"cards_transformed":["Strike_G"],"event_name":"Living Wall","player_choice":"Change","floor":3.0,"gold_loss":0.0,"damage_taken":0.0,"cards_obtained":["PiercingWail"]},{"damage_healed":0.0,"max_hp_gain":0.0,"max_hp_loss":0.0,"gold_gain":0.0,"event_name":"Accursed Blacksmith","player_choice":"Rummage","floor":7.0,"gold_loss":0.0,"damage_taken":0.0,"relics_obtained":["WarpedTongs"],"cards_obtained":["Pain"]},{"cards_removed":["Strike_G"],"damage_healed":0,"gold_gain":0,"player_choice":"Offered Basic","damage_taken":0,"max_hp_gain":0,"max_hp_loss":0,"event_name":"Bonfire Elementals","floor":13,"gold_loss":0}],"is_beta":false,"boss_relics":[],"items_purged_floors":[11],"is_endless":false,"potions_floor_spawned":[2,6,14],"killed_by":"Slime Boss","ascension_level":20}}