{"host":"91blwi3hgehj6ch9","time":1609700364,"event":{"mods":["2.2 Compatiblity","AchievementEnabler","BaseMod","Colored Map","DeckTracker","Keyboard Shortcuts","Minty Spire (QoL Compilation)","Permanent Neow","Quick Restart","StSLib","SuperFastMode"],"gold_per_floor":[114,131,131,142,142,142,159,159,159,4,17,17,51,70,70,196,196,187,187,187,206,220,220,220,220],"floor_reached":24,"playtime":846,"items_purged":[],"score":302,"play_id":"394d6a74-c7c3-4e80-bc3f-15d3c18b2e5b","local_time":"20210104035924","is_ascension_mode":true,"campfire_choices":[{"data":"Blade Dance","floor":6.0,"key":"SMITH"},{"data":"Tactician","floor":8.0,"key":"SMITH"},{"floor":15.0,"key":"REST"},{"data":"Strike_G","floor":23,"key":"PURGE"}],"circlet_count":0,"master_deck":["Strike_G","Strike_G","Strike_G","Defend_G","Defend_G","Defend_G","Survivor","Neutralize","Blade Dance+1","Escape Plan","Masterful Stab","Tactician+1","Prepared","Prepared","After Image","Bullet Time","Die Die Die","Ghostly","Ghostly","Ghostly","Ghostly","Ghostly","Acrobatics+1"],"relics":["Ring of the Snake","CaptainsWheel","TheAbacus","Golden Idol","Peace Pipe","Cursed Key"],"acts_visited":["Exordium","TheCity"],"potions_floor_usage":[16,16],"damage_taken":[{"damage":3.0,"enemies":"Cultist","floor":1.0,"turns":4.0},{"damage":2.0,"enemies":"2 Louse","floor":2.0,"turns":3.0},{"damage":1.0,"enemies":"Jaw Worm","floor":4.0,"turns":4.0},{"damage":0.0,"enemies":"3 Louse","floor":7.0,"turns":3.0},{"damage":3.0,"enemies":"Looter","floor":11.0,"turns":3.0},{"damage":12.0,"enemies":"Gremlin Nob","floor":13.0,"turns":3.0},{"damage":17.0,"enemies":"Large Slime","floor":14.0,"turns":7.0},{"damage":20,"enemies":"Hexaghost","floor":16,"turns":10},{"damage":18,"enemies":"2 Thieves","floor":18,"turns":4},{"damage":0,"enemies":"Shell Parasite","floor":21,"turns":7},{"damage":0,"enemies":"Centurion and Healer","floor":22,"turns":12},{"damage":14,"enemies":"Gremlin Leader","floor":24,"turns":8}],"seed_played":"7047705172196726528","potions_obtained":[{"floor":1.0,"key":"CultistPotion"},{"floor":2.0,"key":"SkillPotion"},{"floor":11.0,"key":"SkillPotion"},{"floor":14.0,"key":"DuplicationPotion"},{"floor":21,"key":"FairyPotion"},{"floor":22,"key":"EssenceOfSteel"}],"is_trial":false,"path_per_floor":["M","M","?","M","?","R","M","R","T","$","M","?","E","M","R","B",null,"M","?","?","M","M","R","E"],"character_chosen":"THE_SILENT","items_purchased":["TheAbacus"],"campfire_rested":1,"item_purchase_floors":[10],"current_hp_per_floor":[60,58,58,57,57,57,57,57,57,57,54,37,25,8,29,9,55,37,37,35,35,35,35,21,21],"gold":220,"neow_bonus":"REMOVE_CARD","is_daily":false,"chose_seed":false,"campfire_upgraded":2,"win_rate":0.0,"timestamp":1609700364,"path_taken":["M","M","?","M","?","R","?","R","T","$","?","?","E","M","R","BOSS","M","?","?","M","M","R","E"],"items_purchased_type":["Relic"],"build_version":"2020-12-22","purchased_purges":0,"victory":false,"max_hp_per_floor":[70,70,70,70,70,70,70,70,70,70,70,70,70,70,70,70,70,70,70,35,35,35,35,35,35],"card_choices":[{"not_picked":["Noxious Fumes","Acrobatics"],"picked":"Blade Dance","floor":1.0},{"not_picked":["Outmaneuver","Heel Hook"],"picked":"Escape Plan","floor":2.0},{"not_picked":["Dodge and Roll","Eviscerate"],"picked":"Masterful Stab","floor":4.0},{"not_picked":["Cloak And Dagger","Bane"],"picked":"Tactician","floor":7.0},{"not_picked":["Well Laid Plans","Dagger Spray"],"picked":"Prepared","floor":11.0},{"not_picked":["Cloak And Dagger","Backflip","Glass Knife"],"picked":"SKIP","floor":13.0},{"not_picked":["Backflip","Flying Knee"],"picked":"Prepared","floor":14.0},{"not_picked":["Storm of Steel","A Thousand Cuts"],"picked":"After Image","floor":16},{"not_picked":["Noxious Fumes","Dodge and Roll","Accuracy+1"],"picked":"SKIP","floor":18},{"not_picked":["Dash+1","Flechettes","Sucker Punch"],"picked":"SKIP","floor":21},{"not_picked":["Poisoned Stab+1","Deadly Poison"],"picked":"Acrobatics+1","floor":22}],"player_experience":136377,"relics_obtained":[{"floor":9.0,"key":"CaptainsWheel"},{"floor":13.0,"key":"Peace Pipe"}],"event_choices":[{"damage_healed":0.0,"max_hp_gain":0.0,"max_hp_loss":0.0,"gold_gain":0.0,"event_name":"Liars Game","player_choice":"Ignored","floor":3.0,"gold_loss":0.0,"damage_taken":0.0},{"damage_healed":0.0,"max_hp_gain":0.0,"max_hp_loss":0.0,"gold_gain":0.0,"event_name":"Match and Keep!","player_choice":"0 cards matched","floor":5.0,"gold_loss":0.0,"damage_taken":0.0,"cards_obtained":[]},{"damage_healed":0.0,"max_hp_gain":0.0,"max_hp_loss":0.0,"gold_gain":0.0,"event_name":"Golden Idol","player_choice":"Take Damage","floor":12.0,"gold_loss":0.0,"damage_taken":17.0,"relics_obtained":["Golden Idol"]},{"damage_healed":0,"gold_gain":0,"cards_transformed":["Strike_G","Defend_G"],"player_choice":"Became Test Subject","damage_taken":0,"max_hp_gain":0,"max_hp_loss":0,"event_name":"Drug Dealer","floor":19,"gold_loss":0,"cards_obtained":["Bullet Time","Die Die Die"]},{"damage_healed":0,"gold_gain":0,"player_choice":"Became a Ghost","damage_taken":0,"max_hp_gain":0,"max_hp_loss":35,"event_name":"Ghosts","floor":20,"gold_loss":0,"cards_obtained":["Ghostly","Ghostly","Ghostly","Ghostly","Ghostly"]}],"is_beta":false,"boss_relics":[{"not_picked":["Fusion Hammer","Astrolabe"],"picked":"Cursed Key"}],"items_purged_floors":[],"is_endless":false,"potions_floor_spawned":[1,2,11,14,21,22],"killed_by":"Gremlin Leader","ascension_level":8}}