{"host":"ixenv8b8actib82w","time":1609638828,"event":{"mods":["Act Like it!","BaseMod","Conspire","Downfall","Minty Spire (QoL Compilation)","Replay The Spire","Spicy Shops","StSLib","The Jungle","The Marked","vexMod"],"gold_per_floor":[99,115,115,127,137,137,137,47,59,78,78,108,108,108,120,220,886,886,897,912,86,98,131,131,131,145,145,145,163,196,296,315,315,315,315],"floor_reached":33,"playtime":5194,"items_purged":["hexamod:Strike","hexamod:Strike"],"score":339,"play_id":"a963c564-2ad3-4714-ab91-6a53af6390a0","local_time":"20210103095348","is_ascension_mode":false,"campfire_choices":[{"data":"hexamod:EmpoweringStance","floor":1,"key":"SMITH"},{"data":"hexamod:EtherealExpedition","floor":13,"key":"SMITH"},{"data":"hexamod:VolcanoVisage","floor":18,"key":"SMITH"},{"data":"hexamod:ExtraCrispy","floor":25,"key":"SMITH"},{"data":"hexamod:BurningTouch","floor":27,"key":"SMITH"}],"circlet_count":0,"master_deck":["hexamod:Strike","hexamod:Strike","hexamod:Defend","hexamod:Defend","hexamod:Defend","hexamod:Defend","hexamod:Sear","hexamod:Float","hexamod:EmpoweringStance+1","hexamod:ThermalTransfer","hexamod:FastForward","hexamod:FirstSeal","hexamod:EtherealExpedition+1","hexamod:BacktrackSmack","hexamod:AdvancingGuard","hexamod:StepThrough+1","hexamod:VolcanoVisage+1","hexamod:GhostOfSpireFuture","hexamod:FirstSeal","hexamod:ExtraCrispy+1","hexamod:FlamesFromBeyond","hexamod:Hexaguard+1","hexamod:Rewind","hexamod:BurningTouch+1","hexamod:Firestarter+1","hexamod:RainOfEmbers+1","hexamod:BurningTouch"],"relics":["hexamod:SpiritBrand","Incense Burner","Ring of Hypnosis","Molten Egg 2","Replay:Bottled Snecko","vexMod:RockOfEvil","vexMod:PlasmaPancake","Sling","Medical Kit","Art of War","Lantern","Vajra","Ice Cream"],"acts_visited":["Exordium","TheCity"],"potions_floor_usage":[16,22,29,30,32],"damage_taken":[{"damage":0,"enemies":"2 Louse","floor":2,"turns":4},{"damage":0,"enemies":"Cultist","floor":4,"turns":3},{"damage":0,"enemies":"Small Slimes","floor":5,"turns":3},{"damage":0,"enemies":"downfall:FleeingMerchant","floor":8,"turns":4},{"damage":0,"enemies":"Exordium Wildlife","floor":9,"turns":5},{"damage":0,"enemies":"Exordium Thugs","floor":10,"turns":5},{"damage":11,"enemies":"3 Sentries","floor":12,"turns":8},{"damage":0,"enemies":"Blue Slaver","floor":15,"turns":3},{"damage":41,"enemies":"downfall:Defect","floor":16,"turns":8},{"damage":10,"enemies":"Shell Parasite","floor":19,"turns":6},{"damage":0,"enemies":"Spheric Guardian","floor":20,"turns":5},{"damage":0,"enemies":"downfall:FleeingMerchant","floor":21,"turns":4},{"damage":4,"enemies":"Centurion and Healer","floor":22,"turns":5},{"damage":0,"enemies":"conspire:Head Lice","floor":23,"turns":6},{"damage":0,"enemies":"conspire:HollyBat","floor":26,"turns":6},{"damage":0,"enemies":"Chosen and Byrds","floor":29,"turns":4},{"damage":15,"enemies":"Book of Stabbing","floor":30,"turns":5},{"damage":14,"enemies":"Shelled Parasite and Fungi","floor":32,"turns":3},{"damage":57,"enemies":"downfall:Watcher","floor":33,"turns":4}],"seed_played":"4336351915677012918","potions_obtained":[{"floor":5,"key":"GamblersBrew"},{"floor":9,"key":"SpeedPotion"},{"floor":15,"key":"CultistPotion"},{"floor":16,"key":"Fire Potion"},{"floor":23,"key":"Energy Potion"},{"floor":30,"key":"Fire Potion"}],"is_trial":false,"path_per_floor":["R","M","?","M","M","?","T","$","M","M","?","E","R","T","M","B",null,"R","M","M","$","M","E","T","R","M","R","T","M","E","?","M","B"],"character_chosen":"THE_SPIRIT","items_purchased":["vexMod:PlasmaPancake","hexamod:FlamesFromBeyond","Sling","Medical Kit"],"campfire_rested":0,"item_purchase_floors":[21,21,21,21],"current_hp_per_floor":[49,49,49,49,49,49,49,49,56,63,63,59,59,59,66,25,35,35,32,35,41,41,41,41,41,41,41,41,41,40,40,33,0,0,0],"gold":315,"neow_bonus":"THREE_RARE_CARDS","is_daily":false,"chose_seed":false,"campfire_upgraded":5,"win_rate":0.0,"timestamp":1609638828,"path_taken":["R","M","?","M","?","?","T","?","M","?","?","E","R","?","M","BOSS","R","M","M","$","M","E","T","R","M","R","?","M","E","?","M","BOSS"],"items_purchased_type":["Relic","Card","Relic","Relic"],"build_version":"2020-12-22","purchased_purges":2,"victory":false,"max_hp_per_floor":[70,70,70,70,70,70,70,70,70,70,70,70,70,70,70,70,35,35,35,35,41,41,41,41,41,41,41,41,41,41,41,41,41,41,41],"card_choices":[{"not_picked":["hexamod:SixthSeal","hexamod:TimeWarp"],"picked":"hexamod:EmpoweringStance","floor":0},{"not_picked":["hexamod:NightmareGuise","hexamod:Firestarter"],"picked":"hexamod:ThermalTransfer","floor":2},{"not_picked":["hexamod:BacktrackSmack","hexamod:InspiringFlames"],"picked":"hexamod:FastForward","floor":4},{"not_picked":["hexamod:Firestarter","hexamod:ShieldOfDarkness"],"picked":"hexamod:FirstSeal","floor":5},{"not_picked":["hexamod:Hexaguard","hexamod:BurningTouch"],"picked":"hexamod:EtherealExpedition","floor":8},{"not_picked":["hexamod:SixthSeal","hexamod:ThermalTransfer"],"picked":"hexamod:BacktrackSmack","floor":9},{"not_picked":["hexamod:HeatMetal","hexamod:RetreatToShadows","hexamod:SwordOfDarkness"],"picked":"SKIP","floor":10},{"not_picked":["hexamod:RainOfEmbers+1","hexamod:NightmareStrike+1"],"picked":"hexamod:AdvancingGuard","floor":12},{"not_picked":["hexamod:RainOfEmbers+1","hexamod:EtherealExpedition"],"picked":"hexamod:StepThrough+1","floor":15},{"not_picked":["hexamod:GiftsFromTheDead","hexamod:FifthSeal"],"picked":"hexamod:VolcanoVisage","floor":16},{"not_picked":["hexamod:BacktrackSmack+1","hexamod:NightmareGuise"],"picked":"hexamod:GhostOfSpireFuture","floor":19},{"not_picked":["hexamod:FourthSeal","hexamod:NightmareGuise"],"picked":"hexamod:FirstSeal","floor":20},{"not_picked":["hexamod:SwordOfDarkness+1","hexamod:GhostOfSpireFuture"],"picked":"hexamod:ExtraCrispy","floor":21},{"not_picked":["hexamod:BacktrackSmack+1","hexamod:FastForward"],"picked":"hexamod:Hexaguard+1","floor":22},{"not_picked":["hexamod:NightmareGuise+1","hexamod:BacktrackSmack+1"],"picked":"hexamod:Rewind","floor":23},{"not_picked":["hexamod:SwordOfDarkness+1","hexamod:ShieldOfDarkness"],"picked":"hexamod:BurningTouch","floor":26},{"not_picked":["hexamod:RainOfEmbers+1","hexamod:Hexaguard"],"picked":"hexamod:Firestarter+1","floor":29},{"not_picked":["hexamod:ThermalTransfer+1","hexamod:SpectersWail+1"],"picked":"hexamod:RainOfEmbers+1","floor":30},{"not_picked":["hexamod:VolcanoVisage","hexamod:GhostOfSpirePresent"],"picked":"hexamod:BurningTouch","floor":32}],"player_experience":132351,"relics_obtained":[{"floor":7,"key":"Incense Burner"},{"floor":11,"key":"Ring of Hypnosis"},{"floor":12,"key":"Molten Egg 2"},{"floor":14,"key":"Replay:Bottled Snecko"},{"floor":23,"key":"Art of War"},{"floor":24,"key":"Lantern"},{"floor":28,"key":"Vajra"},{"floor":30,"key":"Ice Cream"}],"event_choices":[{"damage_healed":0,"gold_gain":0,"player_choice":"Ignored","damage_taken":0,"max_hp_gain":0,"max_hp_loss":0,"event_name":"NoteForYourself","floor":3,"gold_loss":0}],"is_beta":false,"boss_relics":[{"not_picked":["Coffee Dripper","Kintsugi"],"picked":"vexMod:RockOfEvil"}],"items_purged_floors":[8,21],"is_endless":false,"potions_floor_spawned":[5,9,15,16,19,23,26,30],"killed_by":"downfall:Watcher","ascension_level":0}}