{"host":"zes78fzwct0uoxij","time":1609705748,"event":{"mods":["BaseMod","Colored Map","Highlight Path","Minty Spire (QoL Compilation)"],"gold_per_floor":[109,119,119,130,141,141,168,168,168,185,185,185,110,110,110,214,214,234,250,250,150,150,150,161,8,8,21,36,0,11,11,11,11,11],"floor_reached":33,"playtime":1635,"items_purged":["Strike_R","Strike_R"],"score":272,"play_id":"6c25c0f4-eca9-47a4-981c-6ea273676757","local_time":"20210103212908","is_ascension_mode":false,"campfire_choices":[{"data":"Anger","floor":6,"key":"SMITH"},{"floor":8,"key":"REST"},{"floor":15,"key":"REST"},{"floor":23,"key":"REST"},{"data":"Blind","floor":32,"key":"SMITH"}],"circlet_count":0,"master_deck":["Defend_R+1","Defend_R","Defend_R","Defend_R","Bash","Cleave","Anger+1","Blind+1","Carnage","Fiend Fire","Immolate","Ghostly Armor+1","Flex+1","Shrug It Off","Bite","Bite","Bite","Bite","Bite"],"relics":["Burning Blood","Omamori","Ornamental Fan","Mercury Hourglass","Nunchaku","Sozu","Regal Pillow","Bag of Preparation"],"acts_visited":["Exordium","TheCity"],"potions_floor_usage":[],"damage_taken":[{"damage":10,"enemies":"Small Slimes","floor":1,"turns":4},{"damage":6,"enemies":"Cultist","floor":2,"turns":3},{"damage":6,"enemies":"Jaw Worm","floor":4,"turns":3},{"damage":6,"enemies":"Exordium Wildlife","floor":5,"turns":2},{"damage":31,"enemies":"Lagavulin","floor":7,"turns":7},{"damage":10,"enemies":"Looter","floor":10,"turns":2},{"damage":20,"enemies":"Slime Boss","floor":16,"turns":9},{"damage":10,"enemies":"3 Byrds","floor":18,"turns":3},{"damage":10,"enemies":"Chosen","floor":19,"turns":3},{"damage":2,"enemies":"Snake Plant","floor":24,"turns":3},{"damage":27,"enemies":"Shelled Parasite and Fungi","floor":27,"turns":4},{"damage":10,"enemies":"Cultist and Chosen","floor":28,"turns":5},{"damage":0,"enemies":"Snecko","floor":30,"turns":4},{"damage":70,"enemies":"Automaton","floor":33,"turns":8}],"seed_played":"-6369782383560567556","potions_obtained":[{"floor":2,"key":"ElixirPotion"},{"floor":10,"key":"Explosive Potion"},{"floor":14,"key":"Dexterity Potion"}],"is_trial":false,"path_per_floor":["M","M","?","M","M","R","E","R","T","M","T","?","$","?","R","B",null,"M","M","?","$","?","R","M","$","T","M","M","?","M","?","R","B"],"character_chosen":"IRONCLAD","items_purchased":["Regal Pillow"],"campfire_rested":3,"item_purchase_floors":[25],"current_hp_per_floor":[76,76,76,76,76,76,51,75,75,71,71,55,55,55,79,65,80,76,72,57,57,57,82,85,85,85,64,60,60,66,59,59,0,0],"gold":11,"neow_bonus":"RANDOM_COMMON_RELIC","is_daily":false,"chose_seed":false,"campfire_upgraded":2,"win_rate":0.0,"timestamp":1609705748,"path_taken":["M","M","?","M","?","R","E","R","T","M","?","?","?","?","R","BOSS","M","M","?","$","?","R","M","$","T","?","M","?","M","?","R","BOSS"],"items_purchased_type":["Relic"],"build_version":"2020-12-22","purchased_purges":2,"victory":false,"max_hp_per_floor":[80,80,80,80,80,80,80,80,80,80,80,80,80,80,80,80,80,80,80,85,85,85,85,85,85,85,85,85,85,85,59,59,59,59],"card_choices":[{"not_picked":["Body Slam","Thunderclap"],"picked":"Cleave","floor":1},{"not_picked":["Pummel","Dual Wield","True Grit"],"picked":"SKIP","floor":2},{"not_picked":["Anger","Pommel Strike"],"picked":"Carnage","floor":4},{"not_picked":["Clothesline","Infernal Blade","Cleave"],"picked":"SKIP","floor":5},{"not_picked":["Reaper","Cleave"],"picked":"Fiend Fire","floor":7},{"not_picked":["Havoc","Perfected Strike","Body Slam"],"picked":"SKIP","floor":10},{"not_picked":["Limit Break","Fiend Fire"],"picked":"Immolate","floor":16},{"not_picked":["Infernal Blade","Headbutt"],"picked":"Ghostly Armor+1","floor":18},{"not_picked":["Wild Strike","Sever Soul"],"picked":"Flex+1","floor":19},{"not_picked":["Power Through","Wild Strike","Sword Boomerang"],"picked":"SKIP","floor":24},{"not_picked":["Uppercut","Clash","Searing Blow"],"picked":"SKIP","floor":27},{"not_picked":["Heavy Blade","Anger"],"picked":"Shrug It Off","floor":28},{"not_picked":["Searing Blow","Wild Strike+1","Limit Break"],"picked":"SKIP","floor":30}],"player_experience":586487,"relics_obtained":[{"floor":7,"key":"Ornamental Fan"},{"floor":9,"key":"Mercury Hourglass"},{"floor":11,"key":"Nunchaku"},{"floor":26,"key":"Bag of Preparation"}],"event_choices":[{"damage_healed":0,"gold_gain":0,"player_choice":"2 cards matched","damage_taken":0,"max_hp_gain":0,"max_hp_loss":0,"event_name":"Match and Keep!","floor":3,"gold_loss":0,"cards_obtained":["Anger","Blind"]},{"damage_healed":0,"gold_gain":0,"player_choice":"Entered Light","damage_taken":16,"max_hp_gain":0,"max_hp_loss":0,"event_name":"Shining Light","floor":12,"gold_loss":0,"cards_upgraded":["Defend_R","Strike_R"]},{"damage_healed":0,"gold_gain":0,"player_choice":"Got Potions","damage_taken":0,"max_hp_gain":0,"max_hp_loss":0,"event_name":"Lab","floor":14,"gold_loss":0},{"damage_healed":0,"gold_gain":0,"player_choice":"Shed Blood","damage_taken":20,"max_hp_gain":5,"max_hp_loss":0,"event_name":"Forgotten Altar","floor":20,"gold_loss":0},{"cards_removed":["Strike_R"],"damage_healed":0,"gold_gain":0,"player_choice":"Purged","damage_taken":0,"max_hp_gain":0,"max_hp_loss":0,"event_name":"Purifier","floor":22,"gold_loss":0},{"damage_healed":0,"gold_gain":0,"player_choice":"Paid Fearfully","damage_taken":0,"max_hp_gain":0,"max_hp_loss":0,"event_name":"Masked Bandits","floor":29,"gold_loss":36},{"damage_healed":0,"gold_gain":0,"player_choice":"Became a vampire","damage_taken":0,"max_hp_gain":0,"max_hp_loss":26,"event_name":"Vampires","floor":31,"gold_loss":0,"cards_obtained":["Bite","Bite","Bite","Bite","Bite"]}],"is_beta":false,"boss_relics":[{"not_picked":["SacredBark","Pandora\u0027s Box"],"picked":"Sozu"}],"items_purged_floors":[13,21],"is_endless":false,"potions_floor_spawned":[2,10,19,27,28],"killed_by":"Automaton","ascension_level":0}}