{"host":"2okas1s8lto464g9","time":1609669280,"event":{"mods":["BaseMod","Minty Spire (QoL Compilation)","StSLib","The Construct","The Servant 0.9.4"],"gold_per_floor":[113,128,78,97,115,149,166,166,166,166,166,196,212,227,227,323,323,343,357,357,456,371,396,396,408,408,32,32,32,57,70,70,174,174,189,208,11,35,35,60,60,73,73,108,108,108,127,156,156,156],"floor_reached":51,"playtime":7076,"items_purged":["Strike_P","Strike_P+1"],"score":1035,"play_id":"fd3a8c7a-758d-4318-826c-029ca65e0f3d","local_time":"20210103182120","is_ascension_mode":false,"campfire_choices":[{"data":"Eruption","floor":8.0,"key":"SMITH"},{"data":"MasterReality","floor":11.0,"key":"SMITH"},{"data":"Fasting2","floor":15.0,"key":"SMITH"},{"floor":24.0,"key":"REST"},{"floor":28.0,"key":"REST"},{"floor":32,"key":"REST"},{"floor":41,"key":"REST"},{"floor":46,"key":"REST"},{"floor":49,"key":"REST"}],"circlet_count":0,"master_deck":["Defend_P+1","Defend_P+1","Eruption+1","Vigilance+1","CarveReality+1","EmptyBody","Tantrum+1","Perseverance+1","MasterReality+1","EmptyFist","Fasting2+1","LessonLearned+1","DeceiveReality+1","Study+1","InnerPeace+1","Ragnarok","CutThroughFate+1","Deep Breath+1","Madness+1","Flash of Steel","MentalFortress+1","EmptyMind+1"],"relics":["PureWater","The Courier","Potion Belt","Centennial Puzzle","Fusion Hammer","Pantograph","Happy Flower","Shuriken","HornCleat","Medical Kit","War Paint","construct:ClawGrip","Pen Nib","Blood Vial","Eternal Feather","StoneCalendar","Bronze Scales","Meat on the Bone"],"acts_visited":["Exordium","TheCity","TheBeyond"],"potions_floor_usage":[30,50,50,50],"damage_taken":[{"damage":0.0,"enemies":"Small Slimes","floor":1.0,"turns":3.0},{"damage":0.0,"enemies":"2 Louse","floor":2.0,"turns":3.0},{"damage":0.0,"enemies":"Cultist","floor":4.0,"turns":2.0},{"damage":0.0,"enemies":"Blue Slaver","floor":5.0,"turns":3.0},{"damage":0.0,"enemies":"Gremlin Nob","floor":6.0,"turns":2.0},{"damage":0.0,"enemies":"Large Slime","floor":7.0,"turns":3.0},{"damage":17.0,"enemies":"3 Sentries","floor":12.0,"turns":4.0},{"damage":0.0,"enemies":"3 Louse","floor":13.0,"turns":2.0},{"damage":0.0,"enemies":"Gremlin Gang","floor":14.0,"turns":2.0},{"damage":0.0,"enemies":"Slime Boss","floor":16.0,"turns":4.0},{"damage":17.0,"enemies":"Shell Parasite","floor":18.0,"turns":3.0},{"damage":12.0,"enemies":"2 Thieves","floor":19.0,"turns":2.0},{"damage":7.0,"enemies":"Slavers","floor":23.0,"turns":3.0},{"damage":21.0,"enemies":"Snake Plant","floor":25.0,"turns":3.0},{"damage":0,"enemies":"Gremlin Leader","floor":30,"turns":4},{"damage":30,"enemies":"Snecko","floor":31,"turns":4},{"damage":9,"enemies":"Champ","floor":33,"turns":6},{"damage":10,"enemies":"Orb Walker","floor":35,"turns":2},{"damage":0,"enemies":"3 Darklings","floor":36,"turns":3},{"damage":17,"enemies":"Reptomancer","floor":40,"turns":5},{"damage":0,"enemies":"Maw","floor":42,"turns":6},{"damage":0,"enemies":"Giant Head","floor":44,"turns":6},{"damage":0,"enemies":"Jaw Worm Horde","floor":47,"turns":3},{"damage":0,"enemies":"Nemesis","floor":48,"turns":3},{"damage":0,"enemies":"Time Eater","floor":50,"turns":6}],"seed_played":"-1309939982515825371","potions_obtained":[{"floor":2.0,"key":"DistilledChaos"},{"floor":5.0,"key":"Strength Potion"},{"floor":6.0,"key":"SneckoOil"},{"floor":12.0,"key":"Ancient Potion"},{"floor":19.0,"key":"Block Potion"},{"floor":23.0,"key":"EssenceOfSteel"},{"floor":25.0,"key":"Weak Potion"},{"floor":36,"key":"Swift Potion"},{"floor":40,"key":"SteroidPotion"},{"floor":42,"key":"Strength Potion"},{"floor":44,"key":"Fire Potion"}],"is_trial":false,"path_per_floor":["M","M","?","M","M","E","M","R","T","?","R","E","M","M","R","B",null,"M","M","?","?","?","E","R","M","T","$","R","?","E","M","R","B",null,"M","M","$","T","?","E","R","M","T","E","?","R","M","E","R","B",null],"character_chosen":"WATCHER","items_purchased":["HornCleat","Medical Kit","Pen Nib"],"campfire_rested":6,"item_purchase_floors":[27,27,37],"current_hp_per_floor":[72,72,72,72,72,72,72,72,72,72,72,55,55,55,55,55,72,55,43,43,43,43,36,57,36,36,36,57,57,57,27,48,63,72,62,62,62,62,52,37,70,72,72,72,72,72,72,72,72,72],"gold":156,"neow_bonus":"TRANSFORM_CARD","is_daily":false,"chose_seed":false,"campfire_upgraded":3,"win_rate":0.0,"timestamp":1609669280,"path_taken":["M","M","?","M","M","E","M","R","T","?","R","E","M","M","R","BOSS","M","M","?","?","?","E","R","M","T","$","R","?","E","M","R","BOSS","M","?","?","?","?","E","R","M","T","E","?","R","M","E","R","BOSS"],"items_purchased_type":["Relic","Relic","Relic"],"build_version":"2020-12-22","purchased_purges":2,"victory":true,"max_hp_per_floor":[72,72,72,72,72,72,72,72,72,72,72,72,72,72,72,72,72,72,72,72,72,72,72,72,72,72,72,72,72,72,72,72,72,72,72,72,72,72,72,72,72,72,72,72,72,72,72,72,72,72],"card_choices":[{"not_picked":["JustLucky","PathToVictory"],"picked":"EmptyBody","floor":1.0},{"not_picked":["TalkToTheHand","WheelKick"],"picked":"Tantrum","floor":2.0},{"not_picked":["Tantrum","Pray"],"picked":"Perseverance","floor":4.0},{"not_picked":["Halt","ThirdEye","Protect"],"picked":"SKIP","floor":5.0},{"not_picked":["ClearTheMind","Crescendo"],"picked":"MasterReality","floor":6.0},{"not_picked":["Wireheading","CutThroughFate","Prostrate"],"picked":"SKIP","floor":7.0},{"not_picked":["BowlingBash","FlyingSleeves"],"picked":"EmptyFist","floor":12.0},{"not_picked":["ThirdEye","Halt"],"picked":"Fasting2","floor":13.0},{"not_picked":["Wish","ReachHeaven","Halt"],"picked":"SKIP","floor":14.0},{"not_picked":["ConjureBlade","Wish"],"picked":"LessonLearned","floor":16.0},{"not_picked":["MentalFortress","Evaluate"],"picked":"DeceiveReality","floor":18.0},{"not_picked":["ThirdEye","CrushJoints"],"picked":"Study","floor":19.0},{"not_picked":["Nirvana+1","ThirdEye","EmptyBody+1"],"picked":"SKIP","floor":23.0},{"not_picked":["Prostrate+1","SignatureMove","MentalFortress"],"picked":"SKIP","floor":25.0},{"not_picked":["PathToVictory","Fasting2+1","WheelKick+1"],"picked":"SKIP","floor":30},{"not_picked":["CrushJoints+1","Sanctity"],"picked":"InnerPeace+1","floor":31},{"not_picked":["Brilliance","Wish"],"picked":"Ragnarok","floor":33},{"not_picked":["CrushJoints","JustLucky","FlurryOfBlows"],"picked":"SKIP","floor":35},{"not_picked":["EmptyFist+1","PathToVictory+1"],"picked":"CutThroughFate+1","floor":36},{"not_picked":["Magnetism","Mind Blast"],"picked":"Deep Breath","floor":39},{"not_picked":["Panache","Blind"],"picked":"Madness","floor":39},{"not_picked":["PanicButton","Metamorphosis"],"picked":"Flash of Steel","floor":39},{"not_picked":["Prostrate","Halt","FlyingSleeves"],"picked":"SKIP","floor":40},{"not_picked":["CrushJoints+1","Prostrate"],"picked":"MentalFortress+1","floor":42},{"not_picked":["JustLucky+1","FlurryOfBlows+1","SpiritShield"],"picked":"SKIP","floor":44},{"not_picked":["Tantrum","JustLucky"],"picked":"EmptyMind+1","floor":47},{"not_picked":["ClearTheMind","Judgement","FlyingSleeves+1"],"picked":"SKIP","floor":48}],"player_experience":463801,"relics_obtained":[{"floor":6.0,"key":"The Courier"},{"floor":9.0,"key":"Potion Belt"},{"floor":12.0,"key":"Centennial Puzzle"},{"floor":23.0,"key":"Happy Flower"},{"floor":26.0,"key":"Shuriken"},{"floor":30,"key":"War Paint"},{"floor":38,"key":"Blood Vial"},{"floor":40,"key":"Eternal Feather"},{"floor":43,"key":"StoneCalendar"},{"floor":44,"key":"Bronze Scales"},{"floor":48,"key":"Meat on the Bone"}],"event_choices":[{"cards_removed":["Defend_P"],"damage_healed":0.0,"max_hp_gain":0.0,"max_hp_loss":0.0,"gold_gain":0.0,"event_name":"The Cleric","player_choice":"Card Removal","floor":3.0,"gold_loss":50.0,"damage_taken":0.0},{"cards_removed":["Defend_P"],"damage_healed":0.0,"max_hp_gain":0.0,"max_hp_loss":0.0,"gold_gain":0.0,"event_name":"Wheel of Change","player_choice":"Card Removal","floor":10.0,"gold_loss":0.0,"damage_taken":0.0},{"cards_removed":["Strike_P"],"damage_healed":0.0,"max_hp_gain":0.0,"max_hp_loss":0.0,"gold_gain":0.0,"event_name":"Back to Basics","player_choice":"Elegance","floor":20.0,"gold_loss":0.0,"damage_taken":0.0},{"damage_healed":0.0,"max_hp_gain":0.0,"max_hp_loss":0.0,"gold_gain":99.0,"event_name":"Nest","player_choice":"Stole From Cult","floor":21.0,"gold_loss":0.0,"damage_taken":0.0},{"damage_healed":0.0,"max_hp_gain":0.0,"max_hp_loss":0.0,"gold_gain":0.0,"event_name":"Addict","player_choice":"Obtained Relic","floor":22.0,"gold_loss":85.0,"damage_taken":0.0,"relics_obtained":["Pantograph"]},{"damage_healed":0.0,"max_hp_gain":0.0,"max_hp_loss":0.0,"gold_gain":0.0,"event_name":"Duplicator","player_choice":"Ignored","floor":29.0,"gold_loss":0.0,"damage_taken":0.0},{"damage_healed":0,"gold_gain":0,"player_choice":"Memory 3","damage_taken":10,"max_hp_gain":0,"max_hp_loss":0,"event_name":"SensoryStone","floor":39,"gold_loss":0},{"damage_healed":0,"gold_gain":0,"player_choice":"Upgraded","damage_taken":0,"max_hp_gain":0,"max_hp_loss":0,"event_name":"Upgrade Shrine","floor":45,"gold_loss":0,"cards_upgraded":["Study"]}],"is_beta":false,"boss_relics":[{"not_picked":["Velvet Choker","Astrolabe"],"picked":"Fusion Hammer"},{"not_picked":["SacredBark","Busted Crown"],"picked":"construct:ClawGrip"}],"items_purged_floors":[27,37],"is_endless":false,"potions_floor_spawned":[2,5,6,12,19,23,25,36,40,42,44],"ascension_level":0}}