{"host":"konjmgczbcns2r3g","time":1609644853,"event":{"mods":["AchievementEnabler","BaseMod","Colored Powertips","Hermit","Infinite Spire","Minty Spire (QoL Compilation)","Replay The Spire","StSLib","The Cursed","The Necromancer","The Servant 0.9.4"],"gold_per_floor":[115,135,149,149,149,149,224,52,77,88,107,127,127,143,143,243,243,253,264,282,299,299,299,313,513,513,137,147,147,174,187,187,304,304,338,372,416,463,463,463,504,504,586,586,586,642,147,169,169,169],"floor_reached":51,"playtime":5153,"items_purged":[],"score":892,"play_id":"7167c46f-f8e0-49dd-94aa-7ab834994fdc","local_time":"20210102223413","is_ascension_mode":false,"campfire_choices":[{"floor":13,"key":"REST"},{"floor":15,"key":"REST"},{"floor":23,"key":"REST"},{"floor":29,"key":"REST"},{"floor":32,"key":"REST"},{"floor":40,"key":"REST"},{"floor":42,"key":"REST"},{"floor":49,"key":"REST"}],"circlet_count":0,"master_deck":["Strike_S","Strike_S","Strike_S","Strike_S","Defend_S","Defend_S","Defend_S","Defend_S","KidneyShot+1","Exchange","Potential","TimeWarp","ShatteredReality+1","Replay:Fractal Strike","Defy","Pot Of Greed","Pot Of Greed","MurderousAura","Rewind","Spin","ShatteredReality","Dilation","FastForward","Comet+1","Rearm","Defy","Pot Of Greed","infinitespire:Collect","Replay:Fractal Strike","Luminosity+1","Dramatic Entrance","Potential","Rewind+1","SilverBlades","Solidify","GearUp","Manipulate+1","Ricochet+1","TimeWarp+1","Pot Of Greed","Parasite","Revamp+1","BottledTime","Moondial","SurpressingFire","Contraction+1"],"relics":["Vampire_Amulet","ReplayFunnel","infinitespire:Cubic Diamond","TheAbacus","Grinning Jar","Bag of Preparation","Bottled Lightning","Pen Nib","Tiny Chest","Simple Rune","infinitespire:EvilPickle","Black Star","Replay:WaspNest","FossilizedHelix","Whetstone","BargainBundle","Potion Belt","Nunchaku"],"acts_visited":["Exordium","TheCity","TheBeyond"],"potions_floor_usage":[12,16,16,21,21,28,33,48,50,50,50],"damage_taken":[{"damage":18,"enemies":"infinitespire:Voidling","floor":1,"turns":6},{"damage":0,"enemies":"Jaw Worm","floor":2,"turns":4},{"damage":2,"enemies":"2 Louse","floor":3,"turns":2},{"damage":1,"enemies":"Looter","floor":10,"turns":3},{"damage":8,"enemies":"Lots of Slimes","floor":11,"turns":4},{"damage":12,"enemies":"Exordium Thugs","floor":12,"turns":5},{"damage":2,"enemies":"Exordium Wildlife","floor":14,"turns":3},{"damage":24,"enemies":"Fading Forest","floor":16,"turns":11},{"damage":5,"enemies":"Chosen","floor":18,"turns":7},{"damage":7,"enemies":"Shell Parasite","floor":19,"turns":6},{"damage":18,"enemies":"Sentry and Sphere","floor":20,"turns":8},{"damage":6,"enemies":"Snecko","floor":21,"turns":6},{"damage":6,"enemies":"Chosen and Byrds","floor":24,"turns":7},{"damage":27,"enemies":"Cultist and Chosen","floor":28,"turns":8},{"damage":30,"enemies":"Gremlin Leader","floor":30,"turns":6},{"damage":0,"enemies":"Snecko","floor":31,"turns":7},{"damage":4,"enemies":"Pondfish","floor":33,"turns":10},{"damage":31,"enemies":"3 Shapes","floor":35,"turns":5},{"damage":0,"enemies":"3 Darklings","floor":36,"turns":2},{"damage":20,"enemies":"4 Shapes","floor":37,"turns":7},{"damage":10,"enemies":"Maw","floor":38,"turns":9},{"damage":28,"enemies":"Sphere and 2 Shapes","floor":41,"turns":5},{"damage":14,"enemies":"Writhing Mass","floor":46,"turns":8},{"damage":0,"enemies":"Maw","floor":48,"turns":8},{"damage":66,"enemies":"Awakened One","floor":50,"turns":12}],"seed_played":"-8712590987100972559","potions_obtained":[{"floor":1,"key":"Venom Potion"},{"floor":2,"key":"FearPotion"},{"floor":10,"key":"Milkshake"},{"floor":16,"key":"Strength Potion"},{"floor":19,"key":"Energy Potion"},{"floor":20,"key":"Languid Potion"},{"floor":31,"key":"PowerPotion"},{"floor":36,"key":"Elixir"},{"floor":46,"key":"PowerPotion"},{"floor":48,"key":"Venom Potion"}],"is_trial":false,"path_per_floor":["M","M","M","?","T","?","?","$","T","M","M","M","R","M","R","B",null,"M","M","M","M","AVR","R","M","?","T","$","M","R","E","M","R","B",null,"M","M","M","M","?","R","M","R","T","T","T","M","$","M","R","B",null],"character_chosen":"THE_SERVANT","items_purchased":["Defy","TheAbacus","Pen Nib","Tiny Chest","Dramatic Entrance","BargainBundle","BottledTime","Moondial","SurpressingFire","Potion Belt","Nunchaku","Ancient Potion","Regen Potion","GamblersBrew"],"campfire_rested":8,"item_purchase_floors":[8,8,27,27,27,47,47,47,47,47,47,47,47,47],"current_hp_per_floor":[63,63,61,44,44,44,33,33,33,34,36,28,49,51,71,61,71,68,63,49,45,45,66,64,64,64,64,41,62,42,44,65,65,71,46,48,36,28,28,49,27,48,48,48,48,36,36,38,59,16],"gold":169,"neow_bonus":"TEN_PERCENT_HP_BONUS","is_daily":false,"chose_seed":false,"campfire_upgraded":0,"win_rate":0.0,"timestamp":1609644853,"path_taken":["M","?","M","?","?","?","?","$","T","M","M","M","R","M","R","BOSS","M","M","M","M","AVR","R","M","?","T","$","?","R","E","M","R","BOSS","M","M","M","M","?","R","M","R","T","?","?","M","$","?","R","BOSS"],"items_purchased_type":["Card","Relic","Relic","Relic","Card","Relic","Card","Card","Card","Relic","Relic","Potion","Potion","Potion"],"build_version":"2020-12-22","purchased_purges":0,"victory":true,"max_hp_per_floor":[71,71,71,71,71,71,71,71,71,71,71,71,71,71,71,71,71,71,71,71,71,71,71,71,71,71,71,71,71,71,71,71,71,71,71,71,71,71,71,71,71,71,71,71,71,71,71,71,71,71],"card_choices":[{"not_picked":["Defy","ShatteredReality"],"picked":"Potential","floor":1},{"not_picked":["Alleviate","Deadline"],"picked":"TimeWarp","floor":2},{"not_picked":["TimeWarp","Revamp"],"picked":"ShatteredReality","floor":3},{"not_picked":["infinitespire:DeathsTouch","infinitespire:SealOfDarkness+"],"picked":"Replay:Fractal Strike","floor":4},{"not_picked":["Rewind","Alleviate"],"picked":"MurderousAura","floor":10},{"not_picked":["WasteNot","Unruled"],"picked":"Rewind","floor":11},{"not_picked":["BottledTime","TimeTheft"],"picked":"Spin","floor":12},{"not_picked":["Deadline","Read"],"picked":"ShatteredReality","floor":14},{"not_picked":["KillingDoll","ForgedInTime"],"picked":"Dilation","floor":16},{"not_picked":["Foresight","RealityMarble"],"picked":"FastForward","floor":18},{"not_picked":["Replace","FastForward"],"picked":"Comet+1","floor":19},{"not_picked":["Alleviate","Unruled"],"picked":"Rearm","floor":20},{"not_picked":["Shuttle","Alleviate+1"],"picked":"Defy","floor":21},{"not_picked":["TheWorld","BottledTime"],"picked":"Luminosity+1","floor":24},{"not_picked":["Alleviate","MoonPhase"],"picked":"Potential","floor":28},{"not_picked":["Comet","Deadline"],"picked":"Rewind+1","floor":30},{"not_picked":["StarChef","Ricochet+1"],"picked":"SilverBlades","floor":31},{"not_picked":["TheWorld","ForgedInTime"],"picked":"Solidify","floor":33},{"not_picked":["Read+1","DualDimension"],"picked":"GearUp","floor":35},{"not_picked":["Potential","Contraction"],"picked":"Manipulate+1","floor":36},{"not_picked":["WasteNot+1","SilverBlades"],"picked":"Ricochet+1","floor":37},{"not_picked":["Defy","Revamp"],"picked":"TimeWarp+1","floor":38},{"not_picked":["ShatteredReality","FanOfKnives+1","DoubleEdge"],"picked":"SKIP","floor":41},{"not_picked":["Spin","Replace+1"],"picked":"Revamp+1","floor":46},{"not_picked":["Rearm+1","FanOfKnives+1"],"picked":"Contraction+1","floor":48}],"player_experience":289330,"relics_obtained":[{"floor":5,"key":"ReplayFunnel"},{"floor":9,"key":"Grinning Jar"},{"floor":26,"key":"Bottled Lightning"},{"floor":30,"key":"Simple Rune"},{"floor":43,"key":"Replay:WaspNest"},{"floor":44,"key":"FossilizedHelix"},{"floor":45,"key":"Whetstone"}],"event_choices":[{"damage_healed":0,"gold_gain":75,"player_choice":"Gather Gold","damage_taken":11,"max_hp_gain":0,"max_hp_loss":0,"event_name":"World of Goop","floor":7,"gold_loss":0},{"damage_healed":0,"gold_gain":200,"player_choice":"Gold","damage_taken":0,"max_hp_gain":0,"max_hp_loss":0,"event_name":"Wheel of Change","floor":25,"gold_loss":0}],"is_beta":false,"boss_relics":[{"not_picked":["Sozu","Empty Cage","Cursed Key"]},{"not_picked":["Ring of Chaos","Honey Jar"],"picked":"Black Star"}],"items_purged_floors":[],"is_endless":false,"potions_floor_spawned":[1,2,10,16,19,20,31,36,46,48],"ascension_level":0}}