{"host":"59wnhi65kiwmnpg4","time":1609671152,"event":{"mods":["2.2 Compatiblity","AchievementEnabler","Act Like it!","BaseMod","BetterRewards","Challenge The Spire","Colored Map","Disable Question Mark Monsters","Hallownest","Minty Spire (QoL Compilation)","Relic Stats","StSLib"],"gold_per_floor":[114,289,301,40,40,40,71,100,135,147,185,215,227,259,271,378,390,415,442,20,37,37,67,67,67,93,93,93],"floor_reached":27,"playtime":1092,"items_purged":["Doubt"],"score":379,"play_id":"6d690780-553b-4fa7-9e55-22cce742e823","local_time":"20210103105232","is_ascension_mode":true,"campfire_choices":[{"data":"Twin Strike","floor":6,"key":"SMITH"},{"data":"Demon Form","floor":13,"key":"SMITH"},{"data":"Uppercut","floor":15,"key":"SMITH"},{"data":"1","floor":24,"key":"LIFT"}],"circlet_count":0,"master_deck":["Strike_R","Strike_R","Strike_R","Strike_R","Strike_R","Defend_R+1","Defend_R+1","Bash","Burning Pact","Twin Strike+1","Cleave+1","Demon Form+1","Uppercut+1","Headbutt","Flex","Brutality","Rage","Rupture+1","Whirlwind","Metallicize","Good Instincts+1","Warcry+1","Mind Blast+1"],"relics":["Burning Blood","NeowsBlessing","Mummified Hand","MawBank","Red Skull","War Paint","Empty Cage","Membership Card","Toxic Egg 2","Girya","Whetstone"],"acts_visited":["Exordium","TheCity"],"potions_floor_usage":[23,23,23,27],"damage_taken":[{"damage":0,"enemies":"Cultist","floor":1,"turns":1},{"damage":0,"enemies":"Small Slimes","floor":3,"turns":1},{"damage":0,"enemies":"Lagavulin","floor":7,"turns":1},{"damage":8,"enemies":"2 Louse","floor":8,"turns":2},{"damage":48,"enemies":"Gremlin Nob","floor":11,"turns":5},{"damage":0,"enemies":"Red Slaver","floor":12,"turns":1},{"damage":4,"enemies":"2 Fungi Beasts","floor":14,"turns":2},{"damage":0,"enemies":"Slime Boss","floor":16,"turns":7},{"damage":27,"enemies":"Chosen","floor":18,"turns":4},{"damage":20,"enemies":"Spheric Guardian","floor":19,"turns":4},{"damage":15,"enemies":"Centurion and Healer","floor":21,"turns":5},{"damage":38,"enemies":"Gremlin Leader","floor":23,"turns":4},{"damage":22,"enemies":"Sentry and Sphere","floor":27,"turns":3}],"seed_played":"7999541856180932263","potions_obtained":[{"floor":3,"key":"Strength Potion"},{"floor":11,"key":"BloodPotion"},{"floor":12,"key":"BloodPotion"},{"floor":16,"key":"GamblersBrew"},{"floor":19,"key":"PowerPotion"},{"floor":23,"key":"ColorlessPotion"}],"is_trial":false,"path_per_floor":["M","?","M","$","?","R","E","M","T","?","E","M","R","M","R","B",null,"M","M","$","M","?","E","R","?","T","M"],"character_chosen":"IRONCLAD","items_purchased":["Mummified Hand","Membership Card","Whirlwind","Metallicize","Toxic Egg 2","Good Instincts+1"],"campfire_rested":0,"item_purchase_floors":[4,20,20,20,20,20],"current_hp_per_floor":[80,80,80,80,80,80,80,78,78,70,28,34,34,36,36,42,80,59,45,45,36,36,20,20,20,20,0,0],"gold":93,"neow_bonus":"THREE_ENEMY_KILL","is_daily":false,"chose_seed":false,"campfire_upgraded":3,"win_rate":0.0,"timestamp":1609671152,"path_taken":["M","?","M","$","?","R","E","M","T","?","E","M","R","M","R","BOSS","M","M","?","M","?","E","R","?","T","?"],"items_purchased_type":["Relic","Relic","Card","Card","Relic","Card"],"build_version":"2020-12-22","purchased_purges":1,"victory":false,"max_hp_per_floor":[80,80,80,80,80,80,80,80,80,80,80,80,80,80,80,80,80,80,80,80,80,80,80,80,80,80,80,80],"relic_stats":{"counters":[13,40],"Mummified Hand":[19],"Whetstone":["Cleave","Mind Blast"],"War Paint":["Defend_R","Defend_R"],"MawBank":156,"obtain_stats":[{"Girya":23,"NeowsBlessing":0,"Mummified Hand":4,"Membership Card":20,"Whetstone":26,"War Paint":11,"Toxic Egg 2":20,"MawBank":7,"Empty Cage":17,"Burning Blood":0,"Red Skull":9},{"Girya":12,"NeowsBlessing":0,"Mummified Hand":2,"Membership Card":10,"Whetstone":12,"War Paint":5,"Toxic Egg 2":10,"MawBank":3,"Empty Cage":8,"Burning Blood":0,"Red Skull":4},{"Girya":37,"NeowsBlessing":0,"Mummified Hand":2,"Membership Card":28,"Whetstone":37,"War Paint":10,"Toxic Egg 2":28,"MawBank":3,"Empty Cage":20,"Burning Blood":0,"Red Skull":5}],"Burning Blood":54},"card_choices":[{"not_picked":["Armaments","Reckless Charge"],"picked":"Burning Pact","floor":1},{"not_picked":["Metallicize","Heavy Blade"],"picked":"Twin Strike","floor":3},{"not_picked":["Warcry","Clash"],"picked":"Cleave","floor":7},{"not_picked":["Cleave","Sword Boomerang"],"picked":"Demon Form","floor":8},{"not_picked":["Twin Strike","Blood for Blood"],"picked":"Uppercut","floor":11},{"not_picked":["Bloodletting","Wild Strike"],"picked":"Headbutt","floor":12},{"not_picked":["Body Slam","Iron Wave"],"picked":"Flex","floor":14},{"not_picked":["Feed","Corruption"],"picked":"Brutality","floor":16},{"not_picked":["Wild Strike+1","Twin Strike"],"picked":"Rage","floor":18},{"not_picked":["Heavy Blade","Sword Boomerang"],"picked":"Rupture+1","floor":19},{"not_picked":["Blood for Blood","Bloodletting+1"],"picked":"Warcry+1","floor":21},{"not_picked":["Heavy Blade","Combust+1","Dark Embrace"],"picked":"SKIP","floor":23}],"player_experience":801568,"relics_obtained":[{"floor":7,"key":"MawBank"},{"floor":9,"key":"Red Skull"},{"floor":11,"key":"War Paint"},{"floor":23,"key":"Girya"},{"floor":26,"key":"Whetstone"}],"event_choices":[{"damage_healed":0,"gold_gain":175,"player_choice":"AGREE","damage_taken":0,"max_hp_gain":0,"max_hp_loss":0,"event_name":"Liars Game","floor":2,"gold_loss":0,"cards_obtained":["Doubt"]},{"damage_healed":0,"gold_gain":0,"player_choice":"Leave","damage_taken":0,"max_hp_gain":0,"max_hp_loss":0,"event_name":"The Cleric","floor":5,"gold_loss":0},{"damage_healed":0,"gold_gain":0,"player_choice":"Damaged","damage_taken":8,"max_hp_gain":0,"max_hp_loss":0,"event_name":"Wheel of Change","floor":10,"gold_loss":0},{"damage_healed":0,"gold_gain":0,"player_choice":"Ignored","damage_taken":0,"max_hp_gain":0,"max_hp_loss":0,"event_name":"Vampires","floor":22,"gold_loss":0},{"damage_healed":0,"gold_gain":0,"player_choice":"1 cards matched","damage_taken":0,"max_hp_gain":0,"max_hp_loss":0,"event_name":"Match and Keep!","floor":25,"gold_loss":0,"cards_obtained":["Mind Blast"]}],"is_beta":false,"boss_relics":[{"not_picked":["Runic Pyramid","Fusion Hammer"],"picked":"Empty Cage"}],"items_purged_floors":[20],"is_endless":false,"potions_floor_spawned":[3,11,12,16,19,21,23],"killed_by":"Sentry and Sphere","ascension_level":4}}