{"host":"5gc11emcm5chfr5t","time":1609662823,"event":{"mods":["2.2 Compatiblity","AchievementEnabler","BaseMod","Bestiary","Better Note","Colored Map","Colored Powertips","Downfall","Googly Eyes","Minty Spire (QoL Compilation)","Rare Cards Sparkle","StSLib"],"gold_per_floor":[99,111,126,126,140,65,65,65,100,25,37,37,37,70,82,156,156,81,101,118,103,303,303,354,372,397,37,37,37,62,80,92,163,163,163,179,196,240,252,36,36,60,60,60,113,129,129,129,147,147,147,179,17,17,17],"floor_reached":56,"playtime":3560,"items_purged":["hexamod:Haunted"],"score":2169,"play_id":"b168ef8d-a4b7-4224-bc0c-d97011077cd8","local_time":"20210103033343","is_ascension_mode":true,"campfire_choices":[{"floor":1,"key":"RECALL"},{"data":"sneckomod:WideSting","floor":6,"key":"SMITH"},{"data":"sneckomod:UnknownRareSkill","floor":10,"key":"SMITH"},{"data":"sneckomod:SnekBite","floor":13,"key":"SMITH"},{"data":"sneckomod:UnlimitedRolls","floor":18,"key":"SMITH"},{"data":"sneckomod:ImprovisedGuard","floor":29,"key":"SMITH"},{"floor":35,"key":"REST"},{"floor":47,"key":"REST"},{"floor":54,"key":"REST"}],"circlet_count":0,"master_deck":["AscendersBane","sneckomod:TailWhip","sneckomod:SnekBite+1","sneckomod:Unknown","sneckomod:Unknown+1","sneckomod:WideSting+1","sneckomod:QuickMove","sneckomod:UnknownClassPURPLE","sneckomod:UnknownRareSkill+1","sneckomod:Unknown2Cost","sneckomod:UnknownStrength","sneckomod:UnlimitedRolls+1","sneckomod:Unknown2Cost+1","sneckomod:UnknownColorless","sneckomod:UnknownVulnerable","sneckomod:DiceBlock","sneckomod:Bewildered","sneckomod:ImprovisedGuard+1","sneckomod:TrashToTreasure","sneckomod:SoulCleanse","sneckomod:ImprovisedAttack","sneckomod:UnknownColorless","sneckomod:UnknownWeak","sneckomod:Restock","sneckomod:Transmogrify","sneckomod:IronFang+1","sneckomod:Unknown1Cost","sneckomod:UnknownBlock","sneckomod:DiceBlock","sneckomod:SlitherStrike","sneckomod:DangerNoodle+1","sneckomod:UnknownColorless","sneckomod:DiceBlock","expansioncontent:Chronoboost+1","sneckomod:UnknownStrength+1","sneckomod:SerpentIdol+1","Mind Blast","sneckomod:SoulDraw"],"relics":["Snecko Eye","Oddly Smooth Stone","downfall:HeartBlessingRed","Gremlin Horn","downfall:HeartBlessingBlue","MealTicket","SlaversCollar","downfall:HeartBlessingGreen","sneckomod:BabySnecko","War Paint","Nunchaku","The Courier","Philosopher\u0027s Stone","Calipers","Akabeko","DollysMirror","Kunai","Whetstone","Lizard Tail","Vajra","Happy Flower","Bronze Scales"],"acts_visited":["Exordium","TheCity","TheBeyond","TheEnding"],"potions_floor_usage":[14,16,20,33,33,50,50,55],"damage_taken":[{"damage":0,"enemies":"2 Louse","floor":2,"turns":2},{"damage":0,"enemies":"Small Slimes","floor":3,"turns":1},{"damage":0,"enemies":"Cultist","floor":5,"turns":3},{"damage":3,"enemies":"Lagavulin","floor":9,"turns":5},{"damage":2,"enemies":"Exordium Thugs","floor":11,"turns":2},{"damage":4,"enemies":"3 Sentries","floor":14,"turns":5},{"damage":3,"enemies":"Large Slime","floor":15,"turns":4},{"damage":72,"enemies":"downfall:Silent","floor":16,"turns":7},{"damage":0,"enemies":"Chosen","floor":19,"turns":4},{"damage":0,"enemies":"3 Byrds","floor":20,"turns":2},{"damage":0,"enemies":"downfall:FleeingMerchant","floor":21,"turns":4},{"damage":0,"enemies":"3 Cultists","floor":25,"turns":3},{"damage":5,"enemies":"Gremlin Leader","floor":26,"turns":4},{"damage":0,"enemies":"downfall:FleeingMerchant","floor":27,"turns":4},{"damage":33,"enemies":"Slavers","floor":30,"turns":4},{"damage":8,"enemies":"Snecko","floor":31,"turns":3},{"damage":5,"enemies":"Cultist and Chosen","floor":32,"turns":6},{"damage":38,"enemies":"downfall:Watcher","floor":33,"turns":8},{"damage":22,"enemies":"3 Shapes","floor":36,"turns":6},{"damage":10,"enemies":"3 Darklings","floor":37,"turns":4},{"damage":26,"enemies":"4 Shapes","floor":38,"turns":6},{"damage":26,"enemies":"Maw","floor":39,"turns":7},{"damage":0,"enemies":"downfall:FleeingMerchant","floor":40,"turns":1},{"damage":10,"enemies":"2 Orb Walkers","floor":45,"turns":5},{"damage":0,"enemies":"Sphere and 2 Shapes","floor":46,"turns":3},{"damage":15,"enemies":"Writhing Mass","floor":49,"turns":3},{"damage":60,"enemies":"downfall:Defect","floor":50,"turns":9},{"damage":25,"enemies":"downfall:CharBossMerchant","floor":52,"turns":7},{"damage":6,"enemies":"downfall:NeowBoss","floor":55,"turns":33}],"seed_played":"-6440290688627517687","potions_obtained":[{"floor":2,"key":"PowerPotion"},{"floor":3,"key":"DuplicationPotion"},{"floor":19,"key":"champ:CounterPotion"},{"floor":20,"key":"Ancient Potion"},{"floor":28,"key":"DuplicationPotion"},{"floor":33,"key":"Ancient Potion"},{"floor":46,"key":"LiquidBronze"}],"is_trial":false,"path_per_floor":["R","M","M","?","M","R","T","?","E","R","M","T","R","E","M","B",null,"R","M","M","$","?","?","T","M","E","$","?","R","E","M","M","B",null,"R","M","M","M","M","$","T","T","?","?","?","M","R","?","M","B",null,"E","$","R","B",null],"character_chosen":"THE_SNECKO","items_purchased":["TungstenRod","Akabeko","DollysMirror","Kunai","sneckomod:DiceBlock","Mind Blast","Guardian:BlockOnCardUsePotion","sneckomod:SoulDraw"],"campfire_rested":3,"item_purchase_floors":[27,40,40,40,40,53,53,53],"current_hp_per_floor":[75,75,75,75,75,75,75,75,72,82,80,80,80,82,79,22,78,78,78,78,93,93,93,93,93,88,97,97,97,64,56,51,13,76,97,75,65,39,17,32,32,32,32,32,22,22,51,51,36,30,80,57,72,97,97],"gold":17,"neow_bonus":"BOSS_RELIC","is_daily":false,"chose_seed":false,"campfire_upgraded":5,"win_rate":0.0,"timestamp":1609662823,"path_taken":["R","M","M","?","M","R","T","?","E","R","?","?","R","E","M","BOSS","R","M","M","$","?","?","T","M","E","$","?","R","E","M","M","BOSS","R","M","M","?","M","$","T","?","?","?","?","?","R","?","M","BOSS","E","$","R","BOSS"],"items_purchased_type":["Relic","Relic","Relic","Relic","Card","Card","Potion","Card"],"build_version":"2020-12-22","purchased_purges":1,"victory":true,"max_hp_per_floor":[83,83,83,83,83,83,83,83,83,93,93,93,93,97,97,97,97,97,97,97,97,97,97,97,97,97,97,97,97,97,97,97,97,97,97,97,97,97,97,97,97,97,97,97,97,97,97,97,97,97,97,97,97,97,97],"card_choices":[{"not_picked":["sneckomod:UnknownBlock","sneckomod:UnknownVulnerable"],"picked":"sneckomod:WideSting","floor":2},{"not_picked":["sneckomod:QuickBite","sneckomod:WideSting"],"picked":"sneckomod:QuickMove","floor":3},{"not_picked":["sneckomod:UnknownClassRED","sneckomod:UnknownClassGREEN"],"picked":"sneckomod:UnknownClassPURPLE","floor":5},{"not_picked":["sneckomod:UnknownVulnerable","sneckomod:UnknownClassRED"],"picked":"sneckomod:Unknown2Cost","floor":9},{"not_picked":["sneckomod:Nope","sneckomod:MasterEye"],"picked":"sneckomod:UnknownStrength","floor":11},{"not_picked":["sneckomod:IronFang","sneckomod:UnknownClassTHE_CHAMP_GRAY"],"picked":"sneckomod:UnlimitedRolls","floor":14},{"not_picked":["sneckomod:UnknownClassSLIMEBOUND","sneckomod:UnknownCommonAttack"],"picked":"sneckomod:Unknown2Cost","floor":15},{"not_picked":["sneckomod:Cheat","sneckomod:UnlimitedRolls"],"picked":"sneckomod:UnknownColorless","floor":16},{"not_picked":["sneckomod:DiceBlock","sneckomod:SoulDraw"],"picked":"sneckomod:UnknownVulnerable","floor":19},{"not_picked":["sneckomod:UnknownCommonSkill","sneckomod:UnknownUncommonAttack"],"picked":"sneckomod:DiceBlock","floor":20},{"not_picked":["sneckomod:DefensiveFlair","sneckomod:UnknownExhaust","sneckomod:UnknownCommonAttack"],"picked":"SKIP","floor":21},{"not_picked":["sneckomod:UnknownX","sneckomod:Rotation+1","sneckomod:CheapStock"],"picked":"SKIP","floor":25},{"not_picked":["sneckomod:WideSting","sneckomod:Unknown0Cost"],"picked":"sneckomod:ImprovisedGuard","floor":26},{"not_picked":["sneckomod:DiceCrush","sneckomod:UnknownBlock"],"picked":"sneckomod:TrashToTreasure","floor":27},{"not_picked":["sneckomod:UnknownCommonSkill","sneckomod:Unknown1Cost"],"picked":"sneckomod:SoulCleanse","floor":30},{"not_picked":["sneckomod:Nope","sneckomod:QuickBite"],"picked":"sneckomod:ImprovisedAttack","floor":31},{"not_picked":["sneckomod:UnknownDexterity","sneckomod:UnknownCommonSkill","sneckomod:UnknownCommonAttack"],"picked":"SKIP","floor":32},{"not_picked":["sneckomod:UnlimitedRolls","sneckomod:GlitteringGambit"],"picked":"sneckomod:UnknownColorless","floor":33},{"not_picked":["sneckomod:TrashToTreasure","sneckomod:UnknownClassBLUE"],"picked":"sneckomod:DiceBlock","floor":36},{"not_picked":["sneckomod:RainOfDice","sneckomod:ImprovisedAttack"],"picked":"sneckomod:QuickBite","floor":37},{"not_picked":["sneckomod:DefensiveFlair","sneckomod:WideSting"],"picked":"sneckomod:SlitherStrike","floor":38},{"not_picked":["sneckomod:UnknownVulnerable","sneckomod:UnknownWeak","sneckomod:UnknownCommonSkill"],"picked":"SKIP","floor":39},{"not_picked":["sneckomod:ImprovisedGuard","sneckomod:WideSting"],"picked":"sneckomod:DangerNoodle","floor":40},{"not_picked":["expansioncontent:FaceSlap","expansioncontent:GoopSpray"],"picked":"expansioncontent:Chronoboost","floor":44},{"not_picked":["sneckomod:Unknown0Cost","sneckomod:IronFang"],"picked":"sneckomod:UnknownStrength+1","floor":46},{"not_picked":["sneckomod:RainOfDice","sneckomod:QuickBite","sneckomod:SerpentIdol"],"picked":"SKIP","floor":49},{"not_picked":["sneckomod:TrashToTreasure","sneckomod:UnknownCommonAttack+1"],"picked":"sneckomod:SerpentIdol+1","floor":52}],"player_experience":524186,"relics_obtained":[{"floor":9,"key":"Gremlin Horn"},{"floor":12,"key":"Nunchaku"},{"floor":14,"key":"MealTicket"},{"floor":24,"key":"War Paint"},{"floor":26,"key":"Ornamental Fan"},{"floor":30,"key":"Vajra"},{"floor":36,"key":"Nunchaku"},{"floor":38,"key":"The Courier"},{"floor":38,"key":"Philosopher\u0027s Stone"},{"floor":39,"key":"Calipers"},{"floor":41,"key":"Happy Flower"},{"floor":42,"key":"Whetstone"},{"floor":45,"key":"Lizard Tail"},{"floor":45,"key":"Vajra"},{"floor":46,"key":"Happy Flower"},{"floor":52,"key":"Bronze Scales"}],"event_choices":[{"damage_healed":0,"gold_gain":0,"player_choice":"Got Potions","damage_taken":0,"max_hp_gain":0,"max_hp_loss":0,"event_name":"Lab","floor":28,"gold_loss":0},{"cards_removed":["sneckomod:QuickBite"],"damage_healed":0,"gold_gain":0,"player_choice":"Removed Attack","damage_taken":0,"max_hp_gain":0,"max_hp_loss":0,"event_name":"Falling","floor":43,"gold_loss":0},{"damage_healed":0,"gold_gain":0,"player_choice":"Fight","damage_taken":0,"max_hp_gain":0,"max_hp_loss":0,"event_name":"Mysterious Sphere","floor":45,"gold_loss":0},{"damage_healed":0,"gold_gain":0,"player_choice":"Forge","damage_taken":0,"max_hp_gain":0,"max_hp_loss":0,"event_name":"Accursed Blacksmith","floor":48,"gold_loss":0,"cards_upgraded":["expansioncontent:Chronoboost"]}],"is_beta":false,"boss_relics":[{"not_picked":["Calling Bell","Tiny House"],"picked":"SlaversCollar"},{"not_picked":["Busted Crown","Cursed Key"],"picked":"Pandora\u0027s Box"}],"items_purged_floors":[40],"is_endless":false,"potions_floor_spawned":[2,3,9,19,20,26,31,33,46,49],"ascension_level":20}}