{"host":"a4s27ghlnr83kbqz","time":1609641763,"event":{"mods":["AchievementEnabler","BaseMod","Colored Map","Minty Spire (QoL Compilation)","Permanent Neow","SuperFastMode"],"gold_per_floor":[20,37,52,102,118,118,143,160,183,201,212,224,224,238,238,309,309,325,220,231,246,296,296,309,309,309,324,344,364,364,383,383,457,457,471,233,233,233,233,233,267,267,267,267,296,312,312,346,346,346,346,346],"floor_reached":51,"playtime":1172,"items_purged":["Strike_R"],"score":1536,"play_id":"af1ad219-9136-4f49-b280-d0d7583989b9","local_time":"20210103104243","is_ascension_mode":true,"campfire_choices":[{"data":"Wild Strike","floor":6,"key":"SMITH"},{"data":"Inflame","floor":13,"key":"SMITH"},{"data":"Seeing Red","floor":15,"key":"SMITH"},{"data":"Violence","floor":23,"key":"SMITH"},{"data":"Inflame","floor":25,"key":"SMITH"},{"data":"Disarm","floor":30,"key":"SMITH"},{"data":"Double Tap","floor":32,"key":"SMITH"},{"data":"Immolate","floor":40,"key":"SMITH"},{"data":"Flex","floor":42,"key":"SMITH"},{"data":"Battle Trance","floor":44,"key":"SMITH"},{"data":"Second Wind","floor":47,"key":"SMITH"},{"data":"Offering","floor":49,"key":"SMITH"}],"circlet_count":0,"master_deck":["AscendersBane","Strike_R","Strike_R","Strike_R","Defend_R","Defend_R","Defend_R","Defend_R","Bash","Violence+1","Seeing Red+1","Wild Strike+1","Anger","Cleave","Inflame+1","Reaper","Shrug It Off","Second Wind+1","Shockwave","Double Tap+1","Battle Trance+1","Dropkick","Inflame+1","Disarm+1","Reaper","Flex+1","Immolate+1","Finesse","Whirlwind+1","Offering+1"],"relics":["Burning Blood","Matryoshka","Mercury Hourglass","Bag of Marbles","Coffee Dripper","Omamori","Happy Flower","Pantograph","Cursed Key","Pen Nib","Potion Belt","Bottled Lightning","Orichalcum","Shuriken"],"acts_visited":["Exordium","TheCity","TheBeyond"],"potions_floor_usage":[5,29,31,33],"damage_taken":[{"damage":12,"enemies":"Small Slimes","floor":1,"turns":5},{"damage":2,"enemies":"Cultist","floor":2,"turns":4},{"damage":7,"enemies":"Jaw Worm","floor":3,"turns":2},{"damage":1,"enemies":"Lots of Slimes","floor":5,"turns":2},{"damage":35,"enemies":"Lagavulin","floor":7,"turns":5},{"damage":11,"enemies":"Looter","floor":8,"turns":2},{"damage":5,"enemies":"2 Fungi Beasts","floor":10,"turns":3},{"damage":1,"enemies":"3 Louse","floor":11,"turns":2},{"damage":14,"enemies":"Red Slaver","floor":12,"turns":2},{"damage":0,"enemies":"Lots of Slimes","floor":14,"turns":1},{"damage":18,"enemies":"Slime Boss","floor":16,"turns":9},{"damage":0,"enemies":"Chosen","floor":18,"turns":2},{"damage":20,"enemies":"2 Thieves","floor":20,"turns":4},{"damage":1,"enemies":"Centurion and Healer","floor":21,"turns":5},{"damage":49,"enemies":"Sentry and Sphere","floor":24,"turns":5},{"damage":12,"enemies":"Cultist and Chosen","floor":27,"turns":5},{"damage":4,"enemies":"Centurion and Healer","floor":28,"turns":3},{"damage":6,"enemies":"Snake Plant","floor":29,"turns":3},{"damage":25,"enemies":"Cultist and Chosen","floor":31,"turns":5},{"damage":72,"enemies":"Automaton","floor":33,"turns":8},{"damage":17,"enemies":"Orb Walker","floor":35,"turns":3},{"damage":78,"enemies":"Giant Head","floor":41,"turns":7},{"damage":0,"enemies":"Nemesis","floor":45,"turns":1},{"damage":0,"enemies":"3 Darklings","floor":46,"turns":1},{"damage":0,"enemies":"Reptomancer","floor":48,"turns":3},{"damage":43,"enemies":"Donu and Deca","floor":50,"turns":3},{"damage":87,"enemies":"Time Eater","floor":51,"turns":6}],"seed_played":"6860024145372512699","potions_obtained":[{"floor":2,"key":"Explosive Potion"},{"floor":7,"key":"ColorlessPotion"},{"floor":8,"key":"SkillPotion"},{"floor":12,"key":"Block Potion"},{"floor":16,"key":"Swift Potion"},{"floor":29,"key":"Weak Potion"},{"floor":45,"key":"BlessingOfTheForge"}],"is_trial":false,"path_per_floor":["M","M","M","?","M","R","E","M","T","M","M","M","R","M","R","B",null,"M","?","M","M","?","R","M","R","T","M","M","M","R","M","R","B",null,"M","$","?","?","?","R","E","R","T","R","E","M","R","E","R","B","B"],"character_chosen":"IRONCLAD","items_purchased":["Pen Nib"],"campfire_rested":0,"item_purchase_floors":[36],"current_hp_per_floor":[62,66,65,65,70,70,41,36,36,37,42,34,34,75,75,63,72,75,75,61,75,75,75,36,36,36,42,58,58,58,56,56,41,67,68,68,58,58,58,58,43,43,43,43,49,55,55,75,75,55,0,0],"gold":346,"neow_bonus":"RANDOM_COLORLESS_2","is_daily":false,"chose_seed":false,"campfire_upgraded":12,"win_rate":0.0,"timestamp":1609641763,"path_taken":["M","M","M","?","M","R","E","M","T","M","?","M","R","M","R","BOSS","M","?","M","?","?","R","M","R","T","M","M","M","R","M","R","BOSS","M","$","?","?","?","R","E","R","T","R","E","?","R","E","R","BOSS","BOSS"],"items_purchased_type":["Relic"],"build_version":"2020-12-22","purchased_purges":1,"victory":false,"max_hp_per_floor":[75,75,75,75,75,75,75,75,75,75,75,75,75,75,75,75,75,75,75,75,75,75,75,75,75,75,75,75,75,75,75,75,75,75,75,75,75,75,75,75,75,75,75,75,75,75,75,75,75,75,75,75],"card_choices":[{"not_picked":["Thinking Ahead","Secret Weapon"],"picked":"Violence","floor":0},{"not_picked":["Clash","Thunderclap"],"picked":"Seeing Red","floor":1},{"not_picked":["Thunderclap","Heavy Blade"],"picked":"Wild Strike","floor":2},{"not_picked":["Heavy Blade","Twin Strike"],"picked":"Anger","floor":3},{"not_picked":["Warcry","Thunderclap"],"picked":"Cleave","floor":5},{"not_picked":["Anger","Seeing Red"],"picked":"Inflame","floor":7},{"not_picked":["Clothesline","Havoc"],"picked":"Reaper","floor":8},{"not_picked":["Iron Wave","Heavy Blade"],"picked":"Shrug It Off","floor":10},{"not_picked":["Flame Barrier","Rampage"],"picked":"Second Wind","floor":11},{"not_picked":["Iron Wave","Heavy Blade","Pommel Strike"],"picked":"SKIP","floor":12},{"not_picked":["Armaments","Cleave"],"picked":"Shockwave","floor":14},{"not_picked":["Bludgeon","Juggernaut"],"picked":"Double Tap","floor":16},{"not_picked":["Heavy Blade","Body Slam"],"picked":"Battle Trance","floor":18},{"not_picked":["Twin Strike","Perfected Strike"],"picked":"Dropkick","floor":20},{"not_picked":["Havoc","Cleave","Infernal Blade"],"picked":"SKIP","floor":21},{"not_picked":["Anger","Warcry"],"picked":"Inflame","floor":24},{"not_picked":["Entrench","Cleave+1"],"picked":"Disarm","floor":27},{"not_picked":["Power Through","Clothesline"],"picked":"Reaper","floor":28},{"not_picked":["Perfected Strike","Shrug It Off","Headbutt"],"picked":"SKIP","floor":29},{"not_picked":["Clash","Clothesline"],"picked":"Flex","floor":31},{"not_picked":["Double Tap","Feed"],"picked":"Immolate","floor":33},{"not_picked":["Wild Strike","Perfected Strike","Sword Boomerang"],"picked":"SKIP","floor":35},{"not_picked":["The Bomb","Good Instincts"],"picked":"Finesse","floor":37},{"not_picked":["Clothesline","Headbutt"],"picked":"Whirlwind+1","floor":41},{"not_picked":["Clothesline","Warcry","Infernal Blade"],"picked":"SKIP","floor":45},{"not_picked":["Clash","Body Slam","Havoc+1"],"picked":"SKIP","floor":46},{"not_picked":["Warcry","Heavy Blade"],"picked":"Offering","floor":48}],"player_experience":1077816,"relics_obtained":[{"floor":7,"key":"Matryoshka"},{"floor":9,"key":"Mercury Hourglass"},{"floor":9,"key":"Bag of Marbles"},{"floor":26,"key":"Happy Flower"},{"floor":26,"key":"Pantograph"},{"floor":41,"key":"Potion Belt"},{"floor":43,"key":"Bottled Lightning"},{"floor":45,"key":"Orichalcum"},{"floor":48,"key":"Shuriken"}],"event_choices":[{"damage_healed":0,"gold_gain":50,"player_choice":"Pray","damage_taken":0,"max_hp_gain":0,"max_hp_loss":0,"event_name":"Golden Shrine","floor":4,"gold_loss":0},{"damage_healed":0,"gold_gain":0,"player_choice":"Paid Gold","damage_taken":0,"relics_obtained":["Omamori"],"max_hp_gain":0,"max_hp_loss":0,"event_name":"WeMeetAgain","floor":19,"gold_loss":105},{"damage_healed":0,"gold_gain":50,"player_choice":"Stole From Cult","damage_taken":0,"max_hp_gain":0,"max_hp_loss":0,"event_name":"Nest","floor":22,"gold_loss":0},{"damage_healed":0,"gold_gain":0,"player_choice":"Memory 3","damage_taken":10,"max_hp_gain":0,"max_hp_loss":0,"event_name":"SensoryStone","floor":37,"gold_loss":0},{"damage_healed":0,"gold_gain":0,"player_choice":"Ignored","damage_taken":0,"max_hp_gain":0,"max_hp_loss":0,"event_name":"Tomb of Lord Red Mask","floor":38,"gold_loss":0},{"cards_removed":["Strike_R"],"damage_healed":0,"gold_gain":0,"player_choice":"Purged","damage_taken":0,"max_hp_gain":0,"max_hp_loss":0,"event_name":"Purifier","floor":39,"gold_loss":0}],"is_beta":false,"boss_relics":[{"not_picked":["SacredBark","Philosopher\u0027s Stone"],"picked":"Coffee Dripper"},{"not_picked":["Runic Dome","Velvet Choker"],"picked":"Cursed Key"}],"items_purged_floors":[36],"is_endless":false,"potions_floor_spawned":[2,7,8,12,16,24,29,45],"killed_by":"Time Eater","ascension_level":20}}