{"host":"na09lpbrez4gbfiz","time":1609635992,"event":{"mods":["Act Like it!","BaseMod","BetterRewards","Colored Map","Colored Powertips","DeckTracker","Googly Eyes","Highlight Path","Minty Spire (QoL Compilation)","Quick Restart","Spicy Shops","StSLib","SuperFastMode","Synergy Search"],"gold_per_floor":[118,118,137,62,12,12,41,104,104,69,80,80,112,129,129,129,129],"floor_reached":16,"playtime":449,"items_purged":["Strike_R"],"score":173,"play_id":"2ab0994d-fc70-4ed4-8798-12f90227a130","local_time":"20210103020632","is_ascension_mode":true,"campfire_choices":[{"data":"Bash","floor":6,"key":"SMITH"},{"data":"Carnage","floor":12,"key":"SMITH"},{"data":"Metallicize","floor":15,"key":"SMITH"}],"circlet_count":0,"master_deck":["AscendersBane","Strike_R","Strike_R","Strike_R","Strike_R","Defend_R","Defend_R","Defend_R","Bash+1","Flex","Shrug It Off","Ghostly Armor","Carnage+1","Hemokinesis","Metallicize+1"],"relics":["Burning Blood","Oddly Smooth Stone","Potion Belt","Gremlin Horn","Ginger","Torii"],"acts_visited":["Exordium"],"potions_floor_usage":[7,13],"damage_taken":[{"damage":4,"enemies":"Cultist","floor":1,"turns":4},{"damage":0,"enemies":"Small Slimes","floor":3,"turns":5},{"damage":11,"enemies":"Gremlin Nob","floor":7,"turns":3},{"damage":1,"enemies":"Jaw Worm","floor":11,"turns":3},{"damage":23,"enemies":"Lagavulin","floor":13,"turns":5},{"damage":2,"enemies":"2 Fungi Beasts","floor":14,"turns":4},{"damage":70,"enemies":"Hexaghost","floor":16,"turns":13}],"seed_played":"7547334992951448614","potions_obtained":[{"floor":1,"key":"Swift Potion"},{"floor":3,"key":"ColorlessPotion"}],"is_trial":false,"path_per_floor":["M","T","M","$","?","R","E","?","T","$","M","R","E","M","R","B"],"character_chosen":"IRONCLAD","items_purchased":["Carnage"],"campfire_rested":0,"item_purchase_floors":[10],"current_hp_per_floor":[74,74,80,80,80,80,75,75,75,75,80,80,63,67,67,0,0],"gold":129,"neow_bonus":"RANDOM_COMMON_RELIC","is_daily":false,"chose_seed":false,"campfire_upgraded":3,"win_rate":0.0,"timestamp":1609635992,"path_taken":["M","?","M","?","?","R","E","?","T","$","?","R","E","M","R","BOSS"],"items_purchased_type":["Card"],"build_version":"2020-12-22","purchased_purges":1,"victory":false,"max_hp_per_floor":[80,80,80,80,80,80,80,80,80,80,80,80,80,80,80,80,80],"card_choices":[{"not_picked":["Reckless Charge","Feel No Pain"],"picked":"Flex","floor":1},{"not_picked":["Rage","Dropkick"],"picked":"Shrug It Off","floor":3},{"not_picked":["Clothesline","Anger"],"picked":"Ghostly Armor","floor":7},{"not_picked":["Anger","Entrench"],"picked":"Hemokinesis","floor":11},{"not_picked":["Heavy Blade","Cleave"],"picked":"Metallicize","floor":13},{"not_picked":["Wild Strike","Perfected Strike","Reckless Charge"],"picked":"SKIP","floor":14}],"player_experience":263135,"relics_obtained":[{"floor":2,"key":"Potion Belt"},{"floor":7,"key":"Gremlin Horn"},{"floor":9,"key":"Ginger"},{"floor":13,"key":"Torii"}],"event_choices":[{"cards_removed":["Defend_R"],"damage_healed":0,"gold_gain":0,"player_choice":"Card Removal","damage_taken":0,"max_hp_gain":0,"max_hp_loss":0,"event_name":"The Cleric","floor":5,"gold_loss":50},{"damage_healed":0,"gold_gain":63,"player_choice":"Gained Gold","damage_taken":0,"max_hp_gain":0,"max_hp_loss":0,"event_name":"Golden Wing","floor":8,"gold_loss":0}],"is_beta":false,"boss_relics":[],"items_purged_floors":[4],"is_endless":false,"potions_floor_spawned":[1,3],"killed_by":"Hexaghost","ascension_level":12}}