{"host":"kw4o7b3ro2ktmmbe","time":1609646243,"event":{"mods":["BaseMod","Evolution","Minty Spire (QoL Compilation)","QueenMod","StSLib","Wandering Minibosses"],"gold_per_floor":[115,215,290,305,315,315,347,360,429,442,460,473,473,497,497,597,597,612,712,712],"floor_reached":19,"playtime":1308,"items_purged":[],"score":196,"play_id":"37a04743-44ad-483e-9bb2-357c698a5c1f","local_time":"20210103165723","is_ascension_mode":false,"campfire_choices":[{"data":"QueenMod:SharpStingers","floor":6.0,"key":"SMITH"},{"data":"QueenMod:InspiringStrike","floor":13.0,"key":"SMITH"},{"data":"QueenMod:InspiringStrike","floor":15.0,"key":"SMITH"}],"circlet_count":0,"master_deck":["QueenMod:Fleche","QueenMod:Fleche","QueenMod:Fleche","QueenMod:Fleche","QueenMod:Parry","QueenMod:Defend","QueenMod:Defend","QueenMod:Defend","QueenMod:QuickJabs","QueenMod:Recruit","QueenMod:SharpStingers+1","QueenMod:InspiringStrike+1","QueenMod:InspiringStrike+1","QueenMod:EliteSoldiers","QueenMod:KillerQueen","QueenMod:KillerBee"],"relics":["QueenMod:QueensBanner","EVO:Axolotl","Ice Cream","Shuriken","Odd Mushroom","Runic Pyramid"],"acts_visited":["Exordium","TheCity"],"potions_floor_usage":[16],"damage_taken":[{"damage":1.0,"enemies":"Jaw Worm","floor":1.0,"turns":3.0},{"damage":0.0,"enemies":"Small Slimes","floor":4.0,"turns":2.0},{"damage":0.0,"enemies":"2 Louse","floor":5.0,"turns":2.0},{"damage":21.0,"enemies":"Lagavulin","floor":7.0,"turns":6.0},{"damage":7.0,"enemies":"Blue Slaver","floor":8.0,"turns":3.0},{"damage":6.0,"enemies":"Lots of Slimes","floor":10.0,"turns":6.0},{"damage":10.0,"enemies":"Looter","floor":11.0,"turns":2.0},{"damage":2.0,"enemies":"Blue Slaver","floor":12.0,"turns":3.0},{"damage":15.0,"enemies":"The Mushroom Lair","floor":14.0,"turns":4.0},{"damage":14,"enemies":"Hexaghost","floor":16,"turns":7},{"damage":14,"enemies":"3 Byrds","floor":18,"turns":5}],"seed_played":"-2851371051594715115","potions_obtained":[{"floor":5.0,"key":"SteroidPotion"},{"floor":7.0,"key":"Explosive Potion"},{"floor":8.0,"key":"Regen Potion"},{"floor":10.0,"key":"SpeedPotion"},{"floor":12.0,"key":"CultistPotion"}],"is_trial":false,"path_per_floor":["M","?","?","M","M","R","E","M","T","M","M","M","R","?","R","B",null,"M","?"],"character_chosen":"THE_QUEEN","items_purchased":[],"campfire_rested":0,"item_purchase_floors":[],"current_hp_per_floor":[81,81,70,70,70,70,49,42,42,51,41,39,39,24,24,10,82,68,68,68],"gold":712,"neow_bonus":"TEN_PERCENT_HP_BONUS","is_daily":false,"chose_seed":false,"campfire_upgraded":3,"win_rate":0.0,"timestamp":1609646243,"path_taken":["M","?","?","M","M","R","E","M","T","M","M","M","R","?","R","BOSS","M","?"],"items_purchased_type":[],"build_version":"2020-12-22","purchased_purges":0,"victory":false,"max_hp_per_floor":[82,82,82,82,82,82,82,82,82,82,82,82,82,82,82,82,82,82,82,82],"card_choices":[{"not_picked":["QueenMod:Conscripts","QueenMod:Flyby","QueenMod:CrossGuard"],"picked":"SKIP","floor":1.0},{"not_picked":["QueenMod:PopulateOrder","QueenMod:Fleche"],"picked":"QueenMod:SharpStingers","floor":2.0},{"not_picked":["QueenMod:PopulateOrder","QueenMod:Beekeeping","QueenMod:StrategicGenius"],"picked":"SKIP","floor":4.0},{"not_picked":["QueenMod:HoneycombSmash","QueenMod:Mark"],"picked":"QueenMod:InspiringStrike","floor":5.0},{"not_picked":["QueenMod:Flyby","QueenMod:Incubate","QueenMod:Gather"],"picked":"SKIP","floor":7.0},{"not_picked":["QueenMod:Ravage","QueenMod:CrossGuard"],"picked":"QueenMod:InspiringStrike","floor":8.0},{"not_picked":["QueenMod:PerfectLanding","QueenMod:Mark"],"picked":"QueenMod:EliteSoldiers","floor":10.0},{"not_picked":["QueenMod:Ambush","QueenMod:Regroup","QueenMod:Ravage"],"picked":"SKIP","floor":11.0},{"not_picked":["QueenMod:DefendOrder","QueenMod:Flyby","QueenMod:HexGuard"],"picked":"SKIP","floor":12.0},{"not_picked":["QueenMod:PerfectLanding","QueenMod:HexGuard"],"picked":"QueenMod:KillerQueen","floor":14.0},{"not_picked":["QueenMod:TortureDance","QueenMod:EliteSoldiers"],"picked":"QueenMod:KillerBee","floor":16},{"not_picked":["QueenMod:DefendOrder","QueenMod:OverwhelmingForce","QueenMod:Regroup"],"picked":"SKIP","floor":18}],"player_experience":1791058,"relics_obtained":[{"floor":7.0,"key":"Ice Cream"},{"floor":9.0,"key":"Shuriken"},{"floor":14.0,"key":"Odd Mushroom"}],"event_choices":[{"damage_healed":0.0,"max_hp_gain":0.0,"max_hp_loss":0.0,"gold_gain":75.0,"event_name":"World of Goop","player_choice":"Gather Gold","floor":3.0,"gold_loss":0.0,"damage_taken":11.0},{"damage_healed":0.0,"max_hp_gain":0.0,"max_hp_loss":0.0,"gold_gain":0.0,"event_name":"Mushrooms","player_choice":"Fought Mushrooms","floor":14.0,"gold_loss":0.0,"damage_taken":0.0}],"is_beta":false,"boss_relics":[{"not_picked":["Runic Dome","Cursed Key"],"picked":"Runic Pyramid"}],"items_purged_floors":[],"is_endless":false,"potions_floor_spawned":[5,7,8,10,12],"ascension_level":0}}