{"host":"egwexuw5uvnxf11j","time":1609707236,"event":{"mods":["2.2 Compatiblity","Aspiration","BaseMod","Better Altar","Better Note","Better Sensory Stone","Better Third Choice","Displayed Cursed Tome","Downfall","Hermit","Key Reminder","Koishi","Marisa????????","Minty Spire (QoL Compilation)","Quick Restart","Shade Mod","Spicy Shops","StSLib","The Construct","The Cursed","The Hierophant","The Runesmith","The Senshi","The Servant 0.9.4","Transform Curses"],"gold_per_floor":[113,133,152,327,340,370,382,394,406,432,456,52,83,102,102,102,102],"floor_reached":16,"playtime":2314,"items_purged":["Doubt"],"score":125,"play_id":"5b81424b-6998-4fce-a25f-9199c05cef1d","local_time":"20210103155356","is_ascension_mode":true,"campfire_choices":[{"floor":7,"key":"REST"},{"floor":15,"key":"REST"}],"circlet_count":0,"master_deck":["Strike_G","Strike_G","Strike_G","Strike_G","Strike_G","Defend_G","Defend_G","Defend_G","Defend_G","Defend_G","Survivor","Neutralize","expansioncontent:FaceSlap","Dagger Throw","Terror","Cloak And Dagger","All Out Attack","Flying Knee","Parasite","Dagger Spray","Underhanded Strike","Dodge and Roll","Masterful Stab","Acrobatics"],"relics":["Ring of the Snake","MawBank","Gremlin Horn","Boot","Gambling Chip","Matryoshka","keyreminder:keyreminder"],"acts_visited":["Exordium"],"potions_floor_usage":[6,13,13,13,14,16],"damage_taken":[{"damage":6,"enemies":"Cultist","floor":1,"turns":3},{"damage":2,"enemies":"Small Slimes","floor":2,"turns":5},{"damage":0,"enemies":"2 Louse","floor":3,"turns":2},{"damage":41,"enemies":"Gremlin Gang","floor":5,"turns":7},{"damage":13,"enemies":"3 Sentries","floor":6,"turns":6},{"damage":8,"enemies":"Large Slime","floor":10,"turns":6},{"damage":16,"enemies":"Blue Slaver","floor":11,"turns":3},{"damage":18,"enemies":"Lagavulin","floor":13,"turns":4},{"damage":0,"enemies":"Lots of Slimes","floor":14,"turns":1},{"damage":25,"enemies":"The Guardian","floor":16,"turns":11}],"seed_played":"-5978943228528558127","potions_obtained":[{"floor":1,"key":"Strength Potion"},{"floor":3,"key":"Strength Potion"},{"floor":11,"key":"EntropicBrew"},{"floor":13,"key":"EssenceOfSteel"},{"floor":14,"key":"Ancient Potion"}],"is_trial":false,"path_per_floor":["M","M","M","?","M","E","R","?","T","M","M","$","E","M","R","B"],"character_chosen":"THE_SILENT","items_purchased":["Boot","Gambling Chip","Dodge and Roll"],"campfire_rested":2,"item_purchase_floors":[12,12,12],"current_hp_per_floor":[64,62,62,62,21,8,29,46,46,38,22,22,4,4,25,0,0],"gold":102,"neow_bonus":"RANDOM_COLORLESS","is_daily":false,"chose_seed":false,"campfire_upgraded":0,"win_rate":0.0,"timestamp":1609707236,"path_taken":["M","?","?","?","M","E","R","?","T","M","M","$","E","M","R","BOSS"],"items_purchased_type":["Relic","Relic","Card"],"build_version":"2020-12-22","purchased_purges":1,"victory":false,"max_hp_per_floor":[70,70,70,70,70,70,70,70,70,70,70,70,70,70,70,70,70],"card_choices":[{"not_picked":["Impatience","Mind Blast"],"picked":"expansioncontent:FaceSlap","floor":0},{"not_picked":["Slice","Blade Dance"],"picked":"Dagger Throw","floor":1},{"not_picked":["Prepared","Footwork"],"picked":"Terror","floor":2},{"not_picked":["Reflex","Acrobatics"],"picked":"Cloak And Dagger","floor":3},{"not_picked":["Well Laid Plans","Tactician"],"picked":"All Out Attack","floor":5},{"not_picked":["PiercingWail","Setup"],"picked":"Flying Knee","floor":6},{"not_picked":["Concentrate","All Out Attack"],"picked":"Dagger Spray","floor":10},{"not_picked":["Deadly Poison","Dash"],"picked":"Underhanded Strike","floor":11},{"not_picked":["Accuracy","Choke"],"picked":"Masterful Stab","floor":13},{"not_picked":["Quick Slash","Dagger Spray"],"picked":"Acrobatics","floor":14}],"player_experience":2127953,"relics_obtained":[{"floor":6,"key":"MawBank"},{"floor":9,"key":"Gremlin Horn"},{"floor":13,"key":"Matryoshka"}],"event_choices":[{"damage_healed":0,"gold_gain":175,"player_choice":"AGREE","damage_taken":152,"max_hp_gain":0,"max_hp_loss":0,"event_name":"betterThird:BetterSerpent","floor":4,"gold_loss":0},{"damage_healed":17,"gold_gain":0,"player_choice":"Healed and dodged fight","damage_taken":0,"max_hp_gain":0,"max_hp_loss":0,"event_name":"Mushrooms","floor":8,"gold_loss":0,"cards_obtained":["Parasite"]}],"is_beta":false,"boss_relics":[],"items_purged_floors":[12],"is_endless":false,"potions_floor_spawned":[1,3,11,13,14],"killed_by":"The Guardian","ascension_level":2}}