{"host":"xwqwvmlzre68xjvm","time":1609688490,"event":{"mods":["AchievementEnabler","BaseMod","Colored Map","Colored Powertips","Hermit","Marisa£¨Ùöéë¡¡Øª×âÞÞ£©","Minty Spire (QoL Compilation)","Replay The Spire","StSLib","SuperFastMode","The Bug Knight","The Cursed","The Hierophant","The Runesmith"],"gold_per_floor":[109,109,284,297,297,338,358,392,392,392,407,45,45,65,65,190,190,205,228,244,263,263,296,314,314,341,2,37,57,57,75,75,204,204,225,288,288,306,76,76,111,111,134,134,157,193,43,87,87,87,87,87,16,55,55],"floor_reached":56,"playtime":3375,"items_purged":["Doubt","Strike_R","Strike_R","Strike_R"],"score":1263,"play_id":"b9dda6a0-4372-4abb-805a-86db2424d8d2","local_time":"20210104004130","is_ascension_mode":true,"campfire_choices":[{"data":"Disarm","floor":10.0,"key":"SMITH"},{"floor":13.0,"key":"RECALL"},{"data":"Strike_R","floor":15.0,"key":"PURGE"},{"floor":25,"key":"REST"},{"floor":32,"key":"REST"},{"floor":40,"key":"REST"},{"floor":42,"key":"REST"},{"floor":49,"key":"REST"},{"floor":52,"key":"REST"}],"circlet_count":0,"master_deck":["Strike_R","Defend_R","Defend_R+1","Defend_R+1","Defend_R","Bash","Disarm+1","Amnesia","ReplayTheSpireMod:Stacked","Injury","Shrug It Off","Spot Weakness","Ghostly Armor","Evolve","Demon Form","Evolve","Barricade","Power Through+1","Heavy Blade","Shrug It Off+1","Voices","Berserk","Iron Wave+1","Replay:Undeath\u0027s Touch+1","Second Wind","Warcry+1","ReplayTheSpireMod:LeadingStrike+1","Metallicize","Flex+1","Parasite","Inflame+1","Entrench","Body Slam+1","Dark Embrace","Fire Breathing+1"],"relics":["Burning Blood","Simple Rune","Ring of Misfortune","Ring of Panic","Golden Idol","Matryoshka","Replay:WaspNest","Bottled Lightning","Replay:Ringing Soul","Toolbox","ChewingGum","Shuriken","Potion Belt","Letter Opener","Self Forming Clay","Gremlin Horn","Nilry\u0027s Codex","Fusion Hammer","CatCart","Orichalcum","Red Skull","Oddly Smooth Stone","Runesmith:AutoHammer"],"acts_visited":["Exordium","TheCity","TheBeyond","TheEnding"],"potions_floor_usage":[23,23,28,33,33,33,36,36,41,41,45,45,50,50,55,55,55,55,55],"damage_taken":[{"damage":1.0,"enemies":"Small Slimes","floor":1.0,"turns":4.0},{"damage":2.0,"enemies":"Jaw Worm","floor":4.0,"turns":5.0},{"damage":0.0,"enemies":"3 Sentries","floor":6.0,"turns":10.0},{"damage":10.0,"enemies":"2 Louse","floor":7.0,"turns":3.0},{"damage":1.0,"enemies":"Gremlin Nob","floor":8.0,"turns":4.0},{"damage":0.0,"enemies":"Exordium Wildlife","floor":11.0,"turns":7.0},{"damage":8.0,"enemies":"Exordium Thugs","floor":14.0,"turns":6.0},{"damage":5,"enemies":"Slime Boss","floor":16,"turns":10},{"damage":0,"enemies":"Chosen","floor":18,"turns":6},{"damage":11,"enemies":"Spheric Guardian","floor":19,"turns":6},{"damage":26,"enemies":"Snecko","floor":20,"turns":6},{"damage":21,"enemies":"Shelled Parasite and Fungi","floor":21,"turns":5},{"damage":44,"enemies":"Gremlin Leader","floor":23,"turns":7},{"damage":4,"enemies":"Snake Plant","floor":24,"turns":7},{"damage":21,"enemies":"Slavers","floor":28,"turns":7},{"damage":5,"enemies":"Centurion and Healer","floor":29,"turns":8},{"damage":3,"enemies":"Cultist and Chosen","floor":31,"turns":7},{"damage":55,"enemies":"Automaton","floor":33,"turns":9},{"damage":9,"enemies":"Orb Walker","floor":35,"turns":5},{"damage":14,"enemies":"Orin","floor":36,"turns":8},{"damage":20,"enemies":"3 Darklings","floor":38,"turns":2},{"damage":33,"enemies":"Nemesis","floor":41,"turns":7},{"damage":14,"enemies":"Writhing Mass","floor":45,"turns":8},{"damage":42,"enemies":"Sphere and 2 Shapes","floor":46,"turns":7},{"damage":0,"enemies":"Giant Head","floor":48,"turns":9},{"damage":36,"enemies":"Replay:Hell Engine","floor":50,"turns":10},{"damage":66,"enemies":"Shield and Spear","floor":54,"turns":8},{"damage":59,"enemies":"The Heart","floor":55,"turns":6}],"seed_played":"2269605012924130589","potions_obtained":[{"floor":1.0,"key":"Energy Potion"},{"floor":4.0,"key":"AttackPotion"},{"floor":6.0,"key":"HeartOfIron"},{"floor":7.0,"key":"SneckoOil"},{"floor":16,"key":"Fire Potion"},{"floor":20,"key":"Cursed Concoction"},{"floor":24,"key":"Explosive Potion"},{"floor":29,"key":"BlessingOfTheForge"},{"floor":31,"key":"LiquidMemories"},{"floor":35,"key":"Languid Potion"},{"floor":36,"key":"EntropicBrew"},{"floor":37,"key":"PowerPotion"},{"floor":37,"key":"LiquidMemories"},{"floor":37,"key":"Weak Potion"},{"floor":41,"key":"EssenceOfSteel"},{"floor":54,"key":"Swift Potion"}],"is_trial":false,"path_per_floor":["M","?","?","M","?","E","M","E","T","R","M","$","R","M","R_BF","B",null,"M","M","M","M","?","E","M","R","T","$","E","M","?","M","R","B",null,"M","?","?","M","$","R","E","R","T","?","M","M","$","E","R","B",null,"R","$","E","B",null],"character_chosen":"IRONCLAD","items_purchased":["Demon Form","Toolbox","Self Forming Clay","Metallicize","Flex+1","Dark Embrace"],"campfire_rested":6,"item_purchase_floors":[12,12,27,39,39,53],"current_hp_per_floor":[80,80,80,80,80,80,76,80,80,80,83,86,86,87,87,91,92,92,90,73,61,64,29,31,63,63,63,51,55,39,45,79,45,116,116,108,108,97,100,125,98,125,125,113,108,75,75,84,124,94,134,134,137,80,27],"gold":55,"neow_bonus":"RANDOM_COMMON_RELIC","is_daily":false,"chose_seed":false,"campfire_upgraded":1,"win_rate":0.0,"timestamp":1609688490,"path_taken":["M","?","?","M","?","E","?","E","T","R","M","?","R","M","R_BF","BOSS","M","?","?","M","?","E","M","R","T","$","E","M","?","M","R","BOSS","M","?","?","?","$","R","E","R","T","?","?","M","$","E","R","BOSS","R","$","E","BOSS"],"items_purchased_type":["Card","Relic","Relic","Card","Card","Card"],"build_version":"2020-12-22","purchased_purges":4,"victory":true,"max_hp_per_floor":[80,80,80,80,80,80,80,80,80,80,83,86,86,89,89,92,92,92,95,98,101,104,107,107,107,107,107,110,113,113,116,116,116,116,119,119,119,122,125,125,125,125,125,125,128,131,131,134,134,134,134,134,137,140,140],"card_choices":[{"not_picked":["Reckless Charge","Seeing Red"],"picked":"Disarm","floor":1.0},{"not_picked":["Wild Strike","Burning Pact"],"picked":"ReplayTheSpireMod:Stacked","floor":4.0},{"not_picked":["Iron Wave","Headbutt"],"picked":"Shrug It Off","floor":6.0},{"not_picked":["Thunderclap","Searing Blow"],"picked":"Spot Weakness","floor":7.0},{"not_picked":["Sword Boomerang","Carnage"],"picked":"Ghostly Armor","floor":8.0},{"not_picked":["Battle Trance","ReplayTheSpireMod:Strike From Hell"],"picked":"Evolve","floor":11.0},{"not_picked":["Clash","Iron Wave"],"picked":"Evolve","floor":14.0},{"not_picked":["Limit Break","Impervious"],"picked":"Barricade","floor":16},{"not_picked":["Searing Blow","Twin Strike","Uppercut"],"picked":"SKIP","floor":18},{"not_picked":["Ghostly Armor","Abandon+1"],"picked":"Power Through+1","floor":19},{"not_picked":["Run Through+1","Warcry"],"picked":"Heavy Blade","floor":20},{"not_picked":["True Grit+1","Defy Death"],"picked":"Shrug It Off+1","floor":21},{"not_picked":["Abandon","Infernal Blade"],"picked":"Berserk","floor":23},{"not_picked":["Entrench","Headbutt","Rampage"],"picked":"SKIP","floor":24},{"not_picked":["Carnage","Dual Wield+1"],"picked":"Iron Wave+1","floor":28},{"not_picked":["Cleave","Clothesline"],"picked":"Replay:Undeath\u0027s Touch+1","floor":29},{"not_picked":["Pommel Strike","Reckless Charge"],"picked":"Second Wind","floor":31},{"not_picked":["Iron Wave","Twin Strike"],"picked":"Warcry+1","floor":35},{"not_picked":["Sword Boomerang+1","Reckless Charge"],"picked":"ReplayTheSpireMod:LeadingStrike+1","floor":38},{"not_picked":["Headbutt+1","Power Through","Rupture+1"],"picked":"SKIP","floor":41},{"not_picked":["Eclipse","Blood for Blood+1"],"picked":"Inflame+1","floor":45},{"not_picked":["Headbutt+1","Body Slam"],"picked":"Entrench","floor":46},{"not_picked":["Wild Strike+1","ReplayReversal"],"picked":"Body Slam+1","floor":48},{"not_picked":["Havoc","Second Wind"],"picked":"Fire Breathing+1","floor":54}],"player_experience":67767,"relics_obtained":[{"floor":2.0,"key":"Ring of Misfortune"},{"floor":2.0,"key":"Ring of Panic"},{"floor":6.0,"key":"Matryoshka"},{"floor":8.0,"key":"Replay:WaspNest"},{"floor":9.0,"key":"Bottled Lightning"},{"floor":9.0,"key":"Replay:Ringing Soul"},{"floor":23,"key":"Potion Belt"},{"floor":26,"key":"Letter Opener"},{"floor":28,"key":"Gremlin Horn"},{"floor":30,"key":"Nilry\u0027s Codex"},{"floor":36,"key":"CatCart"},{"floor":41,"key":"Orichalcum"},{"floor":43,"key":"Red Skull"},{"floor":48,"key":"Oddly Smooth Stone"},{"floor":54,"key":"Runesmith:AutoHammer"}],"event_choices":[{"damage_healed":0.0,"max_hp_gain":0.0,"max_hp_loss":0.0,"gold_gain":175.0,"event_name":"Liars Game","player_choice":"AGREE","floor":3.0,"gold_loss":0.0,"damage_taken":0.0,"cards_obtained":["Doubt"]},{"damage_healed":0.0,"max_hp_gain":0.0,"max_hp_loss":0.0,"gold_gain":0.0,"event_name":"Golden Idol","player_choice":"Take Wound","floor":5.0,"gold_loss":0.0,"damage_taken":0.0,"relics_obtained":["Golden Idol"],"cards_obtained":["Injury"]},{"damage_healed":0,"gold_gain":0,"player_choice":"Obtained Book","damage_taken":16,"max_hp_gain":0,"max_hp_loss":0,"event_name":"Cursed Tome","floor":30,"gold_loss":0},{"damage_healed":0,"gold_gain":0,"player_choice":"Fight","damage_taken":0,"max_hp_gain":0,"max_hp_loss":0,"event_name":"OrinTheCat","floor":36,"gold_loss":0},{"damage_healed":0,"gold_gain":0,"player_choice":"Got Potions","damage_taken":0,"max_hp_gain":0,"max_hp_loss":0,"event_name":"Lab","floor":37,"gold_loss":0},{"damage_healed":0,"gold_gain":0,"player_choice":"Damaged","damage_taken":12,"max_hp_gain":0,"max_hp_loss":0,"event_name":"Wheel of Change","floor":44,"gold_loss":0}],"is_beta":false,"boss_relics":[{"not_picked":["Busted Crown","Pandora\u0027s Box"],"picked":"ChewingGum"},{"not_picked":["Honey Jar","Tiny House"],"picked":"Fusion Hammer"}],"items_purged_floors":[12,27,39,47],"is_endless":false,"potions_floor_spawned":[1,4,6,7,16,20,24,29,31,35,36,38,41,54],"ascension_level":2}}