{"host":"nptej036rrbiurf5","time":1609659364,"event":{"mods":["BaseMod","Colored Map","Colored Powertips","DeckTracker","Minty Spire (QoL Compilation)","StSLib","SuperFastMode"],"gold_per_floor":[115,129,204,46,46,75,75,102,102,113,124,124,49,75,75,152,152,168,168,168,183,198,198,227,247,318,32,32,32],"floor_reached":28,"playtime":883,"items_purged":[],"score":512,"play_id":"3331cf1d-9448-4e00-aa12-0c19ebc32a3b","local_time":"20210103163604","is_ascension_mode":true,"campfire_choices":[{"floor":7.0,"key":"REST"},{"floor":12.0,"key":"REST"},{"data":"Rupture","floor":15.0,"key":"SMITH"},{"floor":23.0,"key":"REST"}],"circlet_count":0,"master_deck":["AscendersBane","Strike_R+1","Strike_R+1","Strike_R+1","Strike_R+1","Defend_R+1","Defend_R+1","Defend_R+1","Defend_R+1","Bash","Hemokinesis","Carnage","Rupture+1","Bloodletting","Pummel","Shrug It Off","Burning Pact","Combust","Immolate","Shrug It Off","Battle Trance","Impervious","Second Wind","Pummel","Apotheosis","Blood for Blood"],"relics":["Burning Blood","Regal Pillow","Orrery","Letter Opener","Dead Branch","Vajra","HornCleat","SacredBark","Bronze Scales","Kunai","Membership Card"],"acts_visited":["TheCity"],"potions_floor_usage":[24],"damage_taken":[{"damage":12.0,"enemies":"Jaw Worm","floor":1.0,"turns":2.0},{"damage":2.0,"enemies":"2 Louse","floor":2.0,"turns":3.0},{"damage":56.0,"enemies":"3 Sentries","floor":6.0,"turns":6.0},{"damage":44.0,"enemies":"Gremlin Nob","floor":8.0,"turns":4.0},{"damage":5.0,"enemies":"Small Slimes","floor":10.0,"turns":2.0},{"damage":6.0,"enemies":"Looter","floor":11.0,"turns":2.0},{"damage":16.0,"enemies":"3 Sentries","floor":14.0,"turns":5.0},{"damage":23.0,"enemies":"Hexaghost","floor":16.0,"turns":6.0},{"damage":23.0,"enemies":"Spheric Guardian","floor":18.0,"turns":4.0},{"damage":6.0,"enemies":"3 Byrds","floor":21.0,"turns":4.0},{"damage":20.0,"enemies":"Sentry and Sphere","floor":22.0,"turns":5.0},{"damage":43,"enemies":"Gremlin Leader","floor":24,"turns":6},{"damage":13,"enemies":"Snecko","floor":25,"turns":4},{"damage":19,"enemies":"Centurion and Healer","floor":28,"turns":3}],"seed_played":"8203706234366118007","potions_obtained":[{"floor":1.0,"key":"Dexterity Potion"},{"floor":10.0,"key":"Ancient Potion"},{"floor":11.0,"key":"Strength Potion"},{"floor":21.0,"key":"ElixirPotion"}],"is_trial":false,"path_per_floor":["M","M","?","$","?","E","R","E","T","M","M","R","?","E","R","B",null,"M","?","?","M","M","R","E","M","T","$","M"],"character_chosen":"IRONCLAD","items_purchased":["Orrery","Membership Card","Apotheosis","Blood for Blood"],"campfire_rested":3,"item_purchase_floors":[4,27,27,27],"current_hp_per_floor":[62,66,55,55,60,10,49,11,11,12,12,51,51,41,41,24,66,49,49,49,49,35,74,37,30,30,30,11,11],"gold":32,"neow_bonus":"RANDOM_COMMON_RELIC","is_daily":false,"chose_seed":false,"campfire_upgraded":1,"win_rate":0.0,"timestamp":1609659364,"path_taken":["M","M","?","$","?","E","R","E","T","M","M","R","?","E","R","BOSS","M","?","?","M","M","R","E","M","T","$","M"],"items_purchased_type":["Relic","Relic","Card","Card"],"build_version":"2020-12-22","purchased_purges":0,"victory":false,"max_hp_per_floor":[75,75,75,75,80,80,80,80,80,80,80,80,80,80,80,80,80,80,80,80,80,80,80,80,80,80,80,80,80],"card_choices":[{"not_picked":["Wild Strike","Evolve"],"picked":"Hemokinesis","floor":1.0},{"not_picked":["Sword Boomerang","Armaments"],"picked":"Carnage","floor":2.0},{"not_picked":["Inflame","Rampage"],"picked":"Rupture","floor":4.0},{"not_picked":["Pommel Strike","Clash"],"picked":"Bloodletting","floor":4.0},{"not_picked":["True Grit","Demon Form"],"picked":"Pummel","floor":4.0},{"not_picked":["Headbutt","Reckless Charge"],"picked":"Shrug It Off","floor":4.0},{"not_picked":["Dropkick","Warcry"],"picked":"Burning Pact","floor":4.0},{"not_picked":["Warcry","Shrug It Off"],"picked":"Combust","floor":6.0},{"not_picked":["Heavy Blade","Headbutt"],"picked":"Immolate","floor":8.0},{"not_picked":["Fire Breathing","Clothesline","Armaments"],"picked":"SKIP","floor":10.0},{"not_picked":["Pummel","Havoc"],"picked":"Shrug It Off","floor":11.0},{"not_picked":["Rupture","Wild Strike"],"picked":"Battle Trance","floor":14.0},{"not_picked":["Berserk","Double Tap"],"picked":"Impervious","floor":16.0},{"not_picked":["Thunderclap+1","Warcry","Iron Wave"],"picked":"SKIP","floor":18.0},{"not_picked":["Cleave","Sentinel","Sword Boomerang"],"picked":"SKIP","floor":21.0},{"not_picked":["Spot Weakness","Iron Wave","Havoc"],"picked":"SKIP","floor":22.0},{"not_picked":["Impervious","Carnage"],"picked":"Second Wind","floor":24},{"not_picked":["Pummel","Headbutt","Armaments"],"picked":"SKIP","floor":25},{"not_picked":["Headbutt","Armaments"],"picked":"Pummel","floor":25}],"player_experience":871451,"relics_obtained":[{"floor":6.0,"key":"Letter Opener"},{"floor":8.0,"key":"Dead Branch"},{"floor":9.0,"key":"Vajra"},{"floor":14.0,"key":"HornCleat"},{"floor":24,"key":"Bronze Scales"},{"floor":26,"key":"Kunai"}],"event_choices":[{"damage_healed":0.0,"max_hp_gain":0.0,"max_hp_loss":0.0,"gold_gain":75.0,"event_name":"World of Goop","player_choice":"Gather Gold","floor":3.0,"gold_loss":0.0,"damage_taken":11.0},{"damage_healed":0.0,"max_hp_gain":5.0,"max_hp_loss":0.0,"gold_gain":0.0,"event_name":"Big Fish","player_choice":"Donut","floor":5.0,"gold_loss":0.0,"damage_taken":0.0},{"cards_removed":["Strike_R"],"damage_healed":0.0,"max_hp_gain":0.0,"max_hp_loss":0.0,"gold_gain":0.0,"event_name":"The Cleric","player_choice":"Card Removal","floor":13.0,"gold_loss":75.0,"damage_taken":0.0},{"damage_healed":0.0,"max_hp_gain":0.0,"max_hp_loss":0.0,"gold_gain":0.0,"event_name":"Vampires","player_choice":"Ignored","floor":19.0,"gold_loss":0.0,"damage_taken":0.0},{"damage_healed":0.0,"max_hp_gain":0.0,"max_hp_loss":0.0,"gold_gain":0.0,"event_name":"Back to Basics","player_choice":"Simplicity","floor":20.0,"gold_loss":0.0,"damage_taken":0.0,"cards_upgraded":["Strike_R","Strike_R","Strike_R","Strike_R","Defend_R","Defend_R","Defend_R","Defend_R"]}],"is_beta":false,"boss_relics":[{"not_picked":["Snecko Eye","Velvet Choker"],"picked":"SacredBark"}],"items_purged_floors":[],"is_endless":false,"potions_floor_spawned":[1,10,11,21,22],"killed_by":"Centurion and Healer","ascension_level":20}}