{"host":"mi1ox2k6wy3juh8w","time":1609677791,"event":{"mods":["AchievementEnabler","BaseMod","Colored Map","GifTheSpireLib","Minty Spire (QoL Compilation)","StSLib","SuperFastMode","The Bug Knight"],"gold_per_floor":[109,109,34,50,50,82,82,82,161,181,181,181,197,218,218,218,218],"floor_reached":16,"playtime":552,"items_purged":["HollowMod:NailStrikeStart"],"score":125,"play_id":"81dd0117-2f03-4a72-bb56-f9b97cb61028","local_time":"20210103214311","is_ascension_mode":false,"campfire_choices":[{"data":"HollowMod:FocusHealStart","floor":7,"key":"SMITH"},{"data":"HollowMod:HuntersJournal","floor":11,"key":"SMITH"},{"data":"HollowMod:MantisMark","floor":15,"key":"SMITH"}],"circlet_count":0,"master_deck":["HollowMod:NailStrikeStart","HollowMod:NailStrikeStart","HollowMod:NailStrikeStart","HollowMod:QuickDashStart","HollowMod:QuickDashStart","HollowMod:QuickDashStart","HollowMod:QuickDashStart","HollowMod:FocusHealStart+1","HollowMod:PogoStrike+1","HollowMod:BlackTendrils+1","HollowMod:CycloneSlash","HollowMod:HuntersJournal+1","HollowMod:MantisMark+1"],"relics":["HollowMod:VesselMask","NeowsBlessing","HornCleat","HollowMod:LumaflyLanternRelic","Golden Idol","Eternal Feather"],"acts_visited":["Exordium"],"potions_floor_usage":[16],"damage_taken":[{"damage":0,"enemies":"Small Slimes","floor":1,"turns":1},{"damage":0,"enemies":"Jaw Worm","floor":4,"turns":1},{"damage":0,"enemies":"Lagavulin","floor":6,"turns":1},{"damage":0,"enemies":"Cultist","floor":10,"turns":3},{"damage":6,"enemies":"Blue Slaver","floor":13,"turns":5},{"damage":0,"enemies":"Looter","floor":14,"turns":3},{"damage":74,"enemies":"Hexaghost","floor":16,"turns":10}],"seed_played":"-7585220135819405110","potions_obtained":[{"floor":6,"key":"Weak Potion"},{"floor":10,"key":"DuplicationPotion"},{"floor":13,"key":"Explosive Potion"}],"is_trial":false,"path_per_floor":["M","?","$","M","$","E","R","?","T","M","R","?","M","M","R","B"],"character_chosen":"THE_BUGKNIGHT","items_purchased":[],"campfire_rested":0,"item_purchase_floors":[],"current_hp_per_floor":[75,50,50,52,52,52,52,34,34,42,48,33,42,51,57,0,0],"gold":218,"neow_bonus":"THREE_ENEMY_KILL","is_daily":false,"chose_seed":false,"campfire_upgraded":3,"win_rate":0.0,"timestamp":1609677791,"path_taken":["M","?","$","M","$","E","R","?","T","M","R","?","M","M","R","BOSS"],"items_purchased_type":[],"build_version":"2020-12-22","purchased_purges":1,"victory":false,"max_hp_per_floor":[75,75,75,75,75,75,75,75,75,75,75,75,75,75,75,75,75],"card_choices":[{"not_picked":["HollowMod:DescendingDark","HollowMod:ShadowDash"],"picked":"HollowMod:BlackTendrils","floor":1},{"not_picked":["HollowMod:RecoilStrike","HollowMod:SharpenedShadows"],"picked":"HollowMod:CycloneSlash","floor":4},{"not_picked":["HollowMod:HeavyBlow","HollowMod:FastStrike"],"picked":"HollowMod:HuntersJournal","floor":6},{"not_picked":["HollowMod:HowlingWraiths","HollowMod:AbyssShriek","HollowMod:ShadowDash"],"picked":"SKIP","floor":10},{"not_picked":["HollowMod:InfectedCysts","HollowMod:Grubsong","HollowMod:AbyssShriek"],"picked":"SKIP","floor":13},{"not_picked":["HollowMod:MonarchWings","HollowMod:Grubsong"],"picked":"HollowMod:MantisMark","floor":14}],"player_experience":246113,"relics_obtained":[{"floor":6,"key":"HollowMod:LumaflyLanternRelic"},{"floor":9,"key":"Eternal Feather"}],"event_choices":[{"damage_healed":0,"gold_gain":0,"player_choice":"Success","damage_taken":25,"relics_obtained":["HornCleat"],"max_hp_gain":0,"max_hp_loss":0,"event_name":"Scrap Ooze","floor":2,"gold_loss":0},{"damage_healed":0,"gold_gain":0,"player_choice":"Take Damage","damage_taken":18,"relics_obtained":["Golden Idol"],"max_hp_gain":0,"max_hp_loss":0,"event_name":"Golden Idol","floor":8,"gold_loss":0},{"damage_healed":0,"gold_gain":0,"player_choice":"Entered Light","damage_taken":15,"max_hp_gain":0,"max_hp_loss":0,"event_name":"Shining Light","floor":12,"gold_loss":0,"cards_upgraded":["HollowMod:BlackTendrils","HollowMod:PogoStrike"]}],"is_beta":false,"boss_relics":[],"items_purged_floors":[3],"is_endless":false,"potions_floor_spawned":[6,10,13],"killed_by":"Hexaghost","ascension_level":0}}