{"host":"utqe55yv0jihe4d6","time":1609649960,"event":{"mods":["2.2 Compatiblity","AchievementEnabler","BaseMod","Block Reminder","Colored Map","Colored Powertips","Minty Spire (QoL Compilation)","Quick Restart","Rare Cards Sparkle","Relic Stats","SuperFastMode"],"gold_per_floor":[118,18,33,83,94,94,110,136,136,136,146,146,157,176,176,252,252,262,262,262],"floor_reached":19,"playtime":635,"items_purged":["Injury"],"score":342,"play_id":"9d8d00e7-55b5-40e0-aced-21aecaf71706","local_time":"20210102235920","is_ascension_mode":true,"campfire_choices":[{"data":"Crippling Poison","floor":6.0,"key":"SMITH"},{"floor":10.0,"key":"REST"},{"data":"Infinite Blades","floor":12.0,"key":"SMITH"},{"floor":15.0,"key":"REST"}],"circlet_count":0,"master_deck":["AscendersBane","Strike_G","Strike_G","Strike_G","Strike_G","Strike_G","Defend_G","Defend_G","Defend_G","Defend_G","Defend_G","Survivor","Neutralize","Venomology","Flying Knee","Deadly Poison","Dagger Spray","Crippling Poison+1","PiercingWail","Infinite Blades+1","Masterful Stab","Skewer","Corpse Explosion"],"relics":["Ring of the Snake","Lantern","MealTicket","Runic Pyramid"],"acts_visited":["Exordium","TheCity"],"potions_floor_usage":[16,16,19,19,19],"damage_taken":[{"damage":11.0,"enemies":"Jaw Worm","floor":1.0,"turns":7.0},{"damage":1.0,"enemies":"Cultist","floor":3.0,"turns":4.0},{"damage":0.0,"enemies":"2 Louse","floor":5.0,"turns":2.0},{"damage":0.0,"enemies":"Exordium Wildlife","floor":7.0,"turns":2.0},{"damage":32.0,"enemies":"Lagavulin","floor":8.0,"turns":7.0},{"damage":0.0,"enemies":"Blue Slaver","floor":11.0,"turns":3.0},{"damage":6.0,"enemies":"3 Louse","floor":13.0,"turns":3.0},{"damage":6.0,"enemies":"2 Fungi Beasts","floor":14.0,"turns":2.0},{"damage":33,"enemies":"Slime Boss","floor":16,"turns":8},{"damage":31,"enemies":"Spheric Guardian","floor":18,"turns":7},{"damage":31,"enemies":"Masked Bandits","floor":19,"turns":3}],"seed_played":"-789775143823599453","potions_obtained":[{"floor":3.0,"key":"LiquidMemories"},{"floor":8.0,"key":"SkillPotion"},{"floor":13.0,"key":"PowerPotion"},{"floor":18,"key":"EssenceOfSteel"}],"is_trial":false,"path_per_floor":["M","$","M","?","M","R","M","E","T","R","M","R","M","M","R","B",null,"M","?"],"character_chosen":"THE_SILENT","items_purchased":["Deadly Poison"],"campfire_rested":2,"item_purchase_floors":[2],"current_hp_per_floor":[48,48,47,47,47,47,47,15,15,34,34,34,28,22,41,23,55,24,0,0],"gold":262,"neow_bonus":"THREE_RARE_CARDS","is_daily":false,"chose_seed":false,"campfire_upgraded":2,"win_rate":0.0,"timestamp":1609649960,"path_taken":["M","$","M","?","?","R","M","E","T","R","M","R","M","M","R","BOSS","M","?"],"items_purchased_type":["Card"],"build_version":"2020-12-22","purchased_purges":1,"victory":false,"max_hp_per_floor":[66,66,66,66,66,66,66,66,66,66,66,66,66,66,66,66,66,66,66,66],"relic_stats":{"counters":[11,48],"MealTicket":0,"obtain_stats":[{"Lantern":8,"MealTicket":9,"Ring of the Snake":0,"Runic Pyramid":17},{"Lantern":5,"MealTicket":5,"Ring of the Snake":0,"Runic Pyramid":9},{"Lantern":22,"MealTicket":22,"Ring of the Snake":0,"Runic Pyramid":38}],"Ring of the Snake":[22]},"card_choices":[{"not_picked":["Storm of Steel","A Thousand Cuts"],"picked":"Venomology","floor":0.0},{"not_picked":["Backflip","Leg Sweep"],"picked":"Flying Knee","floor":1.0},{"not_picked":["Sucker Punch","Blade Dance"],"picked":"Dagger Spray","floor":3.0},{"not_picked":["Finisher","Dagger Spray"],"picked":"Crippling Poison","floor":5.0},{"not_picked":["Finisher","Acrobatics"],"picked":"PiercingWail","floor":7.0},{"not_picked":["Outmaneuver","Cloak And Dagger"],"picked":"Infinite Blades","floor":8.0},{"not_picked":["Storm of Steel","Setup"],"picked":"Masterful Stab","floor":11.0},{"not_picked":["Caltrops","Dagger Spray"],"picked":"Skewer","floor":13.0},{"not_picked":["Deadly Poison","Bane","Flying Knee"],"picked":"SKIP","floor":14.0},{"not_picked":["Unload","Grand Finale"],"picked":"Corpse Explosion","floor":16},{"not_picked":["Reflex","Dagger Spray","Distraction"],"picked":"SKIP","floor":18}],"player_experience":2925846,"relics_obtained":[{"floor":8.0,"key":"Lantern"},{"floor":9.0,"key":"MealTicket"}],"event_choices":[{"damage_healed":0.0,"max_hp_gain":0.0,"max_hp_loss":0.0,"gold_gain":50.0,"event_name":"Golden Shrine","player_choice":"Pray","floor":4.0,"gold_loss":0.0,"damage_taken":0.0},{"damage_healed":0,"gold_gain":0,"player_choice":"Fought Bandits","damage_taken":0,"max_hp_gain":0,"max_hp_loss":0,"event_name":"Masked Bandits","floor":19,"gold_loss":0}],"is_beta":false,"boss_relics":[{"not_picked":["Busted Crown","Pandora\u0027s Box"],"picked":"Runic Pyramid"}],"items_purged_floors":[2],"is_endless":false,"potions_floor_spawned":[3,8,13,18],"killed_by":"Masked Bandits","ascension_level":20}}