{"host":"1tmagqyeywr2w44t","time":1609670372,"event":{"mods":["2.2 Compatiblity","BaseMod","Colored Powertips","Downfall","Marisa£¨Ùöéë¡¡Øª×âÞÞ£©","Minty Spire (QoL Compilation)","Rare Cards Sparkle","Replay The Spire","StSLib","SuperFastMode","The Cursed"],"gold_per_floor":[159,209,223,235,75,75,45,79,79,79,179,179,192,206,206,308,308,319,319,319,69,82,82,95,95,95],"floor_reached":25,"playtime":764,"items_purged":["Strike_R","Pain"],"score":271,"play_id":"0fe73b5c-bf46-4d68-8a4d-df6d442348c2","local_time":"20210103193932","is_ascension_mode":true,"campfire_choices":[{"data":"Armaments","floor":6.0,"key":"SMITH"},{"data":"Bludgeon","floor":10.0,"key":"SMITH"},{"data":"Bash","floor":12.0,"key":"SMITH"},{"data":"Combust","floor":15.0,"key":"SMITH"},{"data":"Offering","floor":23,"key":"SMITH"}],"circlet_count":0,"master_deck":["Strike_R","Strike_R","Strike_R","Strike_R","Defend_R+1","Defend_R","Defend_R","Defend_R","Bash+1","Heavy Blade","Armaments+1","Flame Barrier","Replay:SS_hec_1","Bloodletting","Bludgeon+1","Combust+1","Offering+1","Body Slam","ReplayTheSpireMod:LeadingStrike","Battle Trance"],"relics":["Tiny House","Prayer Wheel","Black Star","WarpedTongs","Replay:Rubber Ducky"],"acts_visited":["Exordium","TheCity"],"potions_floor_usage":[],"damage_taken":[{"damage":7.0,"enemies":"Jaw Worm","floor":1.0,"turns":4.0},{"damage":3.0,"enemies":"2 Louse","floor":3.0,"turns":2.0},{"damage":0.0,"enemies":"Cultist","floor":4.0,"turns":3.0},{"damage":0.0,"enemies":"Looter","floor":7.0,"turns":4.0},{"damage":3.0,"enemies":"Gremlin Nob","floor":8.0,"turns":5.0},{"damage":10.0,"enemies":"Exordium Wildlife","floor":13.0,"turns":3.0},{"damage":7.0,"enemies":"Exordium Thugs","floor":14.0,"turns":5.0},{"damage":29.0,"enemies":"Fading Forest","floor":16.0,"turns":11.0},{"damage":17.0,"enemies":"2 Thieves","floor":18.0,"turns":4.0},{"damage":35,"enemies":"Shell Parasite","floor":22,"turns":7},{"damage":23,"enemies":"Shelled Parasite and Fungi","floor":24,"turns":4},{"damage":19,"enemies":"Gremlin Leader","floor":25,"turns":3}],"seed_played":"4375528043302095629","potions_obtained":[{"floor":0.0,"key":"Elixir"},{"floor":1.0,"key":"Elixir"},{"floor":3.0,"key":"Reflective Coating"},{"floor":18.0,"key":"sneckomod:MuddlingPotion"}],"is_trial":false,"path_per_floor":["M","?","M","M","$","R","M","E","T","R","?","R","M","M","R","B",null,"M","?","?","$","M","R","M","E"],"character_chosen":"IRONCLAD","items_purchased":["Replay:SS_hec_1","Replay:Rubber Ducky"],"campfire_rested":0,"item_purchase_floors":[5,21],"current_hp_per_floor":[78,78,75,75,75,75,75,72,72,72,72,72,62,55,55,26,85,68,68,68,68,33,33,10,0,0],"gold":95,"neow_bonus":"BOSS_RELIC","is_daily":false,"chose_seed":false,"campfire_upgraded":5,"win_rate":0.0,"timestamp":1609670372,"path_taken":["M","?","M","M","$","R","M","E","T","R","?","R","?","M","R","BOSS","M","?","?","$","M","R","?","E"],"items_purchased_type":["Card","Relic"],"build_version":"2020-12-22","purchased_purges":2,"victory":false,"max_hp_per_floor":[85,85,85,85,85,85,85,85,85,85,85,85,85,85,85,85,85,85,85,85,85,85,85,85,85,85],"card_choices":[{"not_picked":["Evolve","Twin Strike"],"picked":"Heavy Blade","floor":0.0},{"not_picked":["Shrug It Off","Havoc"],"picked":"Armaments","floor":1.0},{"not_picked":["Pommel Strike","Heavy Blade"],"picked":"Flame Barrier","floor":3.0},{"not_picked":["Twin Strike","Heavy Blade","Defy Death"],"picked":"SKIP","floor":4.0},{"not_picked":["Reckless Charge","Iron Wave"],"picked":"Bloodletting","floor":7.0},{"not_picked":["Shrug It Off","Twin Strike"],"picked":"Bludgeon","floor":8.0},{"not_picked":["Replay:Undeath\u0027s Touch","Body Slam"],"picked":"Combust","floor":13.0},{"not_picked":["Sword Boomerang","Pommel Strike","ReplayTheSpireMod:Corrosion Curse"],"picked":"SKIP","floor":13.0},{"not_picked":["Replay:Undeath\u0027s Touch","Cleave","Inflame"],"picked":"SKIP","floor":14.0},{"not_picked":["Combust","Wild Strike","Run Through"],"picked":"SKIP","floor":14.0},{"not_picked":["Eclipse","Exhume"],"picked":"Offering","floor":16.0},{"not_picked":["True Grit","Sentinel"],"picked":"Body Slam","floor":18.0},{"not_picked":["Clothesline+1","Perfected Strike+1","Thunderclap+1"],"picked":"SKIP","floor":18.0},{"not_picked":["Perfected Strike","Wild Strike"],"picked":"ReplayTheSpireMod:LeadingStrike","floor":22},{"not_picked":["ReplayTheSpireMod:Strike From Hell","Flame Barrier+1","Sentinel"],"picked":"SKIP","floor":22},{"not_picked":["Flex","Iron Wave+1"],"picked":"Battle Trance","floor":24},{"not_picked":["Defy Death","Bloodletting","Massacre"],"picked":"SKIP","floor":24}],"player_experience":275050,"relics_obtained":[{"floor":8.0,"key":"Prayer Wheel"}],"event_choices":[{"damage_healed":0.0,"max_hp_gain":0.0,"max_hp_loss":0.0,"gold_gain":50.0,"event_name":"Golden Wing","player_choice":"Gained Gold","floor":2.0,"gold_loss":0.0,"damage_taken":0.0},{"damage_healed":0.0,"max_hp_gain":0.0,"max_hp_loss":0.0,"gold_gain":100.0,"event_name":"Golden Shrine","player_choice":"Pray","floor":11.0,"gold_loss":0.0,"damage_taken":0.0},{"damage_healed":0.0,"max_hp_gain":0.0,"max_hp_loss":0.0,"gold_gain":0.0,"event_name":"Vampires","player_choice":"Ignored","floor":19.0,"gold_loss":0.0,"damage_taken":0.0},{"damage_healed":0,"gold_gain":0,"player_choice":"Rummage","damage_taken":0,"relics_obtained":["WarpedTongs"],"max_hp_gain":0,"max_hp_loss":0,"event_name":"Accursed Blacksmith","floor":20,"gold_loss":0,"cards_obtained":["Pain"]}],"is_beta":false,"boss_relics":[{"not_picked":["Cursed Key","Honey Jar"],"picked":"Black Star"}],"items_purged_floors":[5,21],"is_endless":false,"potions_floor_spawned":[1,3,18],"killed_by":"Gremlin Leader","ascension_level":4}}