{"host":"hfxp6ue4pvwo3fit","time":1609666573,"event":{"mods":["AchievementEnabler","BaseMod","Colored Map","Colored Powertips","Highlight Path","Minty Spire (QoL Compilation)","Relic Stats","StSLib","SuperFastMode"],"gold_per_floor":[109,109,284,284,295,295,148,148,194,228,59,77,93,111,111,206,206,206],"floor_reached":17,"playtime":357,"items_purged":["Doubt"],"score":180,"play_id":"a23ebdb6-2558-4c15-83b2-a10e0e192fc9","local_time":"20210103033613","is_ascension_mode":false,"campfire_choices":[{"data":"Eruption","floor":6,"key":"SMITH"},{"data":"Vigilance","floor":8,"key":"SMITH"},{"data":"Apotheosis","floor":15,"key":"SMITH"}],"circlet_count":0,"master_deck":["Strike_P","Strike_P","Strike_P","Strike_P","Defend_P","Defend_P","Defend_P","Defend_P","Eruption+1","Vigilance+1","EmptyFist","FlurryOfBlows","Crescendo","FollowUp","Adaptation+1","Apotheosis+1","CutThroughFate","Consecrate","FollowUp","DevaForm+1"],"relics":["PureWater","NeowsBlessing","Frozen Egg 2","Dream Catcher","Damaru","Runic Pyramid"],"acts_visited":["Exordium","TheCity"],"potions_floor_usage":[14,16,16],"damage_taken":[{"damage":0,"enemies":"Jaw Worm","floor":1,"turns":1},{"damage":0,"enemies":"Small Slimes","floor":5,"turns":1},{"damage":0,"enemies":"3 Sentries","floor":10,"turns":1},{"damage":0,"enemies":"Cultist","floor":12,"turns":2},{"damage":13,"enemies":"Red Slaver","floor":13,"turns":2},{"damage":0,"enemies":"Exordium Wildlife","floor":14,"turns":1},{"damage":23,"enemies":"The Guardian","floor":16,"turns":8}],"seed_played":"-8796626318199777685","potions_obtained":[{"floor":1,"key":"Fire Potion"},{"floor":5,"key":"Swift Potion"},{"floor":12,"key":"PowerPotion"},{"floor":14,"key":"BlessingOfTheForge"}],"is_trial":false,"path_per_floor":["M","?","?","?","M","R","$","R","T","E","$","M","M","M","R","B",null],"character_chosen":"WATCHER","items_purchased":["Crescendo","FollowUp","Apotheosis"],"campfire_rested":0,"item_purchase_floors":[7,7,11],"current_hp_per_floor":[72,65,65,70,70,70,70,70,70,70,70,70,57,57,57,34,77,77],"gold":206,"neow_bonus":"THREE_ENEMY_KILL","is_daily":false,"chose_seed":false,"campfire_upgraded":3,"win_rate":0.0,"timestamp":1609666573,"path_taken":["M","?","?","?","?","R","$","R","T","E","?","M","?","M","R","BOSS"],"items_purchased_type":["Card","Card","Card"],"build_version":"2020-12-22","purchased_purges":1,"victory":false,"max_hp_per_floor":[72,72,72,77,77,77,77,77,77,77,77,77,77,77,77,77,77,77],"relic_stats":{"Dream Catcher":0,"counters":[7,16],"obtain_stats":[{"Dream Catcher":9,"NeowsBlessing":0,"Damaru":10,"PureWater":0,"Frozen Egg 2":2,"Runic Pyramid":17},{"Dream Catcher":2,"NeowsBlessing":0,"Damaru":3,"PureWater":0,"Frozen Egg 2":1,"Runic Pyramid":7},{"Dream Catcher":2,"NeowsBlessing":0,"Damaru":3,"PureWater":0,"Frozen Egg 2":1,"Runic Pyramid":16}]},"card_choices":[{"not_picked":["Nirvana","Prostrate"],"picked":"EmptyFist","floor":1},{"not_picked":["Protect","EmptyBody"],"picked":"FlurryOfBlows","floor":5},{"not_picked":["Prostrate","Indignation"],"picked":"Adaptation+1","floor":10},{"not_picked":["Adaptation+1","Protect"],"picked":"CutThroughFate","floor":12},{"not_picked":["Wish","JustLucky"],"picked":"Consecrate","floor":13},{"not_picked":["ThirdEye","BowlingBash"],"picked":"FollowUp","floor":14},{"not_picked":["Scrawl","Omniscience"],"picked":"DevaForm+1","floor":16}],"player_experience":469954,"relics_obtained":[{"floor":9,"key":"Dream Catcher"},{"floor":10,"key":"Damaru"}],"event_choices":[{"damage_healed":0,"gold_gain":0,"player_choice":"Success","damage_taken":7,"relics_obtained":["Frozen Egg 2"],"max_hp_gain":0,"max_hp_loss":0,"event_name":"Scrap Ooze","floor":2,"gold_loss":0},{"damage_healed":0,"gold_gain":175,"player_choice":"AGREE","damage_taken":0,"max_hp_gain":0,"max_hp_loss":0,"event_name":"Liars Game","floor":3,"gold_loss":0,"cards_obtained":["Doubt"]},{"damage_healed":0,"gold_gain":0,"player_choice":"Donut","damage_taken":0,"max_hp_gain":5,"max_hp_loss":0,"event_name":"Big Fish","floor":4,"gold_loss":0}],"is_beta":false,"boss_relics":[{"not_picked":["Sozu","Tiny House"],"picked":"Runic Pyramid"}],"items_purged_floors":[7],"is_endless":false,"potions_floor_spawned":[1,5,12,14],"ascension_level":0}}