{"host":"k5i92k7wtkthca8j","time":1609698712,"event":{"mods":["Act Like it!","BaseMod","Better-Laid Plans","Challenge The Spire","Googly Eyes","Hallownest","Lobotomy","Minty Spire (QoL Compilation)","Permanent Neow","Quick Restart","Relic Stats","Spicy Shops","StSLib","SuperFastMode","TestMod","The Bug Knight","篝火指南"],"gold_per_floor":[113,113,127,48,48,48,24,24,24,24,58,73,73,86,86,86,86],"floor_reached":16,"playtime":866,"items_purged":[],"score":98,"play_id":"1a0c59fb-0b9f-4193-b943-379c192fca5b","local_time":"20210104023152","is_ascension_mode":false,"campfire_choices":[{"data":"HollowMod:GreatSlash","floor":8,"key":"SMITH"},{"data":"HollowMod:VengefulSpirit","floor":15,"key":"SMITH"}],"circlet_count":0,"master_deck":["HollowMod:NailStrikeStart","HollowMod:NailStrikeStart","HollowMod:NailStrikeStart","HollowMod:NailStrikeStart","HollowMod:QuickDashStart","HollowMod:QuickDashStart","HollowMod:QuickDashStart","HollowMod:QuickDashStart","HollowMod:FocusHealStart","HollowMod:PogoStrike","BeautyBeast","HollowMod:VengefulSpirit+1","HollowMod:GreatSlash+1","CrumblingArmor","HollowMod:QuirrelsAssistance","HollowMod:HowlingWraiths","HollowMod:InfectionAssault","LittlePrince","HollowMod:NewGlowingWomb","HappyTeddy","HollowMod:SiblingsSouls","Laetitia"],"relics":["HollowMod:VesselMask","testmod-TestBox","CogitoBucket","Darkstone Periapt","Pocketwatch","Hallownest:DreamNailRelic"],"acts_visited":["Hallownest:Greenpath"],"potions_floor_usage":[],"damage_taken":[{"damage":4,"enemies":"Hallownest:2_MossCreeps","floor":1,"turns":6},{"damage":4,"enemies":"Hallownest:2_Tiktiks_and_1_Crawlid","floor":3,"turns":4},{"damage":7,"enemies":"Hallownest:eliteCrystalGuardian","floor":11,"turns":5},{"damage":0,"enemies":"Hallownest:2_Baldur","floor":12,"turns":2},{"damage":8,"enemies":"Hallownest:Wandering_and_Horned","floor":14,"turns":4},{"damage":59,"enemies":"Hallownest:BossHornet","floor":16,"turns":9}],"seed_played":"885440283110550163","potions_obtained":[{"floor":1,"key":"Energy Potion"},{"floor":11,"key":"Fire Potion"}],"is_trial":false,"path_per_floor":["M","?","M","$","?","R","$","R","T","$","E","M","?","M","R","B"],"character_chosen":"THE_BUGKNIGHT","items_purchased":["HollowMod:QuirrelsAssistance","HollowMod:HowlingWraiths"],"campfire_rested":0,"item_purchase_floors":[4,7],"current_hp_per_floor":[71,71,67,67,67,67,67,67,67,67,60,60,60,52,52,0,0],"gold":86,"neow_bonus":"","is_daily":false,"chose_seed":false,"campfire_upgraded":2,"win_rate":0.0,"timestamp":1609698712,"path_taken":["M","?","M","$","?","R","$","R","T","$","E","M","?","M","R","BOSS"],"items_purchased_type":["Card","Card"],"build_version":"2020-12-22","purchased_purges":0,"victory":false,"max_hp_per_floor":[75,75,75,75,75,75,75,75,75,75,75,75,75,75,75,75,75],"relic_stats":{"Darkstone Periapt":0,"counters":[6,30],"obtain_stats":[{"Darkstone Periapt":9,"CogitoBucket":0,"testmod-TestBox":0,"HollowMod:VesselMask":0,"Juzu Bracelet":2,"Hallownest:DreamNailRelic":13,"Pocketwatch":11},{"Darkstone Periapt":2,"CogitoBucket":0,"testmod-TestBox":0,"HollowMod:VesselMask":0,"Juzu Bracelet":1,"Hallownest:DreamNailRelic":4,"Pocketwatch":3},{"Darkstone Periapt":10,"CogitoBucket":0,"testmod-TestBox":0,"HollowMod:VesselMask":0,"Juzu Bracelet":6,"Hallownest:DreamNailRelic":17,"Pocketwatch":15}],"Pocketwatch":[6]},"card_choices":[{"not_picked":["NakedNest","SpiderBud"],"picked":"BeautyBeast","floor":1},{"not_picked":["HollowMod:FallenFury","HollowMod:GreatSlash"],"picked":"HollowMod:VengefulSpirit","floor":1},{"not_picked":["HollowMod:CrystalDash","HollowMod:DashSlash"],"picked":"HollowMod:GreatSlash","floor":3},{"not_picked":["MeltingLove","UniverseFragment"],"picked":"CrumblingArmor","floor":3},{"not_picked":["HollowMod:DesolateDive","HollowMod:RecoilStrike"],"picked":"HollowMod:InfectionAssault","floor":11},{"not_picked":["Woodsman","PunishingBird"],"picked":"LittlePrince","floor":11},{"not_picked":["HollowMod:HowlingWraiths","HollowMod:DoubleDash"],"picked":"HollowMod:NewGlowingWomb","floor":12},{"not_picked":["OldLady","UniverseFragment"],"picked":"HappyTeddy","floor":12},{"not_picked":["HollowMod:CornifersMapStart","HollowMod:DoubleDash"],"picked":"HollowMod:SiblingsSouls","floor":14},{"not_picked":["CherryBlossoms","SpiderBud"],"picked":"Laetitia","floor":14}],"player_experience":0,"relics_obtained":[{"floor":9,"key":"Darkstone Periapt"},{"floor":11,"key":"Pocketwatch"}],"event_choices":[{"damage_healed":0,"gold_gain":0,"player_choice":"Swap Relic","damage_taken":0,"relics_obtained":["Juzu Bracelet"],"max_hp_gain":0,"max_hp_loss":0,"event_name":"给自己的盒子","floor":2,"relics_lost":["Juzu Bracelet"],"gold_loss":0}],"is_beta":false,"boss_relics":[],"items_purged_floors":[],"is_endless":false,"potions_floor_spawned":[1,11],"killed_by":"Hallownest:BossHornet","ascension_level":0}}