{"host":"2gugywxuw0nvjb3h","time":1609655293,"event":{"mods":["AchievementEnabler","BaseMod","Better Altar","Better Match","Better Note","Better Sensory Stone","Better Skull","Better Third Choice","BetterRewards","Colored Map","Colored Powertips","Curses Come First","Evolution","GifTheSpireLib","Hermit","Key Reminder","Marisa????????","Minty Spire (QoL Compilation)","Rare Cards Sparkle","Relic Sorter","Replay The Spire","Spicy Shops","StSLib","The Cursed","The Servant 0.9.4"],"gold_per_floor":[110,128,454,465,85,85,130,36,60,123,123,201,201,243,243,456,456,548,261,335,49,377,386,533,533,559,637,717,787,796,883,892,1156,1165,1310,548,604,613,613,735,595,680,680,815,815,893,382,470,479,599],"floor_reached":51,"playtime":8894,"items_purged":["TheCursedMod:Strike_TheCursed","TheCursedMod:Strike_TheCursed"],"score":1193,"play_id":"5c7aa60c-e4d1-4bb7-88af-954de3e510ab","local_time":"20210102232813","is_ascension_mode":false,"campfire_choices":[{"floor":6,"key":"REST"},{"data":"TheCursedMod:EmpowerCircles","floor":11,"key":"SMITH"},{"data":"TheCursedMod:Stigma","floor":13,"key":"SMITH"},{"floor":15,"key":"REST"},{"floor":23,"key":"REST"},{"floor":30,"key":"REST"},{"floor":32,"key":"REST"},{"data":"TheCursedMod:CursedMace","floor":45,"key":"SMITH"}],"circlet_count":0,"master_deck":["TheCursedMod:Strike_TheCursed","TheCursedMod:Defend_TheCursed","TheCursedMod:Defend_TheCursed","TheCursedMod:Defend_TheCursed","TheCursedMod:CursedWand","TheCursedMod:CleanUpWorkshop","TheCursedMod:Dregs","TheCursedMod:Stigma+1","TheCursedMod:SmokeScreen+1","TheCursedMod:RapidMovement+1","TheCursedMod:VitalStrike","TheCursedMod:WearCloak+1","TheCursedMod:WearCloak+1","TheCursedMod:EmpowerCircles+1","Blind+1","TheCursedMod:CircleOfFocus+1","TheCursedMod:EmpowerCircles+1","TheCursedMod:CursedShiv","TheCursedMod:Evocation+1","TheCursedMod:SpitefulPlan","TheCursedMod:SurpriseAttack","TheCursedMod:OutForBlood","TheCursedMod:CircleOfAmplification+1","Parasite","Enlightenment+1","Enlightenment+1","TheCursedMod:CircleOfFocus+1","TheCursedMod:CursedMace+1","TheCursedMod:SpitefulPlan","TheCursedMod:Stigma","TheCursedMod:CursedSpellbook+1","TheCursedMod:SpitefulPlan+1","TheCursedMod:CircleOfFlame+1","TheCursedMod:SpreadPlague+1","TheCursedMod:NeowsMight+1","TheCursedMod:CursedBlade","TheCursedMod:Hemoplague","TheCursedMod:SoulReap","TheCursedMod:CursedShiv","TheCursedMod:DemonicPact+1","TheCursedMod:CollectTribute+1","CurseOfTheBell","TheCursedMod:TacticalStrike+1","ReplayTheSpireMod:Necrogeddon+1","TheCursedMod:SpitefulStrike+1","TheCursedMod:FuryStrike+1","TheCursedMod:HellfireBreathing+1","TheCursedMod:HellfireBreathing+1","TheCursedMod:ReleasedKnowledge+1","TheCursedMod:CursedMace+1","TheCursedMod:Stigma+1","TheCursedMod:SpitefulStrike+1","TheCursedMod:CircleOfAmplification+1","Madness+1","TheCursedMod:AbyssShockwave","Looming Evil","TheCursedMod:CursedAmulet+1","TheCursedMod:WearCloak+1","TheCursedMod:CursedAmulet+1","Poisoned Strike+1","Discovery+1","TheCursedMod:SpitefulPlan+1","TheCursedMod:SpitefulPlan+1","TheCursedMod:FuryStrike+1","TheCursedMod:SoulReap+1","TheCursedMod:CircleOfFlame+1","Pot Of Greed+1","Pot Of Greed+1","Pot Of Greed+1","Pot Of Greed+1","Pot Of Greed+1","Pot Of Greed+1","TheCursedMod:StingEye","TheCursedMod:Torture+1","TheCursedMod:Hemoplague+1","Secret Weapon+1","TheCursedMod:ShockAndAwe+1","TheCursedMod:ShockAndAwe+1","Pot Of Greed+1","TheCursedMod:Mangle+1","Finesse+1","TheCursedMod:AntiAging+1","TheCursedMod:Evocation+1"],"relics":["TheCursedMod:BlackMagic101","TheCursedMod:MagicCandle","Replay:Accelerometer","EVO:Axolotl","Blue Doll","Toxic Egg 2","Incense Burner","Replay:Bandana","Membership Card","ReplayTheSpireMod:TigerMarble","Dream Catcher","ReplayTheSpireMod:DimensionalGlitch","CeramicFish","Juzu Bracelet","Bag of Marbles","ClockworkSouvenir","Sling","Golden Egg","Pet Ghost","Anchor","PreservedInsect","Vajra","Calling Bell","WingedGreaves","Snack Pack","ReplayTheSpireMod:Lightbulb","Replay:Baseball","TheCursedMod:Tack","FossilizedHelix","Calipers","DollysMirror","Orrery","Ring of Panic","Ring of Misfortune","Bronze Scales","Lee\u0027s Waffle","BargainBundle","Toy Ornithopter","Meat on the Bone","Replay:Bottled Eggs","Mercury Hourglass","Du-Vu Doll","Grinning Jar","Smiling Mask","Strange Spoon","Pear","Gremlin Food","Medical Kit","Happy Flower"],"acts_visited":["Exordium","TheCity","TheBeyond"],"potions_floor_usage":[10,14,16,24,29,29,50],"damage_taken":[{"damage":0,"enemies":"2 Louse","floor":1,"turns":3},{"damage":0,"enemies":"Cultist","floor":2,"turns":3},{"damage":0,"enemies":"Jaw Worm","floor":4,"turns":5},{"damage":0,"enemies":"Looter","floor":7,"turns":3},{"damage":13,"enemies":"2 Fungi Beasts","floor":10,"turns":4},{"damage":0,"enemies":"Gremlin Gang","floor":12,"turns":7},{"damage":14,"enemies":"Exordium Wildlife","floor":14,"turns":3},{"damage":57,"enemies":"Fading Forest","floor":16,"turns":11},{"damage":8,"enemies":"Spheric Guardian","floor":18,"turns":6},{"damage":5,"enemies":"Chosen","floor":20,"turns":4},{"damage":0,"enemies":"Gremlin Leader","floor":24,"turns":6},{"damage":2,"enemies":"Centurion and Healer","floor":27,"turns":5},{"damage":0,"enemies":"Book of Stabbing","floor":28,"turns":3},{"damage":5,"enemies":"Snake Plant","floor":29,"turns":3},{"damage":11,"enemies":"Chosen and Byrds","floor":31,"turns":5},{"damage":20,"enemies":"Collector","floor":33,"turns":8},{"damage":4,"enemies":"3 Darklings","floor":35,"turns":6},{"damage":0,"enemies":"Orb Walker","floor":37,"turns":2},{"damage":0,"enemies":"Giant Head","floor":40,"turns":6},{"damage":0,"enemies":"Nemesis","floor":42,"turns":3},{"damage":0,"enemies":"R_Hoarder","floor":44,"turns":3},{"damage":0,"enemies":"Nemesis","floor":48,"turns":3},{"damage":0,"enemies":"Donu and Deca","floor":50,"turns":4}],"seed_played":"-2380879096616205559","potions_obtained":[{"floor":1,"key":"Swift Potion"},{"floor":4,"key":"ColorlessPotion"},{"floor":7,"key":"Dexterity Potion"},{"floor":16,"key":"ColorlessPotion"},{"floor":18,"key":"PowerPotion"},{"floor":20,"key":"Weak Potion"},{"floor":31,"key":"SpeedPotion"},{"floor":33,"key":"BlessingOfTheForge"},{"floor":35,"key":"AttackPotion"},{"floor":40,"key":"Block Potion"},{"floor":46,"key":"DuplicationPotion"}],"is_trial":false,"path_per_floor":["M","M","?","M","$","R","M","$","T","M","R","M","R","M","R","B",null,"M","$","M","$","?","R","E","?","T","M","E","M","R","M","R","B",null,"M","$","M","?","?","E","$","E","T","E","R","?","$","E","R_BF","B",null],"character_chosen":"THE_CURSED","items_purchased":["Blue Doll","Toxic Egg 2","TheCursedMod:Stigma","Replay:Bandana","Membership Card","TheCursedMod:WearCloak+1","TheCursedMod:EmpowerCircles+1","Blind+1","ReplayTheSpireMod:TigerMarble","TheCursedMod:EmpowerCircles","CeramicFish","Juzu Bracelet","Bag of Marbles","ClockworkSouvenir","Enlightenment+1","TheCursedMod:CircleOfFocus+1","TheCursedMod:CursedMace","TheCursedMod:SpitefulPlan","Sling","TheCursedMod:CursedSpellbook+1","Golden Egg","Pet Ghost","TheCursedMod:SpitefulPlan+1","Replay:Baseball","TheCursedMod:Tack","FossilizedHelix","Calipers","ReplayTheSpireMod:Necrogeddon","TheCursedMod:SpitefulStrike","TheCursedMod:FuryStrike","TheCursedMod:HellfireBreathing+1","DollysMirror","Orrery","Madness+1","Bronze Scales","Lee\u0027s Waffle","BargainBundle","TheCursedMod:WearCloak+1","TheCursedMod:CursedAmulet+1","Poisoned Strike","Discovery+1","TheCursedMod:SpitefulPlan","TheCursedMod:FuryStrike","TheCursedMod:SoulReap","Toy Ornithopter","Meat on the Bone","Replay:Bottled Eggs","Strange Spoon","Pear","Gremlin Food","Medical Kit","Secret Weapon+1","TheCursedMod:ShockAndAwe","TheCursedMod:Mangle","Finesse+1"],"campfire_rested":5,"item_purchase_floors":[0,0,0,5,5,5,5,5,8,8,19,19,19,19,19,19,19,19,21,21,21,21,21,36,36,36,36,36,36,36,36,36,36,36,41,41,41,41,41,41,41,41,41,41,41,41,41,47,47,47,47,47,47,47,47],"current_hp_per_floor":[75,75,47,47,47,69,69,69,69,56,56,56,56,42,64,7,75,67,67,62,62,7,29,29,29,29,27,27,22,44,40,62,47,75,73,73,74,74,74,75,82,82,82,82,82,62,72,75,75,95],"gold":599,"neow_bonus":"","is_daily":false,"chose_seed":false,"campfire_upgraded":3,"win_rate":0.0,"timestamp":1609655293,"path_taken":["M","M","?","M","$","R","M","?","T","M","R","M","R","M","R","BOSS","M","$","M","$","?","R","E","?","T","M","E","M","R","M","R","BOSS","M","$","M","?","?","E","$","E","T","E","R","?","$","E","R_BF","BOSS"],"items_purchased_type":["Relic","Relic","Card","Relic","Relic","Card","Card","Card","Relic","Card","Relic","Relic","Relic","Relic","Card","Card","Card","Card","Relic","Card","Relic","Relic","Card","Relic","Relic","Relic","Relic","Card","Card","Card","Card","Relic","Relic","Card","Relic","Relic","Relic","Card","Card","Card","Card","Card","Card","Card","Relic","Relic","Relic","Relic","Relic","Relic","Relic","Card","Card","Card","Card"],"build_version":"2020-12-22","purchased_purges":2,"victory":true,"max_hp_per_floor":[75,75,75,75,75,75,75,75,75,75,75,75,75,75,75,75,75,75,75,75,75,75,75,75,75,75,75,75,75,75,75,75,75,75,75,75,75,75,75,75,82,82,82,82,82,82,92,92,92,95],"card_choices":[{"not_picked":["TheCursedMod:AbyssShockwave","TheCursedMod:SoulCrush"],"picked":"TheCursedMod:SmokeScreen+1","floor":1},{"not_picked":["TheCursedMod:AbyssShockwave","TheCursedMod:CursedStaff"],"picked":"TheCursedMod:RapidMovement+1","floor":2},{"not_picked":["TheCursedMod:Obscuration+1","TheCursedMod:RavingStaff"],"picked":"TheCursedMod:VitalStrike","floor":4},{"not_picked":["TheCursedMod:Obscuration+1","TheCursedMod:CursedStaff"],"picked":"TheCursedMod:CircleOfFocus+1","floor":7},{"not_picked":["TheCursedMod:FuryStrike","TheCursedMod:WearCloak+1"],"picked":"TheCursedMod:CursedShiv","floor":10},{"not_picked":["TheCursedMod:Neurasthenia+1","TheCursedMod:Stretching+1"],"picked":"TheCursedMod:Evocation+1","floor":12},{"not_picked":["TheCursedMod:DoubleShield+1","TheCursedMod:CursedMace"],"picked":"TheCursedMod:SpitefulPlan","floor":14},{"not_picked":["TheCursedMod:Hemoplague","TheCursedMod:SmokeScreen+1"],"picked":"TheCursedMod:SurpriseAttack","floor":15},{"not_picked":["TheCursedMod:CursedRelics","TheCursedMod:ParallelWorld+1"],"picked":"TheCursedMod:OutForBlood","floor":16},{"not_picked":["TheCursedMod:TacticalStrike","TheCursedMod:FleshFromBone+1"],"picked":"TheCursedMod:CircleOfAmplification+1","floor":18},{"not_picked":["TheCursedMod:RavingStaff","TheCursedMod:SpitefulPlan+1"],"picked":"TheCursedMod:Stigma","floor":20},{"not_picked":["TheCursedMod:SurpriseAttack","TheCursedMod:SaltUponWound+1"],"picked":"TheCursedMod:CircleOfFlame+1","floor":23},{"not_picked":["TheCursedMod:TacticalStrike","TheCursedMod:SoulCrush"],"picked":"TheCursedMod:SpreadPlague+1","floor":24},{"not_picked":["TheCursedMod:CircleOfCorruption+1","TheCursedMod:TacticalStrike+1"],"picked":"TheCursedMod:NeowsMight+1","floor":27},{"not_picked":["TheCursedMod:SoulReap","TheCursedMod:WearCloak+1"],"picked":"TheCursedMod:CursedBlade","floor":28},{"not_picked":["TheCursedMod:Evocation+1","TheCursedMod:CursedShiv+1"],"picked":"TheCursedMod:Hemoplague","floor":29},{"not_picked":["TheCursedMod:CursedStaff","TheCursedMod:RapidMovement+1"],"picked":"TheCursedMod:SoulReap","floor":30},{"not_picked":["TheCursedMod:BloodBarrier+1","TheCursedMod:Stretching+1"],"picked":"TheCursedMod:CursedShiv","floor":31},{"not_picked":["TheCursedMod:RapidMovement+1","TheCursedMod:DoubleShield+1"],"picked":"TheCursedMod:DemonicPact","floor":32},{"not_picked":["TheCursedMod:VoidForm","TheCursedMod:ParallelWorld+1"],"picked":"TheCursedMod:CollectTribute","floor":33},{"not_picked":["TheCursedMod:CursedShiv+1","TheCursedMod:Stretching+1"],"picked":"TheCursedMod:TacticalStrike+1","floor":35},{"not_picked":["TheCursedMod:SurpriseAttack","TheCursedMod:FuryStrike"],"picked":"TheCursedMod:ReleasedKnowledge+1","floor":36},{"not_picked":["TheCursedMod:AshesToAshes+1","TheCursedMod:SoulReap"],"picked":"TheCursedMod:CursedMace","floor":36},{"not_picked":["TheCursedMod:Obscuration+1","TheCursedMod:RavingStaff+1"],"picked":"TheCursedMod:Stigma+1","floor":36},{"not_picked":["TheCursedMod:SoulCrush+1","TheCursedMod:FleshFromBone+1"],"picked":"TheCursedMod:SpitefulStrike","floor":36},{"not_picked":["TheCursedMod:NeowsMight+1","TheCursedMod:BlessingInDisguise+1"],"picked":"TheCursedMod:CircleOfAmplification+1","floor":36},{"not_picked":["TheCursedMod:FuryStrike+1","TheCursedMod:CursedBlade"],"picked":"TheCursedMod:AbyssShockwave","floor":37},{"not_picked":["TheCursedMod:FleshFromBone+1","TheCursedMod:BlessingInDisguise+1"],"picked":"TheCursedMod:CursedAmulet+1","floor":40},{"not_picked":["TheCursedMod:TacticalStrike+1","TheCursedMod:WearCloak+1"],"picked":"TheCursedMod:CircleOfFlame+1","floor":42},{"not_picked":["TheCursedMod:RavingStaff","TheCursedMod:CursedAmulet+1"],"picked":"TheCursedMod:StingEye","floor":44},{"not_picked":["TheCursedMod:VitalStrike+1","TheCursedMod:SurpriseAttack+1"],"picked":"TheCursedMod:Torture+1","floor":46},{"not_picked":["TheCursedMod:Stigma","TheCursedMod:CursedBoomerang"],"picked":"TheCursedMod:Hemoplague+1","floor":46},{"not_picked":["TheCursedMod:DoubleShield+1","TheCursedMod:RavingStaff+1"],"picked":"TheCursedMod:AntiAging+1","floor":48}],"player_experience":203282,"relics_obtained":[{"floor":9,"key":"Dream Catcher"},{"floor":24,"key":"PreservedInsect"},{"floor":26,"key":"Vajra"},{"floor":28,"key":"Replay:Accelerometer"},{"floor":34,"key":"WingedGreaves"},{"floor":34,"key":"Snack Pack"},{"floor":34,"key":"ReplayTheSpireMod:Lightbulb"},{"floor":38,"key":"Ring of Panic"},{"floor":38,"key":"Ring of Misfortune"},{"floor":40,"key":"TheCursedMod:MagicCandle"},{"floor":42,"key":"Mercury Hourglass"},{"floor":43,"key":"Du-Vu Doll"},{"floor":44,"key":"Grinning Jar"},{"floor":46,"key":"Smiling Mask"},{"floor":48,"key":"Happy Flower"}],"event_choices":[{"damage_healed":0,"gold_gain":326,"player_choice":"GO GO GO ","damage_taken":31,"relics_obtained":[],"max_hp_gain":0,"max_hp_loss":0,"event_name":"betterSkull:BetterSkull","floor":3,"gold_loss":0,"cards_upgraded":[]},{"damage_healed":0,"gold_gain":328,"player_choice":"GO GO GO RE ","damage_taken":41,"relics_obtained":["Anchor"],"max_hp_gain":0,"max_hp_loss":0,"event_name":"betterSkull:BetterSkull","floor":22,"gold_loss":0,"cards_upgraded":[]},{"damage_healed":0,"gold_gain":0,"player_choice":"Ignored","damage_taken":0,"max_hp_gain":0,"max_hp_loss":0,"event_name":"betterNote:BetterNote","floor":25,"gold_loss":0,"cards_obtained":["Strike_MRS"]},{"cards_removed":["TheCursedMod:Defend_TheCursed"],"damage_healed":0,"gold_gain":0,"player_choice":"Offered Basic","damage_taken":0,"max_hp_gain":0,"max_hp_loss":0,"event_name":"Bonfire Elementals","floor":39,"gold_loss":0}],"is_beta":false,"boss_relics":[{"not_picked":["Busted Crown","Replay:Wanted Poster"],"picked":"ReplayTheSpireMod:DimensionalGlitch"},{"not_picked":["Empty Cage","Velvet Choker"],"picked":"Calling Bell"}],"items_purged_floors":[41,41],"is_endless":false,"potions_floor_spawned":[1,4,7,16,18,20,31,33,35,40],"ascension_level":0}}