{"host":"ifw7cdx76lcpw3w9","time":1609650450,"event":{"mods":["AchievementEnabler","Act Like it!","BaseMod","Duelist Mod","Elementarium","Friendly Minions","Minty Spire (QoL Compilation)","StSLib"],"gold_per_floor":[140,68,49,24,42,76,76,22,22,22,97,111,111,137,137,238,238,253,253,264,120,134,134,162,162,462,479,490,508,541,556,556,556,556],"floor_reached":33,"playtime":3293,"items_purged":[],"score":630,"play_id":"c9cddcb4-015f-43cf-8abe-923b811dc38c","local_time":"20210102220730","is_ascension_mode":true,"campfire_choices":[{"data":"theDuelist:UltraPolymerization","floor":7,"key":"SMITH"},{"data":"theDuelist:GhostrickMuseum","floor":10,"key":"SMITH"},{"floor":15,"key":"RECALL"},{"floor":23,"key":"REST"},{"floor":25,"key":"REST"},{"floor":32,"key":"REST"}],"circlet_count":0,"master_deck":["theDuelist:ZombieCorpse","theDuelist:ZombieCorpse","theDuelist:ZombieCorpse","theDuelist:ZombieCorpse","theDuelist:ZombieCorpse","theDuelist:ArmoredZombie","theDuelist:ArmoredZombie","AscendersBane","theDuelist:ClownZombie","theDuelist:ClownZombie","theDuelist:PatricianDarkness","theDuelist:ShallowGrave","theDuelist:TutanMask+1","theDuelist:UltraPolymerization+1","theDuelist:VisionFusion","theDuelist:VampireRedBaron","theDuelist:GhostrickMuseum+1","theDuelist:Chopman","theDuelist:BurningSkullHead+1","theDuelist:MonsterReborn","theDuelist:DimensionFusion+1","theDuelist:GhostrickBreak","theDuelist:GhostrickMansion","Dramatic Entrance","theDuelist:VampireGrimson+1","theDuelist:LichLord+1","theDuelist:VampireSorcerer"],"relics":["theDuelist:MillenniumPuzzle","theDuelist:CardPoolRelic","theDuelist:CardPoolBasicRelic","theDuelist:BoosterPackPoolRelic","theDuelist:CardPoolAddRelic","theDuelist:CardPoolMinusRelic","theDuelist:CardPoolSaveRelic","theDuelist:CardPoolOptionsRelic","NeowsBlessing","theDuelist:NamelessPowerRelicA","Snake Skull","Tiny Chest","Fusion Hammer","theDuelist:BoosterPackHealer","Old Coin","theDuelist:DuelistTeaSet"],"acts_visited":["Exordium","TheCity"],"potions_floor_usage":[29],"damage_taken":[{"damage":0,"enemies":"Cultist","floor":1,"turns":1},{"damage":0,"enemies":"Jaw Worm","floor":5,"turns":1},{"damage":0,"enemies":"3 Sentries","floor":6,"turns":1},{"damage":0,"enemies":"2 Louse","floor":12,"turns":3},{"damage":0,"enemies":"Lagavulin","floor":14,"turns":4},{"damage":0,"enemies":"Hexaghost","floor":16,"turns":6},{"damage":25,"enemies":"Shell Parasite","floor":18,"turns":4},{"damage":1,"enemies":"Spheric Guardian","floor":20,"turns":3},{"damage":17,"enemies":"Shelled Parasite and Fungi","floor":22,"turns":6},{"damage":29,"enemies":"Book of Stabbing","floor":24,"turns":5},{"damage":9,"enemies":"Snecko","floor":27,"turns":4},{"damage":36,"enemies":"Chosen and Byrds","floor":28,"turns":6},{"damage":0,"enemies":"Shelled Parasite and Fungi","floor":29,"turns":2},{"damage":0,"enemies":"theDuelist:KaibaA2","floor":30,"turns":3},{"damage":8,"enemies":"Snake Plant","floor":31,"turns":3},{"damage":34,"enemies":"Automaton","floor":33,"turns":4}],"seed_played":"7543274382519336430","potions_obtained":[{"floor":12,"key":"Strength Potion"},{"floor":16,"key":"theDuelist:StunPotion"},{"floor":20,"key":"theDuelist:SealedPackC"},{"floor":30,"key":"theDuelist:GiftPotion"}],"is_trial":false,"path_per_floor":["M","$","?","$","M","E","R","$","T","R","?","M","?","E","R","B",null,"M","?","M","$","M","R","E","R","T","M","M","M","E","M","R","B"],"character_chosen":"THE_DUELIST","items_purchased":["theDuelist:VisionFusion","theDuelist:GhostrickAlucard","theDuelist:GhostrickMuseum","theDuelist:GhostrickBreak","theDuelist:GhostrickMansion"],"campfire_rested":3,"item_purchase_floors":[2,4,8,21,21],"current_hp_per_floor":[72,72,72,72,72,72,72,72,72,72,61,61,45,45,45,45,71,46,46,45,45,28,52,26,50,50,45,9,13,13,9,33,0,0],"gold":556,"neow_bonus":"THREE_ENEMY_KILL","is_daily":false,"chose_seed":false,"campfire_upgraded":2,"win_rate":0.0,"timestamp":1609650450,"path_taken":["M","?","?","$","M","E","R","?","T","R","?","M","?","E","R","BOSS","M","?","M","?","M","R","E","R","T","M","M","M","E","?","R","BOSS"],"items_purchased_type":["Card","Card","Card","Card","Card"],"build_version":"2020-12-22","purchased_purges":0,"victory":false,"max_hp_per_floor":[80,80,80,80,80,80,80,80,80,80,80,80,80,80,80,80,80,80,80,80,80,80,80,80,80,80,80,80,80,80,80,80,80,80],"card_choices":[{"not_picked":["theDuelist:Gernia","theDuelist:NecroFusion","theDuelist:VampireSucker","theDuelist:DimensionBurial"],"picked":"theDuelist:UltraPolymerization","floor":1},{"not_picked":["theDuelist:VendreadChimera","theDuelist:VendreadBattlelord","theDuelist:GhostrickSpecter","theDuelist:GhostrickGhoul"],"picked":"theDuelist:VampireRedBaron","floor":5},{"not_picked":["theDuelist:VampireLord","theDuelist:ShadowVampire","theDuelist:GhostrickJackfrost","theDuelist:GhostrickGhoul","theDuelist:YukiMusume"],"picked":"SKIP","floor":6},{"not_picked":["theDuelist:VendreadStriges","theDuelist:DecayedCommander"],"picked":"theDuelist:Chopman","floor":12},{"not_picked":["theDuelist:Skullgios","theDuelist:SkullFlame","theDuelist:TimeFusion","theDuelist:HumptyGrumpty"],"picked":"theDuelist:BurningSkullHead","floor":14},{"not_picked":["theDuelist:SoulRelease","theDuelist:OverpoweringEye","theDuelist:DecayedCommander","theDuelist:BookEclipse"],"picked":"theDuelist:MonsterReborn","floor":16},{"not_picked":["theDuelist:ZombiePowerStruggle+1","theDuelist:OniGamiCombo+1","theDuelist:EndlessDecay+1","theDuelist:VampireDomain+1"],"picked":"theDuelist:DimensionFusion+1","floor":18},{"not_picked":["theDuelist:UltraPolymerization+1","theDuelist:MonsterReborn","theDuelist:BookEclipse"],"picked":"SKIP","floor":20},{"not_picked":["Enlightenment","Mind Blast","Secret Weapon"],"picked":"Dramatic Entrance","floor":22},{"not_picked":["theDuelist:GhostrickJackfrost","theDuelist:FusionTag","theDuelist:Tsukahagi","theDuelist:GhostrickAlucard","theDuelist:OniTankT34"],"picked":"SKIP","floor":24},{"not_picked":["theDuelist:VampireLord","theDuelist:VampireLady","theDuelist:YukiOnnaIce","theDuelist:Yasha+1"],"picked":"theDuelist:VampireGrimson+1","floor":27},{"not_picked":["theDuelist:PhantomGhost","theDuelist:VampireBaby","theDuelist:DoubleCoston","theDuelist:BattleFusion+1"],"picked":"theDuelist:VampireLady","floor":28},{"not_picked":["theDuelist:VendreadCore","theDuelist:GhostrickAlucard","theDuelist:VendreadRevolution+1","theDuelist:VampireBaby+1"],"picked":"theDuelist:LichLord+1","floor":29},{"not_picked":["theDuelist:VendreadReunion","theDuelist:Mausoleum","theDuelist:GhostrickMansion","theDuelist:BookMoon"],"picked":"SKIP","floor":30},{"not_picked":["theDuelist:ShiranuiSwordsaga","theDuelist:GhostrickJiangshi+1","theDuelist:VendreadRevenants","theDuelist:Yasha"],"picked":"theDuelist:VampireSorcerer","floor":31}],"player_experience":188053,"relics_obtained":[{"floor":6,"key":"Snake Skull"},{"floor":14,"key":"Tiny Chest"},{"floor":24,"key":"theDuelist:BoosterPackHealer"},{"floor":26,"key":"Old Coin"},{"floor":30,"key":"theDuelist:DuelistTeaSet"}],"event_choices":[{"power_reward":2,"total_magic_score":17,"gold_gain":0,"duelist":true,"damage_taken":0,"relics_obtained":["theDuelist:NamelessPowerRelicA"],"points":2,"max_hp_gain":0,"max_hp_loss":0,"spent_points":{"magic":0,"greed":0,"war":0,"power":2,"hunger":0},"event_name":"Nameless Tomb","floor":3,"gold_loss":19,"cards_obtained":[]},{"damage_healed":0,"gold_gain":75,"player_choice":"Gather Gold","damage_taken":11,"max_hp_gain":0,"max_hp_loss":0,"event_name":"World of Goop","floor":11,"gold_loss":0},{"damage_healed":0,"gold_gain":0,"player_choice":"Entered Light","damage_taken":16,"max_hp_gain":0,"max_hp_loss":0,"event_name":"Shining Light","floor":13,"gold_loss":0,"cards_upgraded":["theDuelist:SkullConductor","theDuelist:TutanMask"]},{"damage_healed":0,"gold_gain":0,"player_choice":"Forge","damage_taken":0,"max_hp_gain":0,"max_hp_loss":0,"event_name":"Accursed Blacksmith","floor":19,"gold_loss":0,"cards_upgraded":["theDuelist:BurningSkullHead"]}],"is_beta":false,"boss_relics":[{"not_picked":["Runic Dome","Astrolabe"],"picked":"Fusion Hammer"}],"items_purged_floors":[],"is_endless":false,"potions_floor_spawned":[12,16,20,22,30],"killed_by":"Automaton","ascension_level":10}}