{"host":"15dd7v8o90xso62x","time":1609636709,"event":{"mods":["BaseMod","Minty Spire (QoL Compilation)","Quick Restart","StSLib","SuperFastMode"],"gold_per_floor":[110,129,179,197,217,247,265,265,292,292,292,292,292,311,311,400,400,414,414,414,432,432,432,450,450,450,461,200,250,250,250],"floor_reached":30,"playtime":934,"items_purged":["Strike_B"],"score":460,"play_id":"fce59d74-35e1-416b-8f30-eecb8be2e855","local_time":"20210103101829","is_ascension_mode":true,"campfire_choices":[{"data":"Zap","floor":8.0,"key":"SMITH"},{"data":"Streamline","floor":10.0,"key":"SMITH"},{"data":"Dualcast","floor":13.0,"key":"SMITH"},{"data":"Heatsinks","floor":15.0,"key":"SMITH"},{"data":"Buffer","floor":23.0,"key":"SMITH"},{"data":"Coolheaded","floor":25.0,"key":"SMITH"}],"circlet_count":0,"master_deck":["AscendersBane","Strike_B","Strike_B","Strike_B","Defend_B","Defend_B","Defend_B","Defend_B","Zap+1","Dualcast+1","Genetic Algorithm","Streamline+1","Sweeping Beam","Compile Driver","Heatsinks+1","Chill","Echo Form","Buffer+1","Coolheaded+1","Blizzard","Capacitor","Panacea"],"relics":["Cracked Core","NeowsBlessing","Omamori","Happy Flower","Bloody Idol","Coffee Dripper","Sundial"],"acts_visited":["TheCity"],"potions_floor_usage":[],"damage_taken":[{"damage":0.0,"enemies":"Cultist","floor":1.0,"turns":1.0},{"damage":0.0,"enemies":"Jaw Worm","floor":2.0,"turns":1.0},{"damage":0.0,"enemies":"2 Louse","floor":4.0,"turns":1.0},{"damage":24.0,"enemies":"Large Slime","floor":5.0,"turns":7.0},{"damage":11.0,"enemies":"Gremlin Nob","floor":6.0,"turns":3.0},{"damage":12.0,"enemies":"3 Louse","floor":7.0,"turns":4.0},{"damage":1.0,"enemies":"2 Fungi Beasts","floor":14.0,"turns":2.0},{"damage":2.0,"enemies":"Hexaghost","floor":16.0,"turns":9.0},{"damage":29.0,"enemies":"2 Thieves","floor":18.0,"turns":5.0},{"damage":3.0,"enemies":"3 Byrds","floor":21.0,"turns":6.0},{"damage":2.0,"enemies":"Snecko","floor":24.0,"turns":7.0},{"damage":10.0,"enemies":"Cultist and Chosen","floor":27.0,"turns":7.0},{"damage":97,"enemies":"Book of Stabbing","floor":30,"turns":5}],"seed_played":"4281788753998690702","potions_obtained":[{"floor":4.0,"key":"FearPotion"},{"floor":5.0,"key":"SteroidPotion"},{"floor":6.0,"key":"AttackPotion"},{"floor":7.0,"key":"FairyPotion"},{"floor":18.0,"key":"DistilledChaos"},{"floor":27.0,"key":"FairyPotion"}],"is_trial":false,"path_per_floor":["M","M","?","M","M","E","M","R","T","R","?","?","R","M","R","B",null,"M","?","?","M","?","R","M","R","T","M","$","?","E"],"character_chosen":"DEFECT","items_purchased":["Capacitor","Panacea"],"campfire_rested":0,"item_purchase_floors":[28,28],"current_hp_per_floor":[64,64,64,64,40,29,17,17,17,17,40,16,16,15,15,13,57,28,28,28,30,30,30,33,33,33,28,28,33,0,0],"gold":250,"neow_bonus":"THREE_ENEMY_KILL","is_daily":false,"chose_seed":false,"campfire_upgraded":6,"win_rate":0.0,"timestamp":1609636709,"path_taken":["M","?","?","M","?","E","?","R","T","R","?","?","R","M","R","BOSS","M","?","?","M","?","R","M","R","T","M","$","?","E"],"items_purchased_type":["Card","Card"],"build_version":"2020-12-22","purchased_purges":1,"victory":false,"max_hp_per_floor":[71,71,71,71,71,71,71,71,71,71,71,71,71,71,71,71,71,71,71,71,71,71,71,71,71,71,71,71,71,71,71],"card_choices":[{"not_picked":["Redo","Hologram"],"picked":"Genetic Algorithm","floor":1.0},{"not_picked":["Redo","Rebound"],"picked":"Streamline","floor":2.0},{"not_picked":["Beam Cell","Auto Shields"],"picked":"Sweeping Beam","floor":4.0},{"not_picked":["Stack","Lockon"],"picked":"Compile Driver","floor":5.0},{"not_picked":["Sweeping Beam","Tempest"],"picked":"Heatsinks","floor":6.0},{"not_picked":["Genetic Algorithm","Blizzard"],"picked":"Chill","floor":7.0},{"not_picked":["Conserve Battery","Steam"],"picked":"Echo Form","floor":14.0},{"not_picked":["Multi-Cast","Thunder Strike"],"picked":"Buffer","floor":16.0},{"not_picked":["Redo","Conserve Battery"],"picked":"Coolheaded","floor":18.0},{"not_picked":["Leap","Conserve Battery+1"],"picked":"Blizzard","floor":21.0},{"not_picked":["Melter","Scrape","Genetic Algorithm"],"picked":"SKIP","floor":24.0},{"not_picked":["Rebound","Doom and Gloom","Sunder"],"picked":"SKIP","floor":27.0}],"player_experience":994624,"relics_obtained":[{"floor":6.0,"key":"Omamori"},{"floor":9.0,"key":"Happy Flower"},{"floor":26.0,"key":"Sundial"}],"event_choices":[{"damage_healed":0.0,"max_hp_gain":0.0,"max_hp_loss":0.0,"gold_gain":50.0,"event_name":"Golden Shrine","player_choice":"Pray","floor":3.0,"gold_loss":0.0,"damage_taken":0.0},{"damage_healed":23.0,"max_hp_gain":0.0,"max_hp_loss":0.0,"gold_gain":0.0,"event_name":"Big Fish","player_choice":"Banana","floor":11.0,"gold_loss":0.0,"damage_taken":0.0},{"damage_healed":0.0,"max_hp_gain":0.0,"max_hp_loss":0.0,"gold_gain":0.0,"event_name":"Golden Idol","player_choice":"Take Damage","floor":12.0,"gold_loss":0.0,"damage_taken":24.0,"relics_obtained":["Golden Idol"]},{"damage_healed":0.0,"max_hp_gain":0.0,"max_hp_loss":0.0,"gold_gain":0.0,"event_name":"Ghosts","player_choice":"Ignored","floor":19.0,"gold_loss":0.0,"damage_taken":0.0},{"damage_healed":0.0,"max_hp_gain":0.0,"max_hp_loss":0.0,"gold_gain":0.0,"event_name":"Forgotten Altar","player_choice":"Gave Idol","floor":20.0,"relics_lost":["Golden Idol"],"gold_loss":0.0,"damage_taken":0.0,"relics_obtained":["Bloody Idol"]},{"damage_healed":0.0,"max_hp_gain":0.0,"max_hp_loss":0.0,"gold_gain":0.0,"event_name":"Cursed Tome","player_choice":"Ignored","floor":22.0,"gold_loss":0.0,"damage_taken":0.0},{"damage_healed":0.0,"max_hp_gain":0.0,"max_hp_loss":0.0,"gold_gain":50.0,"event_name":"Nest","player_choice":"Stole From Cult","floor":29.0,"gold_loss":0.0,"damage_taken":0.0}],"is_beta":false,"boss_relics":[{"not_picked":["Busted Crown","Snecko Eye"],"picked":"Coffee Dripper"}],"items_purged_floors":[28],"is_endless":false,"potions_floor_spawned":[4,5,6,7,18,27],"killed_by":"Book of Stabbing","ascension_level":20}}