{"host":"na09lpbrez4gbfiz","time":1609637111,"event":{"mods":["Act Like it!","BaseMod","BetterRewards","Colored Map","Colored Powertips","DeckTracker","Googly Eyes","Highlight Path","Minty Spire (QoL Compilation)","Quick Restart","Spicy Shops","StSLib","SuperFastMode","Synergy Search"],"gold_per_floor":[112,112,92,111,130,130,163,163,163,174,174,174,209,226,226,321,321,341,256,36,36,49,49,65,65,144,144,144],"floor_reached":27,"playtime":818,"items_purged":["Regret"],"score":354,"play_id":"75d19aa8-bf6f-4403-a262-7ac76fdcf71f","local_time":"20210103022511","is_ascension_mode":true,"campfire_choices":[{"data":"Carnage","floor":6,"key":"SMITH"},{"data":"Ghostly Armor","floor":8,"key":"SMITH"},{"data":"Bash","floor":12,"key":"SMITH"},{"data":"Burning Pact","floor":15,"key":"SMITH"},{"data":"Demon Form","floor":23,"key":"SMITH"},{"data":"Metallicize","floor":25,"key":"SMITH"}],"circlet_count":0,"master_deck":["AscendersBane","Strike_R","Strike_R+1","Strike_R","Strike_R","Strike_R+1","Defend_R","Defend_R","Defend_R","Defend_R","Bash+1","Burning Pact+1","Ghostly Armor+1","Carnage+1","Demon Form+1","Intimidate","Pain","Metallicize+1"],"relics":["Burning Blood","NeowsBlessing","Meat on the Bone","Bottled Flame","MealTicket","White Beast Statue","Busted Crown","Kunai","Brimstone","WarpedTongs","InkBottle"],"acts_visited":["Exordium","TheCity"],"potions_floor_usage":[13,13,16,24],"damage_taken":[{"damage":0,"enemies":"Jaw Worm","floor":1,"turns":1},{"damage":0,"enemies":"Cultist","floor":4,"turns":1},{"damage":0,"enemies":"Small Slimes","floor":5,"turns":1},{"damage":26,"enemies":"Gremlin Nob","floor":7,"turns":4},{"damage":0,"enemies":"2 Fungi Beasts","floor":10,"turns":3},{"damage":35,"enemies":"Lagavulin","floor":13,"turns":6},{"damage":10,"enemies":"Gremlin Gang","floor":14,"turns":7},{"damage":45,"enemies":"The Guardian","floor":16,"turns":12},{"damage":28,"enemies":"3 Byrds","floor":18,"turns":7},{"damage":6,"enemies":"Chosen","floor":22,"turns":3},{"damage":41,"enemies":"3 Cultists","floor":24,"turns":5},{"damage":83,"enemies":"Slavers","floor":27,"turns":5}],"seed_played":"346895441594438081","potions_obtained":[{"floor":3,"key":"SmokeBomb"},{"floor":4,"key":"BlessingOfTheForge"},{"floor":7,"key":"DistilledChaos"},{"floor":14,"key":"HeartOfIron"},{"floor":16,"key":"Strength Potion"},{"floor":18,"key":"Dexterity Potion"},{"floor":22,"key":"BloodPotion"},{"floor":24,"key":"BloodPotion"}],"is_trial":false,"path_per_floor":["M","?","?","M","M","R","E","R","T","M","?","R","E","M","R","B",null,"M","?","$","?","M","R","M","R","T","E"],"character_chosen":"IRONCLAD","items_purchased":["Brimstone"],"campfire_rested":0,"item_purchase_floors":[20],"current_hp_per_floor":[78,62,62,68,74,74,54,54,54,60,60,60,43,51,51,24,66,56,56,71,71,71,71,64,64,64,0,0],"gold":144,"neow_bonus":"THREE_ENEMY_KILL","is_daily":false,"chose_seed":false,"campfire_upgraded":6,"win_rate":0.0,"timestamp":1609637111,"path_taken":["M","?","?","?","M","R","E","R","T","M","?","R","E","M","R","BOSS","M","?","$","?","M","R","?","R","T","E"],"items_purchased_type":["Relic"],"build_version":"2020-12-22","purchased_purges":1,"victory":false,"max_hp_per_floor":[80,80,80,80,80,80,80,80,80,80,80,80,80,80,80,80,80,80,80,80,80,80,80,80,80,80,80,80],"card_choices":[{"not_picked":["Armaments","Pommel Strike"],"picked":"Burning Pact","floor":1},{"not_picked":["Wild Strike","Disarm"],"picked":"Ghostly Armor","floor":4},{"not_picked":["Shockwave","Clash"],"picked":"Carnage","floor":5},{"not_picked":["Dropkick","Pommel Strike","Entrench"],"picked":"SKIP","floor":7},{"not_picked":["Burning Pact","Juggernaut","Flame Barrier"],"picked":"SKIP","floor":10},{"not_picked":["Anger","Entrench","Sentinel"],"picked":"SKIP","floor":13},{"not_picked":["Twin Strike","Pommel Strike","Burning Pact"],"picked":"SKIP","floor":14},{"not_picked":["Barricade","Juggernaut"],"picked":"Demon Form","floor":16},{"not_picked":[],"picked":"Intimidate","floor":18},{"not_picked":["Clothesline"],"picked":"SKIP","floor":22},{"not_picked":[],"picked":"Metallicize","floor":24}],"player_experience":263135,"relics_obtained":[{"floor":7,"key":"Meat on the Bone"},{"floor":9,"key":"Bottled Flame"},{"floor":13,"key":"White Beast Statue"},{"floor":26,"key":"InkBottle"}],"event_choices":[{"damage_healed":0,"gold_gain":0,"player_choice":"Entered Light","damage_taken":16,"max_hp_gain":0,"max_hp_loss":0,"event_name":"Shining Light","floor":2,"gold_loss":0,"cards_upgraded":["Strike_R","Strike_R"]},{"damage_healed":0,"gold_gain":0,"player_choice":"Bought 1 Potion","damage_taken":0,"max_hp_gain":0,"max_hp_loss":0,"event_name":"The Woman in Blue","floor":3,"gold_loss":0},{"damage_healed":0,"gold_gain":0,"player_choice":"Box","damage_taken":0,"relics_obtained":["MealTicket"],"max_hp_gain":0,"max_hp_loss":0,"event_name":"Big Fish","floor":11,"gold_loss":0,"cards_obtained":["Regret"]},{"damage_healed":0,"gold_gain":0,"player_choice":"Obtained Relic","damage_taken":0,"relics_obtained":["Kunai"],"max_hp_gain":0,"max_hp_loss":0,"event_name":"Addict","floor":19,"gold_loss":85},{"damage_healed":0,"gold_gain":0,"player_choice":"Rummage","damage_taken":0,"relics_obtained":["WarpedTongs"],"max_hp_gain":0,"max_hp_loss":0,"event_name":"Accursed Blacksmith","floor":21,"gold_loss":0,"cards_obtained":["Pain"]}],"is_beta":false,"boss_relics":[{"not_picked":["Tiny House","SacredBark"],"picked":"Busted Crown"}],"items_purged_floors":[20],"is_endless":false,"potions_floor_spawned":[4,7,10,14,16,18,22,24],"killed_by":"Slavers","ascension_level":12}}