{"host":"pvqnz9ztumzw3jgr","time":1609707937,"event":{"mods":["BaseMod","Minty Spire (QoL Compilation)"],"gold_per_floor":[115,131,131,141,157,190,72,104,176,203,203,203,203,217,217,217,217],"floor_reached":16,"playtime":1071,"items_purged":["Strike_R"],"score":238,"play_id":"11591879-7e15-4e7a-a44a-d89a6eab96d6","local_time":"20210103160537","is_ascension_mode":true,"campfire_choices":[{"floor":11,"key":"REST"},{"data":"Bash","floor":15,"key":"SMITH"}],"circlet_count":0,"master_deck":["AscendersBane","Strike_R","Strike_R","Strike_R","Strike_R","Defend_R","Defend_R","Defend_R","Defend_R","Bash+1","Fiend Fire","Clothesline","Dropkick","Flame Barrier","Seeing Red","Evolve","Inflame"],"relics":["Burning Blood","Potion Belt","Turnip","Ancient Tea Set","Centennial Puzzle","Mummified Hand"],"acts_visited":["Exordium"],"potions_floor_usage":[10,10,13],"damage_taken":[{"damage":1,"enemies":"Cultist","floor":1,"turns":3},{"damage":4,"enemies":"Jaw Worm","floor":2,"turns":3},{"damage":4,"enemies":"Small Slimes","floor":4,"turns":3},{"damage":12,"enemies":"Blue Slaver","floor":5,"turns":4},{"damage":42,"enemies":"Lagavulin","floor":6,"turns":8},{"damage":30,"enemies":"3 Sentries","floor":8,"turns":9},{"damage":6,"enemies":"Gremlin Nob","floor":10,"turns":3},{"damage":0,"enemies":"Exordium Thugs","floor":13,"turns":1},{"damage":9,"enemies":"2 Fungi Beasts","floor":14,"turns":3},{"damage":35,"enemies":"Hexaghost","floor":16,"turns":9}],"seed_played":"-2606571843606703907","potions_obtained":[{"floor":1,"key":"SmokeBomb"},{"floor":2,"key":"ColorlessPotion"},{"floor":6,"key":"Weak Potion"},{"floor":8,"key":"Fire Potion"}],"is_trial":false,"path_per_floor":["M","M","?","M","M","E","$","E","T","E","R","T","M","M","R","B"],"character_chosen":"IRONCLAD","items_purchased":["Evolve"],"campfire_rested":1,"item_purchase_floors":[7],"current_hp_per_floor":[73,75,75,75,69,33,33,9,9,9,31,31,37,34,34,0,0],"gold":217,"neow_bonus":"ONE_RANDOM_RARE_CARD","is_daily":false,"chose_seed":false,"campfire_upgraded":1,"win_rate":0.0,"timestamp":1609707937,"path_taken":["M","M","?","?","M","E","$","E","T","E","R","?","M","M","R","BOSS"],"items_purchased_type":["Card"],"build_version":"2020-12-22","purchased_purges":1,"victory":false,"max_hp_per_floor":[75,75,75,75,75,75,75,75,75,75,75,75,75,75,75,75,75],"card_choices":[{"not_picked":["Sword Boomerang","Iron Wave"],"picked":"Clothesline","floor":1},{"not_picked":["Iron Wave","Perfected Strike"],"picked":"Dropkick","floor":2},{"not_picked":["Heavy Blade","Bloodletting","Brutality"],"picked":"SKIP","floor":4},{"not_picked":["Clothesline","Headbutt"],"picked":"Flame Barrier","floor":5},{"not_picked":["Thunderclap","Sword Boomerang"],"picked":"Seeing Red","floor":6},{"not_picked":["Thunderclap","Hemokinesis","Iron Wave"],"picked":"SKIP","floor":8},{"not_picked":["Entrench","Thunderclap","Combust"],"picked":"SKIP","floor":10},{"not_picked":["Wild Strike","Havoc"],"picked":"Inflame","floor":14}],"player_experience":1588557,"relics_obtained":[{"floor":6,"key":"Turnip"},{"floor":8,"key":"Ancient Tea Set"},{"floor":10,"key":"Centennial Puzzle"},{"floor":12,"key":"Mummified Hand"}],"event_choices":[{"damage_healed":0,"gold_gain":0,"player_choice":"Gave Potion","damage_taken":0,"relics_obtained":["Potion Belt"],"max_hp_gain":0,"max_hp_loss":0,"event_name":"WeMeetAgain","floor":3,"gold_loss":0}],"is_beta":false,"boss_relics":[],"items_purged_floors":[7],"is_endless":false,"potions_floor_spawned":[1,2,6,8],"killed_by":"Hexaghost","ascension_level":19}}