{"host":"y7sd46uq4xlni546","time":1609700373,"event":{"mods":["AchievementEnabler","BaseMod","Colored Map","Colored Powertips","Curses Come First","Filter the Spire","Minty Spire (QoL Compilation)","Quick Restart","Random Character Button","Rare Cards Sparkle","StSLib"],"gold_per_floor":[109,109,59,14,27,59,59,87,87,87,111,145,154,163,163,274,333,353,369,388,388,435,435,445,454,480,489,499,499,499,527,536,634,634,651,679,355,373,383,410,410,435,489,489,389,489,510,527,527,527],"floor_reached":51,"playtime":1907,"items_purged":["Bash","Fire Breathing"],"score":915,"play_id":"5a5ddd4c-bb7d-4185-9fa5-374de1b7aa57","local_time":"20210103195933","is_ascension_mode":false,"campfire_choices":[{"floor":7.0,"key":"REST"},{"floor":10.0,"key":"REST"},{"floor":13.0,"key":"REST"},{"data":"Shrug It Off","floor":15.0,"key":"SMITH"},{"floor":23.0,"key":"REST"},{"floor":25.0,"key":"REST"},{"floor":32.0,"key":"REST"},{"floor":44,"key":"REST"},{"data":"Barricade","floor":49,"key":"SMITH"}],"circlet_count":0,"master_deck":["Strike_R+1","Defend_R+1","CurseOfTheBell","Shrug It Off+1","Shrug It Off","Body Slam+1","Immolate+1","Barricade+1","Spot Weakness+1","Shrug It Off+1","Feel No Pain+1","Offering","Shrug It Off","Body Slam+1","Body Slam+1","Feed+1"],"relics":["Calling Bell","Anchor","InkBottle","Ginger","Molten Egg 2","Potion Belt","CeramicFish","Dream Catcher","Tiny House","War Paint","Vajra","Mango","Empty Cage","Mummified Hand","StoneCalendar","Akabeko"],"acts_visited":["Exordium","TheCity","TheBeyond"],"potions_floor_usage":[40,40,42,50,50],"damage_taken":[{"damage":0.0,"enemies":"Small Slimes","floor":1.0,"turns":3.0},{"damage":3.0,"enemies":"Jaw Worm","floor":5.0,"turns":3.0},{"damage":24.0,"enemies":"Lagavulin","floor":6.0,"turns":6.0},{"damage":40.0,"enemies":"3 Sentries","floor":8.0,"turns":12.0},{"damage":10.0,"enemies":"Cultist","floor":11.0,"turns":6.0},{"damage":13.0,"enemies":"Gremlin Nob","floor":12.0,"turns":4.0},{"damage":53.0,"enemies":"The Guardian","floor":16.0,"turns":13.0},{"damage":16.0,"enemies":"Shell Parasite","floor":18.0,"turns":5.0},{"damage":0.0,"enemies":"Spheric Guardian","floor":19.0,"turns":3.0},{"damage":13.0,"enemies":"Snake Plant","floor":20.0,"turns":6.0},{"damage":31.0,"enemies":"Shelled Parasite and Fungi","floor":24.0,"turns":8.0},{"damage":52.0,"enemies":"Snecko","floor":28.0,"turns":5.0},{"damage":6.0,"enemies":"Gremlin Leader","floor":31.0,"turns":6.0},{"damage":6.0,"enemies":"Automaton","floor":33.0,"turns":12.0},{"damage":8.0,"enemies":"3 Darklings","floor":35.0,"turns":4.0},{"damage":6.0,"enemies":"Orb Walker","floor":36.0,"turns":5.0},{"damage":6.0,"enemies":"3 Darklings","floor":38.0,"turns":3.0},{"damage":6.0,"enemies":"Writhing Mass","floor":39.0,"turns":4.0},{"damage":14,"enemies":"Nemesis","floor":40,"turns":5},{"damage":9,"enemies":"Maw","floor":42,"turns":5},{"damage":6,"enemies":"Sphere and 2 Shapes","floor":47,"turns":2},{"damage":6,"enemies":"Spire Growth","floor":48,"turns":4},{"damage":9,"enemies":"Donu and Deca","floor":50,"turns":5}],"seed_played":"-8416811317066306603","potions_obtained":[{"floor":1.0,"key":"BlessingOfTheForge"},{"floor":8.0,"key":"Fruit Juice"},{"floor":12.0,"key":"BlessingOfTheForge"},{"floor":16.0,"key":"Fire Potion"},{"floor":17.0,"key":"Swift Potion"},{"floor":18.0,"key":"Strength Potion"},{"floor":24.0,"key":"BloodPotion"},{"floor":31.0,"key":"Ancient Potion"},{"floor":33.0,"key":"SpeedPotion"},{"floor":35.0,"key":"ColorlessPotion"},{"floor":36.0,"key":"Dexterity Potion"},{"floor":39.0,"key":"ColorlessPotion"},{"floor":42,"key":"Weak Potion"}],"is_trial":false,"path_per_floor":["M","?","?","$","M","E","R","E","T","R","M","E","R","?","R","B",null,"M","M","M","?","T","R","M","R","T","?","M","?","?","E","R","B",null,"M","M","$","M","M","E","?","M","T","R","$","?","M","M","R","B",null],"character_chosen":"IRONCLAD","items_purchased":["Shrug It Off","Mummified Hand"],"campfire_rested":7,"item_purchase_floors":[4,37],"current_hp_per_floor":[80,73,73,73,70,46,70,35,35,60,50,37,62,62,62,9,90,74,74,61,43,43,71,40,68,68,68,35,35,35,43,75,69,109,101,95,95,89,83,69,69,60,60,92,92,92,86,84,84,79],"gold":527,"neow_bonus":"BOSS_RELIC","is_daily":false,"chose_seed":false,"campfire_upgraded":2,"win_rate":0.0,"timestamp":1609700373,"path_taken":["M","?","?","$","M","E","R","E","T","R","M","E","R","?","R","BOSS","M","M","?","?","?","R","M","R","T","?","?","?","?","E","R","BOSS","M","M","$","M","?","E","?","M","T","R","$","?","M","M","R","BOSS"],"items_purchased_type":["Card","Relic"],"build_version":"2020-12-22","purchased_purges":2,"victory":true,"max_hp_per_floor":[80,80,80,80,80,80,80,85,85,85,85,85,85,85,85,85,90,90,90,90,95,95,95,95,95,95,95,95,95,95,109,109,109,109,109,109,109,109,109,109,109,109,109,109,109,109,109,113,113,117],"card_choices":[{"not_picked":["Wild Strike","Clash","Anger"],"picked":"SKIP","floor":1.0},{"not_picked":["Battle Trance","Headbutt","Sword Boomerang"],"picked":"SKIP","floor":5.0},{"not_picked":["Uppercut+1","Headbutt+1","Clothesline+1"],"picked":"SKIP","floor":6.0},{"not_picked":["Hemokinesis+1","Reaper+1"],"picked":"Shrug It Off","floor":8.0},{"not_picked":["Disarm","Blood for Blood+1"],"picked":"Body Slam+1","floor":11.0},{"not_picked":["Evolve","Iron Wave+1","Hemokinesis+1"],"picked":"SKIP","floor":12.0},{"not_picked":["Headbutt+1","Bloodletting"],"picked":"Cleave+1","floor":13.0},{"not_picked":["Berserk","Fiend Fire+1"],"picked":"Barricade","floor":16.0},{"not_picked":["Clothesline+1","Havoc"],"picked":"Spot Weakness","floor":17.0},{"not_picked":["True Grit","Sword Boomerang+1"],"picked":"Fire Breathing","floor":18.0},{"not_picked":["Reckless Charge+1","Ghostly Armor","Searing Blow+1"],"picked":"SKIP","floor":19.0},{"not_picked":["Iron Wave+1","Rupture+1"],"picked":"Shrug It Off+1","floor":20.0},{"not_picked":["Wild Strike+1","Warcry","Second Wind"],"picked":"SKIP","floor":24.0},{"not_picked":["Fire Breathing","Heavy Blade+1"],"picked":"Feel No Pain+1","floor":25.0},{"not_picked":["Flex","Barricade","Headbutt+1"],"picked":"SKIP","floor":28.0},{"not_picked":["Feel No Pain+1","Perfected Strike+1","Corruption"],"picked":"SKIP","floor":31.0},{"not_picked":["Clash+1","Carnage+1"],"picked":"Shrug It Off","floor":32.0},{"not_picked":["Spot Weakness","Sword Boomerang+1","Cleave+1"],"picked":"SKIP","floor":35.0},{"not_picked":["Flex+1","Heavy Blade+1"],"picked":"Body Slam+1","floor":36.0},{"not_picked":["Seeing Red","Iron Wave+1","Armaments"],"picked":"SKIP","floor":38.0},{"not_picked":["Iron Wave+1","Battle Trance","Perfected Strike+1"],"picked":"SKIP","floor":39.0},{"not_picked":["Armaments","Clash+1","Headbutt+1"],"picked":"SKIP","floor":40},{"not_picked":["Metallicize","Pommel Strike+1"],"picked":"Body Slam+1","floor":42},{"not_picked":["Bloodletting+1","Seeing Red+1"],"picked":"Feed+1","floor":47},{"not_picked":["Thunderclap+1","Sword Boomerang+1","Anger+1"],"picked":"SKIP","floor":48}],"player_experience":592361,"relics_obtained":[{"floor":0.0,"key":"Anchor"},{"floor":0.0,"key":"InkBottle"},{"floor":0.0,"key":"Ginger"},{"floor":6.0,"key":"Molten Egg 2"},{"floor":8.0,"key":"Potion Belt"},{"floor":9.0,"key":"CeramicFish"},{"floor":12.0,"key":"Dream Catcher"},{"floor":22.0,"key":"War Paint"},{"floor":26.0,"key":"Vajra"},{"floor":31.0,"key":"Mango"},{"floor":40,"key":"StoneCalendar"},{"floor":43,"key":"Akabeko"}],"event_choices":[{"cards_removed":["Strike_R"],"damage_healed":0.0,"max_hp_gain":0.0,"max_hp_loss":0.0,"gold_gain":0.0,"event_name":"Golden Wing","player_choice":"Card Removal","floor":2.0,"gold_loss":0.0,"damage_taken":7.0},{"cards_removed":["Defend_R"],"damage_healed":0.0,"max_hp_gain":0.0,"max_hp_loss":0.0,"gold_gain":0.0,"event_name":"The Cleric","player_choice":"Card Removal","floor":3.0,"gold_loss":50.0,"damage_taken":0.0},{"damage_healed":0.0,"max_hp_gain":0.0,"max_hp_loss":0.0,"gold_gain":0.0,"cards_transformed":["Strike_R"],"event_name":"Transmorgrifier","player_choice":"Transformed","floor":14.0,"gold_loss":0.0,"damage_taken":0.0,"cards_obtained":["Immolate"]},{"damage_healed":0.0,"max_hp_gain":5.0,"max_hp_loss":0.0,"gold_gain":0.0,"event_name":"Forgotten Altar","player_choice":"Shed Blood","floor":21.0,"gold_loss":0.0,"damage_taken":23.0},{"damage_healed":0.0,"max_hp_gain":0.0,"max_hp_loss":0.0,"gold_gain":0.0,"cards_transformed":["Strike_R"],"event_name":"Transmorgrifier","player_choice":"Transformed","floor":27.0,"gold_loss":0.0,"damage_taken":0.0,"cards_obtained":["Offering"]},{"damage_healed":0.0,"max_hp_gain":0.0,"max_hp_loss":0.0,"gold_gain":0.0,"event_name":"Cursed Tome","player_choice":"Ignored","floor":29.0,"gold_loss":0.0,"damage_taken":0.0},{"cards_removed":["Defend_R"],"damage_healed":0.0,"max_hp_gain":0.0,"max_hp_loss":0.0,"gold_gain":0.0,"event_name":"Bonfire Elementals","player_choice":"Offered Basic","floor":30.0,"gold_loss":0.0,"damage_taken":0.0},{"cards_removed":["Cleave"],"damage_healed":0,"gold_gain":0,"player_choice":"Removed Attack","damage_taken":0,"max_hp_gain":0,"max_hp_loss":0,"event_name":"Falling","floor":41,"gold_loss":0},{"damage_healed":0,"gold_gain":100,"player_choice":"Pray","damage_taken":0,"max_hp_gain":0,"max_hp_loss":0,"event_name":"Golden Shrine","floor":46,"gold_loss":0}],"is_beta":false,"boss_relics":[{"not_picked":["Velvet Choker","SlaversCollar"],"picked":"Tiny House"},{"not_picked":["SacredBark","Runic Cube"],"picked":"Empty Cage"}],"items_purged_floors":[37,45],"is_endless":false,"potions_floor_spawned":[1,8,12,16,18,24,31,33,35,36,39,42],"ascension_level":0}}