{"host":"ta9mufxydm4vkknf","time":1609713333,"event":{"mods":["AchievementEnabler","BaseMod","Minty Spire (QoL Compilation)","Quick Restart"],"gold_per_floor":[111,14,31,31,50,50,83,103,103,103,114,145,145,145,145,247,247,261,261,275,275,289,314,314,345,357,385,322,350,382,422,434,542,554,576,608,620,647,669,681,382,432,432,432,460,460,460,470,470,470,470],"floor_reached":50,"playtime":2748,"items_purged":["Defend_B","Parasite"],"score":675,"play_id":"cf0d7999-ce11-4b9f-a8f6-8643cb0965c9","local_time":"20210103233533","is_ascension_mode":true,"campfire_choices":[{"data":"Conserve Battery","floor":6,"key":"SMITH"},{"data":"Streamline","floor":10,"key":"SMITH"},{"data":"Biased Cognition","floor":13,"key":"SMITH"},{"data":"Leap","floor":15,"key":"SMITH"},{"floor":24,"key":"REST"},{"data":"Glacier","floor":32,"key":"SMITH"},{"data":"Redo","floor":40,"key":"SMITH"},{"floor":44,"key":"DIG"},{"floor":49,"key":"REST"}],"circlet_count":0,"master_deck":["Defend_B+1","Defend_B+1","Zap","Dualcast","Beam Cell","Conserve Battery+1","Streamline+1","Redo+1","Leap+1","Biased Cognition+1","Steam+1","Fusion+1","Bite","Bite+1","Bite","Bite","Ball Lightning","Glacier+1","Compile Driver+1","Capacitor+1","Ball Lightning","Buffer+1","Ball Lightning+1","Loop+1"],"relics":["Busted Crown","CultistMask","Bag of Preparation","War Paint","Letter Opener","Symbiotic Virus","Astrolabe","MealTicket","MawBank","Frozen Egg 2","Mummified Hand","Black Star","Shovel","Question Card","Ornamental Fan","Singing Bowl","Whetstone"],"acts_visited":["Exordium","TheCity","TheBeyond"],"potions_floor_usage":[16,18,18,22,23,31,31,38,45,50,50],"damage_taken":[{"damage":1,"enemies":"Cultist","floor":1,"turns":4},{"damage":0,"enemies":"2 Louse","floor":3,"turns":3},{"damage":7,"enemies":"Jaw Worm","floor":5,"turns":2},{"damage":10,"enemies":"Gremlin Nob","floor":7,"turns":4},{"damage":12,"enemies":"Large Slime","floor":8,"turns":5},{"damage":0,"enemies":"2 Fungi Beasts","floor":11,"turns":2},{"damage":2,"enemies":"Lagavulin","floor":12,"turns":7},{"damage":34,"enemies":"Hexaghost","floor":16,"turns":8},{"damage":10,"enemies":"2 Thieves","floor":18,"turns":4},{"damage":25,"enemies":"3 Byrds","floor":20,"turns":5},{"damage":14,"enemies":"Snake Plant","floor":22,"turns":4},{"damage":21,"enemies":"Book of Stabbing","floor":23,"turns":5},{"damage":42,"enemies":"Gremlin Leader","floor":25,"turns":8},{"damage":4,"enemies":"Centurion and Healer","floor":27,"turns":5},{"damage":0,"enemies":"Sentry and Sphere","floor":29,"turns":4},{"damage":6,"enemies":"Cultist and Chosen","floor":30,"turns":7},{"damage":6,"enemies":"Book of Stabbing","floor":31,"turns":5},{"damage":30,"enemies":"Automaton","floor":33,"turns":9},{"damage":12,"enemies":"Orb Walker","floor":35,"turns":4},{"damage":0,"enemies":"3 Shapes","floor":36,"turns":4},{"damage":8,"enemies":"Jaw Worm Horde","floor":38,"turns":4},{"damage":4,"enemies":"Writhing Mass","floor":39,"turns":5},{"damage":11,"enemies":"Mind Bloom Boss Battle","floor":42,"turns":5},{"damage":44,"enemies":"Nemesis","floor":45,"turns":9},{"damage":23,"enemies":"4 Shapes","floor":48,"turns":5},{"damage":102,"enemies":"Donu and Deca","floor":50,"turns":11}],"seed_played":"4254386172575950934","potions_obtained":[{"floor":8,"key":"FocusPotion"},{"floor":11,"key":"GamblersBrew"},{"floor":16,"key":"Explosive Potion"},{"floor":20,"key":"Block Potion"},{"floor":22,"key":"Regen Potion"},{"floor":23,"key":"Strength Potion"},{"floor":27,"key":"SneckoOil"},{"floor":29,"key":"LiquidMemories"},{"floor":36,"key":"LiquidMemories"},{"floor":45,"key":"DistilledChaos"}],"is_trial":false,"path_per_floor":["M","$","M","?","M","R","E","M","T","R","M","E","R","T","R","B",null,"M","?","M","$","M","E","R","E","T","M","?","M","M","E","R","B",null,"M","M","?","M","M","R","$","?","T","R","E","?","?","M","R","B"],"character_chosen":"DEFECT","items_purchased":["Conserve Battery","Loop+1","FairyPotion","DistilledChaos"],"campfire_rested":2,"item_purchase_floors":[2,41,41,41],"current_hp_per_floor":[74,74,74,74,67,67,57,45,45,45,45,43,43,43,43,9,75,65,52,37,37,31,25,40,16,16,22,22,28,36,38,38,30,52,41,49,49,44,52,52,49,38,38,38,14,45,45,26,40,0,0],"gold":470,"neow_bonus":"BOSS_RELIC","is_daily":false,"chose_seed":false,"campfire_upgraded":6,"win_rate":0.0,"timestamp":1609713333,"path_taken":["M","?","M","?","?","R","E","M","T","R","?","E","R","?","R","BOSS","M","?","M","$","M","E","R","E","T","M","?","M","M","E","R","BOSS","M","M","?","M","M","R","$","?","T","R","E","?","?","M","R","BOSS"],"items_purchased_type":["Card","Card","Potion","Potion"],"build_version":"2020-12-22","purchased_purges":2,"victory":false,"max_hp_per_floor":[75,75,75,75,75,75,75,75,75,75,75,75,75,75,75,75,75,75,52,52,52,52,52,52,52,52,52,52,52,52,52,52,52,52,52,52,52,52,52,52,49,49,49,49,51,45,45,47,47,47,47],"card_choices":[{"not_picked":[],"picked":"Beam Cell","floor":1},{"not_picked":[],"picked":"Streamline","floor":3},{"not_picked":["Beam Cell"],"picked":"SKIP","floor":5},{"not_picked":[],"picked":"Redo","floor":7},{"not_picked":[],"picked":"Leap","floor":8},{"not_picked":[],"picked":"Biased Cognition","floor":11},{"not_picked":["Reinforced Body"],"picked":"SKIP","floor":12},{"not_picked":["Redo"],"picked":"SKIP","floor":18},{"not_picked":[],"picked":"Ball Lightning","floor":20},{"not_picked":[],"picked":"Glacier","floor":22},{"not_picked":["Redo"],"picked":"SKIP","floor":23},{"not_picked":[],"picked":"Compile Driver","floor":25},{"not_picked":[],"picked":"Capacitor+1","floor":27},{"not_picked":[],"picked":"Ball Lightning","floor":29},{"not_picked":["Rebound"],"picked":"SKIP","floor":30},{"not_picked":["Compile Driver"],"picked":"SKIP","floor":31},{"not_picked":[],"picked":"Buffer+1","floor":33},{"not_picked":["Leap"],"picked":"SKIP","floor":35},{"not_picked":[],"picked":"Ball Lightning+1","floor":36},{"not_picked":["Genetic Algorithm"],"picked":"SKIP","floor":38},{"not_picked":["Ball Lightning+1"],"picked":"SKIP","floor":39},{"not_picked":["Fission","Barrage"],"picked":"Singing Bowl","floor":45},{"not_picked":["Stack+1","Genetic Algorithm+1"],"picked":"Singing Bowl","floor":48}],"player_experience":179532,"relics_obtained":[{"floor":7,"key":"Bag of Preparation"},{"floor":9,"key":"War Paint"},{"floor":12,"key":"Letter Opener"},{"floor":14,"key":"Symbiotic Virus"},{"floor":23,"key":"MealTicket"},{"floor":25,"key":"MawBank"},{"floor":26,"key":"Frozen Egg 2"},{"floor":31,"key":"Mummified Hand"},{"floor":42,"key":"Shovel"},{"floor":43,"key":"Question Card"},{"floor":44,"key":"Ornamental Fan"},{"floor":45,"key":"Singing Bowl"},{"floor":45,"key":"Whetstone"}],"event_choices":[{"damage_healed":0,"gold_gain":0,"player_choice":"Trade","damage_taken":0,"relics_obtained":["CultistMask"],"max_hp_gain":0,"max_hp_loss":0,"event_name":"FaceTrader","floor":4,"gold_loss":0},{"damage_healed":0,"gold_gain":0,"player_choice":"Became a vampire","damage_taken":0,"max_hp_gain":0,"max_hp_loss":23,"event_name":"Vampires","floor":19,"gold_loss":0,"cards_obtained":["Bite","Bite","Bite","Bite","Bite"]},{"cards_removed":["Blizzard"],"damage_healed":0,"gold_gain":0,"player_choice":"Gave Gold","damage_taken":0,"max_hp_gain":0,"max_hp_loss":0,"event_name":"Beggar","floor":28,"gold_loss":75},{"damage_healed":0,"gold_gain":0,"player_choice":"Ignored","damage_taken":0,"max_hp_gain":0,"max_hp_loss":0,"event_name":"Tomb of Lord Red Mask","floor":37,"gold_loss":0},{"damage_healed":0,"gold_gain":0,"player_choice":"Fight","damage_taken":0,"max_hp_gain":0,"max_hp_loss":0,"event_name":"MindBloom","floor":42,"gold_loss":0},{"damage_healed":45,"gold_gain":0,"player_choice":"Heal","damage_taken":0,"max_hp_gain":0,"max_hp_loss":6,"event_name":"The Moai Head","floor":46,"gold_loss":0},{"cards_removed":["Bite"],"damage_healed":0,"gold_gain":0,"player_choice":"Removed Attack","damage_taken":0,"max_hp_gain":0,"max_hp_loss":0,"event_name":"Falling","floor":47,"gold_loss":0}],"is_beta":false,"boss_relics":[{"not_picked":["Snecko Eye","Fusion Hammer"],"picked":"Astrolabe"},{"not_picked":["Inserter","SlaversCollar"],"picked":"Black Star"}],"items_purged_floors":[2,41],"is_endless":false,"potions_floor_spawned":[8,11,16,20,22,23,27,29,36,45,48],"killed_by":"Donu and Deca","ascension_level":4}}