{"host":"3iouabftir4t7z56","time":1609639353,"event":{"mods":["2.2 Compatiblity","Act Like it!","BaseMod","Colored Map","Hallownest","Minty Spire (QoL Compilation)","StSLib","The Bug Knight"],"gold_per_floor":[362,241,256,54,54,79,79,94,140,140,156,156,86,86,86,190,190,207,32,32,51,156,156,176,190,215,65,75,91,91,106,106,106,106],"floor_reached":33,"playtime":1477,"items_purged":["HollowMod:FocusHealStart","Parasite","HollowMod:NailStrikeStart"],"score":247,"play_id":"2e6a47a4-9352-4b7c-9150-0ef21d7a01c7","local_time":"20210103030233","is_ascension_mode":false,"campfire_choices":[{"floor":7,"key":"REST"},{"data":"HollowMod:GreatSlash","floor":10,"key":"SMITH"},{"data":"HollowMod:ShadowDash","floor":12,"key":"SMITH"},{"floor":15,"key":"REST"},{"data":"HollowMod:Weaversong","floor":23,"key":"SMITH"},{"floor":30,"key":"REST"},{"floor":32,"key":"REST"}],"circlet_count":0,"master_deck":["HollowMod:NailStrikeStart","HollowMod:NailStrikeStart+1","HollowMod:NailStrikeStart","HollowMod:QuickDashStart","HollowMod:QuickDashStart","HollowMod:QuickDashStart","HollowMod:QuickDashStart","HollowMod:PogoStrike","HollowMod:GreatSlash+1","HollowMod:WraithStrike","HollowMod:AbyssShriek","HollowMod:DescendingDark","HollowMod:VengefulVoid","HollowMod:FallenFury+1","HollowMod:ShadowDash+1","HollowMod:Weaversong+1","HollowMod:DescendingDark","Shame","HollowMod:VengefulVoid","HollowMod:BlackTendrils"],"relics":["HollowMod:VesselMask","Bag of Marbles","Vajra","Hallownest:StagBellRelic1","Philosopher\u0027s Stone","PreservedInsect","HollowMod:StagPassRelic"],"acts_visited":["Hallownest:Greenpath","Hallownest:CityofTears"],"potions_floor_usage":[6,21,24,28,33,33],"damage_taken":[{"damage":10,"enemies":"Hallownest:monsterHuskGuard","floor":1,"turns":4},{"damage":12,"enemies":"2_ Uuma","floor":3,"turns":3},{"damage":54,"enemies":"Hallownest:eliteCrystalGuardian","floor":6,"turns":7},{"damage":1,"enemies":"Hallownest:2_Baldur","floor":8,"turns":2},{"damage":0,"enemies":"Hallownest:monsterFoolEater","floor":11,"turns":2},{"damage":42,"enemies":"Hallownest:BossBrokenVessel","floor":16,"turns":8},{"damage":0,"enemies":"Hallownest:Flukemon_and_Top","floor":18,"turns":3},{"damage":23,"enemies":"Hallownest:3_Youths","floor":21,"turns":3},{"damage":8,"enemies":"Hallownest:monsterMisterMushroom","floor":24,"turns":3},{"damage":19,"enemies":"Hallownest:2_Flukemon","floor":25,"turns":3},{"damage":0,"enemies":"Hallownest:Glutton_and_Coward","floor":28,"turns":1},{"damage":32,"enemies":"Hallownest:2_Husk_Sentries","floor":29,"turns":3},{"damage":15,"enemies":"Hallownest:Warrior_and_Youth","floor":31,"turns":3},{"damage":49,"enemies":"Hallownest:BossSoulMaster","floor":33,"turns":3}],"seed_played":"-8173001276442292292","potions_obtained":[{"floor":3,"key":"PowerPotion"},{"floor":11,"key":"EntropicBrew"},{"floor":16,"key":"SneckoOil"},{"floor":21,"key":"ColorlessPotion"},{"floor":24,"key":"SmokeBomb"},{"floor":25,"key":"FairyPotion"},{"floor":29,"key":"Block Potion"}],"is_trial":false,"path_per_floor":["M","$","M","$","?","E","R","M","T","R","M","R","?","?","R","B",null,"M","$","?","M","?","R","M","M","T","?","M","M","R","M","R","B"],"character_chosen":"THE_BUGKNIGHT","items_purchased":["HollowMod:WraithStrike","HollowMod:AbyssShriek","HollowMod:DescendingDark","HollowMod:DescendingDark"],"campfire_rested":4,"item_purchase_floors":[2,4,4,19],"current_hp_per_floor":[71,71,59,59,59,20,41,40,40,40,40,40,40,40,61,19,72,72,72,72,49,49,49,41,22,22,22,22,15,36,21,42,0,0],"gold":106,"neow_bonus":"TWO_FIFTY_GOLD","is_daily":false,"chose_seed":false,"campfire_upgraded":3,"win_rate":0.0,"timestamp":1609639353,"path_taken":["M","?","?","$","?","E","R","M","T","R","M","R","?","?","R","BOSS","M","$","?","?","?","R","M","M","T","?","M","M","R","M","R","BOSS"],"items_purchased_type":["Card","Card","Card","Card"],"build_version":"2020-12-22","purchased_purges":3,"victory":false,"max_hp_per_floor":[75,75,75,72,72,72,72,72,72,72,72,72,72,72,72,72,72,72,72,72,72,72,72,72,72,72,72,72,72,72,72,72,72,72],"card_choices":[{"not_picked":["HollowMod:DreamGate","HollowMod:PerfectDash"],"picked":"HollowMod:GreatSlash","floor":1},{"not_picked":["HollowMod:BaldurShell","HollowMod:CoiledNail","HollowMod:TaintedHusks"],"picked":"SKIP","floor":3},{"not_picked":["HollowMod:GoodIntentions","HollowMod:TaintedHusks"],"picked":"HollowMod:VengefulVoid","floor":6},{"not_picked":["HollowMod:HeavyBlow","HollowMod:VengefulVoid"],"picked":"HollowMod:FallenFury","floor":8},{"not_picked":["HollowMod:InfectedCysts","HollowMod:ChannelNail"],"picked":"HollowMod:ShadowDash","floor":11},{"not_picked":["HollowMod:ElderbugsWisdom","HollowMod:ZotesMagnificence"],"picked":"HollowMod:Weaversong","floor":16},{"not_picked":["HollowMod:InfectedCysts+1","HollowMod:DreamGate","HollowMod:InfectionAssault"],"picked":"SKIP","floor":18},{"not_picked":["HollowMod:VengefulSpirit+1","HollowMod:DoubleDash","HollowMod:RecoilStrike"],"picked":"SKIP","floor":21},{"not_picked":["HollowMod:SoulSplash","HollowMod:SoulVessel+1"],"picked":"HollowMod:VengefulVoid","floor":24},{"not_picked":["HollowMod:SoulStrike","HollowMod:DashSlash+1","HollowMod:CloakDash"],"picked":"SKIP","floor":25},{"not_picked":["HollowMod:DreamGate","HollowMod:GoodIntentions","HollowMod:RecoilStrike"],"picked":"SKIP","floor":29},{"not_picked":["HollowMod:CoiledNail+1","HollowMod:HuntersJournal"],"picked":"HollowMod:BlackTendrils","floor":31}],"player_experience":591285,"relics_obtained":[{"floor":6,"key":"Bag of Marbles"},{"floor":9,"key":"Vajra"},{"floor":26,"key":"PreservedInsect"}],"event_choices":[],"is_beta":false,"boss_relics":[{"not_picked":["Empty Cage","Pandora\u0027s Box"],"picked":"Philosopher\u0027s Stone"}],"items_purged_floors":[2,4,19],"is_endless":false,"potions_floor_spawned":[3,11,16,21,24,25,29],"killed_by":"Hallownest:BossSoulMaster","ascension_level":0}}