{"host":"143ld85m55v6o3h7","time":1609636736,"event":{"mods":["AchievementEnabler","BaseMod","Colored Map","DeckTracker","Minty Spire (QoL Compilation)","Permanent Neow","Rare Cards Sparkle","StSLib","everything is the same but u backflip on backflip"],"gold_per_floor":[119,130,130,148,73,73,100,100,100,119,130,130,150,183,183,286,286,296,309,234,234,63,63,88,88,167,192,202,533,565,580,580,680,680,697,712,712,712,760,792,311,336,336,336,336,336,336,363,363,363],"floor_reached":51,"playtime":662,"items_purged":["Strike_G","Strike_G","Defend_G"],"score":1219,"play_id":"1d4cc51b-b43c-4728-8306-62016c4a1f2b","local_time":"20210103101856","is_ascension_mode":false,"campfire_choices":[{"data":"Catalyst","floor":6.0,"key":"SMITH"},{"data":"Deadly Poison","floor":8.0,"key":"SMITH"},{"data":"Catalyst","floor":12.0,"key":"SMITH"},{"data":"Phantasmal Killer","floor":15.0,"key":"SMITH"},{"data":"Bouncing Flask","floor":23,"key":"SMITH"},{"data":"Strike_G","floor":32,"key":"PURGE"},{"data":"Defend_G+1","floor":49,"key":"PURGE"}],"circlet_count":0,"master_deck":["Defend_G+1","Defend_G+1","Defend_G+1","Survivor+1","Neutralize+1","Phantasmal Killer+1","Deadly Poison+1","Catalyst+1","Acrobatics+1","Catalyst+1","Glass Knife+1","Writhe","Bouncing Flask+1"],"relics":["Ring of the Serpent","WingedGreaves","Gremlin Horn","Pear","Black Star","Shuriken","Anchor","Potion Belt","Ornamental Fan","Peace Pipe","Smiling Mask","Meat on the Bone","Old Coin","Whetstone","Regal Pillow","FossilizedHelix","Juzu Bracelet","Pantograph","PrismaticShard","Bag of Marbles","Bronze Scales","Ninja Scroll","White Beast Statue","Frozen Egg 2","Mark of the Bloom","Dream Catcher","Pen Nib"],"acts_visited":["Exordium","TheCity","TheBeyond"],"potions_floor_usage":[],"damage_taken":[{"damage":0.0,"enemies":"Small Slimes","floor":1.0,"turns":3.0},{"damage":0.0,"enemies":"Cultist","floor":2.0,"turns":3.0},{"damage":2.0,"enemies":"Jaw Worm","floor":4.0,"turns":5.0},{"damage":0.0,"enemies":"3 Sentries","floor":7.0,"turns":1.0},{"damage":7.0,"enemies":"Looter","floor":10.0,"turns":2.0},{"damage":6.0,"enemies":"2 Fungi Beasts","floor":11.0,"turns":4.0},{"damage":0.0,"enemies":"3 Louse","floor":13.0,"turns":1.0},{"damage":18.0,"enemies":"Gremlin Nob","floor":14.0,"turns":3.0},{"damage":11.0,"enemies":"Hexaghost","floor":16.0,"turns":5.0},{"damage":0,"enemies":"3 Byrds","floor":18,"turns":1},{"damage":0,"enemies":"Shell Parasite","floor":19,"turns":1},{"damage":0,"enemies":"Book of Stabbing","floor":24,"turns":1},{"damage":0,"enemies":"Slavers","floor":27,"turns":1},{"damage":0,"enemies":"Snake Plant","floor":28,"turns":1},{"damage":0,"enemies":"Gremlin Leader","floor":29,"turns":1},{"damage":0,"enemies":"Slavers","floor":30,"turns":1},{"damage":0,"enemies":"Chosen and Byrds","floor":31,"turns":1},{"damage":0,"enemies":"Champ","floor":33,"turns":1},{"damage":0,"enemies":"Orb Walker","floor":35,"turns":1},{"damage":0,"enemies":"3 Shapes","floor":36,"turns":1},{"damage":0,"enemies":"2 Orb Walkers","floor":39,"turns":1},{"damage":0,"enemies":"Reptomancer","floor":40,"turns":1},{"damage":0,"enemies":"Nemesis","floor":42,"turns":1},{"damage":0,"enemies":"Reptomancer","floor":48,"turns":1},{"damage":0,"enemies":"Time Eater","floor":50,"turns":1}],"seed_played":"7346509804145385129","potions_obtained":[{"floor":7.0,"key":"Poison Potion"},{"floor":11.0,"key":"Fire Potion"},{"floor":14.0,"key":"DuplicationPotion"},{"floor":18,"key":"GhostInAJar"},{"floor":24,"key":"CunningPotion"},{"floor":28,"key":"FairyPotion"},{"floor":31,"key":"SkillPotion"}],"is_trial":false,"path_per_floor":["M","M","?","M","$","R","E","R","T","M","M","R","M","E","R","B",null,"M","M","?","?","$","R","E","?","T","E","M","E","E","M","R","B",null,"M","M","?","?","?","E","$","E","T","?","?","?","?","E","R","B",null],"character_chosen":"THE_SILENT","items_purchased":["Bouncing Flask","PrismaticShard","Bag of Marbles","Bronze Scales"],"campfire_rested":0,"item_purchase_floors":[22,41,41,41],"current_hp_per_floor":[70,70,70,68,68,68,68,68,68,61,55,55,55,47,47,36,80,80,80,80,80,80,80,80,80,80,80,80,80,80,80,80,80,80,80,80,76,76,76,76,76,76,76,76,76,76,66,66,66,66],"gold":363,"neow_bonus":"ONE_RANDOM_RARE_CARD","is_daily":false,"chose_seed":false,"campfire_upgraded":5,"win_rate":0.0,"timestamp":1609636736,"path_taken":["M","M","?","M","?","R","E","R","T","M","M","R","?","E","R","BOSS","M","M","?","?","$","R","E","?","T","E","M","E","E","M","R","BOSS","M","M","?","?","?","E","?","E","T","?","?","?","?","E","R","BOSS"],"items_purchased_type":["Card","Relic","Relic","Relic"],"build_version":"2020-12-22","purchased_purges":3,"victory":true,"max_hp_per_floor":[70,70,70,70,70,70,70,70,70,70,70,70,70,80,80,80,80,80,80,80,80,80,80,80,80,80,80,80,80,80,80,80,80,80,80,80,76,76,76,76,76,76,76,76,76,76,76,76,76,76],"card_choices":[{"not_picked":["Dodge and Roll","Bouncing Flask"],"picked":"Deadly Poison","floor":1.0},{"not_picked":["Accuracy","Outmaneuver"],"picked":"Cloak And Dagger","floor":2.0},{"not_picked":["Quick Slash","Bane"],"picked":"Catalyst","floor":4.0},{"not_picked":["Underhanded Strike","Blur"],"picked":"Acrobatics","floor":7.0},{"not_picked":["Escape Plan","Cloak And Dagger"],"picked":"Catalyst","floor":10.0},{"not_picked":["Dagger Throw","Bane","Blade Dance"],"picked":"SKIP","floor":11.0},{"not_picked":["Dagger Throw","Dodge and Roll","Cloak And Dagger"],"picked":"SKIP","floor":13.0},{"not_picked":["Expertise","Sucker Punch","Backflip"],"picked":"SKIP","floor":14.0},{"not_picked":["Die Die Die","Bullet Time"],"picked":"Glass Knife","floor":16.0},{"not_picked":["Riddle With Holes","Backflip+1","Acrobatics"],"picked":"SKIP","floor":18},{"not_picked":["Noxious Fumes","Bane","Underhanded Strike"],"picked":"SKIP","floor":19},{"not_picked":["Slice","Underhanded Strike","Poisoned Stab+1"],"picked":"SKIP","floor":24},{"not_picked":["PiercingWail","Prepared+1","Flechettes"],"picked":"SKIP","floor":27},{"not_picked":["Flechettes","Storm of Steel","Deadly Poison+1"],"picked":"SKIP","floor":28},{"not_picked":["Cloak And Dagger","Backflip+1","Dagger Spray+1"],"picked":"SKIP","floor":29},{"not_picked":["Predator","Finisher","Caltrops+1"],"picked":"SKIP","floor":30},{"not_picked":["PiercingWail","Quick Slash","Dagger Spray+1"],"picked":"SKIP","floor":31},{"not_picked":["Reflex","Finisher+1","Underhanded Strike+1"],"picked":"SKIP","floor":35},{"not_picked":["Well Laid Plans+1","Sucker Punch+1","Masterful Stab"],"picked":"SKIP","floor":36},{"not_picked":["Wraith Form v2","Blade Dance+1","Infinite Blades+1"],"picked":"SKIP","floor":40},{"not_picked":["Indignation+1","Collect","CutThroughFate"],"picked":"SKIP","floor":42},{"not_picked":["Finisher","BattleHymn+1","Deadly Poison"],"picked":"SKIP","floor":48}],"player_experience":6962,"relics_obtained":[{"floor":7.0,"key":"WingedGreaves"},{"floor":9.0,"key":"Gremlin Horn"},{"floor":14.0,"key":"Pear"},{"floor":24,"key":"Anchor"},{"floor":24,"key":"Potion Belt"},{"floor":26,"key":"Ornamental Fan"},{"floor":27,"key":"Peace Pipe"},{"floor":27,"key":"Smiling Mask"},{"floor":29,"key":"Meat on the Bone"},{"floor":29,"key":"Old Coin"},{"floor":30,"key":"Whetstone"},{"floor":30,"key":"Regal Pillow"},{"floor":39,"key":"FossilizedHelix"},{"floor":40,"key":"Juzu Bracelet"},{"floor":40,"key":"Pantograph"},{"floor":42,"key":"Ninja Scroll"},{"floor":42,"key":"White Beast Statue"},{"floor":43,"key":"Frozen Egg 2"},{"floor":48,"key":"Dream Catcher"},{"floor":48,"key":"Pen Nib"}],"event_choices":[{"cards_removed":["Strike_G"],"damage_healed":0.0,"max_hp_gain":0.0,"max_hp_loss":0.0,"gold_gain":0.0,"event_name":"Purifier","player_choice":"Purged","floor":3.0,"gold_loss":0.0,"damage_taken":0.0},{"cards_removed":["Strike_G"],"damage_healed":0,"gold_gain":0,"player_choice":"Gave Gold","damage_taken":0,"max_hp_gain":0,"max_hp_loss":0,"event_name":"Beggar","floor":20,"gold_loss":75},{"damage_healed":0,"gold_gain":0,"player_choice":"Opened","damage_taken":0,"relics_obtained":["Shuriken"],"max_hp_gain":0,"max_hp_loss":0,"event_name":"The Mausoleum","floor":21,"gold_loss":0,"cards_obtained":["Writhe"]},{"damage_healed":0,"gold_gain":0,"player_choice":"Ignored","damage_taken":0,"max_hp_gain":0,"max_hp_loss":0,"event_name":"Cursed Tome","floor":25,"gold_loss":0},{"damage_healed":0,"gold_gain":0,"player_choice":"Max HP","damage_taken":0,"max_hp_gain":0,"max_hp_loss":4,"event_name":"Winding Halls","floor":37,"gold_loss":0},{"damage_healed":0,"gold_gain":0,"player_choice":"Ignored","damage_taken":0,"max_hp_gain":0,"max_hp_loss":0,"event_name":"Tomb of Lord Red Mask","floor":38,"gold_loss":0},{"damage_healed":0,"gold_gain":0,"player_choice":"Fight","damage_taken":0,"max_hp_gain":0,"max_hp_loss":0,"event_name":"Mysterious Sphere","floor":39,"gold_loss":0},{"damage_healed":0,"gold_gain":0,"player_choice":"Upgrade","damage_taken":0,"relics_obtained":["Mark of the Bloom"],"max_hp_gain":0,"max_hp_loss":0,"event_name":"MindBloom","floor":44,"gold_loss":0,"cards_upgraded":["Defend_G","Defend_G","Defend_G","Defend_G","Survivor","Cloak And Dagger","Acrobatics"]},{"damage_healed":0,"gold_gain":0,"player_choice":"Got Potions","damage_taken":0,"max_hp_gain":0,"max_hp_loss":0,"event_name":"Lab","floor":45,"gold_loss":0},{"cards_removed":["Cloak And Dagger"],"damage_healed":0,"gold_gain":0,"player_choice":"Removed Skill","damage_taken":0,"max_hp_gain":0,"max_hp_loss":0,"event_name":"Falling","floor":46,"gold_loss":0},{"damage_healed":0,"gold_gain":0,"player_choice":"Memory 3","damage_taken":10,"max_hp_gain":0,"max_hp_loss":0,"event_name":"SensoryStone","floor":47,"gold_loss":0}],"is_beta":false,"boss_relics":[{"not_picked":["Philosopher\u0027s Stone","Tiny House"],"picked":"Black Star"},{"not_picked":["Sozu","SlaversCollar"],"picked":"Ring of the Serpent"}],"items_purged_floors":[5,22,41],"is_endless":false,"potions_floor_spawned":[7,11,14,18,24,28,31,33,36,42,48],"ascension_level":0}}