{"host":"nzm1i0l8mrsm8hd2","time":1609680978,"event":{"mods":["Act Like it!","Aspiration","BaseMod","CapriCore","Challenge The Spire","Conspire","Gensokyo","Minty Spire (QoL Compilation)","Pale of the Ancients","Quick Restart","RumiaBox-露米娅的神秘盒子","Spicy Shops","StSLib","The Immortal","The Jungle","The Mystic","Wandering Minibosses","Yakumo Yukari mod"],"gold_per_floor":[116,133,30,17,17,17,17,35,61,61,84,321,332,346,346,449,449,469,482,446,459,108,134,146,158,170,450,462,484,496,658,658],"floor_reached":31,"playtime":1989,"items_purged":[],"score":276,"play_id":"fb38d397-5646-4fe4-9db0-bee41c4726bd","local_time":"20210103213618","is_ascension_mode":false,"campfire_choices":[{"data":"mysticmod:MightyMagic","floor":6.0,"key":"SMITH"},{"data":"mysticmod:Flurry","floor":10.0,"key":"SMITH"},{"data":"mysticmod:MightyMagic","floor":15.0,"key":"SMITH"},{"floor":28,"key":"REST"}],"circlet_count":0,"master_deck":["mysticmod:Strike_Mystic","mysticmod:Strike_Mystic","mysticmod:Strike_Mystic","mysticmod:Strike_Mystic","mysticmod:Defend_Mystic","mysticmod:Defend_Mystic","mysticmod:Defend_Mystic","mysticmod:Defend_Mystic","mysticmod:ArcaneDodge","mysticmod:Grapple","mysticmod:MightyMagic+1","mysticmod:EbbAndFlow+1","mysticmod:Discipline","mysticmod:Flurry+1","mysticmod:MightyMagic+1","mysticmod:TomeOfSpells","mysticmod:Haste","mysticmod:Dedication+1","BootSequence","mysticmod:Lunge","mysticmod:Natural20"],"relics":["mysticmod:SpellBook","aspiration:Nostalgia","Gensokyo:Mercy","Orichalcum","aspiration:DefectSkillbook","Medical Kit","MawBank","Gensokyo:DirgeOfMelancholy","Centennial Puzzle","Gensokyo:UndefinedDarkness","Gambling Chip"],"acts_visited":["Exordium","Gensokyo:Gensokyo"],"potions_floor_usage":[27],"damage_taken":[{"damage":2.0,"enemies":"Gensokyo:3_Fairies","floor":1.0,"turns":3.0},{"damage":2.0,"enemies":"Gensokyo:Python","floor":2.0,"turns":4.0},{"damage":15.0,"enemies":"Gensokyo:Gryphon","floor":4.0,"turns":5.0},{"damage":10.0,"enemies":"Gensokyo:CorruptedTreant","floor":8.0,"turns":8.0},{"damage":2.0,"enemies":"Gensokyo:3_Kodama","floor":12.0,"turns":7.0},{"damage":0.0,"enemies":"Gensokyo:Kitsune","floor":13.0,"turns":4.0},{"damage":0.0,"enemies":"Gensokyo:5_Fairies","floor":14.0,"turns":7.0},{"damage":27.0,"enemies":"Gensokyo:Yukari","floor":16.0,"turns":10.0},{"damage":34.0,"enemies":"Gensokyo:3_Dogs","floor":18.0,"turns":5.0},{"damage":3.0,"enemies":"Gensokyo:2_Gloops","floor":19.0,"turns":4.0},{"damage":10.0,"enemies":"Gensokyo:Swordslinger","floor":20.0,"turns":7.0},{"damage":2.0,"enemies":"Gensokyo:Monolith_and_Dog","floor":21.0,"turns":6.0},{"damage":16.0,"enemies":"Gensokyo:Tenshi","floor":23.0,"turns":6.0},{"damage":6,"enemies":"Gensokyo:Slime_Group","floor":27,"turns":5},{"damage":28,"enemies":"Gensokyo:3_Gloops","floor":29,"turns":6},{"damage":2,"enemies":"Gensokyo:Chomper_and_Gloop","floor":31,"turns":3}],"seed_played":"1276276015072443997","potions_obtained":[{"floor":1.0,"key":"SkillPotion"},{"floor":2.0,"key":"ColorlessPotion"},{"floor":13.0,"key":"SpeedPotion"},{"floor":16.0,"key":"Block Potion"},{"floor":18.0,"key":"Weak Potion"},{"floor":20.0,"key":"Strength Potion"},{"floor":21.0,"key":"Weak Potion"}],"is_trial":false,"path_per_floor":["M","M","COS","M","?","R","?","M","T","R","T","M","M","M","R","B",null,"M","M","M","M","COS","E","?","?","T","M","R","M","?","M"],"character_chosen":"MYSTIC_CLASS","items_purchased":[],"campfire_rested":1,"item_purchase_floors":[],"current_hp_per_floor":[77,77,77,62,62,62,62,52,52,52,52,50,50,50,50,23,77,43,40,30,28,28,12,12,12,12,6,29,1,1,0,0],"gold":658,"neow_bonus":"NOSTALGIA","is_daily":false,"chose_seed":false,"campfire_upgraded":3,"win_rate":0.0,"timestamp":1609680978,"path_taken":["M","M","COS","M","?","R","?","M","T","R","?","M","?","M","R","BOSS","M","?","M","M","COS","E","?","?","T","M","R","M","?","M"],"items_purchased_type":[],"build_version":"2020-12-22","purchased_purges":0,"victory":false,"max_hp_per_floor":[77,77,77,77,77,77,77,77,77,77,77,77,77,77,77,77,77,77,77,77,77,77,77,77,77,77,77,77,77,77,77,77],"card_choices":[{"not_picked":["mysticmod:Alacrity","mysticmod:EarthenWall"],"picked":"mysticmod:Grapple","floor":1.0},{"not_picked":["mysticmod:CureLightWounds","mysticmod:AllIn"],"picked":"mysticmod:CorrosiveTouch","floor":2.0},{"not_picked":["mysticmod:CureLightWounds","mysticmod:StyleChange"],"picked":"mysticmod:MightyMagic","floor":4.0},{"not_picked":["mysticmod:Doublecast","mysticmod:Disintegrate"],"picked":"mysticmod:Discipline","floor":8.0},{"not_picked":["mysticmod:Dedication","mysticmod:Feint"],"picked":"mysticmod:Flurry","floor":8.0},{"not_picked":["mysticmod:Daze","mysticmod:DiviningBlow","mysticmod:CorrosiveTouch"],"picked":"SKIP","floor":12.0},{"not_picked":["mysticmod:CorrosiveTouch","mysticmod:Snowball"],"picked":"mysticmod:MightyMagic","floor":13.0},{"not_picked":["mysticmod:Doublecast","mysticmod:DiviningBlow"],"picked":"mysticmod:TomeOfSpells","floor":14.0},{"not_picked":["mysticmod:Natural20","mysticmod:ObscuringMist"],"picked":"mysticmod:Haste","floor":16.0},{"not_picked":["mysticmod:TomeOfSpells","mysticmod:SuddenClarity+1","mysticmod:BladeMaster","mysticmod:LightningBolt+1"],"picked":"SKIP","floor":18.0},{"not_picked":["mysticmod:Disengage","Stack+1","Barrage+1"],"picked":"mysticmod:Dedication+1","floor":19.0},{"not_picked":["Leap+1","mysticmod:Disengage+1","Rebound+1"],"picked":"BootSequence","floor":20.0},{"not_picked":["mysticmod:Shield","mysticmod:BladeMaster","mysticmod:PunishingArmor+1"],"picked":"mysticmod:Lunge","floor":21.0},{"not_picked":["Glacier+1","mysticmod:PowerAttack+1","Streamline+1","mysticmod:DiviningBlow+1"],"picked":"SKIP","floor":23.0},{"not_picked":["mysticmod:Disengage","mysticmod:AllIn","BootSequence","mysticmod:Fly"],"picked":"SKIP","floor":23.0},{"not_picked":["mysticmod:DiviningBlow","Steam+1","mysticmod:CorrosiveTouch","Reinforced Body"],"picked":"SKIP","floor":27},{"not_picked":["mysticmod:RapidCaster+1","mysticmod:SuddenClarity","Coolheaded","Ball Lightning"],"picked":"SKIP","floor":29}],"player_experience":573743,"relics_obtained":[{"floor":9.0,"key":"Anchor"},{"floor":11.0,"key":"MealTicket"},{"floor":23.0,"key":"MawBank"}],"event_choices":[],"is_beta":false,"boss_relics":[{"not_picked":["Empty Cage","Velvet Choker"],"picked":"aspiration:DefectSkillbook"}],"items_purged_floors":[],"is_endless":false,"potions_floor_spawned":[1,2,13,16,18,20,21],"killed_by":"Gensokyo:Chomper_and_Gloop","ascension_level":0}}