{"host":"lvglfvqy3xrupc2a","time":1609645227,"event":{"mods":["Act Like it!","Aspiration","BaseMod","Better Altar","Better Match","Better Note","Better Sensory Stone","Better Skull","Better Third Choice","BetterRewards","Conspire","Friendly Minions","Gensokyo","Grow up Mod","Hallownest","Hubris","HumanHunterMod(????mod)","Humility","Infinite Spire","Ironclad Rager","Mimic Mod","Minty Spire (QoL Compilation)","MostiFishMod","Pale of the Ancients","Remove Card Discount Mod","Replay The Spire","Reworked Bosses","Spicy Shops","StSLib","The Blue Laboratory","The Factory","Uncapped","[IsaacMod]????","vexMod"],"gold_per_floor":[115,206,224,224,240,269,288,301,353,368,368,117,146,160,160,233,333,343,268,278,297,297,330,330,360,384,384,409,409,444,458,458,535,535,550,550,550,550,563,598,598,617,651,678,678,688,717,736,736,736,751,767,881,7,7,21,21,19,19,19],"floor_reached":61,"playtime":2914,"items_purged":["ReplayTheSpireMod:Splinters","Havoc+1"],"score":2313,"play_id":"fed5d967-a573-47cc-a24b-a213eccd0228","local_time":"20210102214027","is_ascension_mode":true,"campfire_choices":[{"data":"hubris:Fate","floor":15.0,"key":"SMITH"},{"data":"Forethought","floor":24.0,"key":"SMITH"},{"data":"Footwork","floor":29.0,"key":"SMITH"},{"data":"Shrug It Off","floor":32.0,"key":"SMITH"},{"data":"infinitespire:FinalStrike","floor":41.0,"key":"SMITH"},{"data":"Armaments","floor":49.0,"key":"SMITH"},{"floor":55.0,"key":"REST"},{"floor":57.0,"key":"REST"}],"circlet_count":0,"master_deck":["AscendersBane","Strike_R+1","Strike_R+1","Strike_R+1","Strike_R+1","Strike_R+1","Defend_R+1","Defend_R+1","Defend_R+1","Defend_R+1","Bash+1","ReplayTheSpireMod:Strike From Hell+1","Flex+1","Iron Wave+1","Replay:Undeath\u0027s Touch+1","Run Through+1","Iron Wave+1","Wild Strike+1","hubris:Fate+1","Pommel Strike+1","Pommel Strike+1","Berserk+1","Forethought+1","Rage+1","Juggernaut+1","Berserk+1","Replay:Many Hands+1","Flame Barrier+1","Armaments+1","Footwork+1","Twin Strike+1","Run Through+1","Cleave+1","Shrug It Off+1","Iron Wave+1","Uppercut+1","Metallicize+1","infinitespire:FinalStrike+1","Thunderclap+1","Spot Weakness+1","Replay:Undeath\u0027s Touch+1","ReplayTheSpireMod:LeadingStrike+1","Armaments+1","Sword Boomerang+1","Heavy Blade+1","Perfected Strike+1","Sentinel+1","Headbutt+1","Headbutt+1","Life Link+1","Bludgeon+1"],"relics":["Burning Blood","HushsDoor","DaveBox","GuppysHead","DSteel32","SynthV:TestCard","Gensokyo:OccultBall","hubris:ToyBattleship","Akabeko","BrkXgEgg","Blood Vial","Gensokyo:Companionship","Replay:Wanted Poster","White Beast Statue","BelialBook","infinitespire:Beetle Shell","Replay:Ringing Soul","Centennial Puzzle","Replay:Bronze Core","Red Skull","ArrowTower","HowToJump","StrikeDummy","paleoftheancients:Timepiece","paleoftheancients:KeyRelic","Pet Ghost","BirthdayGift-Icosahedron","paleoftheancients:SoulOfTheVixen"],"acts_visited":["Exordium","Gensokyo:Gensokyo","Gensokyo:Gensokyoer","Gensokyo:Gensokyoest"],"potions_floor_usage":[60],"damage_taken":[{"damage":11.0,"enemies":"Gensokyo:2_Kodama","floor":1.0,"turns":3.0},{"damage":7.0,"enemies":"Gensokyo:Python","floor":3.0,"turns":3.0},{"damage":1.0,"enemies":"Gensokyo:Gryphon","floor":5.0,"turns":4.0},{"damage":24.0,"enemies":"Gensokyo:Aya","floor":6.0,"turns":6.0},{"damage":0.0,"enemies":"Gensokyo:VengefulSpirit","floor":7.0,"turns":2.0},{"damage":7.0,"enemies":"Gensokyo:Gryphon_and_Rabbit","floor":8.0,"turns":5.0},{"damage":3.0,"enemies":"Gensokyo:2_Rabbits","floor":10.0,"turns":3.0},{"damage":20.0,"enemies":"Gensokyo:Mamizou","floor":13.0,"turns":7.0},{"damage":14.0,"enemies":"Gensokyo:5_Fairies","floor":14.0,"turns":5.0},{"damage":0.0,"enemies":"Gensokyo:Kokoro","floor":16.0,"turns":10.0},{"damage":0.0,"enemies":"Gensokyo:CosmicMonolith","floor":18.0,"turns":2.0},{"damage":14.0,"enemies":"Gensokyo:2_Gloops","floor":20.0,"turns":3.0},{"damage":52.0,"enemies":"Gensokyo:Mirror_and_Dog","floor":21.0,"turns":4.0},{"damage":5.0,"enemies":"Gensokyo:Koishi","floor":23.0,"turns":4.0},{"damage":78.0,"enemies":"Gensokyo:Tenshi","floor":25.0,"turns":5.0},{"damage":28.0,"enemies":"Gensokyo:Reisen","floor":28.0,"turns":5.0},{"damage":0.0,"enemies":"Gensokyo:Tenshi","floor":30.0,"turns":3.0},{"damage":35.0,"enemies":"Gensokyo:Slime_Group","floor":31.0,"turns":5.0},{"damage":103.0,"enemies":"Gensokyo:Eternal_Rivals","floor":33.0,"turns":9.0},{"damage":7.0,"enemies":"Gensokyo:3_Bats","floor":35.0,"turns":2.0},{"damage":0.0,"enemies":"Gensokyo:3_Boulders","floor":39.0,"turns":2.0},{"damage":8.0,"enemies":"Gensokyo:Doremy","floor":40.0,"turns":5.0},{"damage":8.0,"enemies":"Gensokyo:SeedOfUnknown","floor":42.0,"turns":4.0},{"damage":1.0,"enemies":"Gensokyo:Dusk_and_Dawn","floor":43.0,"turns":5.0},{"damage":63.0,"enemies":"Gensokyo:Kasen","floor":44.0,"turns":6.0},{"damage":3.0,"enemies":"Gensokyo:Dusk_and_Dawn","floor":46.0,"turns":4.0},{"damage":12.0,"enemies":"Gensokyo:Doremy","floor":47.0,"turns":4.0},{"damage":17.0,"enemies":"Gensokyo:Rafflesia","floor":48.0,"turns":5.0},{"damage":33.0,"enemies":"Gensokyo:Yuyuko","floor":50.0,"turns":5.0},{"damage":45.0,"enemies":"Gensokyo:Yuyuko","floor":51.0,"turns":5.0},{"damage":25.0,"enemies":"Gensokyo:Yuyuko","floor":52.0,"turns":7.0},{"damage":69.0,"enemies":"Gensokyo:Yuyuko","floor":56.0,"turns":5.0},{"damage":226,"enemies":"paleoftheancients:N","floor":60,"turns":9}],"seed_played":"-2853211148482972148","potions_obtained":[{"floor":1.0,"key":"Venom Potion"},{"floor":5.0,"key":"blueLaboratory:LouseDecoction"},{"floor":14.0,"key":"Dexterity Potion"}],"is_trial":false,"path_per_floor":["M","?","M","?","M","E","M","M","T","M","?","COS","E","M","R","B",null,"M","?","M","M","?","E","R","E","T","?","E","R","E","M","R","B",null,"M","?","?","AVR","M","E","R","M","MIM","E","?","M","E","M","R","B","M","M","?","$","R","M","R","$","?","B",null],"character_chosen":"IRONCLAD","items_purchased":["Forethought","FairyPotion","Pet Ghost","BirthdayGift-Icosahedron"],"campfire_rested":2,"item_purchase_floors":[17,17,54,54],"current_hp_per_floor":[83,78,87,97,112,104,120,129,139,152,116,126,122,126,136,154,228,246,256,260,226,236,249,259,199,209,253,246,256,277,263,273,191,374,388,398,411,424,445,458,468,481,501,459,469,487,496,500,510,598,606,602,615,625,683,634,706,716,726,517],"gold":19,"neow_bonus":"RANDOM_COLORLESS","is_daily":false,"chose_seed":false,"campfire_upgraded":6,"win_rate":0.0,"timestamp":1609645227,"path_taken":["M","?","M","?","M","E","M","M","T","M","?","COS","E","M","R","BOSS","M","?","M","?","?","E","R","E","T","?","E","R","E","M","R","BOSS","M","?","?","AVR","M","E","R","M","MIM","E","?","?","E","M","R","BOSS","M","M","?","$","R","M","R","$","?","BOSS"],"items_purchased_type":["Card","Potion","Relic","Relic"],"build_version":"2020-12-22","purchased_purges":2,"victory":true,"max_hp_per_floor":[95,105,115,125,135,145,155,165,175,185,195,205,215,225,235,245,249,259,269,279,289,299,309,319,329,339,349,362,372,385,398,408,421,431,444,454,467,480,493,506,516,529,542,555,565,578,591,604,614,624,637,650,663,673,683,696,706,716,726,736],"card_choices":[{"not_picked":["Purity","Replay:Sssssssssstrike"],"picked":"Finesse","floor":0.0},{"not_picked":["Battle Trance","Immolate"],"picked":"ReplayTheSpireMod:Strike From Hell","floor":1.0},{"not_picked":["hubris:SharpeningStone","Ghostly Armor","Battle Trance","Replay:Undeath\u0027s Touch"],"picked":"Flex","floor":3.0},{"not_picked":["Pommel Strike","Havoc","Life Link","Heavy Blade"],"picked":"Iron Wave","floor":5.0},{"not_picked":["Feel No Pain","Shockwave","Flex","Evolve"],"picked":"Replay:Undeath\u0027s Touch","floor":6.0},{"not_picked":["Clash","Second Wind","Abandon","infinitespire:OneForAll"],"picked":"Run Through","floor":7.0},{"not_picked":["Power Through","Battle Trance","infinitespire:OneForAll","MostiFishMod:HellRitual"],"picked":"Iron Wave","floor":8.0},{"not_picked":["Havoc","Evolve","Whirlwind","Dark Embrace"],"picked":"Wild Strike","floor":10.0},{"not_picked":["infinitespire:Starlight","infinitespire:FinalStrike"],"picked":"hubris:Fate","floor":11.0},{"not_picked":["Replay:Undeath\u0027s Touch","Body Slam","Battle Trance","Run Through"],"picked":"Pommel Strike","floor":13.0},{"not_picked":["Anger","Battle Trance","Eclipse+1","ReplayTheSpireMod:Strike From Hell"],"picked":"Pommel Strike","floor":14.0},{"not_picked":["Immolate+1","Demonic Infusion+1","MostiFishMod:DarkDeal+1","Juggernaut+1"],"picked":"Berserk+1","floor":16.0},{"not_picked":["ReplayTheSpireMod:Strike From Hell","ReplayTheSpireMod:Limb From Limb","Replay:Undeath\u0027s Touch","Cleave"],"picked":"Rage","floor":18.0},{"not_picked":["Offering+1","MostiFishMod:DarkDeal+1","Replay:Many Hands+1","Corruption+1"],"picked":"Juggernaut+1","floor":19.0},{"not_picked":["Corruption+1","conspire:HitWhereItHurts+1","Reaper+1","MostiFishMod:TemporaryOutbreak+1"],"picked":"Berserk+1","floor":19.0},{"not_picked":["Brutality+1","Immolate+1","MostiFishMod:DarkDeal+1","Juggernaut+1"],"picked":"Replay:Many Hands+1","floor":19.0},{"not_picked":["Run Through","Cleave","conspire:ExplosiveBarrier+1","Carnage"],"picked":"Flame Barrier+1","floor":20.0},{"not_picked":["Cleave+1","Run Through","Ghostly Armor","Replay:Undeath\u0027s Touch"],"picked":"Armaments+1","floor":21.0},{"not_picked":["Uppercut","Defy Death","Fire Breathing","Clash"],"picked":"Twin Strike","floor":23.0},{"not_picked":["Fire Breathing","Dark Embrace+1","Perfected Strike","Entrench"],"picked":"Run Through","floor":25.0},{"not_picked":["Blood for Blood","Hemokinesis","Disarm","Perfected Strike"],"picked":"Cleave","floor":28.0},{"not_picked":["Sword Boomerang+1","Feed+1","Clothesline","Thunderclap"],"picked":"Shrug It Off","floor":30.0},{"not_picked":["Metallicize","ReplayTheSpireMod:Muscle Training","Warcry","Headbutt"],"picked":"Iron Wave+1","floor":31.0},{"not_picked":["Double Tap+1","Limit Break+1","Brutality+1","Reaper+1"],"picked":"Demon Form+1","floor":33.0},{"not_picked":["Fire Breathing+1","conspire:ExplosiveBarrier","Intimidate","Massacre+1"],"picked":"Uppercut","floor":35.0},{"not_picked":["Anger+1","Spot Weakness+1","Warcry","Clothesline+1"],"picked":"Thunderclap","floor":39.0},{"not_picked":["True Grit","Body Slam","Pommel Strike","Thunderclap+1"],"picked":"Spot Weakness","floor":40.0},{"not_picked":["Warcry","Fire Breathing","Flex","Havoc+1"],"picked":"Replay:Undeath\u0027s Touch","floor":42.0},{"not_picked":["Second Wind","Fiend Fire+1","hubris:SharpeningStone","Clash"],"picked":"ReplayTheSpireMod:LeadingStrike","floor":43.0},{"not_picked":["Corruption+1","Sever Soul","MostiFishMod:RainCloud+1","Intimidate+1"],"picked":"Armaments","floor":44.0},{"not_picked":["Clash+1","Inflame","Body Slam","ReplayTheSpireMod:Strike From Hell"],"picked":"Sword Boomerang","floor":46.0},{"not_picked":["Armaments","Clash","Eclipse+1","Perfected Strike+1"],"picked":"Heavy Blade","floor":47.0},{"not_picked":["ReplayTheSpireMod:Strike From Hell","hubris:ReadiedAction","Blood for Blood","ReplayTheSpireMod:LeadingStrike+1"],"picked":"Perfected Strike+1","floor":48.0},{"not_picked":["Thunderclap","Havoc","Combust+1","Wild Strike"],"picked":"Sentinel+1","floor":51.0},{"not_picked":["Armaments","Sever Soul+1","conspire:ExplosiveBarrier","Flex+1"],"picked":"Headbutt+1","floor":52.0},{"not_picked":["Sword Boomerang","Run Through+1","Heavy Blade+1","Replay:Undeath\u0027s Touch"],"picked":"Headbutt+1","floor":53.0},{"not_picked":["Body Slam","Disarm","ReplayTheSpireMod:Strike From Hell","Iron Wave"],"picked":"Havoc+1","floor":53.0},{"not_picked":["Dropkick+1","ReplayReversal","Battle Trance","Spot Weakness"],"picked":"Life Link","floor":53.0},{"not_picked":["ReplayTheSpireMod:Strike From Hell","Heavy Blade","Flex","Clash+1"],"picked":"Bludgeon+1","floor":56.0}],"player_experience":1018750,"relics_obtained":[{"floor":1.0,"key":"SynthV:TestCard"},{"floor":6.0,"key":"hubris:ToyBattleship"},{"floor":9.0,"key":"Akabeko"},{"floor":13.0,"key":"Blood Vial"},{"floor":16.0,"key":"Gensokyo:OccultBall"},{"floor":20.0,"key":"Gensokyo:OccultBall"},{"floor":23.0,"key":"White Beast Statue"},{"floor":25.0,"key":"BelialBook"},{"floor":26.0,"key":"infinitespire:Beetle Shell"},{"floor":28.0,"key":"Replay:Ringing Soul"},{"floor":30.0,"key":"Centennial Puzzle"},{"floor":33.0,"key":"Gensokyo:OccultBall"},{"floor":39.0,"key":"Gensokyo:OccultBall"},{"floor":40.0,"key":"Red Skull"},{"floor":43.0,"key":"ArrowTower"},{"floor":44.0,"key":"HowToJump"},{"floor":47.0,"key":"StrikeDummy"},{"floor":52.0,"key":"Gensokyo:OccultBall"},{"floor":56.0,"key":"paleoftheancients:SoulOfTheVixen"}],"event_choices":[{"damage_healed":0.0,"max_hp_gain":0.0,"max_hp_loss":0.0,"gold_gain":0.0,"event_name":"betterMatch:BetterMatch","player_choice":"3","floor":19.0,"gold_loss":0.0,"damage_taken":0.0,"cards_obtained":["betterMatch:RareCard"]}],"is_beta":false,"boss_relics":[{"not_picked":["GuanYuAspect","Ring of Chaos"],"picked":"Replay:Wanted Poster"},{"not_picked":[]},{"not_picked":["hubris:GrandSneckoEye","Abe\u0027s Treasure"],"picked":"Replay:Bronze Core"},{"not_picked":[]}],"items_purged_floors":[54,58],"is_endless":false,"potions_floor_spawned":[1,5,7,14,20,25,28,30,31,33,35,39,40,42,44,46,47,48,51,52,56],"ascension_level":14}}