{"host":"uflv0e3ja7hvnij7","time":1609635203,"event":{"mods":["BaseMod","Better Altar","Better Match","Better Note","Better Sensory Stone","Better Skull","Better Third Choice","Hubris","Infinite Spire","Minty Spire (QoL Compilation)","Permanent Neow","StSLib"],"gold_per_floor":[117,97,197,208,228,228,258,272,298,315,1,21,21,21,21,123,123,123],"floor_reached":17,"playtime":664,"items_purged":["Strike_G"],"score":196,"play_id":"b32fd16d-7d94-47f3-ba89-a1799e08ac3a","local_time":"20210102195323","is_ascension_mode":true,"campfire_choices":[{"data":"Blade Dance","floor":6.0,"key":"SMITH"},{"data":"Storm of Steel","floor":13,"key":"SMITH"},{"data":"Blade Dance","floor":15,"key":"SMITH"}],"circlet_count":0,"master_deck":["Strike_G","Strike_G","Strike_G","Strike_G","Defend_G","Defend_G","Defend_G","Defend_G","Defend_G","Survivor","Neutralize","Blade Dance+1","Blade Dance+1","Terror","Storm of Steel+1","Phantasmal Killer"],"relics":["Ring of the Snake","betterThird:SlimedRelic","infinitespire:Beetle Shell","infinitespire:Lucky Rock","Ninja Scroll","Coffee Dripper"],"acts_visited":["Exordium","TheCity"],"potions_floor_usage":[16],"damage_taken":[{"damage":2.0,"enemies":"2 Louse","floor":1.0,"turns":3.0},{"damage":0.0,"enemies":"Small Slimes","floor":4.0,"turns":4.0},{"damage":1.0,"enemies":"Cultist","floor":5.0,"turns":3.0},{"damage":18.0,"enemies":"Gremlin Nob","floor":7.0,"turns":3.0},{"damage":0.0,"enemies":"Blue Slaver","floor":8.0,"turns":1.0},{"damage":0.0,"enemies":"Exordium Thugs","floor":10.0,"turns":3.0},{"damage":0,"enemies":"Exordium Wildlife","floor":12,"turns":1},{"damage":17,"enemies":"Hexaghost","floor":16,"turns":9}],"seed_played":"-8126729065503131576","potions_obtained":[{"floor":1.0,"key":"CunningPotion"},{"floor":4.0,"key":"Ancient Potion"},{"floor":7.0,"key":"Dexterity Potion"}],"is_trial":false,"path_per_floor":["M","?","?","M","M","R","E","M","T","M","$","M","R","$","R","B",null],"character_chosen":"THE_SILENT","items_purchased":["Ninja Scroll"],"campfire_rested":0,"item_purchase_floors":[11],"current_hp_per_floor":[75,64,64,64,63,63,45,45,45,45,45,45,45,45,45,28,65,65],"gold":123,"neow_bonus":"TEN_PERCENT_HP_BONUS","is_daily":false,"chose_seed":false,"campfire_upgraded":3,"win_rate":0.0,"timestamp":1609635203,"path_taken":["M","?","?","M","M","R","E","M","T","M","$","?","R","$","R","BOSS"],"items_purchased_type":["Relic"],"build_version":"2020-12-22","purchased_purges":1,"victory":false,"max_hp_per_floor":[77,77,77,77,77,77,77,77,77,77,77,77,77,77,77,77,77,77],"card_choices":[{"not_picked":["Masterful Stab","PiercingWail"],"picked":"Blade Dance","floor":1.0},{"not_picked":["Endless Agony","hubris:SlightOfHand"],"picked":"Blade Dance","floor":4.0},{"not_picked":["Outmaneuver","PiercingWail"],"picked":"Terror","floor":5.0},{"not_picked":["Sucker Punch","Terror","Deadly Poison"],"picked":"SKIP","floor":7.0},{"not_picked":["Outmaneuver","Expertise"],"picked":"Storm of Steel","floor":8.0},{"not_picked":["Deadly Poison","Poisoned Stab","Dagger Throw"],"picked":"SKIP","floor":10.0},{"not_picked":["Bouncing Flask","Underhanded Strike","Night Terror"],"picked":"SKIP","floor":12},{"not_picked":["Envenom","Wraith Form v2"],"picked":"Phantasmal Killer","floor":16}],"player_experience":465038,"relics_obtained":[{"floor":7.0,"key":"infinitespire:Beetle Shell"},{"floor":9.0,"key":"infinitespire:Lucky Rock"}],"event_choices":[{"damage_healed":0.0,"max_hp_gain":0.0,"max_hp_loss":0.0,"gold_gain":0.0,"event_name":"betterThird:BetterGoop","player_choice":"Slimed","floor":2.0,"gold_loss":20.0,"damage_taken":11.0},{"damage_healed":0.0,"max_hp_gain":0.0,"max_hp_loss":0.0,"gold_gain":100.0,"event_name":"Wheel of Change","player_choice":"Gold","floor":3.0,"gold_loss":0.0,"damage_taken":0.0}],"is_beta":false,"boss_relics":[{"not_picked":["Tiny House","SlaversCollar"],"picked":"Coffee Dripper"}],"items_purged_floors":[11],"is_endless":false,"potions_floor_spawned":[1,4,7],"ascension_level":5}}