{"host":"6febr6iklru1ag3j","time":1609712998,"event":{"mods":["BaseMod","DeckTracker","Hermit","Hubris","Minty Spire (QoL Compilation)","Replay The Spire","Shop Mod","StSLib","The Cursed","The Jungle"],"gold_per_floor":[12,12,12,12,12,12,27,44,44,57,18,46,63,83,83,83,83],"floor_reached":16,"playtime":777,"items_purged":[],"score":122,"play_id":"f72b4e33-e399-4140-a6c6-e87a7e29fef3","local_time":"20210103172958","is_ascension_mode":true,"campfire_choices":[{"data":"Zap","floor":6.0,"key":"SMITH"},{"data":"Defragment","floor":15,"key":"SMITH"}],"circlet_count":0,"master_deck":["Strike_B","Strike_B","Strike_B","Defend_B","Defend_B","Defend_B","Zap+1","Dualcast+1","Sweeping Beam","Ball Lightning","Blizzard","Cold Snap+1","hubris:Ukulele","Defragment+1"],"relics":["Cracked Core","Prayer Wheel","Juzu Bracelet","Gremlin Food"],"acts_visited":["Exordium"],"potions_floor_usage":[13,16],"damage_taken":[{"damage":4.0,"enemies":"Small Slimes","floor":1.0,"turns":7.0},{"damage":1.0,"enemies":"Cultist","floor":7.0,"turns":3.0},{"damage":2.0,"enemies":"Jaw Worm","floor":8.0,"turns":3.0},{"damage":7,"enemies":"Looter","floor":10,"turns":3},{"damage":34,"enemies":"3 Sentries","floor":12,"turns":5},{"damage":5,"enemies":"Large Slime","floor":13,"turns":3},{"damage":1,"enemies":"Blue Slaver","floor":14,"turns":2},{"damage":14,"enemies":"The Guardian","floor":16,"turns":7}],"seed_played":"356161764086116260","potions_obtained":[{"floor":7.0,"key":"Energy Potion"},{"floor":12,"key":"Explosive Potion"},{"floor":14,"key":"Languid Potion"}],"is_trial":false,"path_per_floor":["M","?","$","?","?","R","M","M","T","M","$","E","M","M","R","B"],"character_chosen":"DEFECT","items_purchased":["Cold Snap+1"],"campfire_rested":0,"item_purchase_floors":[11],"current_hp_per_floor":[71,71,71,64,64,64,63,61,61,54,54,20,15,14,14,0,0],"gold":83,"neow_bonus":"THREE_RARE_CARDS","is_daily":false,"chose_seed":false,"campfire_upgraded":2,"win_rate":0.0,"timestamp":1609712998,"path_taken":["M","?","?","?","?","R","?","M","T","M","$","E","M","M","R","BOSS"],"items_purchased_type":["Card"],"build_version":"2020-12-22","purchased_purges":0,"victory":false,"max_hp_per_floor":[75,75,75,75,75,75,75,75,75,75,75,75,75,75,75,75,75],"card_choices":[{"not_picked":["Buffer","hubris:Prefetch"],"picked":"ReplayTheSpireMod:Fabricate Wheel","floor":0.0},{"not_picked":["Cold Snap","Panic Button"],"picked":"Sweeping Beam","floor":1.0},{"not_picked":["Sunder","Gash","FIFO Queue"],"picked":"SKIP","floor":1.0},{"not_picked":["Chill","BootSequence","Hologram"],"picked":"SKIP","floor":7.0},{"not_picked":["Gash","Aggregate","Doom and Gloom"],"picked":"SKIP","floor":7.0},{"not_picked":["Streamline","Panic Button"],"picked":"Ball Lightning","floor":8},{"not_picked":["Stack","Go for the Eyes"],"picked":"Blizzard","floor":8},{"not_picked":["ReplayRNGCard","Double Energy","Gash"],"picked":"SKIP","floor":10},{"not_picked":["Consume","Panic Button","Hologram"],"picked":"SKIP","floor":10},{"not_picked":["Turbo","Panic Button","Barrage"],"picked":"SKIP","floor":12},{"not_picked":["Lockon","Steam"],"picked":"hubris:Ukulele","floor":13},{"not_picked":["Recycle","Compile Driver","Gash"],"picked":"SKIP","floor":13},{"not_picked":["Skim","ReplayRNGCard"],"picked":"Defragment","floor":14},{"not_picked":["Turbo","Cold Snap","Force Field"],"picked":"SKIP","floor":14}],"player_experience":369372,"relics_obtained":[{"floor":9,"key":"Juzu Bracelet"},{"floor":12,"key":"Gremlin Food"}],"event_choices":[{"cards_removed":["Strike_B"],"damage_healed":0.0,"max_hp_gain":0.0,"max_hp_loss":0.0,"gold_gain":0.0,"event_name":"Bonfire Elementals","player_choice":"Offered Basic","floor":2.0,"gold_loss":0.0,"damage_taken":0.0},{"cards_removed":["Defend_B"],"damage_healed":0.0,"max_hp_gain":0.0,"max_hp_loss":0.0,"gold_gain":0.0,"event_name":"Golden Wing","player_choice":"Card Removal","floor":4.0,"gold_loss":0.0,"damage_taken":7.0},{"damage_healed":0.0,"max_hp_gain":0.0,"max_hp_loss":0.0,"gold_gain":0.0,"event_name":"Living Wall","player_choice":"Grow","floor":5.0,"gold_loss":0.0,"damage_taken":0.0,"cards_upgraded":["Dualcast"]}],"is_beta":false,"boss_relics":[],"items_purged_floors":[],"is_endless":false,"potions_floor_spawned":[7,12,14],"killed_by":"The Guardian","ascension_level":4}}