{"host":"6to0pdz5g3mubtyg","time":1609658248,"event":{"mods":["Act Like it!","Aspiration","BaseMod","BetterRewards","Colored Map","Energized Spire","Hallownest","Highlight Path","Infinite Spire","Jorbs\u0027s Wanderer Trilogy","Minty Spire (QoL Compilation)","Shade Mod","StSLib","The Animator","The Blue Laboratory","The Bug Knight"],"gold_per_floor":[119,135,135,135,155,190,365,378,433,383,396,431,431,43,43,43,43],"floor_reached":16,"playtime":653,"items_purged":["Blizzard"],"score":121,"play_id":"a9232cc0-c8aa-4883-b530-5246e806bc20","local_time":"20210103001728","is_ascension_mode":true,"campfire_choices":[{"floor":15,"key":"REST"}],"circlet_count":0,"master_deck":["Strike_B","Strike_B","Strike_B","Strike_B","Defend_B","Defend_B","Defend_B","Defend_B","Zap","Dualcast","Gash","Steam","Zap","Go for the Eyes","Steam","Machine Learning","Pride","Conserve Battery","Go for the Eyes"],"relics":["Cracked Core","NeowsBlessing","aspiration:HiddenCompartment","HollowMod:PaleOreRelic","Sundial","aspiration:SeaSaltIceCream","Omamori","Shuriken"],"acts_visited":["Exordium"],"potions_floor_usage":[12,12,12],"damage_taken":[{"damage":0,"enemies":"Small Slimes","floor":1,"turns":1},{"damage":0,"enemies":"Cultist","floor":2,"turns":1},{"damage":0,"enemies":"2 Louse","floor":5,"turns":1},{"damage":30,"enemies":"HollowMod:MossKnight","floor":6,"turns":10},{"damage":8,"enemies":"Looter","floor":8,"turns":3},{"damage":8,"enemies":"Blue Slaver","floor":11,"turns":3},{"damage":11,"enemies":"Gremlin Nob","floor":12,"turns":3},{"damage":41,"enemies":"The Guardian","floor":16,"turns":9}],"seed_played":"-1093838567116074860","potions_obtained":[{"floor":1,"key":"blueLaboratory:ExaltedPotion"},{"floor":5,"key":"DistilledChaos"},{"floor":11,"key":"FearPotion"}],"is_trial":false,"path_per_floor":["M","M","?","?","M","E","?","M","T","?","M","E","T","$","R","B"],"character_chosen":"DEFECT","items_purchased":["Shuriken","Go for the Eyes"],"campfire_rested":1,"item_purchase_floors":[14,14],"current_hp_per_floor":[75,75,75,75,75,45,45,37,37,37,29,18,18,18,40,0,0],"gold":43,"neow_bonus":"THREE_ENEMY_KILL","is_daily":false,"chose_seed":false,"campfire_upgraded":0,"win_rate":0.0,"timestamp":1609658248,"path_taken":["M","M","?","?","?","E","?","M","T","?","M","E","?","$","R","BOSS"],"items_purchased_type":["Relic","Card"],"build_version":"2020-12-22","purchased_purges":1,"victory":false,"max_hp_per_floor":[75,75,75,75,75,75,75,75,75,75,75,75,75,75,75,75,75],"card_choices":[{"not_picked":["Capacitor","Barrage"],"picked":"Gash","floor":1},{"not_picked":["Hologram","Leap"],"picked":"Steam","floor":2},{"not_picked":["Melter","Conserve Battery"],"picked":"Go for the Eyes","floor":5},{"not_picked":["Rebound","Static Discharge","Barrage"],"picked":"SKIP","floor":6},{"not_picked":["Streamline","Leap"],"picked":"Steam","floor":8},{"not_picked":["Doom and Gloom","Loop"],"picked":"Machine Learning","floor":11},{"not_picked":["Stack","Go for the Eyes"],"picked":"Conserve Battery","floor":12}],"player_experience":249219,"relics_obtained":[{"floor":6,"key":"aspiration:HiddenCompartment"},{"floor":9,"key":"HollowMod:PaleOreRelic"},{"floor":12,"key":"Sundial"},{"floor":13,"key":"aspiration:SeaSaltIceCream"}],"event_choices":[{"damage_healed":0,"gold_gain":0,"player_choice":"2 cards matched","damage_taken":0,"max_hp_gain":0,"max_hp_loss":0,"event_name":"Match and Keep!","floor":4,"gold_loss":0,"cards_obtained":["Zap","Blizzard"]},{"damage_healed":0,"gold_gain":0,"player_choice":"2 cards matched","damage_taken":0,"max_hp_gain":0,"max_hp_loss":0,"event_name":"Match and Keep!","floor":4,"gold_loss":0,"cards_obtained":["Zap","Blizzard"]},{"damage_healed":0,"gold_gain":175,"player_choice":"AGREE","damage_taken":0,"max_hp_gain":0,"max_hp_loss":0,"event_name":"Liars Game","floor":7,"gold_loss":0,"cards_obtained":["Doubt"]},{"cards_removed":["Doubt"],"damage_healed":0,"gold_gain":0,"player_choice":"Card Removal","damage_taken":0,"max_hp_gain":0,"max_hp_loss":0,"event_name":"The Cleric","floor":10,"gold_loss":50}],"is_beta":false,"boss_relics":[],"items_purged_floors":[14],"is_endless":false,"potions_floor_spawned":[1,5,11],"killed_by":"The Guardian","ascension_level":2}}