{"host":"uy3vg6glkp8m6iit","time":1609688920,"event":{"mods":["AchievementEnabler","BaseMod","Colored Map","DeckTracker","Highlight Path","Keyboard Shortcuts","Minty Spire (QoL Compilation)","Quick Restart","Random Character Button","Rare Cards Sparkle","Relic Stats","StSLib","SuperFastMode","everything is the same but u backflip on backflip"],"gold_per_floor":[112,129,147,157,45,45,79,79,132,132,132,159,159,4,4,109,109,120,39,59,59,59,59,79,79,79,108,126,126,159,159,159,257,257,275,275,287,187,200,200,235,235,235,250,104,104,134,9,9,9,9,9,9,34,34],"floor_reached":56,"playtime":1980,"items_purged":["Strike_G","Unload","Poisoned Stab"],"score":2024,"play_id":"0b49aec9-0c3f-49a2-b35e-6604126353cc","local_time":"20210104004840","is_ascension_mode":true,"campfire_choices":[{"data":"Neutralize","floor":6.0,"key":"SMITH"},{"data":"Malaise","floor":8.0,"key":"SMITH"},{"data":"Well Laid Plans","floor":11.0,"key":"SMITH"},{"data":"Deadly Poison","floor":13.0,"key":"SMITH"},{"data":"Acrobatics","floor":15.0,"key":"SMITH"},{"data":"Crippling Poison","floor":23.0,"key":"SMITH"},{"data":"Reflex","floor":25.0,"key":"SMITH"},{"floor":29.0,"key":"REST"},{"data":"Blade Dance","floor":32.0,"key":"SMITH"},{"data":"Calculated Gamble","floor":40.0,"key":"SMITH"},{"data":"Concentrate","floor":42.0,"key":"SMITH"},{"floor":46.0,"key":"RECALL"},{"data":"Acrobatics","floor":49.0,"key":"SMITH"},{"data":"Wraith Form v2","floor":52,"key":"SMITH"}],"circlet_count":0,"master_deck":["AscendersBane","Survivor","Neutralize+1","Flying Knee","Underhanded Strike","Acrobatics+1","Dagger Throw","Well Laid Plans+1","Malaise+1","Escape Plan","Deadly Poison+1","Adrenaline","Crippling Poison+1","Reflex+1","Blade Dance+1","PiercingWail+1","Adrenaline","Wraith Form v2+1","Corpse Explosion","Concentrate+1","Tools of the Trade","Calculated Gamble+1","Bouncing Flask","Acrobatics+1","Blade Dance+1","Backflip"],"relics":["Ring of the Snake","Shuriken","Nunchaku","Anchor","PreservedInsect","HoveringKite","Sundial","CaptainsWheel","Letter Opener","Pandora\u0027s Box","Ancient Tea Set","OrangePellets","Prayer Wheel","Lantern"],"acts_visited":["Exordium","TheCity","TheBeyond","TheEnding"],"potions_floor_usage":[55,55,55],"damage_taken":[{"damage":0.0,"enemies":"2 Louse","floor":1.0,"turns":3.0},{"damage":0.0,"enemies":"Cultist","floor":2.0,"turns":3.0},{"damage":4.0,"enemies":"Small Slimes","floor":3.0,"turns":3.0},{"damage":0.0,"enemies":"Blue Slaver","floor":4.0,"turns":6.0},{"damage":17.0,"enemies":"Lagavulin","floor":7.0,"turns":4.0},{"damage":17.0,"enemies":"Gremlin Nob","floor":12.0,"turns":4.0},{"damage":0.0,"enemies":"Hexaghost","floor":16.0,"turns":9.0},{"damage":0.0,"enemies":"3 Byrds","floor":18.0,"turns":4.0},{"damage":5.0,"enemies":"2 Thieves","floor":20.0,"turns":4.0},{"damage":7.0,"enemies":"Snake Plant","floor":24.0,"turns":4.0},{"damage":18.0,"enemies":"Gremlin Leader","floor":27.0,"turns":6.0},{"damage":0.0,"enemies":"3 Cultists","floor":28.0,"turns":4.0},{"damage":9.0,"enemies":"Book of Stabbing","floor":30.0,"turns":4.0},{"damage":0.0,"enemies":"Champ","floor":33.0,"turns":7.0},{"damage":0.0,"enemies":"3 Darklings","floor":35.0,"turns":2.0},{"damage":0.0,"enemies":"Orb Walker","floor":37.0,"turns":2.0},{"damage":0.0,"enemies":"Transient","floor":39.0,"turns":5.0},{"damage":0.0,"enemies":"Nemesis","floor":41.0,"turns":3.0},{"damage":0.0,"enemies":"4 Shapes","floor":44.0,"turns":1.0},{"damage":0.0,"enemies":"Giant Head","floor":47.0,"turns":4.0},{"damage":13,"enemies":"Donu and Deca","floor":50,"turns":4},{"damage":0,"enemies":"Shield and Spear","floor":54,"turns":2},{"damage":63,"enemies":"The Heart","floor":55,"turns":7}],"seed_played":"-4550442090286006553","potions_obtained":[{"floor":2.0,"key":"FearPotion"},{"floor":16.0,"key":"SkillPotion"},{"floor":24.0,"key":"SkillPotion"},{"floor":30.0,"key":"Strength Potion"},{"floor":37.0,"key":"Swift Potion"},{"floor":41.0,"key":"Block Potion"}],"is_trial":false,"path_per_floor":["M","M","M","M","$","R","E","R","T","?","R","E","R","$","R","B",null,"M","$","M","$","?","R","M","R","T","E","M","R","E","?","R","B",null,"M","?","M","$","M","R","E","R","T","M","$","R","E","$","R","B",null,"R","$","E","B",null],"character_chosen":"THE_SILENT","items_purchased":["Well Laid Plans","PreservedInsect","Reflex","OrangePellets"],"campfire_rested":1,"item_purchase_floors":[5,14,19,45],"current_hp_per_floor":[63,63,59,59,59,59,42,42,42,42,42,25,25,25,25,25,59,59,59,54,54,54,54,47,47,47,29,29,50,41,64,64,64,69,69,69,69,69,69,69,69,69,69,69,69,69,69,69,69,56,67,67,67,67,4],"gold":34,"neow_bonus":"TRANSFORM_CARD","is_daily":false,"chose_seed":false,"campfire_upgraded":12,"win_rate":0.0,"timestamp":1609688920,"path_taken":["M","M","M","M","$","R","E","R","T","?","R","E","R","?","R","BOSS","M","$","M","$","?","R","M","R","T","E","M","R","E","?","R","BOSS","M","?","M","?","M","R","E","R","T","M","$","R","E","$","R","BOSS","R","$","E","BOSS"],"items_purchased_type":["Card","Relic","Card","Relic"],"build_version":"2020-12-22","purchased_purges":3,"victory":true,"max_hp_per_floor":[70,70,70,70,70,70,70,70,70,70,70,70,70,70,70,70,70,70,70,70,70,70,70,70,70,70,70,70,70,70,70,70,70,70,70,70,70,70,70,70,70,70,70,70,70,70,70,70,70,70,70,70,70,70,70],"relic_stats":{"OrangePellets":[2],"Nunchaku":[37],"counters":[23,95],"Shuriken":[98],"Sundial":[22],"HoveringKite":[50],"Pandora\u0027s Box":["Corpse Explosion","Concentrate","Tools of the Trade","Calculated Gamble","Bouncing Flask","Acrobatics","Unload","Poisoned Stab"],"Prayer Wheel":0,"PreservedInsect":380,"Letter Opener":[412],"obtain_stats":[{"Lantern":54,"HoveringKite":17,"PreservedInsect":14,"Letter Opener":30,"Ancient Tea Set":41,"OrangePellets":45,"Nunchaku":9,"Anchor":12,"CaptainsWheel":27,"Shuriken":7,"Sundial":26,"Pandora\u0027s Box":34,"Prayer Wheel":47,"Ring of the Snake":0},{"Lantern":22,"HoveringKite":7,"PreservedInsect":6,"Letter Opener":13,"Ancient Tea Set":18,"OrangePellets":19,"Nunchaku":5,"Anchor":6,"CaptainsWheel":11,"Shuriken":5,"Sundial":10,"Pandora\u0027s Box":14,"Prayer Wheel":20,"Ring of the Snake":0},{"Lantern":88,"HoveringKite":32,"PreservedInsect":23,"Letter Opener":58,"Ancient Tea Set":77,"OrangePellets":78,"Nunchaku":19,"Anchor":23,"CaptainsWheel":50,"Shuriken":19,"Sundial":44,"Pandora\u0027s Box":65,"Prayer Wheel":82,"Ring of the Snake":0}],"Ring of the Snake":[46]},"card_choices":[{"not_picked":["Deflect","Acrobatics"],"picked":"Underhanded Strike","floor":1.0},{"not_picked":["Eviscerate","Expertise","Prepared"],"picked":"SKIP","floor":2.0},{"not_picked":["Sucker Punch","Quick Slash"],"picked":"Acrobatics","floor":3.0},{"not_picked":["Outmaneuver","Bane"],"picked":"Dagger Throw","floor":4.0},{"not_picked":["Cloak And Dagger","Outmaneuver"],"picked":"Malaise","floor":7.0},{"not_picked":["Dodge and Roll","Prepared","Deadly Poison"],"picked":"SKIP","floor":12.0},{"not_picked":["Dodge and Roll","Prepared"],"picked":"Deadly Poison","floor":12.0},{"not_picked":["Unload","Bullet Time"],"picked":"Adrenaline","floor":16.0},{"not_picked":["Deadly Poison","Quick Slash"],"picked":"Crippling Poison","floor":18.0},{"not_picked":["Backstab","Escape Plan","Sucker Punch"],"picked":"SKIP","floor":20.0},{"not_picked":["Dash","Quick Slash","Infinite Blades"],"picked":"SKIP","floor":24.0},{"not_picked":["Distraction","Dagger Throw"],"picked":"Blade Dance","floor":27.0},{"not_picked":["Noxious Fumes","Flechettes"],"picked":"PiercingWail+1","floor":28.0},{"not_picked":["PiercingWail","Infinite Blades+1"],"picked":"Adrenaline","floor":30.0},{"not_picked":["Venomology","Glass Knife"],"picked":"Wraith Form v2","floor":33.0},{"not_picked":["Prepared+1","Dagger Spray+1","Poisoned Stab+1"],"picked":"SKIP","floor":35.0},{"not_picked":["Reflex","Cloak And Dagger","Backstab"],"picked":"SKIP","floor":37.0},{"not_picked":["Reflex","Cloak And Dagger","Backstab"],"picked":"SKIP","floor":37.0},{"not_picked":["Crippling Poison","Predator+1","Backstab+1"],"picked":"SKIP","floor":39.0},{"not_picked":["Deflect+1","Blade Dance+1","Distraction"],"picked":"SKIP","floor":41.0},{"not_picked":["Deflect+1","Adrenaline"],"picked":"Backflip","floor":44.0},{"not_picked":["Cloak And Dagger","Masterful Stab+1","Endless Agony+1"],"picked":"SKIP","floor":47.0},{"not_picked":["Cloak And Dagger","Masterful Stab+1","Endless Agony+1"],"picked":"SKIP","floor":47.0},{"not_picked":["Leg Sweep","Flying Knee+1","Backflip"],"picked":"SKIP","floor":54}],"player_experience":1458569,"relics_obtained":[{"floor":7.0,"key":"Shuriken"},{"floor":9.0,"key":"Nunchaku"},{"floor":12.0,"key":"Anchor"},{"floor":26.0,"key":"Sundial"},{"floor":27.0,"key":"CaptainsWheel"},{"floor":30.0,"key":"Letter Opener"},{"floor":41.0,"key":"Ancient Tea Set"},{"floor":47.0,"key":"Prayer Wheel"},{"floor":54,"key":"Lantern"}],"event_choices":[{"damage_healed":0.0,"max_hp_gain":0.0,"max_hp_loss":0.0,"gold_gain":0.0,"event_name":"Match and Keep!","player_choice":"1 cards matched","floor":10.0,"gold_loss":0.0,"damage_taken":0.0,"cards_obtained":["Escape Plan"]},{"damage_healed":0.0,"max_hp_gain":0.0,"max_hp_loss":0.0,"gold_gain":0.0,"event_name":"The Mausoleum","player_choice":"Ignored","floor":22.0,"gold_loss":0.0,"damage_taken":0.0},{"damage_healed":23.0,"max_hp_gain":0.0,"max_hp_loss":0.0,"gold_gain":0.0,"event_name":"The Library","player_choice":"Heal","floor":31.0,"gold_loss":0.0,"damage_taken":0.0},{"damage_healed":0.0,"max_hp_gain":0.0,"max_hp_loss":0.0,"gold_gain":0.0,"event_name":"Duplicator","player_choice":"Copied","floor":36.0,"gold_loss":0.0,"damage_taken":0.0,"cards_obtained":["Blade Dance"]}],"is_beta":false,"boss_relics":[{"not_picked":["Velvet Choker","Calling Bell"],"picked":"HoveringKite"},{"not_picked":["Black Star","Busted Crown"],"picked":"Pandora\u0027s Box"}],"items_purged_floors":[5,38,48],"is_endless":false,"potions_floor_spawned":[2,16,24,30,37,41,47,54],"ascension_level":10}}