{"host":"3rixevx6n8b56xaj","time":1609665693,"event":{"mods":["2.2 Compatiblity","AchievementEnabler","Arknights The Spire","BaseMod","Colored Map","DeckTracker","Friendly Minions","Minty Spire (QoL Compilation)","StSLib","SuperFastMode"],"gold_per_floor":[112,112,112,122,122,122,122,122,147,162,190,7,7,18,18,121,121,132,165,183,7,106,106,131,56,56,56,56,83,94,111,111,216,216,226,110,110,126,146,180,180,180,180,230,260,278,290,303,303,303,303,303,34,61,61],"floor_reached":56,"playtime":1825,"items_purged":["Strike_B","Strike_B"],"score":1273,"play_id":"2d49111d-dd1c-45ad-a7f5-42ad604de8af","local_time":"20210103182133","is_ascension_mode":false,"campfire_choices":[{"data":"Defragment","floor":6,"key":"SMITH"},{"data":"Dualcast","floor":13,"key":"SMITH"},{"data":"Zap","floor":15,"key":"SMITH"},{"data":"Biased Cognition","floor":23,"key":"SMITH"},{"floor":27,"key":"RECALL"},{"data":"Reboot","floor":32,"key":"SMITH"},{"data":"Seek","floor":42,"key":"SMITH"},{"data":"Dark Shackles","floor":49,"key":"SMITH"},{"data":"Madness","floor":52,"key":"SMITH"}],"circlet_count":0,"master_deck":["Strike_B+1","Defend_B+1","Defend_B+1","Zap+1","Dualcast+1","Doom and Gloom","Compile Driver","Defragment+1","Ball Lightning","FTL","Core Surge","BootSequence+1","Cold Snap","Coolheaded+1","Biased Cognition+1","Sweeping Beam","Reboot+1","Seek+1","Self Repair","Conserve Battery","Madness+1","Madness","Dark Shackles+1","Reinforced Body+1","Tempest+1"],"relics":["FrozenCore","NeowsBlessing","The Courier","Runic Capacitor","Red Mask","OrangePellets","Gremlin Horn","DataDisk","War Paint","Busted Crown","Bottled Tornado","Boot","Mango","PreservedInsect","TungstenRod","Happy Flower"],"acts_visited":["Exordium","TheCity","TheBeyond","TheEnding"],"potions_floor_usage":[11,11,16,33,45,45,46,55,55,55],"damage_taken":[{"damage":0,"enemies":"2 Louse","floor":1,"turns":1},{"damage":0,"enemies":"Cultist","floor":4,"turns":1},{"damage":0,"enemies":"Small Slimes","floor":10,"turns":1},{"damage":13,"enemies":"Lagavulin","floor":11,"turns":4},{"damage":12,"enemies":"Blue Slaver","floor":14,"turns":3},{"damage":31,"enemies":"The Guardian","floor":16,"turns":7},{"damage":5,"enemies":"2 Thieves","floor":18,"turns":4},{"damage":12,"enemies":"Masked Bandits","floor":19,"turns":4},{"damage":0,"enemies":"Spheric Guardian","floor":20,"turns":4},{"damage":0,"enemies":"Book of Stabbing","floor":24,"turns":5},{"damage":0,"enemies":"Centurion and Healer","floor":30,"turns":5},{"damage":0,"enemies":"Sentry and Sphere","floor":31,"turns":4},{"damage":2,"enemies":"Collector","floor":33,"turns":7},{"damage":0,"enemies":"Orb Walker","floor":35,"turns":4},{"damage":4,"enemies":"3 Darklings","floor":38,"turns":4},{"damage":0,"enemies":"Maw","floor":39,"turns":5},{"damage":15,"enemies":"Nemesis","floor":40,"turns":7},{"damage":0,"enemies":"Mind Bloom Boss Battle","floor":44,"turns":5},{"damage":0,"enemies":"Giant Head","floor":45,"turns":7},{"damage":0,"enemies":"Jaw Worm Horde","floor":46,"turns":4},{"damage":0,"enemies":"Writhing Mass","floor":47,"turns":7},{"damage":0,"enemies":"Transient","floor":48,"turns":5},{"damage":25,"enemies":"Awakened One","floor":50,"turns":10},{"damage":30,"enemies":"Shield and Spear","floor":54,"turns":6},{"damage":37,"enemies":"The Heart","floor":55,"turns":11}],"seed_played":"3253644241442574475","potions_obtained":[{"floor":1,"key":"Energy Potion"},{"floor":8,"key":"Energy Potion"},{"floor":8,"key":"PowerPotion"},{"floor":16,"key":"Ancient Potion"},{"floor":19,"key":"PotionOfCapacity"},{"floor":20,"key":"LiquidBronze"},{"floor":24,"key":"EssenceOfDarkness"},{"floor":30,"key":"Swift Potion"},{"floor":38,"key":"ColorlessPotion"},{"floor":45,"key":"Fruit Juice"},{"floor":48,"key":"Ancient Potion"}],"is_trial":false,"path_per_floor":["M","?","?","M","?","R","?","?","T","M","E","$","R","M","R","B",null,"M","?","M","$","?","R","E","?","T","R","?","T","M","M","R","B",null,"M","$","?","M","M","E","?","R","T","?","E","M","M","M","R","B",null,"R","$","E","B",null],"character_chosen":"DEFECT","items_purchased":["Runic Capacitor","Biased Cognition","OrangePellets","Conserve Battery","TungstenRod","Strength Potion"],"campfire_rested":0,"item_purchase_floors":[12,21,21,36,53,53],"current_hp_per_floor":[75,80,80,80,73,73,57,57,57,57,44,44,44,32,32,1,80,75,63,63,63,63,63,63,63,63,63,48,48,48,48,48,46,85,85,85,74,70,77,69,59,59,59,80,95,102,104,104,104,86,104,104,104,81,51],"gold":61,"neow_bonus":"THREE_ENEMY_KILL","is_daily":false,"chose_seed":false,"campfire_upgraded":8,"win_rate":0.0,"timestamp":1609665693,"path_taken":["M","?","?","?","?","R","?","?","T","M","E","$","R","M","R","BOSS","M","?","M","$","?","R","E","?","T","R","?","?","M","M","R","BOSS","M","$","?","M","M","E","?","R","T","?","E","M","M","M","R","BOSS","R","$","E","BOSS"],"items_purchased_type":["Relic","Card","Relic","Card","Relic","Potion"],"build_version":"2020-12-22","purchased_purges":2,"victory":true,"max_hp_per_floor":[75,80,80,80,80,80,80,80,80,80,80,80,80,80,80,80,80,80,80,80,80,80,80,80,80,80,80,85,85,85,85,85,85,85,85,85,85,85,85,85,85,85,85,99,104,104,104,104,104,104,104,104,104,104,104],"card_choices":[{"not_picked":["Reinforced Body","Gash"],"picked":"Doom and Gloom","floor":1},{"not_picked":["Conserve Battery","Barrage"],"picked":"Defragment","floor":4},{"not_picked":["Rebound","Core Surge"],"picked":"Ball Lightning","floor":10},{"not_picked":["Hologram","Beam Cell","Consume"],"picked":"SKIP","floor":11},{"not_picked":["Reinforced Body","Hello World"],"picked":"FTL","floor":14},{"not_picked":["Creative AI","Hyperbeam"],"picked":"Core Surge","floor":16},{"not_picked":["Cold Snap","Scrape"],"picked":"BootSequence+1","floor":18},{"not_picked":["Genetic Algorithm","Tempest"],"picked":"Cold Snap","floor":19},{"not_picked":["Rip and Tear","Beam Cell"],"picked":"Coolheaded+1","floor":20},{"not_picked":["Thunder Strike","Sunder"],"picked":"Sweeping Beam","floor":24},{"not_picked":["Genetic Algorithm","Steam","Compile Driver"],"picked":"SKIP","floor":30},{"not_picked":["Stack","Steam+1"],"picked":"Reboot","floor":31},{"not_picked":["Reboot","Meteor Strike"],"picked":"Seek","floor":33},{"not_picked":[],"picked":"Self Repair","floor":35},{"not_picked":["Rebound"],"picked":"SKIP","floor":38},{"not_picked":["Reprogram+1"],"picked":"SKIP","floor":39},{"not_picked":["Gash"],"picked":"SKIP","floor":40},{"not_picked":[],"picked":"Dark Shackles","floor":41},{"not_picked":[],"picked":"Reinforced Body+1","floor":45},{"not_picked":["Melter"],"picked":"SKIP","floor":46},{"not_picked":["Turbo+1"],"picked":"SKIP","floor":47},{"not_picked":[],"picked":"Tempest+1","floor":48},{"not_picked":["Meteor Strike"],"picked":"SKIP","floor":54}],"player_experience":603594,"relics_obtained":[{"floor":11,"key":"The Courier"},{"floor":19,"key":"Red Mask"},{"floor":24,"key":"Gremlin Horn"},{"floor":26,"key":"DataDisk"},{"floor":29,"key":"War Paint"},{"floor":40,"key":"Bottled Tornado"},{"floor":43,"key":"Boot"},{"floor":44,"key":"Mango"},{"floor":45,"key":"PreservedInsect"},{"floor":54,"key":"Happy Flower"}],"event_choices":[{"damage_healed":0,"gold_gain":0,"player_choice":"Donut","damage_taken":0,"max_hp_gain":5,"max_hp_loss":0,"event_name":"Big Fish","floor":2,"gold_loss":0},{"damage_healed":0,"gold_gain":0,"cards_transformed":["Strike_B"],"player_choice":"Transformed","damage_taken":0,"max_hp_gain":0,"max_hp_loss":0,"event_name":"Transmorgrifier","floor":3,"gold_loss":0,"cards_obtained":["Compile Driver"]},{"cards_removed":["Defend_B"],"damage_healed":0,"gold_gain":0,"player_choice":"Card Removal","damage_taken":7,"max_hp_gain":0,"max_hp_loss":0,"event_name":"Golden Wing","floor":5,"gold_loss":0},{"damage_healed":0,"gold_gain":0,"player_choice":"Entered Light","damage_taken":16,"max_hp_gain":0,"max_hp_loss":0,"event_name":"Shining Light","floor":7,"gold_loss":0,"cards_upgraded":["Defend_B","Strike_B"]},{"damage_healed":0,"gold_gain":0,"player_choice":"Got Potions","damage_taken":0,"max_hp_gain":0,"max_hp_loss":0,"event_name":"Lab","floor":8,"gold_loss":0},{"damage_healed":0,"gold_gain":0,"player_choice":"Fought Bandits","damage_taken":0,"max_hp_gain":0,"max_hp_loss":0,"event_name":"Masked Bandits","floor":19,"gold_loss":0},{"damage_healed":0,"gold_gain":99,"player_choice":"Stole From Cult","damage_taken":0,"max_hp_gain":0,"max_hp_loss":0,"event_name":"Nest","floor":22,"gold_loss":0},{"cards_removed":["Defend_B"],"damage_healed":0,"gold_gain":0,"player_choice":"Gave Gold","damage_taken":0,"max_hp_gain":0,"max_hp_loss":0,"event_name":"Beggar","floor":25,"gold_loss":75},{"damage_healed":0,"gold_gain":0,"player_choice":"Shed Blood","damage_taken":20,"max_hp_gain":5,"max_hp_loss":0,"event_name":"Forgotten Altar","floor":28,"gold_loss":0},{"damage_healed":0,"gold_gain":0,"player_choice":"Embrace Madness","damage_taken":11,"max_hp_gain":0,"max_hp_loss":0,"event_name":"Winding Halls","floor":37,"gold_loss":0,"cards_obtained":["Madness","Madness"]},{"damage_healed":0,"gold_gain":0,"player_choice":"Memory 3","damage_taken":10,"max_hp_gain":0,"max_hp_loss":0,"event_name":"SensoryStone","floor":41,"gold_loss":0},{"damage_healed":0,"gold_gain":0,"player_choice":"Fight","damage_taken":0,"max_hp_gain":0,"max_hp_loss":0,"event_name":"MindBloom","floor":44,"gold_loss":0}],"is_beta":false,"boss_relics":[{"not_picked":["Coffee Dripper","Runic Dome"],"picked":"FrozenCore"},{"not_picked":["Snecko Eye","Fusion Hammer"],"picked":"Busted Crown"}],"items_purged_floors":[12,36],"is_endless":false,"potions_floor_spawned":[1,10,16,19,20,24,30,38,40,45,48],"ascension_level":0}}