{"host":"ijmqth23a408ytzh","time":1609707411,"event":{"mods":["BaseMod","Curses Come First","Downfall","Minty Spire (QoL Compilation)","StSLib"],"gold_per_floor":[99,114,114,128,128,145,145,180,30,51,73,73,92,128,149,149,149,149],"floor_reached":16,"playtime":1400,"items_purged":[],"score":114,"play_id":"15dd2418-d4ea-46a0-af11-32e34d0d04d6","local_time":"20210103125651","is_ascension_mode":false,"campfire_choices":[{"floor":1,"key":"RECALL"},{"data":"Slimebound:LeadByExample","floor":9,"key":"SMITH"},{"data":"Slimebound:Split","floor":12,"key":"SMITH"}],"circlet_count":0,"master_deck":["Slimebound:Strike_Slimebound","Slimebound:Strike_Slimebound","Slimebound:Strike_Slimebound","Slimebound:Tackle","Slimebound:Defend_Slimebound","Slimebound:Defend_Slimebound","Slimebound:Defend_Slimebound","Slimebound:Split+1","Slimebound:CorrosiveSpit","Slimebound:SelfFormingGoo+1","Slimebound:SplitBruiser","Slimebound:LeadByExample+1","Iron Wave","Slimebound:RollThrough","Slimebound:ItLooksTasty","Slimebound:RallyTheTroops","Slimebound:SplitAcid","Slimebound:SlimeBrawl","Slimebound:ViciousTackle","Slimebound:SamplingLick"],"relics":["Slimebound:AbsorbEndCombat","CeramicFish","downfall:HeartBlessingBlue","downfall:HeartBlessingRed","Bottled Flame"],"acts_visited":["Exordium"],"potions_floor_usage":[16,16,16],"damage_taken":[{"damage":5,"enemies":"Jaw Worm","floor":2,"turns":5},{"damage":12,"enemies":"Cultist","floor":4,"turns":4},{"damage":4,"enemies":"Small Slimes","floor":6,"turns":2},{"damage":29,"enemies":"Lagavulin","floor":8,"turns":5},{"damage":12,"enemies":"Exordium Wildlife","floor":10,"turns":2},{"damage":11,"enemies":"Gremlin Gang","floor":11,"turns":4},{"damage":27,"enemies":"Large Slime","floor":13,"turns":3},{"damage":37,"enemies":"Gremlin Nob","floor":14,"turns":4},{"damage":14,"enemies":"Exordium Wildlife","floor":15,"turns":3},{"damage":36,"enemies":"downfall:Silent","floor":16,"turns":4}],"seed_played":"-7839510461347225803","potions_obtained":[{"floor":6,"key":"SteroidPotion"},{"floor":8,"key":"hexamod:EctoCoolerPotion"},{"floor":10,"key":"FearPotion"},{"floor":11,"key":"ColorlessPotion"},{"floor":13,"key":"Fire Potion"}],"is_trial":false,"path_per_floor":["R","M","?","M","?","M","T","E","R","M","M","R","M","E","M","B"],"character_chosen":"SLIMEBOUND","items_purchased":[],"campfire_rested":0,"item_purchase_floors":[],"current_hp_per_floor":[60,60,60,58,58,60,60,51,61,59,54,54,47,26,26,0,0,0],"gold":149,"neow_bonus":"ONE_RANDOM_RARE_CARD","is_daily":false,"chose_seed":false,"campfire_upgraded":2,"win_rate":0.0,"timestamp":1609707411,"path_taken":["R","M","?","?","?","M","T","E","R","M","?","R","?","E","M","BOSS"],"items_purchased_type":[],"build_version":"2020-12-22","purchased_purges":0,"victory":false,"max_hp_per_floor":[60,60,60,60,60,60,60,60,70,70,70,70,70,70,70,70,70,70],"card_choices":[{"not_picked":["Slimebound:SplitLeeching","Slimebound:RainOfGoop"],"picked":"Slimebound:SplitBruiser","floor":2},{"not_picked":["Slimebound:ForwardTackle","Slimebound:BestDefense"],"picked":"Slimebound:LeadByExample","floor":4},{"not_picked":["Slimebound:ComboTackle","Slimebound:Chomp"],"picked":"Slimebound:RollThrough","floor":6},{"not_picked":["Slimebound:GoopTackle","Slimebound:ViciousTackle"],"picked":"Slimebound:ItLooksTasty","floor":8},{"not_picked":["Slimebound:LeechingTouch","Slimebound:TongueLash"],"picked":"Slimebound:RallyTheTroops","floor":10},{"not_picked":["Slimebound:GoopTackle","Slimebound:GrowthPunch"],"picked":"Slimebound:SplitAcid","floor":11},{"not_picked":["Slimebound:RollThrough","Slimebound:GrowthPunch"],"picked":"Slimebound:SlimeBrawl","floor":13},{"not_picked":["Slimebound:Equalize","Slimebound:GrowthPunch"],"picked":"Slimebound:ViciousTackle","floor":14},{"not_picked":["Slimebound:Schlurp","Slimebound:SlimeSpikes"],"picked":"Slimebound:SamplingLick","floor":15}],"player_experience":704330,"relics_obtained":[{"floor":8,"key":"CeramicFish"},{"floor":14,"key":"Bottled Flame"}],"event_choices":[{"damage_healed":0,"gold_gain":0,"player_choice":"Upgraded","damage_taken":0,"max_hp_gain":0,"max_hp_loss":0,"event_name":"Upgrade Shrine","floor":3,"gold_loss":0,"cards_upgraded":["Slimebound:SelfFormingGoo"]},{"cards_removed":["Slimebound:Defend_Slimebound"],"damage_healed":0,"gold_gain":0,"player_choice":"Took Card","damage_taken":0,"max_hp_gain":0,"max_hp_loss":0,"event_name":"NoteForYourself","floor":5,"gold_loss":0,"cards_obtained":["Iron Wave"]}],"is_beta":false,"boss_relics":[],"items_purged_floors":[],"is_endless":false,"potions_floor_spawned":[6,8,10,11,13],"killed_by":"downfall:Silent","ascension_level":0}}