{"host":"8fjsnt81u6xsmhji","time":1609668632,"event":{"mods":["BaseMod","Beaked The Cultist","Colored Powertips","Downfall","Glutton Mod","Hermit","Minty Spire (QoL Compilation)","Quick Restart","StSLib","The Bug Knight","The Forsaken","The Hierophant","The Runesmith"],"gold_per_floor":[110,80,91,108,118,150,150,164,190,190,210,245,245,255,255,360,360,380,380,396,495,29,29,62,62,62,62,62,72,72,72,72,177,177,193,208,208,37,37,37,55,55,55,55,55,55,55,85,85,85,85],"floor_reached":50,"playtime":1787,"items_purged":["Runesmith:Defend_RS"],"score":598,"play_id":"a6d88961-b80e-404a-9387-9fed64297c66","local_time":"20210103041032","is_ascension_mode":true,"campfire_choices":[{"data":"Runesmith:UnlimitedPower","floor":7.0,"key":"SMITH"},{"data":"Runesmith:Grindstone","floor":10.0,"key":"SMITH"},{"floor":15.0,"key":"REST"},{"floor":23.0,"key":"REST"},{"floor":28.0,"key":"REST"},{"floor":30.0,"key":"REST"},{"floor":32.0,"key":"REST"},{"floor":40.0,"key":"REST"},{"floor":45.0,"key":"REST"},{"floor":47.0,"key":"REST"},{"floor":49,"key":"REST"}],"circlet_count":0,"master_deck":["Runesmith:Defend_RS","Runesmith:Defend_RS","Runesmith:Fortify","Runesmith:ArcReactor","Runesmith:Superposition","Runesmith:EarthShield","Runesmith:CraftMagma","Runesmith:UnlimitedPower+1","Runesmith:EarthShield","Runesmith:Grindstone+1","Runesmith:PoweredAnvil","Runesmith:CraftPrismatica","Runesmith:HeatExchange","Runesmith:RuneHurl","Runesmith:CraftMagma","Runesmith:LightningRod","Runesmith:CraftObretio","Slimebound:Tackle+1","Slimebound:Tackle+1","Slimebound:Tackle+1","Runesmith:CreatorForm"],"relics":["Runesmith:BrokenRuby","StoneCalendar","Bronze Scales","Potion Belt","Black Star","Ginger","PreservedInsect","Happy Flower","Nunchaku","Singing Bowl","SlaversCollar","Toy Ornithopter","Sundial","Pocketwatch","Pantograph"],"acts_visited":["Exordium","TheCity","TheBeyond"],"potions_floor_usage":[48,50],"damage_taken":[{"damage":0.0,"enemies":"2 Louse","floor":1.0,"turns":2.0},{"damage":1.0,"enemies":"Cultist","floor":3.0,"turns":3.0},{"damage":0.0,"enemies":"Jaw Worm","floor":4.0,"turns":3.0},{"damage":7.0,"enemies":"Lots of Slimes","floor":5.0,"turns":5.0},{"damage":0.0,"enemies":"Lagavulin","floor":6.0,"turns":6.0},{"damage":1.0,"enemies":"Blue Slaver","floor":8.0,"turns":2.0},{"damage":0.0,"enemies":"Large Slime","floor":11.0,"turns":3.0},{"damage":8.0,"enemies":"3 Sentries","floor":12.0,"turns":6.0},{"damage":13.0,"enemies":"Exordium Wildlife","floor":14.0,"turns":5.0},{"damage":27.0,"enemies":"Hexaghost","floor":16.0,"turns":7.0},{"damage":11.0,"enemies":"Spheric Guardian","floor":18.0,"turns":6.0},{"damage":17.0,"enemies":"Shell Parasite","floor":20.0,"turns":7.0},{"damage":38.0,"enemies":"Gremlin Leader","floor":24.0,"turns":7.0},{"damage":20.0,"enemies":"Shelled Parasite and Fungi","floor":29.0,"turns":7.0},{"damage":12.0,"enemies":"Champ","floor":33.0,"turns":9.0},{"damage":28.0,"enemies":"3 Darklings","floor":35.0,"turns":6.0},{"damage":23.0,"enemies":"3 Shapes","floor":36.0,"turns":5.0},{"damage":24.0,"enemies":"Jaw Worm Horde","floor":41.0,"turns":6.0},{"damage":41,"enemies":"Reptomancer","floor":48,"turns":7},{"damage":97,"enemies":"Awakened One","floor":50,"turns":6}],"seed_played":"3759096377689197389","potions_obtained":[{"floor":1.0,"key":"FearPotion"},{"floor":2.0,"key":"Energy Potion"},{"floor":2.0,"key":"AttackPotion"},{"floor":5.0,"key":"sneckomod:MuddlingPotion"},{"floor":11.0,"key":"BlessingOfTheForge"},{"floor":14.0,"key":"CultistPotion"},{"floor":20.0,"key":"BlessingOfTheForge"},{"floor":29.0,"key":"SkillPotion"},{"floor":33.0,"key":"BlessingOfTheForge"},{"floor":35.0,"key":"SneckoOil"},{"floor":36.0,"key":"Guardian:BlockOnCardUsePotion"}],"is_trial":false,"path_per_floor":["M","?","M","M","M","E","R","M","T","R","M","E","?","M","R","B",null,"M","?","M","?","$","R","E","$","T","?","R","M","R","?","R","B",null,"M","M","?","$","?","R","M","$","T","$","R","?","R","E","R","B"],"character_chosen":"RUNESMITH_CLASS","items_purchased":["Ginger","PreservedInsect","Runesmith:CraftMagma","Fruit Juice"],"campfire_rested":9,"item_purchase_floors":[22,22,22,38],"current_hp_per_floor":[70,70,69,69,62,62,62,61,61,61,61,53,53,40,61,34,70,59,46,29,29,29,51,13,13,13,13,35,15,37,37,59,47,75,49,28,28,33,33,58,41,41,41,41,66,66,86,52,78,0,0],"gold":85,"neow_bonus":"ONE_RANDOM_RARE_CARD","is_daily":false,"chose_seed":false,"campfire_upgraded":2,"win_rate":0.0,"timestamp":1609668632,"path_taken":["M","?","?","M","M","E","R","M","T","R","M","E","?","?","R","BOSS","M","?","M","?","$","R","E","?","T","?","R","M","R","?","R","BOSS","M","M","?","$","?","R","?","$","T","?","R","?","R","E","R","BOSS"],"items_purchased_type":["Relic","Relic","Card","Potion"],"build_version":"2020-12-22","purchased_purges":1,"victory":false,"max_hp_per_floor":[70,70,70,70,70,70,70,70,70,70,70,70,70,70,70,70,70,70,75,75,75,75,75,75,75,75,75,75,75,75,75,75,75,75,77,79,79,84,84,84,86,86,86,86,86,86,86,88,88,88,88],"card_choices":[{"not_picked":["Runesmith:UnstableHammer","Runesmith:ShiftingStrike"],"picked":"Runesmith:Superposition","floor":1.0},{"not_picked":["Runesmith:Repurpose","Runesmith:Malloc"],"picked":"Runesmith:EarthShield","floor":3.0},{"not_picked":["Runesmith:HeatedChisel","Runesmith:FrozenChisel"],"picked":"Runesmith:CraftMagma","floor":4.0},{"not_picked":["Runesmith:FrozenChisel","Runesmith:CraftReservo"],"picked":"Runesmith:UnlimitedPower","floor":5.0},{"not_picked":["Runesmith:RuneHurl","Runesmith:MakeshiftArmor"],"picked":"Runesmith:EarthShield","floor":6.0},{"not_picked":["Runesmith:HammerAndChisel","Runesmith:CraftMedicinae"],"picked":"Runesmith:Grindstone","floor":8.0},{"not_picked":["Runesmith:WhiteBalance","Runesmith:DoubleUp","Runesmith:EnergizedChisel"],"picked":"SKIP","floor":11.0},{"not_picked":["Runesmith:CraftMagma","Runesmith:BackupBattery"],"picked":"Runesmith:PoweredAnvil","floor":12.0},{"not_picked":["Runesmith:MakeshiftArmor","Runesmith:StaticCage","Runesmith:ReplicatingBarrier"],"picked":"SKIP","floor":14.0},{"not_picked":["Runesmith:Duplicate","Runesmith:FissionHammer"],"picked":"Runesmith:CraftPrismatica","floor":16.0},{"not_picked":["Runesmith:UnstableHammer","Runesmith:FrozenChisel"],"picked":"Runesmith:HeatExchange","floor":18.0},{"not_picked":["Runesmith:Repurpose","Runesmith:ShiftingStrike"],"picked":"Runesmith:RuneHurl","floor":20.0},{"not_picked":["Runesmith:Accelerate+1","Runesmith:CraftMagma","Runesmith:Discharge"],"picked":"SKIP","floor":24.0},{"not_picked":["Runesmith:Grindstone","Runesmith:OneForEveryone"],"picked":"Runesmith:CraftObretio","floor":29.0},{"not_picked":["Runesmith:ReplicatingBarrier","Runesmith:Duplicate"],"picked":"Runesmith:CreatorForm","floor":33.0},{"not_picked":["Runesmith:Discharge+1","Runesmith:HammerTime","Runesmith:Repurpose"],"picked":"Singing Bowl","floor":35.0},{"not_picked":["Runesmith:Grindstone","Runesmith:HammerThrow+1","Runesmith:UnstableHammer+1"],"picked":"Singing Bowl","floor":36.0},{"not_picked":["Runesmith:ChargedHammer+1","Runesmith:Retool","Runesmith:Overpower"],"picked":"Singing Bowl","floor":41.0},{"not_picked":["Runesmith:NanitesCloud","Runesmith:EarthShield+1","Runesmith:FieryHammer+1"],"picked":"Singing Bowl","floor":48}],"player_experience":701668,"relics_obtained":[{"floor":6.0,"key":"StoneCalendar"},{"floor":9.0,"key":"Bronze Scales"},{"floor":12.0,"key":"Potion Belt"},{"floor":24.0,"key":"Happy Flower"},{"floor":24.0,"key":"Nunchaku"},{"floor":26.0,"key":"Singing Bowl"},{"floor":43.0,"key":"Sundial"},{"floor":48,"key":"Pocketwatch"},{"floor":48,"key":"Pantograph"}],"event_choices":[{"damage_healed":0.0,"max_hp_gain":0.0,"max_hp_loss":0.0,"gold_gain":0.0,"event_name":"The Woman in Blue","player_choice":"Bought 2 Potions","floor":2.0,"gold_loss":0.0,"damage_taken":0.0},{"cards_removed":["Runesmith:CraftFirestone"],"damage_healed":0.0,"max_hp_gain":0.0,"max_hp_loss":0.0,"gold_gain":0.0,"event_name":"Bonfire Elementals","player_choice":"Offered Basic","floor":13.0,"gold_loss":0.0,"damage_taken":0.0},{"damage_healed":0.0,"max_hp_gain":5.0,"max_hp_loss":0.0,"gold_gain":0.0,"event_name":"Forgotten Altar","player_choice":"Shed Blood","floor":19.0,"gold_loss":0.0,"damage_taken":18.0},{"damage_healed":0.0,"max_hp_gain":0.0,"max_hp_loss":0.0,"gold_gain":99.0,"event_name":"Nest","player_choice":"Stole From Cult","floor":21.0,"gold_loss":0.0,"damage_taken":0.0},{"damage_healed":0.0,"max_hp_gain":0.0,"max_hp_loss":0.0,"gold_gain":0.0,"event_name":"The Library","player_choice":"Read","floor":27.0,"gold_loss":0.0,"damage_taken":0.0,"cards_obtained":["Runesmith:LightningRod"]},{"damage_healed":0.0,"max_hp_gain":0.0,"max_hp_loss":0.0,"gold_gain":0.0,"event_name":"The Moai Head","player_choice":"Ignored","floor":37.0,"gold_loss":0.0,"damage_taken":0.0},{"damage_healed":0.0,"max_hp_gain":0.0,"max_hp_loss":0.0,"gold_gain":0.0,"event_name":"WeMeetAgain","player_choice":"Gave Potion","floor":39.0,"gold_loss":0.0,"damage_taken":0.0,"relics_obtained":["Toy Ornithopter"]},{"cards_removed":["Runesmith:Defend_RS"],"damage_healed":0.0,"max_hp_gain":0.0,"max_hp_loss":0.0,"gold_gain":0.0,"event_name":"Purifier","player_choice":"Purged","floor":46.0,"gold_loss":0.0,"damage_taken":0.0}],"is_beta":false,"boss_relics":[{"not_picked":["Snecko Eye","Calling Bell"],"picked":"Black Star"},{"not_picked":["Cursed Key","Tiny House"],"picked":"SlaversCollar"}],"items_purged_floors":[38],"is_endless":false,"potions_floor_spawned":[1,5,11,14,20,29,33,35,36],"killed_by":"Awakened One","ascension_level":2}}