{"host":"vumwfieg2b2mnrfl","time":1609709415,"event":{"mods":["AchievementEnabler","BaseMod","Minty Spire (QoL Compilation)","Rare Cards Sparkle","Relic Stats"],"gold_per_floor":[119,136,136,157,157,157,157],"floor_reached":6,"playtime":218,"items_purged":[],"score":63,"play_id":"0c4c1b61-be97-40c9-b43b-a6130aaaa823","local_time":"20210103153015","is_ascension_mode":true,"campfire_choices":[],"circlet_count":0,"master_deck":["AscendersBane","Strike_R","Strike_R","Strike_R","Defend_R","Defend_R","Defend_R","Bash","Spot Weakness","Combust","Injury","True Grit"],"relics":["Burning Blood","Golden Idol"],"acts_visited":["Exordium"],"potions_floor_usage":[6],"damage_taken":[{"damage":0,"enemies":"Small Slimes","floor":1,"turns":3},{"damage":14,"enemies":"Jaw Worm","floor":2,"turns":5},{"damage":11,"enemies":"2 Louse","floor":4,"turns":3},{"damage":55,"enemies":"Gremlin Nob","floor":6,"turns":5}],"seed_played":"-3662289331080037983","potions_obtained":[{"floor":1,"key":"Energy Potion"},{"floor":2,"key":"FearPotion"}],"is_trial":false,"path_per_floor":["M","M","?","M","?","E"],"character_chosen":"IRONCLAD","items_purchased":[],"campfire_rested":0,"item_purchase_floors":[],"current_hp_per_floor":[68,60,60,55,55,0,0],"gold":157,"neow_bonus":"TRANSFORM_TWO_CARDS","is_daily":false,"chose_seed":false,"campfire_upgraded":0,"win_rate":0.0,"timestamp":1609709415,"path_taken":["M","M","?","M","?","E"],"items_purchased_type":[],"build_version":"2020-12-22","purchased_purges":0,"victory":false,"max_hp_per_floor":[68,68,68,68,68,68,68],"relic_stats":{"counters":[4,16],"Golden Idol":4,"obtain_stats":[{"Golden Idol":3,"Burning Blood":0},{"Golden Idol":2,"Burning Blood":0},{"Golden Idol":8,"Burning Blood":0}],"Burning Blood":12},"card_choices":[{"not_picked":["Armaments","Sever Soul"],"picked":"Spot Weakness","floor":1},{"not_picked":["Warcry","Combust","Anger"],"picked":"SKIP","floor":2},{"not_picked":["Warcry","Anger"],"picked":"Combust","floor":2},{"not_picked":["True Grit","Flex","Sentinel"],"picked":"SKIP","floor":4}],"player_experience":358710,"relics_obtained":[],"event_choices":[{"damage_healed":0,"gold_gain":0,"player_choice":"Take Wound","damage_taken":0,"relics_obtained":["Golden Idol"],"max_hp_gain":0,"max_hp_loss":0,"event_name":"Golden Idol","floor":3,"gold_loss":0,"cards_obtained":["Injury"]},{"damage_healed":0,"gold_gain":0,"cards_transformed":["Defend_R"],"player_choice":"Change","damage_taken":0,"max_hp_gain":0,"max_hp_loss":0,"event_name":"Living Wall","floor":5,"gold_loss":0,"cards_obtained":["True Grit"]}],"is_beta":false,"boss_relics":[],"items_purged_floors":[],"is_endless":false,"potions_floor_spawned":[1,2],"killed_by":"Gremlin Nob","ascension_level":15}}