{"host":"do480fi44aot92gl","time":1609638925,"event":{"mods":["AchievementEnabler","BaseMod","Better Third Choice","Luminous","Minty Spire (QoL Compilation)","Quick Restart","Reimu£®≤©¿ˆ¡È√Œ£©","StSLib","The Animator","Yakumo Yukari mod"],"gold_per_floor":[112,37,37,55,67,67,99,29,29,47,20,20,31,46,46,142,142,153,169,169,179,179,214,214,233,285,300,311,411,411,204,204,305,305,321,331,379,396,190,200,200,200,200],"floor_reached":42,"playtime":2955,"items_purged":["Luminous:Defend_Luminous","Luminous:Light_Flash_Shower","Luminous:Light_Flash_Shower"],"score":447,"play_id":"642d0b4b-6b65-4729-90fa-54f02bfb2966","local_time":"20210103025525","is_ascension_mode":false,"campfire_choices":[{"data":"Luminous:Photic_Meditation_Luminous","floor":6.0,"key":"SMITH"},{"data":"Luminous:Lania_Blessing_Luminous","floor":12.0,"key":"SMITH"},{"data":"Luminous:Darks_Surge_Luminous","floor":15.0,"key":"SMITH"},{"data":"Luminous:Mirror_Force_Luminous","floor":24.0,"key":"SMITH"},{"data":"Luminous:Phantom_Treasure_Luminous","floor":30.0,"key":"SMITH"},{"data":"Luminous:Dark_Arcane_Pitch","floor":32.0,"key":"SMITH"}],"circlet_count":0,"master_deck":["Luminous:Light_Flash_Shower","Luminous:Dark_Abyssal_Drop","Luminous:Dark_Abyssal_Drop","Luminous:Dark_Abyssal_Drop","Luminous:Defend_Luminous","Luminous:Defend_Luminous","Luminous:Defend_Luminous","Luminous:Switch_Luminous","Luminous:Balance_Ender","Luminous:Balance_Aether_Conduit","Luminous:Photic_Meditation_Luminous+1","Luminous:Light_Glare","Luminous:Darks_Surge_Luminous+1","Luminous:Lania_Blessing_Luminous+1","Luminous:Dusk_Guard_Luminous+1","Luminous:Light_Wash_Luminous+1","Luminous:Balance_Baptism","Luminous:Mirror_Force_Luminous+1","Luminous:Balance_Ender+1","Luminous:Dark_Arcane_Pitch+1","Luminous:Flash_Blink_Luminous+1","Luminous:Phantom_Treasure_Luminous+1","Luminous:Light_Wash_Luminous+1","Luminous:Ethereal_Form_Luminous+1","Luminous:Accumulation_Luminous","Luminous:Light_Glare","Luminous:Flash_Blink_Luminous+1","Luminous:Equalize_Luminous"],"relics":["Luminous:MirrorRelic","NeowsBlessing","Pocketwatch","Frozen Egg 2","Philosopher\u0027s Stone","Smiling Mask","Bag of Preparation","TungstenRod","Bottled Tornado","Medical Kit","SlaversCollar","Shovel","DollysMirror"],"acts_visited":["Exordium","TheCity","TheBeyond"],"potions_floor_usage":[42,42,42],"damage_taken":[{"damage":0.0,"enemies":"Small Slimes","floor":1.0,"turns":1.0},{"damage":0.0,"enemies":"Cultist","floor":4.0,"turns":1.0},{"damage":0.0,"enemies":"2 Louse","floor":5.0,"turns":1.0},{"damage":33.0,"enemies":"3 Sentries","floor":7.0,"turns":7.0},{"damage":16.0,"enemies":"Exordium Thugs","floor":10.0,"turns":4.0},{"damage":9.0,"enemies":"Blue Slaver","floor":13.0,"turns":4.0},{"damage":0.0,"enemies":"Looter","floor":14.0,"turns":3.0},{"damage":22.0,"enemies":"The Guardian","floor":16.0,"turns":6.0},{"damage":1.0,"enemies":"2 Thieves","floor":18.0,"turns":3.0},{"damage":6.0,"enemies":"Shell Parasite","floor":19.0,"turns":4.0},{"damage":11.0,"enemies":"Centurion and Healer","floor":21.0,"turns":4.0},{"damage":0.0,"enemies":"Gremlin Leader","floor":23.0,"turns":5.0},{"damage":1.0,"enemies":"Snecko","floor":25.0,"turns":5.0},{"damage":12.0,"enemies":"Chosen and Byrds","floor":27.0,"turns":5.0},{"damage":19.0,"enemies":"Centurion and Healer","floor":28.0,"turns":6.0},{"damage":9.0,"enemies":"Colosseum Slavers","floor":29.0,"turns":5.0},{"damage":60.0,"enemies":"Colosseum Nobs","floor":29.0,"turns":7.0},{"damage":36.0,"enemies":"Automaton","floor":33.0,"turns":8.0},{"damage":18.0,"enemies":"Orb Walker","floor":35.0,"turns":4.0},{"damage":7.0,"enemies":"3 Shapes","floor":36.0,"turns":5.0},{"damage":49.0,"enemies":"2 Orb Walkers","floor":37.0,"turns":9.0},{"damage":10.0,"enemies":"Jaw Worm Horde","floor":38.0,"turns":4.0},{"damage":24,"enemies":"Sphere and 2 Shapes","floor":40,"turns":5},{"damage":42,"enemies":"Sphere and 2 Shapes","floor":42,"turns":14}],"seed_played":"6633620458127416073","potions_obtained":[{"floor":1.0,"key":"CultistPotion"},{"floor":7.0,"key":"Weak Potion"},{"floor":10.0,"key":"Block Potion"},{"floor":13.0,"key":"Fire Potion"},{"floor":16.0,"key":"PowerPotion"},{"floor":19.0,"key":"SkillPotion"},{"floor":27.0,"key":"Swift Potion"},{"floor":29.0,"key":"Strength Potion"},{"floor":36.0,"key":"GamblersBrew"},{"floor":37.0,"key":"FearPotion"},{"floor":38.0,"key":"Energy Potion"}],"is_trial":false,"path_per_floor":["M","$","?","M","M","R","E","$","T","M","$","R","M","M","R","B",null,"M","M","?","M","?","E","R","M","T","M","M","?","R","$","R","B",null,"M","M","?","M","$","M","?","?"],"character_chosen":"LuminousClass","items_purchased":["Luminous:Lania_Blessing_Luminous","Luminous:Light_Wash_Luminous+1","Medical Kit","DollysMirror"],"campfire_rested":0,"item_purchase_floors":[8,11,31,39],"current_hp_per_floor":[75,75,75,75,75,75,48,48,48,43,43,43,40,48,48,37,75,74,73,73,71,71,75,75,74,74,73,69,31,31,31,31,31,75,69,75,47,47,47,36,36,0,0],"gold":200,"neow_bonus":"THREE_ENEMY_KILL","is_daily":false,"chose_seed":false,"campfire_upgraded":6,"win_rate":0.0,"timestamp":1609638925,"path_taken":["M","$","?","M","?","R","E","$","T","?","?","R","M","M","R","BOSS","M","M","?","M","?","E","R","M","T","?","M","?","R","?","R","BOSS","M","M","?","M","$","M","?","?"],"items_purchased_type":["Card","Card","Relic","Relic"],"build_version":"2020-12-22","purchased_purges":3,"victory":false,"max_hp_per_floor":[75,75,75,75,75,75,75,75,75,75,75,75,75,75,75,75,75,75,75,75,75,75,75,75,75,75,75,75,75,75,75,75,75,75,75,75,75,75,75,75,75,75,75],"card_choices":[{"not_picked":["Luminous:Light_Reflection","Luminous:Dark_Dim_Erosion","Luminous:Mana_Overload_Luminous"],"picked":"SKIP","floor":1.0},{"not_picked":["Luminous:Dark_Raid","Luminous:Light_Disperse"],"picked":"Luminous:Photic_Meditation_Luminous","floor":4.0},{"not_picked":["Luminous:Darks_Surge_Luminous","Luminous:Phantom_Treasure_Luminous"],"picked":"Luminous:Light_Glare","floor":5.0},{"not_picked":["Luminous:Abyss_Heart_Luminous","Luminous:Blinding_Pillar_Luminous"],"picked":"Luminous:Darks_Surge_Luminous","floor":7.0},{"not_picked":["Luminous:Light_Track","Luminous:Dark_Morning_Star"],"picked":"Luminous:Dusk_Guard_Luminous+1","floor":10.0},{"not_picked":["Luminous:Concentrate_Luminous","Luminous:Blinding_Pillar_Luminous"],"picked":"Luminous:Balance_Baptism","floor":13.0},{"not_picked":["Luminous:Chase_Spell_Luminous","Luminous:Blinding_Pillar_Luminous","Luminous:Light_Disperse"],"picked":"SKIP","floor":14.0},{"not_picked":["Luminous:Dark_Crescendo_Luminous+1","Luminous:Lania_Blessing_Luminous+1"],"picked":"Luminous:Mirror_Force_Luminous","floor":16.0},{"not_picked":["Luminous:Light_Disperse","Luminous:Blinding_Pillar_Luminous"],"picked":"Luminous:Balance_Ender+1","floor":18.0},{"not_picked":["Luminous:Concentrate_Luminous","Luminous:Dark_Dim_Erosion"],"picked":"Luminous:Dark_Arcane_Pitch","floor":19.0},{"not_picked":["Luminous:Dark_Pressure_Void","Luminous:Dark_Moonlight_Spear"],"picked":"Luminous:Flash_Blink_Luminous","floor":21.0},{"not_picked":["Luminous:Balance_Aether_Conduit","Luminous:Balance_Ender","Luminous:Photic_Meditation_Luminous+1"],"picked":"SKIP","floor":23.0},{"not_picked":["Luminous:Darkness_Mastery_Luminous+1","Luminous:Light_Gather+1","Luminous:Dark_Dim_Erosion"],"picked":"SKIP","floor":25.0},{"not_picked":["Luminous:Light_Wash_Luminous+1","Luminous:Blinding_Pillar_Luminous"],"picked":"Luminous:Phantom_Treasure_Luminous","floor":27.0},{"not_picked":["Luminous:Light_Disperse","Luminous:Light_Gather","Luminous:Reverse_Spell_Luminous+1"],"picked":"SKIP","floor":28.0},{"not_picked":["Luminous:Magic_Guard_Luminous","Luminous:Mana_Well_Luminous"],"picked":"Luminous:Light_Wash_Luminous+1","floor":29.0},{"not_picked":["Luminous:Freud_Wisdom1_Luminous","Luminous:Lania_Blessing_Luminous+1"],"picked":"Luminous:Ethereal_Form_Luminous+1","floor":33.0},{"not_picked":["Luminous:Concentrate_Luminous","Luminous:Magic_Boost_Luminous+1"],"picked":"Luminous:Accumulation_Luminous","floor":35.0},{"not_picked":["Luminous:Accumulation_Luminous+1","Luminous:Light_Disperse","Luminous:Light_Wash_Luminous+1"],"picked":"SKIP","floor":36.0},{"not_picked":["Luminous:Dark_Pressure_Void+1","Luminous:Mana_Overload_Luminous+1"],"picked":"Luminous:Light_Glare","floor":37.0},{"not_picked":["Luminous:Dark_Raid","Luminous:Light_Glare+1","Luminous:Mana_Overload_Luminous+1"],"picked":"SKIP","floor":38.0},{"not_picked":["Luminous:Dark_Raid","Luminous:Dark_Dim_Erosion+1"],"picked":"Luminous:Equalize_Luminous","floor":40}],"player_experience":37407,"relics_obtained":[{"floor":7.0,"key":"Pocketwatch"},{"floor":9.0,"key":"Frozen Egg 2"},{"floor":23.0,"key":"Smiling Mask"},{"floor":26.0,"key":"Bag of Preparation"},{"floor":29.0,"key":"TungstenRod"},{"floor":29.0,"key":"Bottled Tornado"},{"floor":37.0,"key":"Shovel"}],"event_choices":[{"damage_healed":0.0,"max_hp_gain":0.0,"max_hp_loss":0.0,"gold_gain":0.0,"event_name":"Match and Keep!","player_choice":"2 cards matched","floor":3.0,"gold_loss":0.0,"damage_taken":0.0,"cards_obtained":["Luminous:Balance_Ender","Luminous:Balance_Aether_Conduit"]},{"damage_healed":0.0,"max_hp_gain":0.0,"max_hp_loss":0.0,"gold_gain":0.0,"event_name":"The Mausoleum","player_choice":"Ignored","floor":20.0,"gold_loss":0.0,"damage_taken":0.0},{"damage_healed":0.0,"max_hp_gain":0.0,"max_hp_loss":0.0,"gold_gain":0.0,"event_name":"Upgrade Shrine","player_choice":"Upgraded","floor":22.0,"gold_loss":0.0,"damage_taken":0.0,"cards_upgraded":["Luminous:Flash_Blink_Luminous"]},{"damage_healed":0.0,"max_hp_gain":0.0,"max_hp_loss":0.0,"gold_gain":0.0,"event_name":"Colosseum","player_choice":"Fight","floor":29.0,"gold_loss":0.0,"damage_taken":0.0},{"damage_healed":0.0,"max_hp_gain":0.0,"max_hp_loss":0.0,"gold_gain":0.0,"event_name":"Colosseum","player_choice":"Fought Nobs","floor":29.0,"gold_loss":0.0,"damage_taken":0.0},{"damage_healed":0.0,"max_hp_gain":0.0,"max_hp_loss":0.0,"gold_gain":0.0,"event_name":"Mysterious Sphere","player_choice":"Fight","floor":37.0,"gold_loss":0.0,"damage_taken":0.0},{"damage_healed":0,"gold_gain":0,"player_choice":"Ignored","damage_taken":0,"max_hp_gain":0,"max_hp_loss":0,"event_name":"Tomb of Lord Red Mask","floor":41,"gold_loss":0}],"is_beta":false,"boss_relics":[{"not_picked":["Black Star","Busted Crown"],"picked":"Philosopher\u0027s Stone"},{"not_picked":["Snecko Eye","Calling Bell"],"picked":"SlaversCollar"}],"items_purged_floors":[2,31,39],"is_endless":false,"potions_floor_spawned":[1,7,10,13,16,19,27,28,29,36,37,38],"killed_by":"Sphere and 2 Shapes","ascension_level":0}}