{"host":"gg","time":1609687554,"event":{"mods":["BaseMod","Colored Map","Googly Eyes","Minty Spire (QoL Compilation)","Permanent Neow","Relic Stats","The IronCluck"],"gold_per_floor":[117,135,36,1,17,50,50,84,84,159,159,182,232,232,244,335,647,674,656,423,423,423,423,449,449,528,547,572,1,31,31,31,102,102,114,159,177,202,202,235,235,235,260,260,260,271,92,119,119,119,119],"floor_reached":50,"playtime":2802,"items_purged":["Defend_P","Writhe"],"score":1072,"play_id":"8f52d457-befd-4f7f-96b9-3b433512d3d6","local_time":"20210103072554","is_ascension_mode":true,"campfire_choices":[{"data":"Eruption","floor":7.0,"key":"SMITH"},{"floor":15,"key":"REST"},{"data":"RitualDagger","floor":23,"key":"SMITH"},{"data":"Vault","floor":25,"key":"SMITH"},{"data":"Adaptation","floor":32,"key":"SMITH"},{"data":"CrushJoints","floor":42,"key":"SMITH"},{"data":"BattleHymn","floor":44,"key":"PURGE"},{"floor":49,"key":"RECALL"}],"circlet_count":0,"master_deck":["AscendersBane","Strike_P+1","Strike_P+1","Strike_P+1","Strike_P+1","Defend_P+1","Defend_P+1","Defend_P+1","Eruption+1","Vigilance","EmptyFist","SashWhip","ReachHeaven","SignatureMove","CrushJoints+1","Vault+1","CurseOfTheBell","ThirdEye","FlurryOfBlows","MentalFortress","Halt","RitualDagger+1","BowlingBash+1","Adaptation+1","WaveOfTheHand","FlurryOfBlows","Nirvana","TalkToTheHand"],"relics":["Busted Crown","Juzu Bracelet","Mercury Hourglass","Boot","Odd Mushroom","InkBottle","MawBank","Calling Bell","Bag of Preparation","Pear","Old Coin","Blue Candle","TeardropLocket","StoneCalendar","HornCleat","Blood Vial","Toolbox","Pen Nib","Coffee Dripper","Turnip","Peace Pipe","CaptainsWheel","Bronze Scales"],"acts_visited":["Exordium","TheCity","TheBeyond"],"potions_floor_usage":[13,24,28,33,33,40,48],"damage_taken":[{"damage":0.0,"enemies":"2 Louse","floor":1.0,"turns":3.0},{"damage":2.0,"enemies":"Small Slimes","floor":2.0,"turns":3.0},{"damage":0.0,"enemies":"Jaw Worm","floor":5.0,"turns":3.0},{"damage":0.0,"enemies":"Lagavulin","floor":6.0,"turns":4.0},{"damage":17.0,"enemies":"3 Sentries","floor":8.0,"turns":6.0},{"damage":13.0,"enemies":"The Mushroom Lair","floor":12.0,"turns":3.0},{"damage":0,"enemies":"Lagavulin","floor":13,"turns":2},{"damage":12,"enemies":"The Guardian","floor":16,"turns":8},{"damage":0,"enemies":"Spheric Guardian","floor":18,"turns":3},{"damage":13,"enemies":"Slavers","floor":24,"turns":4},{"damage":13,"enemies":"3 Byrds","floor":27,"turns":3},{"damage":24,"enemies":"Book of Stabbing","floor":28,"turns":6},{"damage":1,"enemies":"Gremlin Leader","floor":30,"turns":4},{"damage":11,"enemies":"Automaton","floor":33,"turns":6},{"damage":21,"enemies":"Orb Walker","floor":35,"turns":4},{"damage":20,"enemies":"2 Orb Walkers","floor":36,"turns":4},{"damage":0,"enemies":"3 Shapes","floor":37,"turns":3},{"damage":6,"enemies":"Mind Bloom Boss Battle","floor":38,"turns":5},{"damage":33,"enemies":"Nemesis","floor":40,"turns":9},{"damage":3,"enemies":"Sphere and 2 Shapes","floor":46,"turns":2},{"damage":26,"enemies":"Reptomancer","floor":48,"turns":7},{"damage":20,"enemies":"Awakened One","floor":50,"turns":1}],"seed_played":"5024897989883696481","potions_obtained":[{"floor":2.0,"key":"Swift Potion"},{"floor":12.0,"key":"ColorlessPotion"},{"floor":16,"key":"SteroidPotion"},{"floor":18,"key":"Strength Potion"},{"floor":19,"key":"DistilledChaos"},{"floor":24,"key":"Weak Potion"},{"floor":30,"key":"StancePotion"},{"floor":37,"key":"Swift Potion"},{"floor":38,"key":"EssenceOfSteel"}],"is_trial":false,"path_per_floor":["M","M","$","?","M","E","R","E","T","?","?","?","E","?","R","B",null,"M","?","$","?","?","R","E","R","T","M","E","$","E","?","R","B",null,"M","?","M","?","?","E","?","R","T","R","?","M","$","E","R","B"],"character_chosen":"WATCHER","items_purchased":["SashWhip","Energy Potion","FlurryOfBlows","MentalFortress","Halt","HornCleat","Blood Vial","Toolbox","FlurryOfBlows","TalkToTheHand"],"campfire_rested":1,"item_purchase_floors":[3,3,20,20,20,29,29,29,29,47],"current_hp_per_floor":[61,59,59,68,68,68,68,51,51,40,45,32,32,20,41,29,72,72,72,72,66,66,66,53,53,53,40,16,16,17,83,83,72,80,61,43,45,41,41,10,10,10,10,10,31,30,30,6,6,0,0],"gold":119,"neow_bonus":"BOSS_RELIC","is_daily":false,"chose_seed":false,"campfire_upgraded":5,"win_rate":0.0,"timestamp":1609687554,"path_taken":["M","M","$","?","M","E","R","E","T","?","?","?","E","?","R","BOSS","M","?","$","?","?","R","E","R","T","M","E","$","E","?","R","BOSS","M","?","M","?","?","E","?","R","T","R","?","M","$","E","R","BOSS"],"items_purchased_type":["Card","Potion","Card","Card","Card","Relic","Relic","Relic","Card","Card"],"build_version":"2020-12-18","purchased_purges":2,"victory":false,"max_hp_per_floor":[68,68,68,68,68,68,68,68,68,68,73,73,73,73,73,73,83,83,83,83,83,83,83,83,83,83,83,83,83,83,83,83,83,83,83,83,83,83,83,83,83,83,83,83,83,83,83,83,83,83,83],"relic_stats":{"counters":[22,91],"Blue Candle":[4],"StoneCalendar":[1],"Pen Nib":[12],"Juzu Bracelet":3,"Bag of Preparation":[28],"Boot":[107],"MawBank":72,"Mercury Hourglass":[292],"Blood Vial":18,"Peace Pipe":3,"Busted Crown":44,"Bronze Scales":[0],"Turnip":[0],"obtain_stats":[{"Pear":17,"Blue Candle":24,"StoneCalendar":28,"Pen Nib":30,"Juzu Bracelet":6,"Bag of Preparation":17,"TeardropLocket":26,"Odd Mushroom":12,"Boot":9,"MawBank":14,"Mercury Hourglass":8,"Old Coin":17,"Calling Bell":17,"Blood Vial":29,"Peace Pipe":38,"CaptainsWheel":40,"Busted Crown":0,"HornCleat":29,"Bronze Scales":48,"Toolbox":29,"Turnip":36,"Coffee Dripper":34,"PureWater":0,"InkBottle":13},{"Pear":8,"Blue Candle":10,"StoneCalendar":12,"Pen Nib":13,"Juzu Bracelet":4,"Bag of Preparation":8,"TeardropLocket":10,"Odd Mushroom":6,"Boot":5,"MawBank":7,"Mercury Hourglass":5,"Old Coin":8,"Calling Bell":8,"Blood Vial":12,"Peace Pipe":18,"CaptainsWheel":19,"Busted Crown":0,"HornCleat":12,"Bronze Scales":21,"Toolbox":12,"Turnip":16,"Coffee Dripper":14,"PureWater":0,"InkBottle":7},{"Pear":32,"Blue Candle":38,"StoneCalendar":47,"Pen Nib":51,"Juzu Bracelet":13,"Bag of Preparation":32,"TeardropLocket":38,"Odd Mushroom":22,"Boot":19,"MawBank":24,"Mercury Hourglass":19,"Old Coin":32,"Calling Bell":32,"Blood Vial":47,"Peace Pipe":72,"CaptainsWheel":81,"Busted Crown":0,"HornCleat":47,"Bronze Scales":90,"Toolbox":47,"Turnip":64,"Coffee Dripper":57,"PureWater":0,"InkBottle":24}],"InkBottle":[28]},"card_choices":[{"not_picked":[],"picked":"EmptyFist","floor":1.0},{"not_picked":["Worship"],"picked":"SKIP","floor":2.0},{"not_picked":[],"picked":"ReachHeaven","floor":5.0},{"not_picked":["Fasting2"],"picked":"SKIP","floor":6.0},{"not_picked":[],"picked":"SignatureMove","floor":8.0},{"not_picked":[],"picked":"Sanctity","floor":12.0},{"not_picked":[],"picked":"CrushJoints","floor":13},{"not_picked":[],"picked":"Vault","floor":16},{"not_picked":[],"picked":"ThirdEye","floor":18},{"not_picked":[],"picked":"BowlingBash+1","floor":24},{"not_picked":[],"picked":"Adaptation","floor":27},{"not_picked":[],"picked":"WaveOfTheHand","floor":28},{"not_picked":[],"picked":"Nirvana","floor":30},{"not_picked":["ForeignInfluence"],"picked":"SKIP","floor":35},{"not_picked":["Indignation"],"picked":"SKIP","floor":37},{"not_picked":[],"picked":"FlurryOfBlows","floor":38},{"not_picked":[],"picked":"BattleHymn","floor":40},{"not_picked":["WaveOfTheHand"],"picked":"SKIP","floor":46},{"not_picked":["DevaForm"],"picked":"SKIP","floor":48}],"player_experience":1020133,"relics_obtained":[{"floor":6.0,"key":"Juzu Bracelet"},{"floor":8.0,"key":"Mercury Hourglass"},{"floor":9.0,"key":"Boot"},{"floor":12.0,"key":"Odd Mushroom"},{"floor":13,"key":"InkBottle"},{"floor":17,"key":"Bag of Preparation"},{"floor":17,"key":"Pear"},{"floor":17,"key":"Old Coin"},{"floor":24,"key":"Blue Candle"},{"floor":26,"key":"TeardropLocket"},{"floor":28,"key":"StoneCalendar"},{"floor":30,"key":"Pen Nib"},{"floor":36,"key":"Turnip"},{"floor":38,"key":"Peace Pipe"},{"floor":40,"key":"CaptainsWheel"},{"floor":48,"key":"Bronze Scales"}],"event_choices":[{"damage_healed":17.0,"max_hp_gain":0.0,"max_hp_loss":0.0,"gold_gain":0.0,"event_name":"The Cleric","player_choice":"Healed","floor":4.0,"gold_loss":35.0,"damage_taken":0.0},{"damage_healed":0.0,"max_hp_gain":0.0,"max_hp_loss":0.0,"gold_gain":75.0,"event_name":"World of Goop","player_choice":"Gather Gold","floor":10.0,"gold_loss":0.0,"damage_taken":11.0},{"damage_healed":0.0,"max_hp_gain":5.0,"max_hp_loss":0.0,"gold_gain":0.0,"event_name":"Big Fish","player_choice":"Donut","floor":11.0,"gold_loss":0.0,"damage_taken":0.0},{"damage_healed":0.0,"max_hp_gain":0.0,"max_hp_loss":0.0,"gold_gain":0.0,"event_name":"Mushrooms","player_choice":"Fought Mushrooms","floor":12.0,"gold_loss":0.0,"damage_taken":0.0},{"damage_healed":0,"gold_gain":0,"player_choice":"Success","damage_taken":12,"relics_obtained":["MawBank"],"max_hp_gain":0,"max_hp_loss":0,"event_name":"Scrap Ooze","floor":14,"gold_loss":0},{"damage_healed":0,"gold_gain":0,"player_choice":"Bought 2 Potions","damage_taken":0,"max_hp_gain":0,"max_hp_loss":0,"event_name":"The Woman in Blue","floor":19,"gold_loss":0},{"damage_healed":0,"gold_gain":0,"player_choice":"Joined the Cult","damage_taken":6,"max_hp_gain":0,"max_hp_loss":0,"event_name":"Nest","floor":21,"gold_loss":0,"cards_obtained":["RitualDagger"]},{"damage_healed":0,"gold_gain":0,"player_choice":"Simplicity","damage_taken":0,"max_hp_gain":0,"max_hp_loss":0,"event_name":"Back to Basics","floor":22,"gold_loss":0,"cards_upgraded":["Strike_P","Strike_P","Strike_P","Strike_P","Defend_P","Defend_P","Defend_P"]},{"cards_removed":["Sanctity"],"damage_healed":66,"gold_gain":0,"player_choice":"Offered Uncommon","damage_taken":0,"max_hp_gain":0,"max_hp_loss":0,"event_name":"Bonfire Elementals","floor":31,"gold_loss":0},{"damage_healed":0,"gold_gain":0,"player_choice":"Fight","damage_taken":0,"max_hp_gain":0,"max_hp_loss":0,"event_name":"Mysterious Sphere","floor":36,"gold_loss":0},{"damage_healed":0,"gold_gain":0,"player_choice":"Fight","damage_taken":0,"max_hp_gain":0,"max_hp_loss":0,"event_name":"MindBloom","floor":38,"gold_loss":0},{"damage_healed":0,"gold_gain":0,"player_choice":"Ignored","damage_taken":0,"max_hp_gain":0,"max_hp_loss":0,"event_name":"Tomb of Lord Red Mask","floor":39,"gold_loss":0},{"cards_removed":["FlurryOfBlows"],"damage_healed":0,"gold_gain":0,"player_choice":"Removed Attack","damage_taken":0,"max_hp_gain":0,"max_hp_loss":0,"event_name":"Falling","floor":41,"gold_loss":0},{"damage_healed":21,"gold_gain":0,"player_choice":"Writhe","damage_taken":0,"max_hp_gain":0,"max_hp_loss":0,"event_name":"Winding Halls","floor":45,"gold_loss":0,"cards_obtained":["Writhe"]}],"is_beta":true,"boss_relics":[{"not_picked":["Runic Dome","Empty Cage"],"picked":"Calling Bell"},{"not_picked":["Philosopher\u0027s Stone","Snecko Eye"],"picked":"Coffee Dripper"}],"items_purged_floors":[20,47],"is_endless":false,"potions_floor_spawned":[2,5,12,16,18,24,30,37,38],"killed_by":"Awakened One","ascension_level":14}}