{"host":"56ghxnzsglgdq727","time":1609683463,"event":{"mods":["AchievementEnabler","BaseMod","Downfall","Minty Spire (QoL Compilation)","StSLib"],"gold_per_floor":[99,99,99,24,474,485,554,554,295,313,413,432,432,454,482,595,595,595,618,14,32,232,232,232,74,74,86,86,97,197,34,49,146,146,71,86,36,49,67,81,105,137,137,137,137],"floor_reached":43,"playtime":2589,"items_purged":["hexamod:Defend","Slimebound:Icky","Slimebound:Icky","hexamod:Strike","hexamod:Defend","hexamod:Defend"],"score":548,"play_id":"42fd156d-249a-4551-a7db-b832bc4dc1b2","local_time":"20210103091743","is_ascension_mode":false,"campfire_choices":[{"data":"hexamod:Sear","floor":1,"key":"SMITH"},{"data":"hexamod:Float","floor":8,"key":"SMITH"},{"floor":13,"key":"REST"},{"data":"hexamod:GiftsFromTheDead","floor":18,"key":"SMITH"},{"floor":28,"key":"RECALL"},{"floor":35,"key":"DIG"}],"circlet_count":0,"master_deck":["hexamod:Strike+1","hexamod:Strike+1","hexamod:Defend+1","hexamod:Sear+1","hexamod:Float+1","hexamod:SoulSteal","hexamod:FastForward+1","hexamod:EmpoweredFlame","hexamod:VolcanoVisage+1","hexamod:FastForward","hexamod:TimeWarp+1","hexamod:FlamesFromBeyond+1","hexamod:GiftsFromTheDead+1","hexamod:RainOfEmbers+1","hexamod:UnleashSpirits","hexamod:TimeWarp","hexamod:EtherealExpedition+1","hexamod:ExtraCrispy+1","RitualDagger+1","hexamod:FlamesFromBeyond+1","hexamod:FlamesFromBeyond","Flash of Steel","hexamod:SixthSeal","hexamod:EmpoweringStance","hexamod:PowerFromBeyond"],"relics":["hexamod:SpiritBrand","downfall:HeartsMalice","InkBottle","Juzu Bracelet","hexamod:IceCube","FossilizedHelix","Bottled Lightning","hexamod:TheBrokenSeal","Shovel","Question Card","Bottled Tornado","SacredBark","downfall:HeartBlessingRed","Smiling Mask","StrikeDummy"],"acts_visited":["Exordium","TheCity","TheBeyond"],"potions_floor_usage":[9,12,14,16,21,29,33,38,39,40,40,42,42],"damage_taken":[{"damage":0,"enemies":"2 Louse","floor":2,"turns":1},{"damage":0,"enemies":"Jaw Worm","floor":3,"turns":1},{"damage":0,"enemies":"downfall:FleeingMerchant","floor":4,"turns":1},{"damage":0,"enemies":"Cultist","floor":6,"turns":3},{"damage":4,"enemies":"downfall:FleeingMerchant","floor":9,"turns":4},{"damage":7,"enemies":"Red Slaver","floor":10,"turns":3},{"damage":24,"enemies":"downfall:Heads","floor":11,"turns":5},{"damage":13,"enemies":"Exordium Wildlife","floor":12,"turns":4},{"damage":0,"enemies":"2 Fungi Beasts","floor":14,"turns":3},{"damage":19,"enemies":"Blue Slaver","floor":15,"turns":3},{"damage":39,"enemies":"downfall:Silent","floor":16,"turns":6},{"damage":9,"enemies":"3 Byrds","floor":19,"turns":4},{"damage":9,"enemies":"downfall:FleeingMerchant","floor":20,"turns":4},{"damage":30,"enemies":"Snake Plant","floor":21,"turns":6},{"damage":12,"enemies":"downfall:FleeingMerchant","floor":25,"turns":4},{"damage":0,"enemies":"3 Cultists","floor":27,"turns":3},{"damage":3,"enemies":"Centurion and Healer","floor":29,"turns":4},{"damage":0,"enemies":"downfall:Watcher","floor":30,"turns":4},{"damage":15,"enemies":"downfall:FleeingMerchant","floor":31,"turns":4},{"damage":5,"enemies":"Snake Plant","floor":32,"turns":3},{"damage":0,"enemies":"downfall:Defect","floor":33,"turns":5},{"damage":0,"enemies":"3 Shapes","floor":36,"turns":5},{"damage":31,"enemies":"3 Darklings","floor":38,"turns":5},{"damage":0,"enemies":"Spire Growth","floor":39,"turns":3},{"damage":6,"enemies":"Transient","floor":40,"turns":5},{"damage":31,"enemies":"Reptomancer","floor":42,"turns":4},{"damage":53,"enemies":"2 Orb Walkers","floor":43,"turns":3}],"seed_played":"7768166165791865230","potions_obtained":[{"floor":6,"key":"AttackPotion"},{"floor":10,"key":"Energy Potion"},{"floor":12,"key":"Fruit Juice"},{"floor":14,"key":"Fire Potion"},{"floor":20,"key":"AttackPotion"},{"floor":21,"key":"Block Potion"},{"floor":21,"key":"hexamod:EctoCoolerPotion"},{"floor":26,"key":"CultistPotion"},{"floor":27,"key":"Energy Potion"},{"floor":30,"key":"SteroidPotion"},{"floor":33,"key":"Regen Potion"},{"floor":38,"key":"champ:CounterPotion"},{"floor":39,"key":"champ:CounterPotion"},{"floor":40,"key":"SkillPotion"}],"is_trial":false,"path_per_floor":["R","M","M","$","?","M","T","R","$","M","?","M","R","M","M","B",null,"R","M","$","M","?","?","T","$","?","M","R","M","?","$","M","B",null,"R","M","$","M","M","M","T","E","?"],"character_chosen":"THE_SPIRIT","items_purchased":["Juzu Bracelet","FossilizedHelix","hexamod:TimeWarp","Flash of Steel","Bottled Tornado"],"campfire_rested":1,"item_purchase_floors":[9,20,20,31,31],"current_hp_per_floor":[70,70,70,70,70,70,70,70,66,59,35,27,49,56,44,12,75,75,73,64,41,41,41,41,85,85,85,85,82,82,67,62,62,85,85,85,85,81,81,75,75,44,0,0,0],"gold":137,"neow_bonus":"THREE_ENEMY_KILL","is_daily":false,"chose_seed":false,"campfire_upgraded":3,"win_rate":0.0,"timestamp":1609683463,"path_taken":["R","M","M","$","?","M","T","R","$","M","?","M","R","M","M","BOSS","R","M","$","M","?","?","T","?","?","M","R","M","?","$","M","BOSS","R","M","$","M","M","M","T","E","?"],"items_purchased_type":["Relic","Relic","Card","Card","Relic"],"build_version":"2020-12-22","purchased_purges":6,"victory":false,"max_hp_per_floor":[70,70,70,70,70,70,70,70,70,70,70,75,75,75,75,75,75,75,75,75,75,75,75,75,85,85,85,85,85,85,85,85,85,85,85,85,85,85,85,85,85,85,85,85,85],"card_choices":[{"not_picked":["hexamod:GhostflameBarrier","hexamod:SkipABeat"],"picked":"hexamod:ThirdSeal","floor":2},{"not_picked":["hexamod:GhostLash","hexamod:ShieldOfDarkness","hexamod:BurningTouch"],"picked":"SKIP","floor":3},{"not_picked":["hexamod:SpectersWail","hexamod:SwordOfDarkness"],"picked":"hexamod:SoulSteal","floor":4},{"not_picked":["hexamod:Haunt","hexamod:ExtraCrispy"],"picked":"hexamod:FastForward","floor":6},{"not_picked":["hexamod:Rewind","hexamod:AdvancingGuard","hexamod:RainOfEmbers"],"picked":"SKIP","floor":6},{"not_picked":["hexamod:Hexaguard","hexamod:NecessarySacrifice"],"picked":"hexamod:EmpoweredFlame","floor":9},{"not_picked":["hexamod:Haunt","hexamod:RainOfEmbers"],"picked":"hexamod:VolcanoVisage","floor":9},{"not_picked":["hexamod:SwordOfDarkness","hexamod:RainOfEmbers"],"picked":"hexamod:FastForward","floor":10},{"not_picked":["hexamod:HauntingEcho","hexamod:SpectersWail","hexamod:ParanormalForm"],"picked":"SKIP","floor":10},{"not_picked":["hexamod:ShieldOfDarkness","hexamod:AdvancingGuard"],"picked":"hexamod:SecondSeal","floor":12},{"not_picked":["hexamod:EmpoweredFlame","hexamod:GhostOfSpirePresent"],"picked":"hexamod:FirstSeal","floor":12},{"not_picked":["hexamod:ShieldOfDarkness","hexamod:ExtraCrispy","hexamod:AdvancingGuard"],"picked":"SKIP","floor":14},{"not_picked":["hexamod:Rewind","hexamod:RainOfEmbers","hexamod:RecurringNightmare"],"picked":"SKIP","floor":14},{"not_picked":["hexamod:BurningTouch","hexamod:GhostOfSpirePast"],"picked":"hexamod:FlamesFromBeyond","floor":15},{"not_picked":["hexamod:HeatShield","hexamod:AdvancingGuard","hexamod:GhostOfSpireFuture"],"picked":"SKIP","floor":15},{"not_picked":["hexamod:SearingWound","hexamod:HexaLevel"],"picked":"hexamod:GiftsFromTheDead","floor":16},{"not_picked":["hexamod:SearingWound","hexamod:SixthSeal"],"picked":"hexamod:FifthSeal","floor":16},{"not_picked":["hexamod:FirstSeal","hexamod:SecondSeal"],"picked":"hexamod:FourthSeal","floor":19},{"not_picked":["hexamod:NightmareGuise","hexamod:NightmareStrike","hexamod:Firestarter"],"picked":"SKIP","floor":19},{"not_picked":["hexamod:BurningTouch","hexamod:HauntingEcho","hexamod:BacktrackSmack+1"],"picked":"SKIP","floor":19},{"not_picked":["hexamod:FourthSeal","hexamod:SecondSeal"],"picked":"hexamod:SixthSeal","floor":20},{"not_picked":["hexamod:FirstSeal","hexamod:SoulSteal"],"picked":"hexamod:RainOfEmbers","floor":20},{"not_picked":["hexamod:PhantomCloak+1","hexamod:ThermalTransfer"],"picked":"hexamod:UnleashSpirits","floor":20},{"not_picked":["hexamod:ThermalTransfer","hexamod:GhostOfSpirePresent+1"],"picked":"hexamod:EtherealExpedition+1","floor":21},{"not_picked":["hexamod:Haunt","hexamod:FirstSeal"],"picked":"hexamod:ExtraCrispy","floor":21},{"not_picked":["hexamod:ShieldOfDarkness","hexamod:RetreatToShadows","hexamod:AdvancingGuard"],"picked":"SKIP","floor":25},{"not_picked":["hexamod:HeatCrush","hexamod:NightmareGuise"],"picked":"hexamod:FlamesFromBeyond","floor":27},{"not_picked":["hexamod:RainOfEmbers+1","hexamod:NightmareStrike","hexamod:GhostOfSpirePresent"],"picked":"SKIP","floor":29},{"not_picked":["hexamod:BacktrackSmack","hexamod:SecondSeal"],"picked":"hexamod:FlamesFromBeyond","floor":30},{"not_picked":["hexamod:HauntingEcho","hexamod:SecondSeal","hexamod:ShieldOfDarkness","hexamod:SoulSteal"],"picked":"SKIP","floor":31},{"not_picked":["hexamod:EmpoweredFlame+1","hexamod:SpectralAdrenaline","hexamod:BurningTouch"],"picked":"hexamod:SixthSeal","floor":32},{"not_picked":["hexamod:WildfireWeapon","hexamod:UnleashSpirits","hexamod:CrushingStance"],"picked":"hexamod:EmpoweringStance","floor":33},{"not_picked":["hexamod:ShieldOfDarkness","hexamod:PhantomFireball+1","hexamod:InspiringFlames+1","hexamod:FastForward"],"picked":"SKIP","floor":36},{"not_picked":["hexamod:Rewind+1","hexamod:HauntingEcho+1","hexamod:SwordOfDarkness","hexamod:GhostShield"],"picked":"SKIP","floor":38},{"not_picked":["hexamod:FastForward+1","hexamod:ShieldOfDarkness","hexamod:Firestarter","hexamod:SoulSteal"],"picked":"SKIP","floor":39},{"not_picked":["hexamod:ThermalTransfer+1","hexamod:GhostOfSpirePast+1","hexamod:NightmareGuise","hexamod:NightmareStrike+1"],"picked":"SKIP","floor":40},{"not_picked":["hexamod:GhostLash","hexamod:ShieldOfDarkness","hexamod:GhostflameBarrier"],"picked":"hexamod:PowerFromBeyond","floor":42}],"player_experience":112499,"relics_obtained":[{"floor":7,"key":"InkBottle"},{"floor":24,"key":"Bottled Lightning"},{"floor":30,"key":"Shovel"},{"floor":30,"key":"Question Card"},{"floor":35,"key":"Smiling Mask"},{"floor":42,"key":"StrikeDummy"}],"event_choices":[{"damage_healed":0,"gold_gain":200,"player_choice":"Gold","damage_taken":0,"max_hp_gain":0,"max_hp_loss":0,"event_name":"Wheel of Change","floor":22,"gold_loss":0},{"damage_healed":0,"gold_gain":0,"player_choice":"Forge","damage_taken":0,"max_hp_gain":0,"max_hp_loss":0,"event_name":"Accursed Blacksmith","floor":23,"gold_loss":0,"cards_upgraded":["hexamod:RainOfEmbers"]},{"damage_healed":0,"gold_gain":0,"player_choice":"Fight","damage_taken":0,"max_hp_gain":0,"max_hp_loss":0,"event_name":"Mysterious Sphere","floor":43,"gold_loss":0}],"is_beta":false,"boss_relics":[{"not_picked":["Runic Dome","Philosopher\u0027s Stone"],"picked":"hexamod:IceCube"},{"not_picked":["Sozu","Black Star"],"picked":"SacredBark"}],"items_purged_floors":[4,9,20,25,31,37],"is_endless":false,"potions_floor_spawned":[6,10,12,14,21,27,30,33,38,39,40],"killed_by":"2 Orb Walkers","ascension_level":0}}