{"host":"9tzam4717zt8ei1o","time":1609705115,"event":{"mods":["BaseMod","Colored Map","Keyboard Shortcuts","Minty Spire (QoL Compilation)","Quick Restart","StSLib","SuperFastMode"],"gold_per_floor":[118,268,12,12,35,35,48,48,72,85,126,52,52,95,95,191,191,205,226,226,242,242,242],"floor_reached":22,"playtime":548,"items_purged":["Doubt"],"score":388,"play_id":"7a1c5984-0659-4c2b-8416-f897ebf43351","local_time":"20210104051835","is_ascension_mode":true,"campfire_choices":[{"data":"Envenom","floor":6.0,"key":"SMITH"},{"floor":8.0,"key":"REST"},{"data":"Blade Dance","floor":13.0,"key":"SMITH"},{"data":"A Thousand Cuts","floor":15.0,"key":"SMITH"}],"circlet_count":0,"master_deck":["AscendersBane","Strike_G","Strike_G","Strike_G","Strike_G","Strike_G","Defend_G","Defend_G","Defend_G","Defend_G","Defend_G","Survivor","Neutralize+1","Blade Dance+1","Envenom+1","Flash of Steel","Escape Plan","Well Laid Plans","A Thousand Cuts+1","Venomology","Deflect+1","Acrobatics+1","Blade Dance","Backstab"],"relics":["Ring of the Snake","Golden Idol","Blood Vial","Eternal Feather","WristBlade"],"acts_visited":["Exordium","TheCity"],"potions_floor_usage":[22,22,22],"damage_taken":[{"damage":1.0,"enemies":"2 Louse","floor":1.0,"turns":4.0},{"damage":13.0,"enemies":"Jaw Worm","floor":5.0,"turns":5.0},{"damage":1.0,"enemies":"Small Slimes","floor":7.0,"turns":3.0},{"damage":9.0,"enemies":"Exordium Thugs","floor":10.0,"turns":5.0},{"damage":9.0,"enemies":"Gremlin Nob","floor":11.0,"turns":3.0},{"damage":33.0,"enemies":"3 Sentries","floor":14.0,"turns":11.0},{"damage":13.0,"enemies":"Slime Boss","floor":16.0,"turns":8.0},{"damage":13.0,"enemies":"Spheric Guardian","floor":18.0,"turns":5.0},{"damage":6.0,"enemies":"3 Byrds","floor":19.0,"turns":3.0},{"damage":32.0,"enemies":"Snecko","floor":21.0,"turns":5.0},{"damage":19,"enemies":"Sentry and Sphere","floor":22,"turns":4}],"seed_played":"-939514587559821746","potions_obtained":[{"floor":7.0,"key":"FearPotion"},{"floor":10.0,"key":"Swift Potion"},{"floor":14.0,"key":"Poison Potion"},{"floor":16.0,"key":"Block Potion"},{"floor":18.0,"key":"DistilledChaos"},{"floor":21.0,"key":"LiquidMemories"}],"is_trial":false,"path_per_floor":["M","?","$","?","M","R","M","R","T","M","E","$","R","E","R","B",null,"M","M","?","M","M"],"character_chosen":"THE_SILENT","items_purchased":["Envenom","Flash of Steel","Well Laid Plans"],"campfire_rested":1,"item_purchase_floors":[3,3,12],"current_hp_per_floor":[58,58,58,35,22,22,21,40,40,33,26,26,35,4,13,2,50,39,35,35,5,0,0],"gold":242,"neow_bonus":"UPGRADE_CARD","is_daily":false,"chose_seed":false,"campfire_upgraded":3,"win_rate":0.0,"timestamp":1609705115,"path_taken":["M","?","$","?","M","R","M","R","T","M","E","?","R","E","R","BOSS","M","M","?","M","M"],"items_purchased_type":["Card","Card","Card"],"build_version":"2020-12-22","purchased_purges":1,"victory":false,"max_hp_per_floor":[66,66,66,66,66,66,66,66,66,66,66,66,66,66,66,66,66,66,66,66,66,66,66],"card_choices":[{"not_picked":["Skewer","Distraction"],"picked":"Blade Dance","floor":1.0},{"not_picked":["Terror","Tactician","Slice"],"picked":"SKIP","floor":5.0},{"not_picked":["PiercingWail","Sucker Punch"],"picked":"Escape Plan","floor":7.0},{"not_picked":["Flying Knee","Tactician","Reflex"],"picked":"SKIP","floor":10.0},{"not_picked":["Sucker Punch","Underhanded Strike","Heel Hook"],"picked":"SKIP","floor":11.0},{"not_picked":["Deflect","Endless Agony"],"picked":"A Thousand Cuts","floor":14.0},{"not_picked":["A Thousand Cuts","Phantasmal Killer"],"picked":"Venomology","floor":16.0},{"not_picked":["Flying Knee","Footwork"],"picked":"Deflect+1","floor":18.0},{"not_picked":["Distraction","Deflect"],"picked":"Acrobatics+1","floor":19.0},{"not_picked":["Endless Agony","Venomology"],"picked":"Backstab","floor":21.0}],"player_experience":151080,"relics_obtained":[{"floor":9.0,"key":"Blood Vial"},{"floor":11.0,"key":"Eternal Feather"}],"event_choices":[{"damage_healed":0.0,"max_hp_gain":0.0,"max_hp_loss":0.0,"gold_gain":150.0,"event_name":"Liars Game","player_choice":"AGREE","floor":2.0,"gold_loss":0.0,"damage_taken":0.0,"cards_obtained":["Doubt"]},{"damage_healed":0.0,"max_hp_gain":0.0,"max_hp_loss":0.0,"gold_gain":0.0,"event_name":"Golden Idol","player_choice":"Take Damage","floor":4.0,"gold_loss":0.0,"damage_taken":23.0,"relics_obtained":["Golden Idol"]},{"damage_healed":0.0,"max_hp_gain":0.0,"max_hp_loss":0.0,"gold_gain":0.0,"event_name":"The Library","player_choice":"Read","floor":20.0,"gold_loss":0.0,"damage_taken":0.0,"cards_obtained":["Blade Dance"]}],"is_beta":false,"boss_relics":[{"not_picked":["Runic Pyramid","Busted Crown"],"picked":"WristBlade"}],"items_purged_floors":[3],"is_endless":false,"potions_floor_spawned":[7,10,14,16,18,21],"killed_by":"Sentry and Sphere","ascension_level":20}}