{"host":"xwqwvmlzre68xjvm","time":1609670399,"event":{"mods":["AchievementEnabler","BaseMod","Colored Map","Colored Powertips","Hermit","Marisa£¨Ùöéë¡¡Øª×âÞÞ£©","Minty Spire (QoL Compilation)","Replay The Spire","StSLib","SuperFastMode","The Bug Knight","The Cursed","The Hierophant","The Runesmith"],"gold_per_floor":[117,117,192,192,192,142,165,165,203,222,249,289,289,289,328,343,343,469,469,489,512,572,572,572,572],"floor_reached":24,"playtime":1536,"items_purged":[],"score":261,"play_id":"83499445-794c-45a4-9b9b-88960554ef96","local_time":"20210103193959","is_ascension_mode":true,"campfire_choices":[{"floor":8.0,"key":"REST"},{"floor":14.0,"key":"REST"},{"floor":17.0,"key":"REST"}],"circlet_count":0,"master_deck":["Strike_G","Strike_G","Strike_G","Strike_G","Defend_G","Defend_G+1","Defend_G+1","Defend_G","Defend_G","Neutralize","Finisher","ReplayTheSpireMod:Scrap Shanks","PiercingWail","Blade Dance","Hidden Blade","Poisoned Stab+1","Dagger Throw","Terror","Envenom","Cloak And Dagger+1","Acrobatics+1"],"relics":["Busted Crown","Golden Idol","War Paint","Bag of Preparation","Potion Belt","Vajra","SlaversCollar","Matryoshka"],"acts_visited":["Exordium","TheCity"],"potions_floor_usage":[],"damage_taken":[{"damage":0.0,"enemies":"2 Louse","floor":1.0,"turns":2.0},{"damage":2.0,"enemies":"Jaw Worm","floor":7.0,"turns":4.0},{"damage":34.0,"enemies":"3 Sentries","floor":9.0,"turns":13.0},{"damage":0.0,"enemies":"Small Slimes","floor":10.0,"turns":3.0},{"damage":21.0,"enemies":"Gremlin Nob","floor":12.0,"turns":5.0},{"damage":0.0,"enemies":"3 Sentries","floor":15.0,"turns":6.0},{"damage":12.0,"enemies":"Exordium Wildlife","floor":16.0,"turns":2.0},{"damage":15.0,"enemies":"Slime Boss","floor":18.0,"turns":7.0},{"damage":18.0,"enemies":"Shell Parasite","floor":20.0,"turns":4.0},{"damage":8.0,"enemies":"3 Byrds","floor":21.0,"turns":5.0},{"damage":20,"enemies":"Snecko","floor":24,"turns":3}],"seed_played":"3248378695658255557","potions_obtained":[{"floor":1.0,"key":"Dexterity Potion"},{"floor":7.0,"key":"Strength Potion"},{"floor":12.0,"key":"Weak Potion"},{"floor":18.0,"key":"Swift Potion"},{"floor":20.0,"key":"Adrenaline Potion"},{"floor":22.0,"key":"FearPotion"}],"is_trial":false,"path_per_floor":["M","?","?","PTL","PTL","?","M","R","E","M","T","E","?","R","E","M","R_BF","B",null,"M","M","?","?","M"],"character_chosen":"THE_SILENT","items_purchased":[],"campfire_rested":3,"item_purchase_floors":[],"current_hp_per_floor":[70,53,42,42,42,42,40,61,27,27,27,6,6,27,27,15,36,21,70,52,44,16,16,0,0],"gold":572,"neow_bonus":"BOSS_RELIC","is_daily":false,"chose_seed":false,"campfire_upgraded":0,"win_rate":0.0,"timestamp":1609670399,"path_taken":["M","?","?","PTL","PTL","?","M","R","E","M","T","E","?","R","E","?","R_BF","BOSS","M","M","?","?","M"],"items_purchased_type":[],"build_version":"2020-12-22","purchased_purges":0,"victory":false,"max_hp_per_floor":[70,70,70,70,70,70,70,70,70,70,70,70,70,70,70,70,70,70,70,70,70,70,70,70,70],"card_choices":[{"not_picked":[],"picked":"Finisher","floor":1.0},{"not_picked":[],"picked":"ReplayTheSpireMod:Scrap Shanks","floor":7.0},{"not_picked":[],"picked":"PiercingWail","floor":9.0},{"not_picked":[],"picked":"Blade Dance","floor":10.0},{"not_picked":[],"picked":"Hidden Blade","floor":12.0},{"not_picked":[],"picked":"Dagger Throw","floor":15.0},{"not_picked":[],"picked":"Terror","floor":16.0},{"not_picked":[],"picked":"Envenom","floor":18.0},{"not_picked":[],"picked":"Cloak And Dagger+1","floor":20.0},{"not_picked":["ReplayTheSpireMod:The Works"],"picked":"SKIP","floor":21.0},{"not_picked":[],"picked":"Acrobatics+1","floor":22.0}],"player_experience":52020,"relics_obtained":[{"floor":9.0,"key":"War Paint"},{"floor":11.0,"key":"Bag of Preparation"},{"floor":12.0,"key":"Potion Belt"},{"floor":15.0,"key":"Vajra"},{"floor":22.0,"key":"Matryoshka"}],"event_choices":[{"damage_healed":0.0,"max_hp_gain":0.0,"max_hp_loss":0.0,"gold_gain":0.0,"event_name":"Golden Idol","player_choice":"Take Damage","floor":2.0,"gold_loss":0.0,"damage_taken":17.0,"relics_obtained":["Golden Idol"]},{"damage_healed":0.0,"max_hp_gain":0.0,"max_hp_loss":0.0,"gold_gain":75.0,"event_name":"World of Goop","player_choice":"Gather Gold","floor":3.0,"gold_loss":0.0,"damage_taken":11.0},{"cards_removed":["Strike_G"],"damage_healed":0.0,"max_hp_gain":0.0,"max_hp_loss":0.0,"gold_gain":0.0,"event_name":"The Cleric","player_choice":"Card Removal","floor":6.0,"gold_loss":50.0,"damage_taken":0.0},{"damage_healed":0,"gold_gain":0,"player_choice":"Ignored","damage_taken":0,"max_hp_gain":0,"max_hp_loss":0,"event_name":"Cursed Tome","floor":23,"gold_loss":0}],"is_beta":false,"boss_relics":[{"not_picked":["Runesmith:UraniumAnvil","Sozu"],"picked":"SlaversCollar"}],"items_purged_floors":[],"is_endless":false,"potions_floor_spawned":[1,7,12,18,20],"killed_by":"Snecko","ascension_level":2}}