{"host":"Noah","time":1609704118,"event":{"mods":["BaseMod","Colored Map","Custom Start","Hermit","Jorbs\u0027s Wanderer Trilogy","Minty Spire (QoL Compilation)","Replay The Spire","StSLib","The Blue Laboratory"],"gold_per_floor":[113,126,146,146,146,146,182,182,229,229,260,57,80,118,118,238,238,251,275,290,2,2,2,2,2,2,46,122,122,137,160,160,290,290,306,330,330,355,378,378,118,152,176,224,467,467,486,529,529,529],"floor_reached":51,"playtime":4777,"items_purged":["stsjorbsmod:Strike_Wanderer","stsjorbsmod:Strike_Wanderer","stsjorbsmod:Defend_Wanderer"],"score":963,"play_id":"9fcc28c3-73da-4aab-bf60-32decebc5493","local_time":"20210103150158","is_ascension_mode":true,"campfire_choices":[{"data":"stsjorbsmod:Prestidigitation","floor":6,"key":"SMITH"},{"floor":8,"key":"REST"},{"data":"stsjorbsmod:Feast","floor":10,"key":"SMITH"},{"data":"stsjorbsmod:Inferno","floor":15,"key":"SMITH"},{"data":"stsjorbsmod:FindFamiliar","floor":23,"key":"SMITH"},{"floor":25,"key":"REST"},{"data":"stsjorbsmod:Fireball","floor":29,"key":"SMITH"},{"data":"stsjorbsmod:FlameWard","floor":32,"key":"SMITH"},{"data":"stsjorbsmod:FranticSearch","floor":40,"key":"SMITH"},{"floor":46,"key":"REST"},{"data":"stsjorbsmod:Pyromancy","floor":49,"key":"SMITH"}],"circlet_count":0,"master_deck":["stsjorbsmod:ForbiddenGrimoire+1","stsjorbsmod:Strike_Wanderer+1","stsjorbsmod:Defend_Wanderer","stsjorbsmod:Defend_Wanderer","stsjorbsmod:FreshAdventure","stsjorbsmod:EyeOfTheStorm","stsjorbsmod:Feast+1","stsjorbsmod:ChainLightning+1","stsjorbsmod:Prestidigitation+1","stsjorbsmod:FlameWard+1","stsjorbsmod:Mania","stsjorbsmod:HoldMonster","stsjorbsmod:FranticSearch+1","stsjorbsmod:TollTheDead+1","stsjorbsmod:Inferno+1","stsjorbsmod:ChainLightning+1","stsjorbsmod:MageArmor","stsjorbsmod:FracturedMind+1","stsjorbsmod:Fireball+1","stsjorbsmod:FindFamiliar+1","stsjorbsmod:FracturedMind+1","stsjorbsmod:RayOfFrost+1","Dark Shackles","stsjorbsmod:Inferno+1","stsjorbsmod:Hibernate+1","stsjorbsmod:Inferno+1","stsjorbsmod:Message+1","stsjorbsmod:Withdraw+1","stsjorbsmod:UnseenServant+1","stsjorbsmod:Channel+1","stsjorbsmod:LocateObject+1","Pot Of Greed+1","Pot Of Greed+1","Pot Of Greed+1","stsjorbsmod:SchoolsOfMagic+1","ReplayTheSpireMod:Splinters","stsjorbsmod:Pyromancy+1"],"relics":["stsjorbsmod:GrimoireRelic","Golden Idol","Orichalcum","Smiling Mask","BargainBundle","Quantum Egg","Empty Cage","Pen Nib","Toxic Egg 2","Bird Faced Urn","Gremlin Horn","SlaversCollar","Ring of Misfortune","Membership Card","Shuriken","Grinning Jar","stsjorbsmod:AlchemistsFireRelic","CeramicFish"],"acts_visited":["Exordium","TheCity","TheBeyond"],"potions_floor_usage":[18,20,20,35,36,44,50],"damage_taken":[{"damage":9,"enemies":"Cultist","floor":1,"turns":4},{"damage":18,"enemies":"Jaw Worm","floor":2,"turns":5},{"damage":0,"enemies":"Small Slimes","floor":3,"turns":3},{"damage":26,"enemies":"Lagavulin","floor":7,"turns":8},{"damage":6,"enemies":"Looter","floor":11,"turns":4},{"damage":2,"enemies":"3 Louse","floor":13,"turns":2},{"damage":8,"enemies":"Gremlin Nob","floor":14,"turns":4},{"damage":0,"enemies":"Slime Boss","floor":16,"turns":7},{"damage":11,"enemies":"Spheric Guardian","floor":18,"turns":4},{"damage":5,"enemies":"Chosen","floor":19,"turns":3},{"damage":30,"enemies":"Centurion and Healer","floor":20,"turns":4},{"damage":9,"enemies":"Book of Stabbing","floor":27,"turns":6},{"damage":0,"enemies":"Snake Plant","floor":30,"turns":4},{"damage":11,"enemies":"Sentry and Sphere","floor":31,"turns":7},{"damage":0,"enemies":"Collector","floor":33,"turns":5},{"damage":0,"enemies":"3 Darklings","floor":35,"turns":3},{"damage":15,"enemies":"Orb Walker","floor":36,"turns":5},{"damage":0,"enemies":"Jaw Worm Horde","floor":38,"turns":3},{"damage":37,"enemies":"Maw","floor":39,"turns":6},{"damage":18,"enemies":"Reptomancer","floor":42,"turns":4},{"damage":7,"enemies":"Nemesis","floor":44,"turns":4},{"damage":0,"enemies":"4 Shapes","floor":47,"turns":4},{"damage":6,"enemies":"Giant Head","floor":48,"turns":4},{"damage":15,"enemies":"Replay:Hell Engine","floor":50,"turns":7}],"seed_played":"3791015029226693057","potions_obtained":[{"floor":2,"key":"Dexterity Potion"},{"floor":3,"key":"blueLaboratory:BottleOfVodka"},{"floor":11,"key":"blueLaboratory:NullPotion"},{"floor":16,"key":"Swift Potion"},{"floor":19,"key":"blueLaboratory:PhilterOfMotion"},{"floor":20,"key":"blueLaboratory:HummingbirdPotion"},{"floor":33,"key":"blueLaboratory:EnragingPotion"},{"floor":42,"key":"Elixir"},{"floor":47,"key":"blueLaboratory:RememoryPotion"}],"is_trial":false,"path_per_floor":["M","M","M","?","?","R","E","R","T","R","M","$","M","E","R","B",null,"M","M","M","$","?","R","$","R","T","E","T","R","M","M","R","B",null,"M","M","?","M","M","R","$","E","T","E","?","R","M","E","R","B",null],"character_chosen":"WANDERER","items_purchased":["BargainBundle","stsjorbsmod:FranticSearch","stsjorbsmod:TollTheDead","stsjorbsmod:Inferno","stsjorbsmod:ChainLightning+1","blueLaboratory:LouseDecoction","Pen Nib","Dark Shackles","Membership Card","stsjorbsmod:Channel+1","DuplicationPotion"],"campfire_rested":3,"item_purchase_floors":[12,12,12,12,12,12,21,21,41,41,41],"current_hp_per_floor":[57,44,50,50,50,50,24,43,43,43,41,41,43,38,38,47,70,62,61,38,38,38,38,38,63,63,61,61,61,69,62,62,73,87,93,81,81,84,57,57,57,43,43,43,43,71,77,81,81,82],"gold":529,"neow_bonus":"THREE_RARE_CARDS","is_daily":false,"chose_seed":false,"campfire_upgraded":8,"win_rate":0.0,"timestamp":1609704118,"path_taken":["M","M","M","?","?","R","E","R","T","R","M","?","?","E","R","BOSS","M","?","M","$","?","R","?","R","T","E","?","R","M","?","R","BOSS","M","?","?","M","M","R","$","E","T","E","?","R","M","E","R","BOSS"],"items_purchased_type":["Relic","Card","Card","Card","Card","Potion","Relic","Card","Relic","Card","Potion"],"build_version":"2020-12-18","purchased_purges":3,"victory":true,"max_hp_per_floor":[64,66,70,65,65,65,65,65,65,65,67,67,69,71,71,77,77,79,81,85,85,85,85,85,85,85,87,87,87,89,89,89,91,91,93,93,93,93,95,95,95,95,95,95,95,95,97,99,99,103],"card_choices":[{"not_picked":["stsjorbsmod:MirrorImage","stsjorbsmod:IvoryTower"],"picked":"stsjorbsmod:Feast","floor":0},{"not_picked":["stsjorbsmod:Hurt","stsjorbsmod:Message"],"picked":"stsjorbsmod:ChainLightning","floor":1},{"not_picked":["stsjorbsmod:Materialize","stsjorbsmod:Channel"],"picked":"stsjorbsmod:Prestidigitation","floor":2},{"not_picked":["stsjorbsmod:ChatteringStrike","stsjorbsmod:ArcaneWeapon"],"picked":"stsjorbsmod:FlameWard","floor":3},{"not_picked":["stsjorbsmod:Prepare","stsjorbsmod:ChainLightning"],"picked":"stsjorbsmod:Mania","floor":7},{"not_picked":["stsjorbsmod:Will","stsjorbsmod:Aid"],"picked":"stsjorbsmod:HoldMonster","floor":11},{"not_picked":["stsjorbsmod:Hurt","stsjorbsmod:Message"],"picked":"stsjorbsmod:MageArmor","floor":13},{"not_picked":["stsjorbsmod:Message","stsjorbsmod:Will"],"picked":"stsjorbsmod:FracturedMind","floor":14},{"not_picked":["stsjorbsmod:MirrorImage","stsjorbsmod:Fear"],"picked":"stsjorbsmod:Fireball","floor":16},{"not_picked":["stsjorbsmod:BurningFlask+1","stsjorbsmod:WanderingMind+1"],"picked":"stsjorbsmod:FindFamiliar","floor":18},{"not_picked":["stsjorbsmod:AnimateObjects+1","stsjorbsmod:MistyStep"],"picked":"stsjorbsmod:FracturedMind+1","floor":19},{"not_picked":["stsjorbsmod:Hibernate","stsjorbsmod:SmithingStrike"],"picked":"stsjorbsmod:RayOfFrost+1","floor":20},{"not_picked":["stsjorbsmod:LocateObject+1","stsjorbsmod:Mending+1"],"picked":"stsjorbsmod:Hibernate+1","floor":27},{"not_picked":["stsjorbsmod:Channel+1","stsjorbsmod:Index+1"],"picked":"stsjorbsmod:Inferno+1","floor":30},{"not_picked":["stsjorbsmod:Aid+1","stsjorbsmod:ChainLightning+1"],"picked":"stsjorbsmod:Message+1","floor":31},{"not_picked":["stsjorbsmod:Banish+1","stsjorbsmod:Entangle"],"picked":"stsjorbsmod:Withdraw+1","floor":33},{"not_picked":["stsjorbsmod:Channel+1","stsjorbsmod:FracturedMind"],"picked":"stsjorbsmod:UnseenServant+1","floor":35},{"not_picked":["stsjorbsmod:ArcaneWeapon","stsjorbsmod:RayOfFrost","stsjorbsmod:MageArmor+1"],"picked":"SKIP","floor":36},{"not_picked":["stsjorbsmod:Mania","stsjorbsmod:DisguiseSelf+1","stsjorbsmod:BlackTentacles"],"picked":"SKIP","floor":38},{"not_picked":["stsjorbsmod:WeightOfMemory","stsjorbsmod:TrueStrike","stsjorbsmod:Message+1"],"picked":"SKIP","floor":39},{"not_picked":["stsjorbsmod:Will+1","stsjorbsmod:Mending+1"],"picked":"stsjorbsmod:LocateObject+1","floor":42},{"not_picked":["stsjorbsmod:FracturedMind+1","stsjorbsmod:RayOfFrost"],"picked":"stsjorbsmod:SchoolsOfMagic+1","floor":44},{"not_picked":["stsjorbsmod:Firebolt","stsjorbsmod:FranticSearch+1","stsjorbsmod:MageArmor+1"],"picked":"SKIP","floor":47},{"not_picked":["stsjorbsmod:RefuseToForget+1","stsjorbsmod:Withdraw+1"],"picked":"stsjorbsmod:Pyromancy","floor":48}],"player_experience":834024,"relics_obtained":[{"floor":7,"key":"Orichalcum"},{"floor":9,"key":"Smiling Mask"},{"floor":14,"key":"Quantum Egg"},{"floor":26,"key":"Toxic Egg 2"},{"floor":27,"key":"Bird Faced Urn"},{"floor":28,"key":"Gremlin Horn"},{"floor":37,"key":"Ring of Misfortune"},{"floor":42,"key":"Shuriken"},{"floor":43,"key":"Grinning Jar"},{"floor":44,"key":"stsjorbsmod:AlchemistsFireRelic"},{"floor":48,"key":"CeramicFish"}],"event_choices":[{"damage_healed":0,"gold_gain":0,"player_choice":"Lose Max HP","damage_taken":0,"relics_obtained":["Golden Idol"],"max_hp_gain":0,"max_hp_loss":5,"event_name":"Golden Idol","floor":4,"gold_loss":0},{"damage_healed":0,"gold_gain":0,"player_choice":"Copied","damage_taken":0,"max_hp_gain":0,"max_hp_loss":0,"event_name":"Duplicator","floor":22,"gold_loss":0,"cards_obtained":["stsjorbsmod:Inferno"]}],"is_beta":true,"boss_relics":[{"not_picked":["Kintsugi","Snecko Eye"],"picked":"Empty Cage"},{"not_picked":["Runic Dome","Honey Jar"],"picked":"SlaversCollar"}],"items_purged_floors":[12,21,41],"is_endless":false,"potions_floor_spawned":[2,3,11,16,19,20,33,42,47,48],"ascension_level":5}}