{"host":"on8kfoejf6vp3cg3","time":1609713230,"event":{"mods":["AchievementEnabler","BaseMod","Better Match","Better Third Choice","Block Reminder","Colored Map","Colored Powertips","Disable Question Mark Monsters","Googly Eyes","Hermit","Highlight Path","Minty Spire (QoL Compilation)","Permanent Neow","Rare Cards Sparkle","Replay The Spire","StSLib","The Blackbeard","The Bladedancer","The Cursed"],"gold_per_floor":[110,127,85,103,121,152,152,180,180,180,195,195,195,214,214,318,318,331,342,362,242,123,153,153,153,180,210,226,236,280,130,130,318,318,383,37,10,60,31,159,248,320,320,410,775,775,775,775,775,875],"floor_reached":51,"playtime":4297,"items_purged":[],"score":1210,"play_id":"01234dba-ddba-47b8-bd18-c42069b152d5","local_time":"20210103173350","daily_mods":["Insanity","Vintage","Heirloom","Time Dilation","Flight"],"is_ascension_mode":true,"campfire_choices":[{"floor":7.0,"key":"REST"},{"floor":10.0,"key":"REST"},{"floor":12.0,"key":"REST"},{"floor":15.0,"key":"REST"},{"floor":24.0,"key":"REST"},{"floor":25.0,"key":"REST"},{"floor":32,"key":"REST"},{"floor":46,"key":"REST"},{"floor":49,"key":"REST"}],"circlet_count":0,"master_deck":["blademaster:Havoc","blademaster:DaggerAndCloak","blademaster:BloodyBlow","blademaster:ThunderSlash","blademaster:Flurry","blademaster:Sunder","blademaster:BladeCross","blademaster:AspectOfWind","blademaster:LeechingStrike","blademaster:SlyStabs","blademaster:EyeOfTheTornado","blademaster:DragonStrike","blademaster:ChargingUp","blademaster:DragonStrike","blademaster:Frenzy","blademaster:Hailwind","blademaster:BloodyBlow","blademaster:AwakeningStrike","blademaster:Cut","blademaster:FuriousStrike","blademaster:EyeOfTheStorm","blademaster:Thrust","blademaster:Vortex","blademaster:Momentum","blademaster:AspectOfWind","blademaster:Hailwind","blademaster:Stormstrike","blademaster:Safeguard","blademaster:DaggerAndCloak","blademaster:AirSlash","blademaster:Frontflip","blademaster:AwakeningDefend","blademaster:Frontflip","blademaster:Reversal","blademaster:TraverseCut","blademaster:Safeguard","blademaster:TraverseCut","blademaster:Gust","blademaster:LeechingStrike","blademaster:Flurry","blademaster:Frontflip","blademaster:DancingEdge","blademaster:Flurry","blademaster:IcyWind","blademaster:Overcharge","blademaster:Sunder","blademaster:AspectOfLightning","blademaster:BloodyBlow","blademaster:Hailwind","blademaster:DeadlyDance","blademaster:Safeguard","blademaster:SharpBlades","blademaster:SharpBlades","blademaster:ThreePointStrike","blademaster:CullingStrike+1","blademaster:Bloodbath","blademaster:Safeguard","blademaster:FlockOfBlades","blademaster:Stability","blademaster:Stability","blademaster:Blockade+1"],"relics":["blademaster:DancersAmulet","Prayer Wheel","The Courier","Oddly Smooth Stone","Turnip","Chameleon Ring","Happy Flower","Sundial","InkBottle","Busted Crown","Pen Nib","Bronze Scales","Vajra","Boot","Molten Egg 2","CeramicFish","ReplayTheSpireMod:Shallot","Mummified Hand","Replay:Bandana","ReplayTheSpireMod:TigerMarble","Garlic","Potion Belt","TungstenRod","Centennial Puzzle","White Beast Statue","Lantern","Bottled Lightning","Bag of Marbles","Old Coin"],"acts_visited":["Exordium","TheCity","TheBeyond"],"potions_floor_usage":[33,33,33,50,50,50,50,50,50,50,50,50],"damage_taken":[{"damage":3.0,"enemies":"2 Louse","floor":1.0,"turns":4.0},{"damage":8.0,"enemies":"Small Slimes","floor":2.0,"turns":3.0},{"damage":0.0,"enemies":"Jaw Worm","floor":4.0,"turns":3.0},{"damage":0.0,"enemies":"3 Louse","floor":5.0,"turns":2.0},{"damage":25.0,"enemies":"3 Sentries","floor":6.0,"turns":5.0},{"damage":54.0,"enemies":"Gremlin Nob","floor":8.0,"turns":5.0},{"damage":11.0,"enemies":"Large Slime","floor":11.0,"turns":3.0},{"damage":10.0,"enemies":"Gremlin Gang","floor":14.0,"turns":3.0},{"damage":27.0,"enemies":"The Guardian","floor":16.0,"turns":8.0},{"damage":10.0,"enemies":"Chosen","floor":18.0,"turns":3.0},{"damage":0.0,"enemies":"3 Byrds","floor":19.0,"turns":3.0},{"damage":17.0,"enemies":"Centurion and Healer","floor":20.0,"turns":3.0},{"damage":34.0,"enemies":"Slavers","floor":23.0,"turns":4.0},{"damage":11,"enemies":"Book of Stabbing","floor":27,"turns":3},{"damage":7,"enemies":"Snake Plant","floor":28,"turns":2},{"damage":0,"enemies":"Snecko","floor":29,"turns":3},{"damage":22,"enemies":"Gremlin Leader","floor":30,"turns":3},{"damage":0,"enemies":"Collector","floor":33,"turns":4},{"damage":15,"enemies":"3 Shapes","floor":35,"turns":3},{"damage":0,"enemies":"Orb Walker","floor":38,"turns":2},{"damage":12,"enemies":"Giant Head","floor":40,"turns":5},{"damage":16,"enemies":"Reptomancer","floor":41,"turns":3},{"damage":0,"enemies":"Writhing Mass","floor":42,"turns":3},{"damage":0,"enemies":"Nemesis","floor":44,"turns":3},{"damage":36,"enemies":"Reptomancer","floor":45,"turns":4},{"damage":37,"enemies":"Time Eater","floor":50,"turns":5}],"seed_played":"5972719660261091047","potions_obtained":[{"floor":4.0,"key":"EssenceOfSteel"},{"floor":5.0,"key":"SteroidPotion"},{"floor":11.0,"key":"SteroidPotion"},{"floor":19.0,"key":"Explosive Potion"},{"floor":20.0,"key":"Toxic Potion"},{"floor":27,"key":"Adrenaline Potion"},{"floor":33,"key":"Regen Potion"},{"floor":41,"key":"SkillPotion"},{"floor":42,"key":"SpeedPotion"},{"floor":45,"key":"Doom Potion"},{"floor":47,"key":"EntropicBrew"}],"is_trial":true,"path_per_floor":["M","M","$","M","M","E","R","E","T","R","M","R","$","M","R","B",null,"M","M","M","$","$","E","R","R","T","E","M","M","E","$","R","B",null,"M","$","$","M","$","E","E","M","T","E","E","R","R","?","R","B",null],"character_chosen":"THE_BLADEMASTER","items_purchased":["blademaster:Safeguard","Vajra","Boot","ReplayTheSpireMod:TigerMarble","blademaster:Safeguard","Potion Belt","TungstenRod","blademaster:Stability","blademaster:Stability"],"campfire_rested":9,"item_purchase_floors":[3,21,22,31,31,36,36,37,39],"current_hp_per_floor":[72,64,64,64,70,51,73,25,25,47,42,64,64,60,75,54,75,71,75,64,64,64,36,58,75,75,70,69,75,59,59,75,75,75,66,66,66,72,72,69,59,65,65,71,41,63,63,63,71,47],"gold":875,"neow_bonus":"","is_daily":false,"chose_seed":false,"campfire_upgraded":0,"win_rate":0.0,"timestamp":1609713230,"path_taken":["M","M","$","M","M","E","R","E","T","R","M","R","$","M","R","BOSS","M","M","M","$","$","E","R","R","T","E","M","M","E","$","R","BOSS","M","$","$","M","$","E","E","M","T","E","E","R","R","?","R","BOSS"],"items_purchased_type":["Card","Relic","Relic","Relic","Card","Relic","Relic","Card","Card"],"build_version":"2020-12-22","purchased_purges":0,"victory":true,"max_hp_per_floor":[75,75,75,75,75,75,75,75,75,75,75,75,75,75,75,75,75,75,75,75,75,75,75,75,75,75,75,75,75,75,75,75,75,75,75,75,75,75,75,75,75,75,75,75,75,75,75,71,71,71],"card_choices":[{"not_picked":["blademaster:AwakeningStrike","blademaster:Quickness"],"picked":"blademaster:SharpBlades","floor":6.0},{"not_picked":["blademaster:DragonStrike","blademaster:ChargingUp"],"picked":"blademaster:SharpBlades","floor":8.0},{"not_picked":["blademaster:RagingBlow","blademaster:HighVoltage"],"picked":"blademaster:ThreePointStrike","floor":16.0},{"not_picked":[],"picked":"blademaster:CullingStrike+1","floor":23.0},{"not_picked":["blademaster:EyeOfTheStorm"],"picked":"SKIP","floor":27},{"not_picked":[],"picked":"blademaster:Bloodbath","floor":30},{"not_picked":[],"picked":"blademaster:FlockOfBlades","floor":33},{"not_picked":["blademaster:AncestralHealing+1"],"picked":"SKIP","floor":40},{"not_picked":[],"picked":"blademaster:Blockade+1","floor":41},{"not_picked":["blademaster:ThunderSlash+1"],"picked":"SKIP","floor":44},{"not_picked":["blademaster:AncestralHealing+1"],"picked":"SKIP","floor":45}],"player_experience":402930,"relics_obtained":[{"floor":1.0,"key":"The Courier"},{"floor":1.0,"key":"blademaster:OnAttackedChargePerk"},{"floor":2.0,"key":"Oddly Smooth Stone"},{"floor":2.0,"key":"blademaster:BleedingLaceratePerk"},{"floor":4.0,"key":"Turnip"},{"floor":4.0,"key":"blademaster:StanceHealPerk"},{"floor":5.0,"key":"Chameleon Ring"},{"floor":5.0,"key":"blademaster:RandomStancePerk"},{"floor":6.0,"key":"blademaster:BonusFuryPerk"},{"floor":8.0,"key":"Happy Flower"},{"floor":8.0,"key":"blademaster:DextrousPerk"},{"floor":9.0,"key":"Sundial"},{"floor":11.0,"key":"InkBottle"},{"floor":11.0,"key":"blademaster:StrongPerk"},{"floor":14.0,"key":"blademaster:WindChargePerk"},{"floor":18.0,"key":"Pen Nib"},{"floor":18.0,"key":"blademaster:BleedingMoreDamagePerk"},{"floor":19.0,"key":"blademaster:FuryEveryTurnPerk"},{"floor":20.0,"key":"Bronze Scales"},{"floor":20.0,"key":"blademaster:RandomBladePerk"},{"floor":23.0,"key":"Molten Egg 2"},{"floor":23.0,"key":"blademaster:LightningChargePerk"},{"floor":26.0,"key":"CeramicFish"},{"floor":27,"key":"ReplayTheSpireMod:Shallot"},{"floor":27,"key":"blademaster:BonusComboPerk"},{"floor":28,"key":"Mummified Hand"},{"floor":28,"key":"blademaster:ComboEveryTurnPerk"},{"floor":29,"key":"blademaster:FinisherDrawCardPerk"},{"floor":30,"key":"Replay:Bandana"},{"floor":35,"key":"Garlic"},{"floor":38,"key":"Centennial Puzzle"},{"floor":41,"key":"White Beast Statue"},{"floor":42,"key":"Lantern"},{"floor":43,"key":"Bottled Lightning"},{"floor":44,"key":"Bag of Marbles"},{"floor":45,"key":"Old Coin"}],"event_choices":[{"damage_healed":0,"gold_gain":0,"player_choice":"Max HP","damage_taken":0,"max_hp_gain":0,"max_hp_loss":4,"event_name":"Winding Halls","floor":48,"gold_loss":0}],"is_beta":false,"boss_relics":[{"not_picked":["SacredBark","Replay:Grab Bag"],"picked":"Busted Crown"},{"not_picked":["Runic Dome","Sozu","Philosopher\u0027s Stone"]}],"items_purged_floors":[],"is_endless":false,"potions_floor_spawned":[1,4,5,11,14,19,20,27,30,33,35,41,42,44,45],"ascension_level":4}}