{"host":"q2n6tlickby1elp8","time":1609661161,"event":{"mods":["BaseMod","BetterRewards","Colored Powertips","Marisa£®ÏF”Í°°ƒß¿Ì…≥£©","Minty Spire (QoL Compilation)","Remilia£®¿Ÿ√◊¿Ú—«£©","SOS£®Àπ∞Õ¥Ô÷Æ◊”£©","Shop Mod","SuperFastMode","The Construct","The Disciple","The Servant 0.9.4","Youmu£®ªÍ∆«—˝√Œ£©","[IsaacMod]“‘»ˆº‚À˛"],"gold_per_floor":[111,65,43,119,132,132,148,148,220,240,255,268,285,307,307,410,410,427,427,445,445,96,96,113,113,113,113,113,132,132,132,132],"floor_reached":31,"playtime":984,"items_purged":[],"score":247,"play_id":"36f4e0b8-52af-45f2-a42f-cb6e309a709e","local_time":"20210103160601","is_ascension_mode":false,"campfire_choices":[{"data":"DoctorFetus","floor":6,"key":"SMITH"},{"data":"GrandCross","floor":8,"key":"SMITH"},{"floor":15,"key":"REST"},{"floor":23,"key":"REST"},{"data":"MasterSpark","floor":25,"key":"SMITH"},{"data":"FinalSpark","floor":27,"key":"SMITH"}],"circlet_count":0,"master_deck":["Strike_MRS","Strike_MRS","Strike_MRS","Strike_MRS","Defend_MRS","Defend_MRS","Defend_MRS","Defend_MRS","MasterSpark+1","UpSweep","DoctorFetus+1","GrandCross+1","LuminesStrike","AlicesGift","GalacticHalo","FinalSpark+1","6A","ShootingEcho","FairyDestructionRay","Parasite","Parasite","MysteriousBeam","BlazingStar","IllusionStar","UnstableBomb","Purity","EarthLightRay","WitchOfGreed","NonDirectionalLaser","Singularity"],"relics":["MiniHakkero","HushsDoor","HowToJump","BreadOfAWashokuLover","ShroomBag","construct:WeddingRing","GnawedLeaf","Incense Burner","TheBible"],"acts_visited":["Exordium","TheCity"],"potions_floor_usage":[16,28],"damage_taken":[{"damage":10,"enemies":"Cultist","floor":1,"turns":4},{"damage":8,"enemies":"Jaw Worm","floor":5,"turns":3},{"damage":0,"enemies":"2 Louse","floor":7,"turns":2},{"damage":16,"enemies":"Red Slaver","floor":10,"turns":3},{"damage":0,"enemies":"Exordium Wildlife","floor":11,"turns":3},{"damage":16,"enemies":"Blue Slaver","floor":12,"turns":3},{"damage":0,"enemies":"Looter","floor":13,"turns":1},{"damage":1,"enemies":"The Mushroom Lair","floor":14,"turns":4},{"damage":57,"enemies":"Hexaghost","floor":16,"turns":8},{"damage":18,"enemies":"Shell Parasite","floor":18,"turns":3},{"damage":5,"enemies":"Spheric Guardian","floor":20,"turns":3},{"damage":12,"enemies":"Snecko","floor":24,"turns":4},{"damage":0,"enemies":"Book of Stabbing","floor":28,"turns":1},{"damage":42,"enemies":"Snake Plant","floor":29,"turns":5},{"damage":42,"enemies":"Slavers","floor":31,"turns":3}],"seed_played":"-4144515068951377510","potions_obtained":[{"floor":1,"key":"Swift Potion"},{"floor":7,"key":"DuplicationPotion"},{"floor":11,"key":"Fire Potion"},{"floor":12,"key":"SmokeBomb"}],"is_trial":false,"path_per_floor":["M","$","$","?","M","R","M","R","T","M","M","M","M","?","R","B",null,"M","?","M","?","$","R","M","R","T","R","E","M","T","E"],"character_chosen":"MARISA","items_purchased":["GrandCross","LuminesStrike","GnawedLeaf","EarthLightRay","WitchOfGreed"],"campfire_rested":2,"item_purchase_floors":[2,3,22,22,22],"current_hp_per_floor":[72,72,72,72,64,64,64,64,64,48,48,32,32,31,55,4,82,64,64,60,48,48,72,70,70,70,70,70,34,34,0,0],"gold":132,"neow_bonus":"TEN_PERCENT_HP_BONUS","is_daily":false,"chose_seed":false,"campfire_upgraded":4,"win_rate":0.0,"timestamp":1609661161,"path_taken":["M","?","$","?","M","R","M","R","T","M","M","?","M","?","R","BOSS","M","?","M","?","$","R","M","R","T","R","E","M","?","E"],"items_purchased_type":["Card","Card","Relic","Card","Card"],"build_version":"2020-12-22","purchased_purges":0,"victory":false,"max_hp_per_floor":[82,82,82,82,82,82,82,82,82,82,82,82,82,82,82,82,82,82,82,82,82,82,82,82,82,82,82,82,82,82,82,82],"card_choices":[{"not_picked":[],"picked":"DoctorFetus","floor":0},{"not_picked":["MilkyWay","Robbery"],"picked":"WitchLeyline","floor":1},{"not_picked":["GravityBeat","LuminesStrike"],"picked":"AlicesGift","floor":5},{"not_picked":["WitchOfGreed","WitchLeyline"],"picked":"GalacticHalo","floor":7},{"not_picked":["GravityBeat","Bomb"],"picked":"FinalSpark","floor":10},{"not_picked":["DeepEcoloBomb","MeteoricShower"],"picked":"6A","floor":11},{"not_picked":["WitchOfGreed","Bomb"],"picked":"ShootingEcho","floor":12},{"not_picked":["AsteroidBelt","WitchLeyline"],"picked":"FairyDestructionRay","floor":13},{"not_picked":["GravityBeat","DoubleSpark"],"picked":"MysteriousBeam","floor":14},{"not_picked":["JA","AbsoluteMagnitude"],"picked":"BlazingStar","floor":16},{"not_picked":["MeteoricShower","Orbital"],"picked":"IllusionStar","floor":18},{"not_picked":["LuminesStrike","NonDirectionalLaser+1"],"picked":"UnstableBomb","floor":20},{"not_picked":["LuminesStrike","IllusionStar+1"],"picked":"NonDirectionalLaser","floor":24},{"not_picked":["GravityBeat","AlicesGift"],"picked":"Singularity","floor":29}],"player_experience":127118,"relics_obtained":[{"floor":9,"key":"BreadOfAWashokuLover"},{"floor":14,"key":"ShroomBag"},{"floor":26,"key":"Incense Burner"},{"floor":30,"key":"TheBible"}],"event_choices":[{"damage_healed":0,"gold_gain":76,"player_choice":"Gained Gold","damage_taken":0,"max_hp_gain":0,"max_hp_loss":0,"event_name":"Golden Wing","floor":4,"gold_loss":0},{"damage_healed":0,"gold_gain":0,"player_choice":"Fought Mushrooms","damage_taken":0,"max_hp_gain":0,"max_hp_loss":0,"event_name":"Mushrooms_MRS","floor":14,"gold_loss":0},{"cards_removed":["WitchLeyline"],"damage_healed":0,"gold_gain":0,"player_choice":"Elegance","damage_taken":0,"max_hp_gain":0,"max_hp_loss":0,"event_name":"Back to Basics","floor":19,"gold_loss":0},{"damage_healed":0,"gold_gain":0,"player_choice":"CARD ","damage_taken":12,"max_hp_gain":0,"max_hp_loss":0,"event_name":"Knowing Skull","floor":21,"potions_obtained":[],"gold_loss":0,"cards_obtained":["Purity"]}],"is_beta":false,"boss_relics":[{"not_picked":["Runic Dome","ChampionBelt"],"picked":"construct:WeddingRing"},{"not_picked":[]}],"items_purged_floors":[],"is_endless":false,"potions_floor_spawned":[1,7,11,12,14,28],"killed_by":"Slavers","ascension_level":0}}