{"host":"jq407lwglpuhdg18","time":1609708776,"event":{"mods":["Act Like it!","Arknights The Spire","Aspiration","BaseMod","Bestiary","Better Altar","Better Match","Better Note","Better Sensory Stone","Better Skull","Better Vampires","BetterRewards","Dota2Spire","Downfall","Energized Spire","Evolution","Friendly Minions","GifTheSpireLib","GungeonMod","Hallownest","Hermit","Highlight Path","Hubris","Infinite Spire","Menagerie","Minty Spire (QoL Compilation)","Permanent Neow","Relic Stats","Replay The Spire","Robot Space Explorer","Shade Mod","Shop Mod","StSLib","Stuff the Spire","The Blackbeard","The Bug Knight","The Caster","The Death Knight","The Factory","The Forsaken","The Hierophant","The Judge","The Marked","The Necromancer","TheWitcher","Wandering Minibosses"],"gold_per_floor":[118,133,147,164,164,199,229,245,245,245,94,112,140,172,172,273,273,283,283,298,312,344,344,55,55,55,88,88,88,123,158,158,261,261,279,279,279,279,308,308,308,308,308,336,398,100,130,161,161,161],"floor_reached":51,"playtime":3749,"items_purged":["Regret","Shade:Strike_Shade","Shade:Strike_Shade","Shade:Defend_Shade","Shade:Strike_Shade","Shade:Defend_Shade"],"score":1213,"play_id":"a3838147-c45e-4ed0-a332-258ef294673b","local_time":"20210103151936","daily_mods":["Heirloom","Flight","DeadlyEvents","Elite Swarm"],"is_ascension_mode":false,"campfire_choices":[{"data":"Shade:GreaterAnimation","floor":10.0,"key":"SMITH"},{"data":"Shade:LichForm","floor":15.0,"key":"SMITH"},{"data":"Shade:LichForm","floor":23.0,"key":"SMITH"},{"data":"Shade:OpenGraves","floor":28.0,"key":"SMITH"},{"data":"Shade:Putrefaction","floor":29.0,"key":"SMITH"},{"data":"Shade:AnimateDead","floor":32.0,"key":"SMITH"},{"data":"StuffTheSpire:BrainWave","floor":40.0,"key":"SMITH"},{"data":"Shade:LichForm","floor":41.0,"key":"SMITH"},{"data":"Shade:LichForm","floor":42.0,"key":"SMITH"},{"data":"Shade:GreaterAnimation","floor":49,"key":"SMITH"}],"circlet_count":0,"master_deck":["Shade:Bonestorm","Shade:Defend_Shade","Shade:Defend_Shade","Shade:AnimateDead+1","Shade:CarefulCut","Shade:AuraOfUnlife","Shade:RavenousHorde+1","Shade:OpenGraves+1","Shade:FreshBones","Shade:GreaterAnimation+1","Shade:CommandSoldier","Shade:FleshToFlesh","Shade:LichForm+1","Shade:UnbarTheGrave","Shade:Putrefaction+1","Shade:WallOfFlesh","Madness+1","Shade:PotionOfRestlessness+1","Shade:LichForm+1","Shade:LichForm+1","Shade:Trample+1","StuffTheSpire:BrainWave+1","Shade:LichForm+1","Shade:GreaterAnimation+1"],"relics":["Shade:YorickSkull","EVO:Axolotl","DemoMod:NanoMachines","StuffTheSpire:RedRose","StuffTheSpire:MayFlowers","Dota2Spire:Butterfly","Smiling Mask","MerchantsRug","ReplayTheSpireMod:Shallot","SlaversCollar","DemoMod:GlassGuonStoneRelic","InkBottle","SnafuTest:CatRelic","DemoMod:GreenGuonStone","hubris:SphereOfDissonance","StuffTheSpire:Nightcore","energizedSpire:NeverEndingSparkler","infinitespire:CursedDice","Letter Opener","Bottled Tornado","StuffTheSpire:RubySignet","Replay:Bottled Flurry"],"acts_visited":["Exordium","Hallownest:CityofTears","Hallownest:KingdomsEdge"],"potions_floor_usage":[],"damage_taken":[{"damage":0.0,"enemies":"Small Slimes","floor":1.0,"turns":3.0},{"damage":0.0,"enemies":"Jaw Worm","floor":2.0,"turns":2.0},{"damage":0.0,"enemies":"Cultist","floor":3.0,"turns":4.0},{"damage":0.0,"enemies":"2 Fungi Beasts","floor":4.0,"turns":3.0},{"damage":0.0,"enemies":"Replay:BlueRogue","floor":6.0,"turns":5.0},{"damage":6.0,"enemies":"Lagavulin","floor":7.0,"turns":5.0},{"damage":0.0,"enemies":"Looter","floor":8.0,"turns":3.0},{"damage":0.0,"enemies":"Gremlin Gang","floor":12.0,"turns":2.0},{"damage":7.0,"enemies":"Gremlin Nob","floor":13.0,"turns":4.0},{"damage":0.0,"enemies":"Lagavulin","floor":14.0,"turns":5.0},{"damage":4.0,"enemies":"Hexaghost","floor":16.0,"turns":5.0},{"damage":0.0,"enemies":"Hallownest:Guard_and_Sentry","floor":18.0,"turns":3.0},{"damage":15.0,"enemies":"Hallownest:3_Youths","floor":20.0,"turns":5.0},{"damage":1.0,"enemies":"Hallownest:eliteSoulWarrior","floor":22.0,"turns":6.0},{"damage":2.0,"enemies":"Hallownest:eliteWatcherKnight","floor":27.0,"turns":9.0},{"damage":0.0,"enemies":"Hallownest:eliteSoulWarrior","floor":30.0,"turns":5.0},{"damage":0.0,"enemies":"Hallownest:eliteWatcherKnight","floor":31.0,"turns":7.0},{"damage":0.0,"enemies":"Hallownest:BossMantisLord","floor":33.0,"turns":5.0},{"damage":0.0,"enemies":"Hallownest:Shield_Heavy","floor":35.0,"turns":4.0},{"damage":0.0,"enemies":"Hallownest:eliteHiveKnight","floor":39.0,"turns":4.0},{"damage":2.0,"enemies":"Hallownest:StalkingDevout","floor":44.0,"turns":4.0},{"damage":0.0,"enemies":"Hallownest:eliteCollector","floor":47.0,"turns":5.0},{"damage":0,"enemies":"Nightmare","floor":48,"turns":5},{"damage":0,"enemies":"Hallownest:BossGreyPrinceZote","floor":50,"turns":5}],"seed_played":"6971484156889724397","potions_obtained":[{"floor":1.0,"key":"champ:CounterPotion"},{"floor":3.0,"key":"DemoMod:LeadSkinPotion"},{"floor":7.0,"key":"ColorlessPotion"},{"floor":8.0,"key":"Weak Potion"},{"floor":13.0,"key":"Regen Potion"},{"floor":16.0,"key":"Dota2Spire:HealingSalve"},{"floor":27.0,"key":"BlessingOfTheForge"},{"floor":31.0,"key":"Dota2Spire:Clarity"},{"floor":44.0,"key":"Dota2Spire:HealingSalve"},{"floor":47.0,"key":"Regen Potion"}],"is_trial":true,"path_per_floor":["M","M","M","M","?","E","E","M","T","R","$","M","E","E","R","B",null,"M","?","M","$","E","R","$","AVR","T","E","R","R","E","E","R","B",null,"M","?","?","AVR","E","R","R","R","T","E","$","$","E","NM","R","B",null],"character_chosen":"SHADE","items_purchased":["MerchantsRug","SnafuTest:CatRelic","Bottled Tornado"],"campfire_rested":0,"item_purchase_floors":[11,24,46],"current_hp_per_floor":[65,65,65,65,65,65,59,59,59,59,59,59,52,52,52,48,65,65,65,65,65,64,64,64,64,64,65,65,65,65,65,65,65,65,65,65,54,54,54,54,54,54,54,52,52,52,52,52,52,52],"gold":161,"neow_bonus":"","is_daily":false,"chose_seed":false,"campfire_upgraded":10,"win_rate":0.0,"timestamp":1609708776,"path_taken":["M","M","M","M","?","E","E","M","T","R","$","M","E","E","R","BOSS","M","?","?","$","?","R","$","AVR","T","E","R","R","E","E","R","BOSS","M","?","?","AVR","?","R","R","R","T","E","$","$","E","NM","R","BOSS"],"items_purchased_type":["Relic","Relic","Relic"],"build_version":"2020-12-22","purchased_purges":6,"victory":true,"max_hp_per_floor":[65,65,65,65,65,65,65,65,65,65,65,65,65,65,65,65,65,65,65,65,65,65,65,65,65,65,65,65,65,65,65,65,65,65,65,65,65,65,65,65,65,65,65,65,65,65,65,65,65,65],"relic_stats":{"counters":[24,107],"Letter Opener":[24],"Smiling Mask":375,"obtain_stats":[{"DemoMod:GreenGuonStone":26,"Replay:Accelerometer":44,"Shade:YorickSkull":0,"DemoMod:GlassGuonStoneRelic":1,"EVO:Axolotl":0,"Bottled Tornado":46,"Smiling Mask":9,"Centennial Puzzle":25,"Replay:Bottled Flurry":48,"StuffTheSpire:Nightcore":30,"StuffTheSpire:RedRose":5,"InkBottle":22,"DemoMod:Armor":0,"MerchantsRug":11,"Dota2Spire:MantaStyle":13,"infinitespire:CursedDice":39,"hubris:SphereOfDissonance":27,"Letter Opener":43,"SlaversCollar":17,"SnafuTest:CatRelic":24,"Dota2Spire:Butterfly":7,"ReplayTheSpireMod:Shallot":14,"StuffTheSpire:MayFlowers":6,"energizedSpire:NeverEndingSparkler":38,"DemoMod:NanoMachines":0,"StuffTheSpire:RubySignet":47},{"DemoMod:GreenGuonStone":14,"Replay:Accelerometer":21,"Shade:YorickSkull":0,"DemoMod:GlassGuonStoneRelic":1,"EVO:Axolotl":0,"Bottled Tornado":21,"Smiling Mask":7,"Centennial Puzzle":14,"Replay:Bottled Flurry":23,"StuffTheSpire:Nightcore":16,"StuffTheSpire:RedRose":4,"InkBottle":14,"DemoMod:Armor":0,"MerchantsRug":7,"Dota2Spire:MantaStyle":9,"infinitespire:CursedDice":20,"hubris:SphereOfDissonance":15,"Letter Opener":20,"SlaversCollar":11,"SnafuTest:CatRelic":14,"Dota2Spire:Butterfly":6,"ReplayTheSpireMod:Shallot":10,"StuffTheSpire:MayFlowers":5,"energizedSpire:NeverEndingSparkler":19,"DemoMod:NanoMachines":0,"StuffTheSpire:RubySignet":22},{"DemoMod:GreenGuonStone":54,"Replay:Accelerometer":92,"Shade:YorickSkull":0,"DemoMod:GlassGuonStoneRelic":3,"EVO:Axolotl":0,"Bottled Tornado":92,"Smiling Mask":24,"Centennial Puzzle":54,"Replay:Bottled Flurry":102,"StuffTheSpire:Nightcore":68,"StuffTheSpire:RedRose":12,"InkBottle":54,"DemoMod:Armor":0,"MerchantsRug":24,"Dota2Spire:MantaStyle":30,"infinitespire:CursedDice":88,"hubris:SphereOfDissonance":63,"Letter Opener":88,"SlaversCollar":40,"SnafuTest:CatRelic":54,"Dota2Spire:Butterfly":22,"ReplayTheSpireMod:Shallot":35,"StuffTheSpire:MayFlowers":17,"energizedSpire:NeverEndingSparkler":84,"DemoMod:NanoMachines":0,"StuffTheSpire:RubySignet":97}],"InkBottle":[18]},"card_choices":[{"not_picked":["Shade:Frenzy","Shade:GraveStillness"],"picked":"Shade:AuraOfUnlife","floor":1.0},{"not_picked":["Shade:GreyBargain","Shade:CoffinDance"],"picked":"Shade:RavenousHorde","floor":2.0},{"not_picked":["Shade:FreshBones","Shade:FleshOffering"],"picked":"Shade:OpenGraves","floor":3.0},{"not_picked":["Shade:GreyBargain","Shade:Bonestorm"],"picked":"Shade:FreshBones","floor":4.0},{"not_picked":["Shade:LoseControl","Shade:OfferingToTheBeyond","Shade:SelfBurial"],"picked":"SKIP","floor":6.0},{"not_picked":["Shade:OfferingToTheBeyond","Shade:SoulPierce"],"picked":"Shade:GreaterAnimation","floor":7.0},{"not_picked":["Shade:DangerousRitual","Shade:Trample"],"picked":"Shade:CommandSoldier","floor":8.0},{"not_picked":["Shade:Bonestorm","Shade:LyeBath"],"picked":"Shade:FleshToFlesh","floor":12.0},{"not_picked":["Shade:SelfBurial","Shade:Tombstone"],"picked":"Shade:LichForm","floor":13.0},{"not_picked":["Shade:Tombstone","Shade:LastGasp"],"picked":"Shade:UnbarTheGrave","floor":14.0},{"not_picked":["Shade:LichForm","Shade:SelfBurial"],"picked":"Shade:Putrefaction","floor":16.0},{"not_picked":["Shade:BoneShards","Shade:ExtraLimbs"],"picked":"Shade:WallOfFlesh","floor":18.0},{"not_picked":["Shade:SelfBurial","Shade:Brains"],"picked":"Shade:PotionOfRestlessness","floor":20.0},{"not_picked":["Shade:OfferingToTheBeyond","Shade:SoulPierce"],"picked":"Shade:LichForm","floor":22.0},{"not_picked":["Shade:OfferingToTheBeyond","Shade:Tombstone","Shade:Consume"],"picked":"SKIP","floor":27.0},{"not_picked":["Shade:MadHubris","Shade:Consume","Shade:LoseControl"],"picked":"SKIP","floor":30.0},{"not_picked":["Shade:UnbarTheGrave","Shade:SoulPierce","Shade:OminousRitual"],"picked":"SKIP","floor":31.0},{"not_picked":["Shade:OfferingToTheBeyond","Shade:UnbarTheGrave"],"picked":"Shade:LichForm","floor":33.0},{"not_picked":["Shade:FingerOfDeath+1","Shade:Haruspicy+1"],"picked":"Shade:Trample+1","floor":35.0},{"not_picked":["StuffTheSpire:Brawn","StuffTheSpire:Vigor"],"picked":"StuffTheSpire:BrainWave","floor":36.0},{"not_picked":["Shade:DarkOfNight","Shade:OminousRitual"],"picked":"Shade:LichForm","floor":39.0},{"not_picked":["Shade:Consume","Shade:UnbarTheGrave"],"picked":"Shade:GreaterAnimation","floor":44.0},{"not_picked":["Shade:DarkOfNight","Shade:OneIsEnough","Shade:Consume"],"picked":"SKIP","floor":47.0},{"not_picked":["Shade:DarkOfNight","Shade:OneIsEnough","Shade:Consume"],"picked":"SKIP","floor":47.0},{"not_picked":["Shade:GreaterAnimation","Shade:LichForm","Shade:OneIsEnough"],"picked":"SKIP","floor":48}],"player_experience":26786,"relics_obtained":[{"floor":6.0,"key":"StuffTheSpire:MayFlowers"},{"floor":7.0,"key":"Dota2Spire:Butterfly"},{"floor":9.0,"key":"Smiling Mask"},{"floor":13.0,"key":"Dota2Spire:MantaStyle"},{"floor":14.0,"key":"ReplayTheSpireMod:Shallot"},{"floor":22.0,"key":"InkBottle"},{"floor":26.0,"key":"DemoMod:GreenGuonStone"},{"floor":27.0,"key":"hubris:SphereOfDissonance"},{"floor":30.0,"key":"StuffTheSpire:Nightcore"},{"floor":39.0,"key":"infinitespire:CursedDice"},{"floor":43.0,"key":"Letter Opener"},{"floor":44.0,"key":"Replay:Accelerometer"},{"floor":47.0,"key":"StuffTheSpire:RubySignet"},{"floor":48,"key":"Replay:Bottled Flurry"}],"event_choices":[{"damage_healed":0.0,"max_hp_gain":0.0,"max_hp_loss":13.0,"gold_gain":2.0,"event_name":"betterStone:BetterStone","player_choice":"2","floor":19.0,"gold_loss":0.0,"damage_taken":0.0},{"damage_healed":0.0,"max_hp_gain":0.0,"max_hp_loss":0.0,"gold_gain":0.0,"event_name":"betterSkull:BetterSkull","player_choice":"UP UP ","floor":37.0,"gold_loss":0.0,"damage_taken":23.0,"cards_upgraded":["Shade:PotionOfRestlessness","Shade:RavenousHorde"],"relics_obtained":[]}],"is_beta":false,"boss_relics":[{"not_picked":["StuffTheSpire:RunicHypercube","ReplayTheSpireMod:DimensionalGlitch"],"picked":"SlaversCollar"},{"not_picked":["Replay:Grab Bag","hubris:BlackHole","Fusion Hammer"]}],"items_purged_floors":[11,21,24,25,45,46],"is_endless":false,"potions_floor_spawned":[1,3,7,8,13,16,27,31,44,47],"ascension_level":0}}