{"host":"kw4o7b3ro2ktmmbe","time":1609711287,"event":{"mods":["BaseMod","Evolution","Minty Spire (QoL Compilation)","StSLib","The Runesmith","Wandering Minibosses"],"gold_per_floor":[112,187,210,230,230,230,244,244,315,315,379,379,455,48,48,153,153,134,184,194,159,209,209,238,305,330,330,380,430,579,596,596,694,694,706,756,361,430,440,440,488,488,538,140,166,183,194,211,211,211],"floor_reached":51,"playtime":8137,"items_purged":["Runesmith:Strike_RS"],"score":838,"play_id":"9cb81e04-bc7d-4d8b-854f-e4ea6e8e1399","local_time":"20210104110127","is_ascension_mode":false,"campfire_choices":[{"data":"Runesmith:Fortify","floor":6.0,"key":"SMITH"},{"data":"Runesmith:CraftFirestone","floor":8.0,"key":"SMITH"},{"data":"Runesmith:CraftVitae","floor":10.0,"key":"SMITH"},{"data":"Runesmith:Grindstone","floor":12.0,"key":"SMITH"},{"floor":15.0,"key":"REST"},{"floor":23.0,"key":"REST"},{"floor":27.0,"key":"REST"},{"floor":32.0,"key":"REST"},{"floor":40.0,"key":"REST"},{"floor":42.0,"key":"REST"},{"floor":49.0,"key":"REST"}],"circlet_count":0,"master_deck":["Runesmith:Strike_RS+1","Runesmith:Strike_RS+1","Runesmith:Defend_RS","Runesmith:Defend_RS","Runesmith:Defend_RS","Runesmith:Defend_RS","Runesmith:CraftFirestone+1","Runesmith:Fortify+1","Runesmith:CraftVitae+1","Runesmith:Grindstone+1","Runesmith:DuctTape","Runesmith:CraftMagma","Runesmith:PoweredAnvil","Runesmith:PoweredAnvil","Runesmith:LithiumIon","Runesmith:Repurpose+1","Runesmith:PoweredAnvil","Runesmith:PoweredAnvil","Runesmith:WhiteBalance+1","Runesmith:Supernova","Runesmith:CraftMagma","Runesmith:CreatorForm","Runesmith:Permafrost","Runesmith:LithiumIon","Runesmith:NegativeSpace+1","Runesmith:CraftProtectio+1","Runesmith:PoweredAnvil","Runesmith:OneForEveryone+1","Runesmith:PoweredAnvil","Runesmith:DuctTape","Runesmith:Augment+1","Runesmith:PoweredAnvil+1","Runesmith:HammerThrow+1","Runesmith:CraftMagma+1"],"relics":["Runesmith:BrokenRuby","EVO:Axolotl","Ancient Tea Set","Potion Belt","SsserpentHead","InkBottle","PreservedInsect","ClockworkSouvenir","Regal Pillow","Dream Catcher","Fusion Hammer","Pocketwatch","Prayer Wheel","wanderingMiniBosses:Inkheart","Runesmith:EmergencyProvisions","Philosopher\u0027s Stone","Art of War","Toolbox","Whetstone","Pantograph","Lee\u0027s Waffle","Anchor"],"acts_visited":["Exordium","TheCity","TheBeyond"],"potions_floor_usage":[50,50,50],"damage_taken":[{"damage":0.0,"enemies":"Small Slimes","floor":1.0,"turns":3.0},{"damage":0.0,"enemies":"Jaw Worm","floor":4.0,"turns":7.0},{"damage":0.0,"enemies":"2 Louse","floor":7.0,"turns":6.0},{"damage":0.0,"enemies":"Gremlin Gang","floor":11.0,"turns":6.0},{"damage":37.0,"enemies":"Hexaghost","floor":16.0,"turns":10.0},{"damage":15.0,"enemies":"2 Thieves","floor":18.0,"turns":7.0},{"damage":6.0,"enemies":"Shell Parasite","floor":20.0,"turns":6.0},{"damage":37.0,"enemies":"Book of Stabbing","floor":24.0,"turns":7.0},{"damage":9.0,"enemies":"Centurion and Healer","floor":25.0,"turns":8.0},{"damage":8.0,"enemies":"Cultist and Chosen","floor":31.0,"turns":5.0},{"damage":0.0,"enemies":"Automaton","floor":33.0,"turns":7.0},{"damage":59.0,"enemies":"3 Darklings","floor":35.0,"turns":5.0},{"damage":0.0,"enemies":"Orb Walker","floor":38.0,"turns":3.0},{"damage":10.0,"enemies":"3 Darklings","floor":39.0,"turns":3.0},{"damage":16.0,"enemies":"Nemesis","floor":41.0,"turns":5.0},{"damage":0.0,"enemies":"Giant Head","floor":45.0,"turns":5.0},{"damage":0.0,"enemies":"Transient","floor":46.0,"turns":5.0},{"damage":43.0,"enemies":"4 Shapes","floor":47.0,"turns":5.0},{"damage":0.0,"enemies":"Jaw Worm Horde","floor":48.0,"turns":5.0},{"damage":28,"enemies":"Donu and Deca","floor":50,"turns":8}],"seed_played":"3846121587741228841","potions_obtained":[{"floor":4.0,"key":"Dexterity Potion"},{"floor":25.0,"key":"FearPotion"},{"floor":31.0,"key":"CultistPotion"},{"floor":38.0,"key":"PowerPotion"},{"floor":39.0,"key":"ColorlessPotion"},{"floor":41.0,"key":"AttackPotion"},{"floor":48.0,"key":"SpeedPotion"}],"is_trial":false,"path_per_floor":["M","?","T","M","?","R","M","R","T","R","M","R","T","$","R","B",null,"M","T","M","$","?","R","E","M","T","R","?","?","?","M","R","B",null,"M","?","$","M","M","R","E","R","T","$","E","M","M","M","R","B",null],"character_chosen":"RUNESMITH_CLASS","items_purchased":["ClockworkSouvenir","Regal Pillow","Dream Catcher","Runesmith:PoweredAnvil","Art of War","Toolbox","Runesmith:LithiumIon","Pantograph","Lee\u0027s Waffle"],"campfire_rested":7,"item_purchase_floors":[14,14,14,21,37,37,37,44,44],"current_hp_per_floor":[70,59,59,59,59,59,59,59,59,59,59,59,59,59,70,33,70,55,55,49,49,49,70,33,24,24,60,60,60,60,52,70,70,70,11,11,11,11,1,37,21,57,57,77,77,77,34,34,72,49],"gold":211,"neow_bonus":"RANDOM_COMMON_RELIC","is_daily":false,"chose_seed":false,"campfire_upgraded":4,"win_rate":0.0,"timestamp":1609711287,"path_taken":["M","?","?","M","?","R","M","R","T","R","?","R","?","?","R","BOSS","M","?","M","$","?","R","E","?","T","R","?","?","?","M","R","BOSS","M","?","?","?","M","R","E","R","T","$","E","M","M","M","R","BOSS"],"items_purchased_type":["Relic","Relic","Relic","Card","Relic","Relic","Card","Relic","Relic"],"build_version":"2020-12-22","purchased_purges":1,"victory":true,"max_hp_per_floor":[70,70,70,70,70,70,70,70,70,70,70,70,70,70,70,70,70,70,70,70,70,70,70,70,70,70,70,70,70,70,70,70,70,70,70,70,70,70,70,70,70,70,70,77,77,77,77,77,77,77],"card_choices":[{"not_picked":["Runesmith:Overpower","Runesmith:EarthShield"],"picked":"Runesmith:CraftVitae","floor":1.0},{"not_picked":["Runesmith:HeatedChisel","Runesmith:Prism","Runesmith:StaticCage"],"picked":"SKIP","floor":4.0},{"not_picked":["Runesmith:ChiselStab","Runesmith:HeatedChisel","Runesmith:StaticCage"],"picked":"SKIP","floor":7.0},{"not_picked":["Runesmith:Overpower","Runesmith:HeatExchange"],"picked":"Runesmith:Grindstone","floor":11.0},{"not_picked":["Runesmith:ReplicatingBarrier","Runesmith:LastStand"],"picked":"Runesmith:DuctTape","floor":16.0},{"not_picked":["Runesmith:HammerAndChisel","Runesmith:RuneHurl"],"picked":"Runesmith:CraftMagma","floor":18.0},{"not_picked":["Runesmith:HammerThrow","Runesmith:Overpower"],"picked":"Runesmith:PoweredAnvil","floor":20.0},{"not_picked":["Runesmith:HeatedChisel+1","Runesmith:ChiselStab+1"],"picked":"Runesmith:Repurpose+1","floor":23.0},{"not_picked":["Runesmith:Repurpose","Runesmith:HammerThrow"],"picked":"Runesmith:PoweredAnvil","floor":24.0},{"not_picked":["Runesmith:MakeshiftArmor+1","Runesmith:EarthShield"],"picked":"Runesmith:PoweredAnvil","floor":25.0},{"not_picked":["Runesmith:BackupBattery","Runesmith:CraftMagma"],"picked":"Runesmith:WhiteBalance+1","floor":25.0},{"not_picked":["Runesmith:CraftProtectio","Runesmith:MakeshiftArmor"],"picked":"Runesmith:Supernova","floor":27.0},{"not_picked":["Runesmith:UnstableHammer","Runesmith:EarthShield"],"picked":"Runesmith:CraftMagma","floor":31.0},{"not_picked":["Runesmith:PerfectChisel","Runesmith:Superposition","Runesmith:Discharge"],"picked":"SKIP","floor":31.0},{"not_picked":["Runesmith:CraftMedicinae","Runesmith:Supernova"],"picked":"Runesmith:CreatorForm","floor":33.0},{"not_picked":["Runesmith:RuneHurl","Runesmith:Repurpose"],"picked":"Runesmith:Permafrost","floor":35.0},{"not_picked":["Runesmith:UnstableHammer+1","Runesmith:StaticCage+1","Runesmith:MakeshiftArmor"],"picked":"SKIP","floor":35.0},{"not_picked":["Runesmith:RunicBlueprint","Runesmith:EnergizedChisel+1"],"picked":"Runesmith:NegativeSpace+1","floor":38.0},{"not_picked":["Runesmith:StaticCage+1","Runesmith:EnergizedChisel+1"],"picked":"Runesmith:CraftProtectio+1","floor":38.0},{"not_picked":["Runesmith:UnstableHammer","Runesmith:StaticCage+1"],"picked":"Runesmith:PoweredAnvil","floor":39.0},{"not_picked":["Runesmith:HeatedChisel+1","Runesmith:Malloc"],"picked":"Runesmith:OneForEveryone+1","floor":39.0},{"not_picked":["Runesmith:MakeshiftArmor+1","Runesmith:EarthShield","Runesmith:ChargedHammer"],"picked":"SKIP","floor":41.0},{"not_picked":["Runesmith:Overpower+1","Runesmith:HammerThrow"],"picked":"Runesmith:PoweredAnvil","floor":45.0},{"not_picked":["Runesmith:CraftVitae","Runesmith:CraftProtectio+1"],"picked":"Runesmith:DuctTape","floor":46.0},{"not_picked":["Runesmith:FieryHammer","Runesmith:ChiselStab"],"picked":"Runesmith:Augment+1","floor":46.0},{"not_picked":["Runesmith:HeatExchange","Runesmith:Accelerate"],"picked":"Runesmith:PoweredAnvil+1","floor":47.0},{"not_picked":["Runesmith:ShiftingStrike","Runesmith:Overpower"],"picked":"Runesmith:HammerThrow+1","floor":47.0},{"not_picked":["Runesmith:EarthShield","Runesmith:Overpower+1","Runesmith:ChaoticBlast"],"picked":"SKIP","floor":48.0},{"not_picked":["Runesmith:ChaoticBlast","Runesmith:NegativeSpace+1","Runesmith:ShiftingStrike"],"picked":"SKIP","floor":48.0},{"not_picked":["Runesmith:Grindstone","Runesmith:EnergizedChisel"],"picked":"Runesmith:CraftMagma+1","floor":49.0}],"player_experience":1774141,"relics_obtained":[{"floor":3.0,"key":"Potion Belt"},{"floor":9.0,"key":"InkBottle"},{"floor":13.0,"key":"PreservedInsect"},{"floor":19.0,"key":"Pocketwatch"},{"floor":24.0,"key":"Prayer Wheel"},{"floor":25.0,"key":"wanderingMiniBosses:Inkheart"},{"floor":26.0,"key":"Runesmith:EmergencyProvisions"},{"floor":43.0,"key":"Whetstone"},{"floor":45.0,"key":"Anchor"}],"event_choices":[{"damage_healed":0.0,"max_hp_gain":0.0,"max_hp_loss":0.0,"gold_gain":75.0,"event_name":"World of Goop","player_choice":"Gather Gold","floor":2.0,"gold_loss":0.0,"damage_taken":11.0},{"damage_healed":0.0,"max_hp_gain":0.0,"max_hp_loss":0.0,"gold_gain":0.0,"event_name":"FaceTrader","player_choice":"Trade","floor":5.0,"gold_loss":0.0,"damage_taken":0.0,"relics_obtained":["SsserpentHead"]},{"damage_healed":0.0,"max_hp_gain":0.0,"max_hp_loss":0.0,"gold_gain":0.0,"event_name":"The Library","player_choice":"Read","floor":22.0,"gold_loss":0.0,"damage_taken":0.0,"cards_obtained":["Runesmith:LithiumIon"]},{"damage_healed":0.0,"max_hp_gain":0.0,"max_hp_loss":0.0,"gold_gain":0.0,"event_name":"The Mausoleum","player_choice":"Ignored","floor":28.0,"gold_loss":0.0,"damage_taken":0.0},{"damage_healed":0.0,"max_hp_gain":0.0,"max_hp_loss":0.0,"gold_gain":0.0,"event_name":"Cursed Tome","player_choice":"Ignored","floor":29.0,"gold_loss":0.0,"damage_taken":0.0},{"damage_healed":0.0,"max_hp_gain":0.0,"max_hp_loss":0.0,"gold_gain":99.0,"event_name":"Nest","player_choice":"Stole From Cult","floor":30.0,"gold_loss":0.0,"damage_taken":0.0},{"cards_removed":["Runesmith:Strike_RS"],"damage_healed":0.0,"max_hp_gain":0.0,"max_hp_loss":0.0,"gold_gain":0.0,"event_name":"Falling","player_choice":"Removed Attack","floor":36.0,"gold_loss":0.0,"damage_taken":0.0}],"is_beta":false,"boss_relics":[{"not_picked":["Astrolabe","Runic Pyramid"],"picked":"Fusion Hammer"},{"not_picked":["Sozu","Empty Cage"],"picked":"Philosopher\u0027s Stone"}],"items_purged_floors":[37],"is_endless":false,"potions_floor_spawned":[4,25,31,38,39,41,48],"ascension_level":0}}