{"host":"rt0td7aa3g170xdl","time":1609650153,"event":{"mods":["2.2 Compatiblity","AchievementEnabler","BaseMod","Colored Map","DeckTracker","Keyboard Shortcuts","Minty Spire (QoL Compilation)","Permanent Neow","Quick Restart","SuperFastMode","everything is the same but u backflip on backflip"],"gold_per_floor":[118,128,144,159,84,84,114,114,114,114,124,136,211,245,245,245,245],"floor_reached":16,"playtime":713,"items_purged":["Strike_R"],"score":112,"play_id":"a7105c5a-794c-42e1-87fd-e54ecce29f4e","local_time":"20210103140233","is_ascension_mode":false,"campfire_choices":[{"data":"Entrench","floor":6.0,"key":"SMITH"},{"data":"Sever Soul","floor":8.0,"key":"SMITH"},{"data":"Bash","floor":10.0,"key":"SMITH"},{"data":"True Grit","floor":15,"key":"SMITH"}],"circlet_count":0,"master_deck":["Strike_R","Strike_R","Strike_R","Defend_R","Defend_R","Defend_R","Defend_R","Bash+1","Sever Soul+1","Entrench+1","Wild Strike","True Grit+1"],"relics":["Burning Blood","Kunai","InkBottle","Singing Bowl"],"acts_visited":["Exordium"],"potions_floor_usage":[16],"damage_taken":[{"damage":4.0,"enemies":"Cultist","floor":1.0,"turns":4.0},{"damage":0.0,"enemies":"2 Louse","floor":2.0,"turns":2.0},{"damage":6.0,"enemies":"Jaw Worm","floor":3.0,"turns":4.0},{"damage":12.0,"enemies":"Looter","floor":4.0,"turns":4.0},{"damage":15.0,"enemies":"Gremlin Nob","floor":7.0,"turns":4.0},{"damage":1,"enemies":"Exordium Wildlife","floor":11,"turns":3},{"damage":25,"enemies":"Exordium Thugs","floor":12,"turns":4},{"damage":26,"enemies":"3 Sentries","floor":14,"turns":7},{"damage":20,"enemies":"Hexaghost","floor":16,"turns":9}],"seed_played":"5748252058340789529","potions_obtained":[{"floor":3.0,"key":"LiquidBronze"},{"floor":11,"key":"Strength Potion"},{"floor":14,"key":"Weak Potion"}],"is_trial":false,"path_per_floor":["M","M","M","M","$","R","E","R","T","R","M","M","?","E","R","B"],"character_chosen":"IRONCLAD","items_purchased":[],"campfire_rested":0,"item_purchase_floors":[],"current_hp_per_floor":[80,80,80,74,74,74,65,65,65,65,70,51,40,20,20,0,0],"gold":245,"neow_bonus":"REMOVE_CARD","is_daily":false,"chose_seed":false,"campfire_upgraded":4,"win_rate":0.0,"timestamp":1609650153,"path_taken":["M","M","?","M","$","R","E","R","T","R","?","M","?","E","R","BOSS"],"items_purchased_type":[],"build_version":"2020-12-22","purchased_purges":1,"victory":false,"max_hp_per_floor":[80,80,80,80,80,80,80,80,80,80,80,80,80,80,80,80,80],"card_choices":[{"not_picked":["Flex","Feel No Pain"],"picked":"Sever Soul","floor":1.0},{"not_picked":["Perfected Strike","Combust"],"picked":"Entrench","floor":2.0},{"not_picked":["Havoc","Clash","Armaments"],"picked":"SKIP","floor":3.0},{"not_picked":["Perfected Strike","Clash","Dual Wield"],"picked":"SKIP","floor":4.0},{"not_picked":["Sever Soul","Anger","Reckless Charge"],"picked":"SKIP","floor":7.0},{"not_picked":["Anger","Cleave","Clash"],"picked":"SKIP","floor":11},{"not_picked":["Clothesline","Heavy Blade"],"picked":"Wild Strike","floor":12},{"not_picked":["Immolate","Bloodletting"],"picked":"True Grit","floor":14}],"player_experience":317050,"relics_obtained":[{"floor":7.0,"key":"Kunai"},{"floor":9.0,"key":"InkBottle"},{"floor":14,"key":"Singing Bowl"}],"event_choices":[{"damage_healed":0,"gold_gain":75,"player_choice":"Gather Gold","damage_taken":11,"max_hp_gain":0,"max_hp_loss":0,"event_name":"World of Goop","floor":13,"gold_loss":0}],"is_beta":false,"boss_relics":[],"items_purged_floors":[5],"is_endless":false,"potions_floor_spawned":[3,11,14],"killed_by":"Hexaghost","ascension_level":0}}