{"host":"2apb6gwm2fj4theg","time":1609683204,"event":{"mods":["2.2 Compatiblity","AlwaysNeverKeys","BaseMod","Halation","Infinite Spire","Minty Spire (QoL Compilation)","Replay The Spire","Shop Mod","Small Relic Pack","StSLib","The Animator"],"gold_per_floor":[109,123,142,142,158,158,185,185,185,218,218,233,84,119,119,224,224,238,178,195,213,229,229,229,247,272,272,61,92,92,92],"floor_reached":30,"playtime":2528,"items_purged":[],"score":387,"play_id":"5db33db1-880b-45fc-b39b-d7bf3b85dbbd","local_time":"20210103161324","is_ascension_mode":true,"campfire_choices":[{"data":"Conserve Battery","floor":6,"key":"SMITH"},{"floor":8,"key":"REST"},{"data":"Melter","floor":11,"key":"SMITH"},{"floor":15,"key":"REST"},{"floor":23,"key":"REST"},{"floor":27,"key":"REST"}],"circlet_count":0,"master_deck":["Strike_B+1","Strike_B","Strike_B","Strike_B","Defend_B","Defend_B","Defend_B","Defend_B","Zap+1","Dualcast+1","Redo+1","Redo","Reinforced Body","Conserve Battery+1","Melter+1","Time Bomb","Ball Lightning","Defragment","Loop","BasicCrystalCard","Beam Cell","Static Discharge","Glacier","Thunder Strike","Sweeping Beam","Skim","Coolheaded","Storm","Ball Lightning+1","Turbo","Consume","Stack","Lockon","Leap","ReplayTheSpireMod:Trickstab","Creative AI"],"relics":["Cracked Core","NeowsBlessing","Du-Vu Doll","infinitespire:WardingShard","Orrery","Gremlin Food","Prayer Wheel","Nloth\u0027s Gift","MealTicket","Toxic Egg 2"],"acts_visited":["Exordium","TheCity"],"potions_floor_usage":[20,22,30],"damage_taken":[{"damage":0,"enemies":"Small Slimes","floor":1,"turns":1},{"damage":0,"enemies":"Cultist","floor":2,"turns":1},{"damage":0,"enemies":"Jaw Worm","floor":3,"turns":1},{"damage":2,"enemies":"Blue Slaver","floor":5,"turns":3},{"damage":22,"enemies":"Lagavulin","floor":7,"turns":7},{"damage":17,"enemies":"Gremlin Nob","floor":10,"turns":4},{"damage":5,"enemies":"Lots of Slimes","floor":12,"turns":5},{"damage":0,"enemies":"Replay:BlueRogue","floor":14,"turns":6},{"damage":7,"enemies":"Fading Forest","floor":16,"turns":11},{"damage":0,"enemies":"Spheric Guardian","floor":18,"turns":1},{"damage":25,"enemies":"2 Thieves","floor":19,"turns":4},{"damage":3,"enemies":"Centurion and Healer","floor":20,"turns":11},{"damage":0,"enemies":"Snecko","floor":21,"turns":4},{"damage":11,"enemies":"3 Cultists","floor":22,"turns":6},{"damage":39,"enemies":"Cultist and Chosen","floor":25,"turns":7},{"damage":48,"enemies":"Gremlin Leader","floor":29,"turns":8},{"damage":15,"enemies":"Snecko","floor":30,"turns":2}],"seed_played":"-984748233467829286","potions_obtained":[{"floor":7,"key":"Venom Potion"},{"floor":12,"key":"Explosive Potion"},{"floor":21,"key":"LifebloodPotion"},{"floor":22,"key":"Ancient Potion"},{"floor":29,"key":"Adrenaline Potion"}],"is_trial":false,"path_per_floor":["M","M","M","?","M","R","E","R","T","E","R","M","$","E","R","B",null,"M","M","M","M","M","R","?","M","T","R","$","E","M"],"character_chosen":"DEFECT","items_purchased":["Orrery","Lockon","Leap","ReplayTheSpireMod:Trickstab"],"campfire_rested":4,"item_purchase_floors":[13,28,28,28],"current_hp_per_floor":[75,75,75,75,73,73,51,73,73,56,56,51,51,51,73,74,75,75,50,47,47,36,58,58,19,19,41,56,8,0,0],"gold":92,"neow_bonus":"THREE_ENEMY_KILL","is_daily":false,"chose_seed":false,"campfire_upgraded":2,"win_rate":0.0,"timestamp":1609683204,"path_taken":["M","M","M","?","M","R","E","R","T","E","R","?","$","E","R","BOSS","M","M","M","M","M","R","?","M","T","R","$","E","M"],"items_purchased_type":["Relic","Card","Card","Card"],"build_version":"2020-12-22","purchased_purges":0,"victory":false,"max_hp_per_floor":[75,75,75,75,75,75,75,75,75,75,75,75,75,75,75,75,75,75,75,75,75,75,75,75,75,75,75,75,75,75,75],"card_choices":[{"not_picked":["ReplayTheSpireMod:System Scan","Panic Button"],"picked":"Redo","floor":1},{"not_picked":["Self Repair","Tempest"],"picked":"Redo","floor":2},{"not_picked":["Gash","Static Discharge"],"picked":"Reinforced Body","floor":3},{"not_picked":["Redo","Rebound"],"picked":"Conserve Battery","floor":5},{"not_picked":["BootSequence","Sweeping Beam"],"picked":"Melter","floor":7},{"not_picked":["Crystallizer","Stack"],"picked":"Time Bomb","floor":10},{"not_picked":["Multi-Cast","Coolheaded"],"picked":"Ball Lightning","floor":12},{"not_picked":["Barrage","Ball Lightning"],"picked":"Defragment","floor":13},{"not_picked":["Beam Cell","Streamline"],"picked":"Loop","floor":13},{"not_picked":["Turbo","Steam"],"picked":"BasicCrystalCard","floor":13},{"not_picked":["Steam","Reprogram"],"picked":"Beam Cell","floor":13},{"not_picked":["Go for the Eyes","ReplayTheSpireMod:Calculation Training"],"picked":"Static Discharge","floor":13},{"not_picked":["Time Bomb","Mirror Shield"],"picked":"Glacier","floor":14},{"not_picked":["Buffer","Multi-Cast"],"picked":"Thunder Strike","floor":16},{"not_picked":["Streamline","Gash"],"picked":"Sweeping Beam","floor":18},{"not_picked":["Redo","Panic Button+1"],"picked":"Skim","floor":19},{"not_picked":["Conserve Battery","Heatsinks+1"],"picked":"ReplayTheSpireMod:Fabricate Wheel","floor":20},{"not_picked":["Hologram+1","Beam Cell"],"picked":"Coolheaded","floor":21},{"not_picked":["Darkness","Scrape"],"picked":"Storm","floor":21},{"not_picked":["Coolheaded+1","Reinforced Body"],"picked":"Ball Lightning+1","floor":22},{"not_picked":["Panic Button","Biased Cognition"],"picked":"Turbo","floor":22},{"not_picked":["Steam","Rip and Tear"],"picked":"Consume","floor":25},{"not_picked":["Sweeping Beam","Go for the Eyes+1"],"picked":"Stack","floor":25},{"not_picked":["Gash","Leap+1"],"picked":"Creative AI","floor":29}],"player_experience":589433,"relics_obtained":[{"floor":7,"key":"Du-Vu Doll"},{"floor":9,"key":"Iron Hammer"},{"floor":10,"key":"infinitespire:WardingShard"},{"floor":14,"key":"Gremlin Food"},{"floor":26,"key":"MealTicket"},{"floor":29,"key":"Toxic Egg 2"}],"event_choices":[{"damage_healed":0,"gold_gain":0,"player_choice":"Forge","damage_taken":0,"max_hp_gain":0,"max_hp_loss":0,"event_name":"Accursed Blacksmith","floor":4,"gold_loss":0,"cards_upgraded":["Zap"]},{"damage_healed":0,"gold_gain":0,"player_choice":"Traded Relic","damage_taken":0,"relics_obtained":["Nloth\u0027s Gift"],"max_hp_gain":0,"max_hp_loss":0,"event_name":"N\u0027loth","floor":24,"relics_lost":["Iron Hammer"],"gold_loss":0}],"is_beta":false,"boss_relics":[{"not_picked":["Empty Cage","Ring of Chaos","Runic Dome"]}],"items_purged_floors":[],"is_endless":false,"potions_floor_spawned":[2,7,12,21,22,29],"killed_by":"Snecko","ascension_level":1}}