{"host":"h3yie3u3olngyjol","time":1609657455,"event":{"mods":["BaseMod","Colored Powertips","Downfall","Highlight Path","Infinite Spire","Lobotomy","LobotomyExtend","Marked Mod","Minty Spire (QoL Compilation)","Prisma Mod","Replay The Spire","RumiaBox-露米娅的神秘盒子","Shop Mod","StSLib","The Hierophant","The Runesmith","vexMod"],"gold_per_floor":[119,194,204,204,224,224,66,66,90,90,120,152,190,22,22,36,36],"floor_reached":16,"playtime":475,"items_purged":[],"score":170,"play_id":"21dbc842-c47d-4e62-b42c-db1bc88b0980","local_time":"20210103150415","is_ascension_mode":true,"campfire_choices":[{"floor":6.0,"key":"REST"},{"data":"Eruption","floor":8.0,"key":"SMITH"},{"data":"Ragnarok","floor":10.0,"key":"SMITH"},{"floor":15.0,"key":"REST"}],"circlet_count":0,"master_deck":["AscendersBane","Strike_P","Strike_P","Strike_P","Strike_P","Defend_P","Defend_P+1","Defend_P","Defend_P","Eruption+1","Vigilance","Ragnarok+1","JustLucky","CrushJoints","EmptyBody","MarkedMod:Acupuncture","ClearTheMind","LessonLearned"],"relics":["PureWater","LetterFromLob","Happy Flower","infinitespire:PuzzleCube","Replay:Bandana","Gremlin Food"],"acts_visited":["Exordium"],"potions_floor_usage":[16],"damage_taken":[{"damage":6.0,"enemies":"Small Slimes","floor":1.0,"turns":3.0},{"damage":5.0,"enemies":"Jaw Worm","floor":3.0,"turns":2.0},{"damage":0.0,"enemies":"2 Louse","floor":5.0,"turns":1.0},{"damage":0.0,"enemies":"Blue Slaver","floor":11.0,"turns":2.0},{"damage":10.0,"enemies":"Exordium Thugs","floor":12.0,"turns":2.0},{"damage":9.0,"enemies":"2 Fungi Beasts","floor":13.0,"turns":2.0},{"damage":58,"enemies":"Fading Forest","floor":16,"turns":7}],"seed_played":"-6478696592611666696","potions_obtained":[{"floor":5.0,"key":"Regen Potion"},{"floor":12.0,"key":"Dexterity Potion"}],"is_trial":false,"path_per_floor":["M","?","M","T","M","R","$","R","T","R","M","M","M","$","R","B"],"character_chosen":"WATCHER","items_purchased":["infinitespire:PuzzleCube","Gremlin Food"],"campfire_rested":2,"item_purchase_floors":[7,14],"current_hp_per_floor":[37,26,21,21,21,41,41,41,41,41,46,36,27,27,47,0,0],"gold":36,"neow_bonus":"THREE_RARE_CARDS","is_daily":false,"chose_seed":false,"campfire_upgraded":2,"win_rate":0.0,"timestamp":1609657455,"path_taken":["M","?","M","?","M","R","?","R","T","R","M","M","M","?","R","BOSS"],"items_purchased_type":["Relic","Relic"],"build_version":"2020-12-22","purchased_purges":0,"victory":false,"max_hp_per_floor":[68,68,68,68,68,68,68,68,68,68,68,68,68,68,68,68,68],"card_choices":[{"not_picked":["Vault","ConjureBlade"],"picked":"Ragnarok","floor":0.0},{"not_picked":["MarkedMod:GentlePulse","FlurryOfBlows"],"picked":"JustLucky","floor":1.0},{"not_picked":["Consecrate","TalkToTheHand"],"picked":"CrushJoints","floor":3.0},{"not_picked":["WaveOfTheHand","CutThroughFate"],"picked":"EmptyBody","floor":5.0},{"not_picked":["Replay:DivineShield","Protect"],"picked":"MarkedMod:Acupuncture","floor":11.0},{"not_picked":["LikeWater","Protect"],"picked":"ClearTheMind","floor":12.0},{"not_picked":["PathToVictory","BowlingBash"],"picked":"LessonLearned","floor":13.0}],"player_experience":452739,"relics_obtained":[{"floor":1.0,"key":"LetterFromLob"},{"floor":4.0,"key":"Happy Flower"},{"floor":9.0,"key":"Replay:Bandana"}],"event_choices":[{"damage_healed":0.0,"max_hp_gain":0.0,"max_hp_loss":0.0,"gold_gain":75.0,"event_name":"World of Goop","player_choice":"Gather Gold","floor":2.0,"gold_loss":0.0,"damage_taken":11.0}],"is_beta":false,"boss_relics":[],"items_purged_floors":[],"is_endless":false,"potions_floor_spawned":[5,12],"killed_by":"Fading Forest","ascension_level":17}}