{"host":"mydft8i2zzydgggw","time":1609701936,"event":{"mods":["AchievementEnabler","BaseMod","Colored Map","Colored Powertips","Minty Spire (QoL Compilation)","StSLib","The Poker Player"],"gold_per_floor":[116,116,116,291,291,291,322,322,322,342,342,374,387,403,403,505,505,523,523,534,333,333,368,385,395,395,421,449,490,502,514,526,641,653,680,692,127,147,147,147,174,193,193,223,223,238,5,21,21,21,21,21,21,56,56],"floor_reached":56,"playtime":1468,"items_purged":["Strike_B","Strike_B"],"score":1534,"play_id":"a6c8e170-9c28-4fb4-8eed-5a2947cf3635","local_time":"20210104042536","is_ascension_mode":true,"campfire_choices":[{"data":"Dualcast","floor":6,"key":"SMITH"},{"data":"Biased Cognition","floor":11,"key":"SMITH"},{"floor":15,"key":"REST"},{"floor":32,"key":"REST"},{"data":"Defragment","floor":40,"key":"SMITH"},{"data":"Storm","floor":45,"key":"SMITH"},{"floor":49,"key":"RECALL"},{"data":"Biased Cognition","floor":52,"key":"SMITH"}],"circlet_count":0,"master_deck":["Strike_B","Defend_B","Defend_B","Defend_B+1","Defend_B","Zap+1","Dualcast+1","Biased Cognition+1","Zap","Static Discharge","Biased Cognition+1","Capacitor","Loop","Force Field+1","Storm+1","Seek","Electrodynamics","Defragment+1","Defragment","Biased Cognition+1","Storm+1","Bandage Up+1","Self Repair+1","Buffer+1","Mayhem+1"],"relics":["FrozenCore","NeowsBlessing","StoneCalendar","Darkstone Periapt","Mummified Hand","Strawberry","Anchor","Centennial Puzzle","FossilizedHelix","MawBank","Omamori","Enchiridion","Cursed Key","Toxic Egg 2","DollysMirror","Frozen Egg 2","Gremlin Horn","Gambling Chip"],"acts_visited":["Exordium","TheCity","TheBeyond","TheEnding"],"potions_floor_usage":[12,16,23,27,29,48,50,55],"damage_taken":[{"damage":0,"enemies":"2 Louse","floor":1,"turns":1},{"damage":0,"enemies":"3 Sentries","floor":7,"turns":1},{"damage":0,"enemies":"Small Slimes","floor":10,"turns":1},{"damage":0,"enemies":"Gremlin Nob","floor":12,"turns":2},{"damage":0,"enemies":"Cultist","floor":13,"turns":2},{"damage":1,"enemies":"Red Slaver","floor":14,"turns":2},{"damage":29,"enemies":"Slime Boss","floor":16,"turns":7},{"damage":14,"enemies":"3 Byrds","floor":18,"turns":4},{"damage":2,"enemies":"Chosen","floor":20,"turns":4},{"damage":12,"enemies":"Book of Stabbing","floor":23,"turns":7},{"damage":0,"enemies":"Snake Plant","floor":24,"turns":5},{"damage":1,"enemies":"Chosen and Byrds","floor":25,"turns":3},{"damage":10,"enemies":"Gremlin Leader","floor":27,"turns":5},{"damage":0,"enemies":"Shelled Parasite and Fungi","floor":28,"turns":3},{"damage":0,"enemies":"Book of Stabbing","floor":29,"turns":2},{"damage":19,"enemies":"Automaton","floor":33,"turns":11},{"damage":0,"enemies":"3 Shapes","floor":35,"turns":2},{"damage":0,"enemies":"Orb Walker","floor":38,"turns":2},{"damage":45,"enemies":"Nemesis","floor":41,"turns":5},{"damage":0,"enemies":"Writhing Mass","floor":42,"turns":2},{"damage":0,"enemies":"Reptomancer","floor":44,"turns":3},{"damage":0,"enemies":"3 Darklings","floor":46,"turns":1},{"damage":0,"enemies":"Maw","floor":48,"turns":4},{"damage":9,"enemies":"Time Eater","floor":50,"turns":5},{"damage":0,"enemies":"Shield and Spear","floor":54,"turns":1},{"damage":80,"enemies":"The Heart","floor":55,"turns":5}],"seed_played":"7961341220348883371","potions_obtained":[{"floor":1,"key":"Fire Potion"},{"floor":13,"key":"Weak Potion"},{"floor":24,"key":"SpeedPotion"},{"floor":25,"key":"FocusPotion"},{"floor":28,"key":"DuplicationPotion"},{"floor":29,"key":"SpeedPotion"},{"floor":33,"key":"AttackPotion"},{"floor":35,"key":"EssenceOfSteel"}],"is_trial":false,"path_per_floor":["M","?","?","?","?","R","E","?","T","M","R","E","M","M","R","B",null,"M","?","M","$","T","E","M","M","T","E","M","E","?","?","R","B",null,"M","?","$","M","?","R","E","M","T","E","R","M","$","M","R","B",null,"R","$","E","B",null],"character_chosen":"DEFECT","items_purchased":["Loop","PowerPotion","Toxic Egg 2","DollysMirror","Storm","Mayhem+1","Weak Potion"],"campfire_rested":2,"item_purchase_floors":[21,21,37,37,37,47,47],"current_hp_per_floor":[75,60,48,48,41,41,41,41,41,41,41,48,48,47,71,42,82,68,68,66,66,66,54,54,53,53,43,43,43,43,27,51,32,82,82,82,82,82,82,82,37,47,47,47,47,47,47,47,47,54,82,82,82,82,16],"gold":56,"neow_bonus":"THREE_ENEMY_KILL","is_daily":false,"chose_seed":false,"campfire_upgraded":5,"win_rate":0.0,"timestamp":1609701936,"path_taken":["M","?","?","?","?","R","E","?","T","M","R","E","M","?","R","BOSS","M","?","M","$","?","E","M","M","T","E","M","E","?","?","R","BOSS","M","?","?","?","?","R","E","M","T","E","R","M","$","M","R","BOSS","R","$","E","BOSS"],"items_purchased_type":["Card","Potion","Relic","Relic","Card","Card","Potion"],"build_version":"2020-12-22","purchased_purges":2,"victory":true,"max_hp_per_floor":[75,75,75,75,75,75,75,75,75,75,75,82,82,82,82,82,82,82,82,82,82,82,82,82,82,82,82,82,82,82,82,82,82,82,82,82,82,82,82,82,82,82,82,82,82,82,82,82,82,82,82,82,82,82,82],"card_choices":[{"not_picked":["Undo","Stack","Coolheaded"],"picked":"SKIP","floor":1},{"not_picked":["Meteor Strike","Sweeping Beam","Beam Cell"],"picked":"SKIP","floor":7},{"not_picked":["Auto Shields","Go for the Eyes","Beam Cell"],"picked":"SKIP","floor":10},{"not_picked":["Go for the Eyes","Cold Snap"],"picked":"Static Discharge","floor":12},{"not_picked":["Gash","Ball Lightning","Compile Driver"],"picked":"SKIP","floor":13},{"not_picked":["Streamline","Sunder","Reprogram"],"picked":"SKIP","floor":14},{"not_picked":["Thunder Strike","Hyperbeam"],"picked":"Biased Cognition","floor":16},{"not_picked":["Ball Lightning+1","Cold Snap"],"picked":"Capacitor","floor":18},{"not_picked":["Turbo+1","Tempest+1","Darkness"],"picked":"SKIP","floor":20},{"not_picked":["Stack+1","Loop"],"picked":"Force Field+1","floor":23},{"not_picked":["Sweeping Beam","Go for the Eyes"],"picked":"Storm+1","floor":24},{"not_picked":["Skim","Beam Cell","Reprogram"],"picked":"SKIP","floor":25},{"not_picked":["Compile Driver","Redo"],"picked":"Seek","floor":27},{"not_picked":["Sweeping Beam","Stack+1","Barrage"],"picked":"SKIP","floor":28},{"not_picked":["Cold Snap","Lockon","Redo"],"picked":"SKIP","floor":29},{"not_picked":["Biased Cognition","Fission"],"picked":"Electrodynamics","floor":33},{"not_picked":["Compile Driver","Leap+1"],"picked":"Defragment","floor":35},{"not_picked":["Steam+1","Compile Driver","Cold Snap+1"],"picked":"SKIP","floor":38},{"not_picked":["Purity+1","Dramatic Entrance"],"picked":"Bandage Up+1","floor":39},{"not_picked":["Conserve Battery+1","Loop+1"],"picked":"Self Repair+1","floor":41},{"not_picked":["Lockon+1","Darkness+1","Gash+1"],"picked":"SKIP","floor":42},{"not_picked":["Hologram+1","Ball Lightning","Compile Driver+1"],"picked":"SKIP","floor":44},{"not_picked":["Heatsinks+1","Stack+1"],"picked":"Buffer+1","floor":46},{"not_picked":["Turbo+1","Sweeping Beam+1","Rebound"],"picked":"SKIP","floor":48},{"not_picked":["Cold Snap","Redo+1","Compile Driver+1"],"picked":"SKIP","floor":54}],"player_experience":82891,"relics_obtained":[{"floor":7,"key":"Darkstone Periapt"},{"floor":9,"key":"Mummified Hand"},{"floor":12,"key":"Strawberry"},{"floor":22,"key":"Anchor"},{"floor":23,"key":"Centennial Puzzle"},{"floor":26,"key":"FossilizedHelix"},{"floor":27,"key":"MawBank"},{"floor":29,"key":"Omamori"},{"floor":31,"key":"Enchiridion"},{"floor":41,"key":"Frozen Egg 2"},{"floor":44,"key":"Gremlin Horn"},{"floor":54,"key":"Gambling Chip"}],"event_choices":[{"damage_healed":0,"gold_gain":0,"player_choice":"Entered Light","damage_taken":15,"max_hp_gain":0,"max_hp_loss":0,"event_name":"Shining Light","floor":2,"gold_loss":0,"cards_upgraded":["Defend_B","Zap"]},{"damage_healed":0,"gold_gain":0,"player_choice":"Success","damage_taken":12,"relics_obtained":["StoneCalendar"],"max_hp_gain":0,"max_hp_loss":0,"event_name":"Scrap Ooze","floor":3,"gold_loss":0},{"damage_healed":0,"gold_gain":175,"player_choice":"AGREE","damage_taken":0,"max_hp_gain":0,"max_hp_loss":0,"event_name":"Liars Game","floor":4,"gold_loss":0,"cards_obtained":["Doubt"]},{"cards_removed":["Doubt"],"damage_healed":0,"gold_gain":0,"player_choice":"Card Removal","damage_taken":7,"max_hp_gain":0,"max_hp_loss":0,"event_name":"Golden Wing","floor":5,"gold_loss":0},{"damage_healed":0,"gold_gain":0,"player_choice":"2 cards matched","damage_taken":0,"max_hp_gain":0,"max_hp_loss":0,"event_name":"Match and Keep!","floor":8,"gold_loss":0,"cards_obtained":["Biased Cognition","Zap"]},{"cards_removed":["Strike_B"],"damage_healed":0,"gold_gain":0,"player_choice":"Offered Basic","damage_taken":0,"max_hp_gain":0,"max_hp_loss":0,"event_name":"Bonfire Elementals","floor":19,"gold_loss":0},{"damage_healed":0,"gold_gain":0,"player_choice":"Smashed Altar","damage_taken":0,"max_hp_gain":0,"max_hp_loss":0,"event_name":"Forgotten Altar","floor":30,"gold_loss":0,"cards_obtained":["Decay"]},{"damage_healed":0,"gold_gain":0,"player_choice":"Obtained Book","damage_taken":16,"max_hp_gain":0,"max_hp_loss":0,"event_name":"Cursed Tome","floor":31,"gold_loss":0},{"damage_healed":0,"gold_gain":0,"player_choice":"Copied","damage_taken":0,"max_hp_gain":0,"max_hp_loss":0,"event_name":"Duplicator","floor":36,"gold_loss":0,"cards_obtained":["Defragment"]},{"damage_healed":0,"gold_gain":0,"player_choice":"Memory 1","damage_taken":0,"max_hp_gain":0,"max_hp_loss":0,"event_name":"SensoryStone","floor":39,"gold_loss":0}],"is_beta":false,"boss_relics":[{"not_picked":["SacredBark","Coffee Dripper"],"picked":"FrozenCore"},{"not_picked":["SlaversCollar","Runic Dome"],"picked":"Cursed Key"}],"items_purged_floors":[21,37],"is_endless":false,"potions_floor_spawned":[1,13,24,25,28,29,33,35,46],"ascension_level":3}}