{"host":"8kweeulvvasqx820","time":1609647066,"event":{"mods":["Aspiration","BaseMod","Better Altar","Better Match","Better Note","Better Sensory Stone","Better Skull","Better Third Choice","BetterRewards","CatGirl Mod","Colored Map","Conspire","Displayed Cursed Tome","Downfall","Hubris","Infinite Spire","Jorbs\u0027s Wanderer Trilogy","Minty Spire (QoL Compilation)","Relic Stats","Replay The Spire","Spicy Shops","StSLib","SuperFastMode","Swap Starting Deck Mod","The Construct","The Marked","The Mystic","The Necromancer","The Servant 0.9.4","TheBandit","everything is the same but u backflip on backflip","slay the spire mod where everything is the same but ironclad has a cowboy hat"],"gold_per_floor":[26,26,26,45,56,56,75,75,98,108,108,151,165,205,205,330,430,449,569,583,596,513,554,554,554,554,554,573,573,588,588,588,750,750,822,822,1072,1072,1072,1072,1161,1267,1294,1294,1399,1506,1624,1624,1624,1624],"floor_reached":51,"playtime":4187,"items_purged":[],"score":934,"play_id":"d6ce0387-86ee-4147-beb5-adfcb9e41a41","local_time":"20210102231106","is_ascension_mode":false,"campfire_choices":[{"data":"hubris:SlightOfHand","floor":6,"key":"SMITH"},{"data":"Poisoned Stab","floor":8,"key":"SMITH"},{"data":"A Thousand Cuts","floor":27,"key":"SMITH"},{"data":"Footwork","floor":29,"key":"SMITH"},{"data":"Ghostly","floor":32,"key":"SMITH"},{"data":"Wraith Form v2","floor":40,"key":"SMITH"},{"data":"Ghostly","floor":44,"key":"SMITH"},{"floor":49,"key":"REST"}],"circlet_count":0,"master_deck":["Strike_G","Strike_G","Strike_G","Strike_G","Defend_G","Defend_G","Defend_G","Defend_G","Defend_G","Survivor","Neutralize","Underhanded Strike+1","Acrobatics","A Thousand Cuts+1","hubris:SlightOfHand+1","Poisoned Stab+1","Noxious Fumes+1","Bullet Time","Footwork+1","PiercingWail","ReplayTheSpireMod:Speed Training","Replay:Bag of Tricks","conspire:PoisonWeapons+1","Dagger Throw","Poisoned Stab","Expertise+1","Dash","hubris:NaturalOne","After Image","PiercingWail+1","Ghostly+1","Ghostly","Ghostly","Ghostly+1","Ghostly","Wraith Form v2+1","Deflect+1","Dash","Reflex+1","Poisoned Stab+1","Dagger Throw+1"],"relics":["Ring of the Snake","Membership Card","Bag of Preparation","Lizard Tail","Durian","hubris:EmptyBottle","hubris:Icosahedron","PreservedInsect","Strawberry","Golden Idol","Chameleon Ring","Blood Vial","Replay:Wanted Poster","Paper Crane","conspire:Dentures","infinitespire:EvilPickle","SacredBark","Boot","hubris:AncientText","construct:RocketBooster","hubris:SlimyHat"],"acts_visited":["Exordium","TheCity","TheBeyond"],"potions_floor_usage":[5,10,10,14,14,14,16,16,18,20,21,21,28,28,35,42,46,47,47,50],"damage_taken":[{"damage":0,"enemies":"Small Slimes","floor":1,"turns":3},{"damage":0,"enemies":"Jaw Worm","floor":4,"turns":3},{"damage":0,"enemies":"2 Louse","floor":5,"turns":2},{"damage":1,"enemies":"Gremlin Gang","floor":7,"turns":4},{"damage":2,"enemies":"Blue Slaver","floor":10,"turns":4},{"damage":9,"enemies":"3 Sentries","floor":12,"turns":7},{"damage":0,"enemies":"2 Fungi Beasts","floor":13,"turns":3},{"damage":11,"enemies":"Lagavulin","floor":14,"turns":4},{"damage":27,"enemies":"Fading Forest","floor":16,"turns":11},{"damage":12,"enemies":"Shell Parasite","floor":18,"turns":5},{"damage":15,"enemies":"conspire:FuzzyDice","floor":19,"turns":6},{"damage":1,"enemies":"Shelled Parasite and Fungi","floor":20,"turns":4},{"damage":10,"enemies":"Snake Plant","floor":21,"turns":7},{"damage":2,"enemies":"conspire:Head Lice","floor":23,"turns":6},{"damage":0,"enemies":"Cultist and Chosen","floor":28,"turns":5},{"damage":21,"enemies":"Shelled Parasite and Fungi","floor":30,"turns":5},{"damage":22,"enemies":"Pondfish","floor":33,"turns":12},{"damage":3,"enemies":"3 Darklings","floor":35,"turns":8},{"damage":9,"enemies":"3 Shapes","floor":41,"turns":7},{"damage":7,"enemies":"Giant Head","floor":42,"turns":8},{"damage":0,"enemies":"Transient","floor":45,"turns":5},{"damage":11,"enemies":"Jaw Worm Horde","floor":46,"turns":4},{"damage":0,"enemies":"Maw","floor":47,"turns":7},{"damage":11,"enemies":"infinitespire:MassOfShapes","floor":50,"turns":17}],"seed_played":"-3895912156445183195","potions_obtained":[{"floor":1,"key":"GhostInAJar"},{"floor":4,"key":"Energy Potion"},{"floor":14,"key":"DistilledChaos"},{"floor":16,"key":"construct:ShiftPotion"},{"floor":18,"key":"Elixir"},{"floor":19,"key":"LiquidBronze"},{"floor":20,"key":"Swift Potion"},{"floor":28,"key":"LiquidMemories"},{"floor":42,"key":"SpeedPotion"},{"floor":46,"key":"BlessingOfTheForge"},{"floor":47,"key":"Flashbang"}],"is_trial":false,"path_per_floor":["M","?","?","M","M","R","M","R","T","M","?","E","M","E","R_BF","B",null,"M","M","M","M","$","E","?","?","T","R","M","R","M","?","R","B",null,"M","AVR","?","?","?","R","M","E","T","R","M","M","M","?","R","B",null],"character_chosen":"THE_SILENT","items_purchased":["Membership Card","Underhanded Strike+1","Acrobatics","Bag of Preparation","hubris:EmptyBottle","Expertise+1","Dash"],"campfire_rested":1,"item_purchase_floors":[0,0,0,0,0,22,22],"current_hp_per_floor":[68,68,68,68,68,68,67,67,74,72,72,63,63,52,74,73,76,64,51,52,44,44,44,44,44,44,44,46,46,27,27,27,7,38,35,35,35,35,22,22,15,10,10,10,12,3,5,5,16,7],"gold":1624,"neow_bonus":"","is_daily":false,"chose_seed":false,"campfire_upgraded":7,"win_rate":0.0,"timestamp":1609647066,"path_taken":["M","?","?","M","M","R","M","R","T","M","?","E","M","E","R_BF","BOSS","M","M","M","M","$","E","?","?","T","R","M","R","?","?","R","BOSS","M","AVR","?","?","?","R","M","E","T","R","M","M","?","?","R","BOSS"],"items_purchased_type":["Relic","Card","Card","Relic","Relic","Card","Card"],"build_version":"2020-12-22","purchased_purges":0,"victory":true,"max_hp_per_floor":[75,75,75,75,75,75,75,75,82,82,76,76,76,76,76,76,76,76,76,76,76,76,76,76,76,76,76,76,76,76,38,38,38,38,38,38,38,38,38,38,38,38,38,38,38,38,38,38,38,38],"relic_stats":{"Blood Vial":28,"Lizard Tail":0,"counters":[38,244],"Golden Idol":199,"PreservedInsect":223,"Bag of Preparation":[48],"Boot":[34],"obtain_stats":[{"Iron Core":7,"SacredBark":34,"infinitespire:Cubic Diamond":17,"Bag of Preparation":0,"hubris:SlimyHat":43,"hubris:EmptyBottle":0,"Boot":36,"Burning Blood":0,"Replay:Rubber Ducky":10,"Blood Vial":14,"Replay:Wanted Poster":17,"Dream Catcher":25,"Lizard Tail":0,"hubris:Icosahedron":2,"Chameleon Ring":12,"Strawberry":28,"Ring of the Snake":0,"conspire:Dentures":26,"construct:RocketBooster":42,"Golden Idol":11,"PreservedInsect":3,"hubris:Towel":12,"Paper Crane":23,"Question Card":11,"infinitespire:EvilPickle":33,"infinitespire:DarkRift":17,"Durian":0,"aspiration:RitualDagger":19,"Membership Card":0,"Grinning Jar":8,"hubris:AncientText":39,"hubris:Reverence":29},{"Iron Core":2,"SacredBark":31,"infinitespire:Cubic Diamond":7,"Bag of Preparation":14,"hubris:SlimyHat":34,"hubris:EmptyBottle":14,"Boot":32,"Burning Blood":0,"Replay:Rubber Ducky":4,"Blood Vial":22,"Replay:Wanted Poster":23,"Dream Catcher":12,"Lizard Tail":14,"hubris:Icosahedron":15,"Chameleon Ring":20,"Strawberry":13,"Ring of the Snake":0,"conspire:Dentures":28,"construct:RocketBooster":34,"Golden Idol":19,"PreservedInsect":15,"hubris:Towel":4,"Paper Crane":28,"Question Card":4,"infinitespire:EvilPickle":31,"infinitespire:DarkRift":7,"Durian":14,"aspiration:RitualDagger":8,"Membership Card":14,"Grinning Jar":3,"hubris:AncientText":32,"hubris:Reverence":13},{"Iron Core":6,"SacredBark":188,"infinitespire:Cubic Diamond":34,"Bag of Preparation":97,"hubris:SlimyHat":211,"hubris:EmptyBottle":97,"Boot":196,"Burning Blood":0,"Replay:Rubber Ducky":18,"Blood Vial":127,"Replay:Wanted Poster":138,"Dream Catcher":75,"Lizard Tail":97,"hubris:Icosahedron":100,"Chameleon Ring":120,"Strawberry":82,"Ring of the Snake":0,"conspire:Dentures":166,"construct:RocketBooster":211,"Golden Idol":113,"PreservedInsect":100,"hubris:Towel":18,"Paper Crane":166,"Question Card":18,"infinitespire:EvilPickle":188,"infinitespire:DarkRift":34,"Durian":97,"aspiration:RitualDagger":45,"Membership Card":97,"Grinning Jar":12,"hubris:AncientText":196,"hubris:Reverence":82}],"Ring of the Snake":[48]},"card_choices":[{"not_picked":["Slice","ReplayTheSpireMod:The Works"],"picked":"hubris:SlightOfHand","floor":1},{"not_picked":["hubris:TrickCloak","ReplayTheSpireMod:Exploit Weakness"],"picked":"Poisoned Stab","floor":4},{"not_picked":["Dagger Spray","Acrobatics"],"picked":"Noxious Fumes","floor":5},{"not_picked":["Deflect","Outmaneuver"],"picked":"Bullet Time","floor":7},{"not_picked":["Prepared","Quick Slash","Outmaneuver"],"picked":"SKIP","floor":10},{"not_picked":["Toxin Wave","Sucker Punch"],"picked":"Footwork","floor":12},{"not_picked":["ReplayTheSpireMod:The Works","Acrobatics"],"picked":"PiercingWail","floor":13},{"not_picked":["Masterful Stab","Sucker Punch"],"picked":"ReplayTheSpireMod:Speed Training","floor":14},{"not_picked":["Malaise","After Image"],"picked":"Replay:Bag of Tricks","floor":16},{"not_picked":["Poisoned Stab","Skewer","Flying Knee"],"picked":"SKIP","floor":18},{"not_picked":["Sucker Punch","Flying Knee"],"picked":"conspire:PoisonWeapons+1","floor":19},{"not_picked":["ReplayTheSpireMod:The Works+1","Skewer+1"],"picked":"Dagger Throw","floor":20},{"not_picked":["Sucker Punch","Quick Slash"],"picked":"Poisoned Stab","floor":21},{"not_picked":["Quick Slash","Underhanded Strike"],"picked":"After Image","floor":23},{"not_picked":["Dodge and Roll","Quick Slash","ReplayTheSpireMod:Shiv Toss"],"picked":"SKIP","floor":28},{"not_picked":["Slice+1","Doppelganger"],"picked":"PiercingWail","floor":30},{"not_picked":["Doppelganger","Phantasmal Killer"],"picked":"Wraith Form v2","floor":33},{"not_picked":["Deadly Poison","Bouncing Flask"],"picked":"Deflect+1","floor":35},{"not_picked":["Outmaneuver","hubris:Counter"],"picked":"Dash","floor":37},{"not_picked":["Blade Dance+1","Outmaneuver"],"picked":"Reflex+1","floor":41},{"not_picked":["Masterful Stab","Deadly Poison"],"picked":"Poisoned Stab+1","floor":42},{"not_picked":["Prepared","Tactician"],"picked":"Dagger Throw+1","floor":45},{"not_picked":["Deadly Poison+1","Quick Slash","Flying Knee"],"picked":"SKIP","floor":46},{"not_picked":["Terror","Flechettes","Poisoned Stab"],"picked":"SKIP","floor":47}],"player_experience":3854,"relics_obtained":[{"floor":3,"key":"PreservedInsect"},{"floor":9,"key":"Strawberry"},{"floor":12,"key":"Chameleon Ring"},{"floor":14,"key":"Blood Vial"},{"floor":23,"key":"Paper Crane"},{"floor":26,"key":"conspire:Dentures"},{"floor":42,"key":"construct:RocketBooster"},{"floor":43,"key":"hubris:SlimyHat"}],"event_choices":[{"damage_healed":0,"gold_gain":0,"player_choice":"Lose Max HP","damage_taken":0,"relics_obtained":["Golden Idol"],"max_hp_gain":0,"max_hp_loss":6,"event_name":"Golden Idol","floor":11,"gold_loss":0},{"cards_removed":["Strike_G"],"damage_healed":0,"gold_gain":0,"player_choice":"Purged","damage_taken":0,"max_hp_gain":0,"max_hp_loss":0,"event_name":"Purifier","floor":24,"gold_loss":0},{"cards_removed":["After Image"],"damage_healed":0,"gold_gain":0,"player_choice":"Give","damage_taken":0,"max_hp_gain":0,"max_hp_loss":0,"event_name":"betterNote:BetterNote","floor":25,"gold_loss":0,"cards_obtained":["None"]},{"damage_healed":0,"gold_gain":0,"player_choice":"Became a Ghost","damage_taken":0,"max_hp_gain":0,"max_hp_loss":38,"event_name":"Ghosts","floor":31,"gold_loss":0,"cards_obtained":["Ghostly","Ghostly","Ghostly","Ghostly","Ghostly"]},{"damage_healed":0,"gold_gain":0,"player_choice":"Ignored","damage_taken":0,"max_hp_gain":0,"max_hp_loss":0,"event_name":"Tomb of Lord Red Mask","floor":38,"gold_loss":0},{"damage_healed":0,"gold_gain":0,"player_choice":"UP RE ","damage_taken":17,"relics_obtained":["hubris:AncientText"],"max_hp_gain":0,"max_hp_loss":0,"event_name":"betterSkull:BetterSkull","floor":39,"gold_loss":0,"cards_upgraded":["PiercingWail"]},{"damage_healed":0,"gold_gain":0,"player_choice":"Random: Yellow","damage_taken":0,"max_hp_gain":0,"max_hp_loss":0,"event_name":"betterThird:BetterPortal","floor":48,"gold_loss":0},{"cards_removed":["Expertise"],"damage_healed":0,"gold_gain":0,"player_choice":"Give","damage_taken":0,"max_hp_gain":0,"max_hp_loss":0,"event_name":"betterNote:BetterNote","floor":48,"gold_loss":0,"cards_obtained":["After Image"]}],"is_beta":false,"boss_relics":[{"not_picked":["hubris:ScarierMask","aspiration:SecretTechniqueScroll"],"picked":"Replay:Wanted Poster"},{"not_picked":["ReplayTheSpireMod:SealedPack","ChewingGum"],"picked":"SacredBark"}],"items_purged_floors":[],"is_endless":false,"potions_floor_spawned":[1,4,14,16,18,19,20,28,30,42,46,47],"ascension_level":0}}