{"host":"mbpcepu6ztteuwhq","time":1609684813,"event":{"mods":["AchievementEnabler","BaseMod","Colored Map","Custom Start","DeckTracker","Minty Spire (QoL Compilation)","Rare Cards Sparkle","StSLib","everything is the same but u backflip on backflip"],"gold_per_floor":[115,115,115,62,81,81,109,121,133,155,177,219,231,262,274,364,376,402,424,447,234,127,127,127,127],"floor_reached":24,"playtime":382,"items_purged":["Strike_G"],"score":462,"play_id":"913e2612-8b13-4922-ab6f-41e787e867a7","local_time":"20210103234013","is_ascension_mode":true,"campfire_choices":[{"data":"Poisoned Stab","floor":6.0,"key":"SMITH"},{"data":"Bane","floor":8.0,"key":"SMITH"},{"data":"Noxious Fumes","floor":13.0,"key":"SMITH"},{"floor":15.0,"key":"REST"},{"data":"Envenom","floor":23.0,"key":"SMITH"}],"circlet_count":0,"master_deck":["AscendersBane","Strike_G","Strike_G","Strike_G","Defend_G","Defend_G","Defend_G","Defend_G","Defend_G","Survivor+1","Neutralize+1","Deadly Poison","Poisoned Stab+1","Bane+1","Poisoned Stab","Dagger Spray","Noxious Fumes+1","Corpse Explosion","Envenom+1"],"relics":["Ring of the Snake","NeowsBlessing","MawBank","Lizard Tail","Omamori","Black Star","Smiling Mask"],"acts_visited":["Exordium","TheCity"],"potions_floor_usage":[],"damage_taken":[{"damage":0.0,"enemies":"Small Slimes","floor":1.0,"turns":1.0},{"damage":0.0,"enemies":"Jaw Worm","floor":5.0,"turns":1.0},{"damage":0.0,"enemies":"3 Sentries","floor":7.0,"turns":1.0},{"damage":0.0,"enemies":"Cultist","floor":10.0,"turns":2.0},{"damage":0.0,"enemies":"Large Slime","floor":11.0,"turns":3.0},{"damage":6.0,"enemies":"Gremlin Nob","floor":12.0,"turns":3.0},{"damage":24.0,"enemies":"Gremlin Gang","floor":14.0,"turns":4.0},{"damage":19.0,"enemies":"Slime Boss","floor":16.0,"turns":7.0},{"damage":22.0,"enemies":"2 Thieves","floor":18.0,"turns":3.0},{"damage":13.0,"enemies":"3 Byrds","floor":19.0,"turns":3.0},{"damage":5.0,"enemies":"3 Cultists","floor":20.0,"turns":3.0},{"damage":5,"enemies":"Gremlin Leader","floor":24,"turns":2}],"seed_played":"4314055309451033006","potions_obtained":[{"floor":5.0,"key":"Poison Potion"},{"floor":10.0,"key":"CunningPotion"},{"floor":12.0,"key":"Fire Potion"}],"is_trial":false,"path_per_floor":["M","?","?","$","M","R","E","R","T","M","M","E","R","M","R","B",null,"M","M","M","$","?","R","E"],"character_chosen":"THE_SILENT","items_purchased":["Poisoned Stab","Envenom"],"campfire_rested":1,"item_purchase_floors":[4,21],"current_hp_per_floor":[59,39,39,39,39,39,39,39,39,39,39,33,33,9,28,9,52,30,17,12,12,12,12,7,7],"gold":127,"neow_bonus":"THREE_ENEMY_KILL","is_daily":false,"chose_seed":false,"campfire_upgraded":4,"win_rate":0.0,"timestamp":1609684813,"path_taken":["M","?","?","$","?","R","E","R","T","M","M","E","R","M","R","BOSS","M","M","M","$","?","R","E"],"items_purchased_type":["Card","Card"],"build_version":"2020-12-22","purchased_purges":1,"victory":false,"max_hp_per_floor":[66,66,66,66,66,66,66,66,66,66,66,66,66,66,66,66,66,66,66,66,66,66,66,66,66],"card_choices":[{"not_picked":["Backflip","PiercingWail"],"picked":"Deadly Poison","floor":1.0},{"not_picked":["Outmaneuver","Slice"],"picked":"Bane","floor":5.0},{"not_picked":["Flying Knee","A Thousand Cuts","Expertise"],"picked":"SKIP","floor":7.0},{"not_picked":["Acrobatics","Eviscerate"],"picked":"Poisoned Stab","floor":10.0},{"not_picked":["All Out Attack","Prepared"],"picked":"Dagger Spray","floor":11.0},{"not_picked":["Cloak And Dagger","Die Die Die"],"picked":"Noxious Fumes","floor":12.0},{"not_picked":["Flying Knee","Dodge and Roll","Concentrate"],"picked":"SKIP","floor":14.0},{"not_picked":["Adrenaline","Bullet Time"],"picked":"Corpse Explosion","floor":16.0},{"not_picked":["Underhanded Strike","Flying Knee","Deflect"],"picked":"SKIP","floor":18.0},{"not_picked":["Quick Slash","Cloak And Dagger","Eviscerate"],"picked":"SKIP","floor":19.0},{"not_picked":["Quick Slash","Cloak And Dagger","Terror"],"picked":"SKIP","floor":20.0}],"player_experience":6598,"relics_obtained":[{"floor":7.0,"key":"MawBank"},{"floor":9.0,"key":"Lizard Tail"},{"floor":12.0,"key":"Omamori"}],"event_choices":[{"damage_healed":0.0,"max_hp_gain":0.0,"max_hp_loss":0.0,"gold_gain":0.0,"event_name":"Shining Light","player_choice":"Entered Light","floor":2.0,"gold_loss":0.0,"damage_taken":20.0,"cards_upgraded":["Neutralize","Survivor"]},{"cards_removed":["Strike_G"],"damage_healed":0.0,"max_hp_gain":0.0,"max_hp_loss":0.0,"gold_gain":0.0,"event_name":"Purifier","player_choice":"Purged","floor":3.0,"gold_loss":0.0,"damage_taken":0.0},{"damage_healed":0.0,"max_hp_gain":0.0,"max_hp_loss":0.0,"gold_gain":0.0,"event_name":"WeMeetAgain","player_choice":"Paid Gold","floor":22.0,"gold_loss":107.0,"damage_taken":0.0,"relics_obtained":["Smiling Mask"]}],"is_beta":false,"boss_relics":[{"not_picked":["Coffee Dripper","HoveringKite"],"picked":"Black Star"}],"items_purged_floors":[21],"is_endless":false,"potions_floor_spawned":[5,10,12],"killed_by":"Gremlin Leader","ascension_level":20}}