{"host":"yfdtuf6ojcxn06xg","time":1609652066,"event":{"mods":["2.2 Compatiblity","AchievementEnabler","BaseMod","Colored Map","Colored Powertips","Downfall","Hermit","JesterMod","Jorbs\u0027s Wanderer Trilogy","Minty Spire (QoL Compilation)","Quick Restart","Rare Cards Sparkle","Relic Stats","Replay The Spire","StSLib","The Cursed","The Disciple","The Hierophant","The Jungle","The Necromancer","The Servant 0.9.4"],"gold_per_floor":[115,47,65,84,94,94,127,127,127,127,138,180,198,211,211,309,309,319,330,343,362,395,429,429,116,116,151,66,66,95,95,95,193,193,208,221,266,316,333,333,368,368,368,385,44,64,64,64,64,64],"floor_reached":51,"playtime":2827,"items_purged":["Strike_G","Strike_G"],"score":1111,"play_id":"53521a42-9e5b-4154-ab7e-80baeeed7099","local_time":"20210103003426","is_ascension_mode":true,"campfire_choices":[{"data":"Footwork","floor":6,"key":"SMITH"},{"floor":8,"key":"REST"},{"floor":15,"key":"REST"},{"data":"After Image","floor":24,"key":"SMITH"},{"floor":29,"key":"REST"},{"data":"1","floor":32,"key":"LIFT"},{"data":"A Thousand Cuts","floor":40,"key":"SMITH"},{"data":"2","floor":42,"key":"LIFT"},{"data":"3","floor":49,"key":"LIFT"}],"circlet_count":0,"master_deck":["Strike_G","Strike_G","Strike_G","Defend_G","Defend_G","Defend_G","Defend_G","Defend_G","Survivor","Neutralize","Footwork+1","Endless Agony","Reflex","Slice","Blade Dance","ReplayTheSpireMod:Scrap Shanks","Finisher","After Image+1","Slice","ReplayTheSpireMod:Speed Training","Blade Dance","Burst","Accuracy+1","Prepared","Hidden Blade","Finisher","Masterful Stab","Tactician","Outmaneuver+1","Prepared","A Thousand Cuts+1","Cloak And Dagger+1","Cloak And Dagger+1","PiercingWail+1","Deflect+1","Blade Dance+1","Cloak And Dagger+1","Concentrate+1","Blade Dance+1","Bandage Up","Distraction+1","ReplayTheSpireMod:The Works+1"],"relics":["Ring of the Snake","NeowsBlessing","Centennial Puzzle","Shuriken","Blue Candle","Honey Jar","Red Mask","Girya","Bottled Lightning","Byrd Skull","InkBottle","Durian","Pet Ghost","Sozu","Prayer Wheel","Torii","Replay:Bottled Steam","Replay:Towering Pillar of Hats","Bronze Scales","Darkstone Periapt"],"acts_visited":["Exordium","TheCity","TheBeyond"],"potions_floor_usage":[11,13,16,16,21,22,23,23,30],"damage_taken":[{"damage":0,"enemies":"Cultist","floor":1,"turns":1},{"damage":0,"enemies":"Small Slimes","floor":3,"turns":1},{"damage":0,"enemies":"Jaw Worm","floor":4,"turns":1},{"damage":0,"enemies":"Red Slaver","floor":5,"turns":5},{"damage":48,"enemies":"Gremlin Nob","floor":7,"turns":6},{"damage":7,"enemies":"Exordium Thugs","floor":11,"turns":5},{"damage":0,"enemies":"3 Louse","floor":13,"turns":2},{"damage":0,"enemies":"Looter","floor":14,"turns":3},{"damage":0,"enemies":"Fading Forest","floor":16,"turns":11},{"damage":2,"enemies":"2 Thieves","floor":18,"turns":2},{"damage":10,"enemies":"Chosen","floor":19,"turns":4},{"damage":0,"enemies":"Snecko","floor":20,"turns":3},{"damage":3,"enemies":"Sentry and Sphere","floor":21,"turns":3},{"damage":5,"enemies":"Masked Bandits","floor":22,"turns":4},{"damage":12,"enemies":"Book of Stabbing","floor":23,"turns":4},{"damage":16,"enemies":"Gremlin Leader","floor":27,"turns":4},{"damage":0,"enemies":"Book of Stabbing","floor":30,"turns":3},{"damage":9,"enemies":"Pondfish","floor":33,"turns":6},{"damage":10,"enemies":"3 Darklings","floor":35,"turns":4},{"damage":0,"enemies":"Orb Walker","floor":36,"turns":2},{"damage":3,"enemies":"2 Orb Walkers","floor":37,"turns":3},{"damage":1,"enemies":"Mind Bloom Boss Battle","floor":38,"turns":4},{"damage":0,"enemies":"4 Shapes","floor":39,"turns":2},{"damage":0,"enemies":"Giant Head","floor":41,"turns":5},{"damage":2,"enemies":"3 Darklings","floor":44,"turns":4},{"damage":0,"enemies":"Spire Growth","floor":46,"turns":1},{"damage":2,"enemies":"Time Eater","floor":50,"turns":6}],"seed_played":"-752027879199368630","potions_obtained":[{"floor":5,"key":"champ:CounterPotion"},{"floor":10,"key":"DuplicationPotion"},{"floor":10,"key":"Block Potion"},{"floor":11,"key":"Fire Potion"},{"floor":14,"key":"Strength Potion"},{"floor":19,"key":"Weak Potion"},{"floor":20,"key":"Poison Potion"},{"floor":21,"key":"ColorlessPotion"},{"floor":27,"key":"Fire Potion"}],"is_trial":false,"path_per_floor":["M","$","M","M","M","R","E","R","T","?","M","?","M","M","R","B",null,"M","M","M","M","?","E","R","$","T","E","?","R","E","$","R","B",null,"M","M","?","?","M","R","E","R","T","M","$","M","?","T","R","B",null],"character_chosen":"THE_SILENT","items_purchased":["Endless Agony","Bottled Lightning","Bronze Scales","Bandage Up"],"campfire_rested":3,"item_purchase_floors":[2,25,45,45],"current_hp_per_floor":[70,70,70,70,70,70,22,43,43,43,36,8,8,8,29,45,70,68,58,58,55,50,38,38,38,38,22,27,49,49,49,49,40,75,65,65,62,61,61,61,61,61,61,59,59,59,59,59,59,57],"gold":64,"neow_bonus":"THREE_ENEMY_KILL","is_daily":false,"chose_seed":false,"campfire_upgraded":3,"win_rate":0.0,"timestamp":1609652066,"path_taken":["M","$","?","M","M","R","E","R","T","?","?","?","?","M","R","BOSS","M","M","M","M","?","E","R","$","T","E","?","R","E","$","R","BOSS","M","M","?","?","M","R","E","R","T","M","$","M","?","?","R","BOSS"],"items_purchased_type":["Card","Relic","Relic","Card"],"build_version":"2020-12-22","purchased_purges":2,"victory":true,"max_hp_per_floor":[70,70,70,70,70,70,70,70,70,70,70,70,70,70,70,70,70,70,70,70,70,70,70,70,70,70,70,75,75,75,75,75,75,75,75,75,75,75,75,75,75,75,75,75,75,75,71,71,71,71],"relic_stats":{"Sozu":5,"Darkstone Periapt":0,"Centennial Puzzle":[39],"Torii":5,"counters":[27,99],"Shuriken":[103],"Blue Candle":[0],"Bronze Scales":[15],"Prayer Wheel":3,"obtain_stats":[{"Darkstone Periapt":48,"Girya":23,"NeowsBlessing":0,"Torii":38,"Replay:Towering Pillar of Hats":43,"Blue Candle":12,"Pet Ghost":30,"Sozu":34,"Centennial Puzzle":7,"Shuriken":9,"Bronze Scales":45,"Honey Jar":17,"Prayer Wheel":37,"Red Mask":22,"Durian":28,"Bottled Lightning":25,"Byrd Skull":26,"InkBottle":27,"Ring of the Snake":0,"Replay:Bottled Steam":41},{"Darkstone Periapt":26,"Girya":15,"NeowsBlessing":0,"Torii":22,"Replay:Towering Pillar of Hats":24,"Blue Candle":6,"Pet Ghost":17,"Sozu":18,"Centennial Puzzle":5,"Shuriken":5,"Bronze Scales":25,"Honey Jar":9,"Prayer Wheel":21,"Red Mask":14,"Durian":16,"Bottled Lightning":15,"Byrd Skull":15,"InkBottle":16,"Ring of the Snake":0,"Replay:Bottled Steam":24},{"Darkstone Periapt":93,"Girya":55,"NeowsBlessing":0,"Torii":81,"Replay:Towering Pillar of Hats":88,"Blue Candle":19,"Pet Ghost":62,"Sozu":68,"Centennial Puzzle":14,"Shuriken":14,"Bronze Scales":92,"Honey Jar":35,"Prayer Wheel":77,"Red Mask":51,"Durian":59,"Bottled Lightning":55,"Byrd Skull":55,"InkBottle":59,"Ring of the Snake":0,"Replay:Bottled Steam":88}],"InkBottle":[37],"Ring of the Snake":[55]},"card_choices":[{"not_picked":["Sucker Punch","Heel Hook"],"picked":"Footwork","floor":1},{"not_picked":["Outmaneuver","Underhanded Strike"],"picked":"Reflex","floor":3},{"not_picked":["Toxin Wave","PiercingWail"],"picked":"Slice","floor":4},{"not_picked":["Flying Knee","Slice"],"picked":"Blade Dance","floor":5},{"not_picked":["Underhanded Strike","Die Die Die"],"picked":"ReplayTheSpireMod:Scrap Shanks","floor":7},{"not_picked":["Blade Dance","Cloak And Dagger"],"picked":"Finisher","floor":11},{"not_picked":["Quick Slash","ReplayTheSpireMod:Scrap Shanks"],"picked":"After Image","floor":12},{"not_picked":["Quick Slash","Deflect"],"picked":"Slice","floor":12},{"not_picked":["Outmaneuver","Leg Sweep"],"picked":"ReplayTheSpireMod:Speed Training","floor":13},{"not_picked":["Poisoned Stab","Backflip"],"picked":"Blade Dance","floor":14},{"not_picked":["Glass Knife","Venomology"],"picked":"Burst","floor":16},{"not_picked":["Poisoned Stab","Backflip","Outmaneuver"],"picked":"Accuracy+1","floor":18},{"not_picked":["PiercingWail","Predator","Backflip"],"picked":"Prepared","floor":19},{"not_picked":["Dagger Throw","Backflip","Blade Dance"],"picked":"Hidden Blade","floor":20},{"not_picked":["Predator+1","Flechettes","Calculated Gamble"],"picked":"Finisher","floor":21},{"not_picked":["Quick Slash","Acrobatics","Dagger Spray"],"picked":"Masterful Stab","floor":22},{"not_picked":["Concentrate","Prepared","Deadly Poison"],"picked":"Tactician","floor":23},{"not_picked":["Heel Hook","Dagger Throw","Catalyst"],"picked":"Outmaneuver+1","floor":27},{"not_picked":["ReplayTheSpireMod:From All Sides","Backflip","Replay:Poison Smokescreen+1"],"picked":"Prepared","floor":30},{"not_picked":["Bullet Time","Storm of Steel","Wraith Form v2"],"picked":"A Thousand Cuts","floor":33},{"not_picked":["Deflect","Concentrate","Footwork"],"picked":"Cloak And Dagger+1","floor":35},{"not_picked":["Deadly Poison","Quick Slash","ReplayTheSpireMod:Exploit Weakness"],"picked":"Cloak And Dagger+1","floor":36},{"not_picked":["Malaise","Quick Slash","Riddle With Holes"],"picked":"PiercingWail+1","floor":37},{"not_picked":["Dodge and Roll","Backflip","Underhanded Strike+1"],"picked":"Deflect+1","floor":38},{"not_picked":["Bane","Dodge and Roll+1","Draining Mist+1"],"picked":"Blade Dance+1","floor":39},{"not_picked":["Tactician+1","Endless Agony","Deadly Poison","Quick Slash"],"picked":"SKIP","floor":39},{"not_picked":["Caltrops+1","Tools of the Trade","Sneak Up"],"picked":"Cloak And Dagger+1","floor":41},{"not_picked":["Underhanded Strike+1","Prepared+1","Dagger Throw+1"],"picked":"Concentrate+1","floor":44},{"not_picked":["Cloak And Dagger","Malaise","Deadly Poison"],"picked":"Blade Dance+1","floor":44},{"not_picked":["Dagger Spray","Reflex+1","Quick Slash"],"picked":"Distraction+1","floor":46},{"not_picked":["Setup","Blur+1","PiercingWail"],"picked":"ReplayTheSpireMod:The Works+1","floor":46}],"player_experience":190103,"relics_obtained":[{"floor":7,"key":"Centennial Puzzle"},{"floor":9,"key":"Shuriken"},{"floor":12,"key":"Blue Candle"},{"floor":22,"key":"Red Mask"},{"floor":23,"key":"Girya"},{"floor":26,"key":"Byrd Skull"},{"floor":27,"key":"InkBottle"},{"floor":30,"key":"Pet Ghost"},{"floor":37,"key":"Prayer Wheel"},{"floor":38,"key":"Torii"},{"floor":41,"key":"Replay:Bottled Steam"},{"floor":43,"key":"Replay:Towering Pillar of Hats"},{"floor":48,"key":"Darkstone Periapt"}],"event_choices":[{"damage_healed":0,"gold_gain":0,"player_choice":"Got Potions","damage_taken":0,"max_hp_gain":0,"max_hp_loss":0,"event_name":"Lab","floor":10,"gold_loss":0},{"damage_healed":0,"gold_gain":0,"player_choice":"Fought Bandits","damage_taken":0,"max_hp_gain":0,"max_hp_loss":0,"event_name":"Masked Bandits","floor":22,"gold_loss":0},{"damage_healed":0,"gold_gain":0,"player_choice":"Obtained Relic","damage_taken":0,"relics_obtained":["Durian"],"max_hp_gain":0,"max_hp_loss":0,"event_name":"Addict","floor":28,"gold_loss":85},{"damage_healed":0,"gold_gain":0,"player_choice":"Fight","damage_taken":0,"max_hp_gain":0,"max_hp_loss":0,"event_name":"Mysterious Sphere","floor":37,"gold_loss":0},{"damage_healed":0,"gold_gain":0,"player_choice":"Fight","damage_taken":0,"max_hp_gain":0,"max_hp_loss":0,"event_name":"MindBloom","floor":38,"gold_loss":0},{"damage_healed":0,"gold_gain":0,"player_choice":"Max HP","damage_taken":0,"max_hp_gain":0,"max_hp_loss":4,"event_name":"Winding Halls","floor":47,"gold_loss":0}],"is_beta":false,"boss_relics":[{"not_picked":["Astrolabe","Pandora\u0027s Box"],"picked":"Honey Jar"},{"not_picked":["Fusion Hammer","Ring of the Serpent"],"picked":"Sozu"}],"items_purged_floors":[25,45],"is_endless":false,"potions_floor_spawned":[5,11,14,19,20,21,27,35,36,41,44,46],"ascension_level":1}}