{"host":"ovw38rql97vr1sxo","time":1609710639,"event":{"mods":["AchievementEnabler","Act Like it!","BaseMod","Better Altar","Better Match","Better Note","Better Sensory Stone","Better Skull","Better Third Choice","Colored Powertips","Hallownest","Highlight Path","Minty Spire (QoL Compilation)","Permanent Neow","Quick Restart","Rare Cards Sparkle","Shop Mod","StSLib","The Bug Knight","UnlockEverythingMod"],"gold_per_floor":[114,114,114,129,148,148,168,168,168,185,295,328,253,263,263,334,334,334,334,334,334,334],"floor_reached":21,"playtime":931,"items_purged":[],"score":352,"play_id":"fa30d9b8-d343-4aa2-9ca5-a091e76a3471","local_time":"20210104065039","is_ascension_mode":true,"campfire_choices":[{"data":"Body Slam","floor":6.0,"key":"SMITH"},{"data":"Bludgeon","floor":8.0,"key":"SMITH"},{"data":"Uppercut","floor":15.0,"key":"SMITH"}],"circlet_count":0,"master_deck":["AscendersBane","Strike_R","Strike_R","Strike_R","Strike_R","Defend_R+1","Defend_R","Defend_R","Defend_R","Bash+1","Uppercut+1","Bludgeon+1","True Grit","Body Slam+1","Metallicize","Rage+1","Hallownest:skillGreenpathMap","Shrug It Off","Fiend Fire","Havoc"],"relics":["Burning Blood","Shovel","White Beast Statue","FossilizedHelix","Ectoplasm","Toy Ornithopter","Oddly Smooth Stone"],"acts_visited":["Exordium","Hallownest:Greenpath"],"potions_floor_usage":[20,21],"damage_taken":[{"damage":16.0,"enemies":"Hallownest:monsterHuskGuard","floor":1.0,"turns":4.0},{"damage":9.0,"enemies":"2_ Uuma","floor":4.0,"turns":5.0},{"damage":0.0,"enemies":"Hallownest:monsterHuskWarrior","floor":5.0,"turns":3.0},{"damage":20.0,"enemies":"Hallownest:1_Ooma_and_2_Uuma","floor":7.0,"turns":10.0},{"damage":1.0,"enemies":"Hallownest:Wandering_and_Horned","floor":10.0,"turns":5.0},{"damage":16.0,"enemies":"Hallownest:eliteVengeflyKing","floor":12.0,"turns":6.0},{"damage":0.0,"enemies":"Hallownest:monsterMossCharger","floor":14.0,"turns":4.0},{"damage":34.0,"enemies":"Hallownest:BossFalseKnight","floor":16.0,"turns":8.0},{"damage":0.0,"enemies":"Hallownest:2_Mistakes","floor":18.0,"turns":7.0},{"damage":0,"enemies":"Hallownest:Guard_and_Sentry","floor":20,"turns":5},{"damage":18,"enemies":"Hallownest:Master_and_Novice","floor":21,"turns":4}],"seed_played":"-1188566960381924975","potions_obtained":[{"floor":1.0,"key":"ElixirPotion"},{"floor":10.0,"key":"Block Potion"},{"floor":12.0,"key":"Block Potion"},{"floor":16.0,"key":"SkillPotion"},{"floor":18.0,"key":"SkillPotion"},{"floor":20,"key":"FearPotion"}],"is_trial":false,"path_per_floor":["M","?","?","M","M","R","M","R","T","M","?","E","?","M","R","B",null,"M","?","M","M"],"character_chosen":"IRONCLAD","items_purchased":[],"campfire_rested":0,"item_purchase_floors":[],"current_hp_per_floor":[58,58,58,55,61,61,47,47,47,52,52,42,42,48,48,20,56,62,7,18,5,5],"gold":334,"neow_bonus":"ONE_RARE_RELIC","is_daily":false,"chose_seed":false,"campfire_upgraded":3,"win_rate":0.0,"timestamp":1609710639,"path_taken":["M","?","?","M","M","R","M","R","T","M","?","E","?","M","R","BOSS","M","?","?","M"],"items_purchased_type":[],"build_version":"2020-12-22","purchased_purges":0,"victory":false,"max_hp_per_floor":[68,68,68,68,68,68,68,68,68,68,68,68,68,68,68,68,68,68,68,68,68,68],"card_choices":[{"not_picked":["Iron Wave","Headbutt"],"picked":"Uppercut","floor":1.0},{"not_picked":["Wild Strike","Entrench"],"picked":"True Grit","floor":4.0},{"not_picked":["Cleave","Metallicize"],"picked":"Body Slam","floor":5.0},{"not_picked":["Hemokinesis","Sword Boomerang"],"picked":"Metallicize","floor":7.0},{"not_picked":["Rupture","Cleave","Double Tap"],"picked":"SKIP","floor":10.0},{"not_picked":["Clothesline","Thunderclap"],"picked":"Rage","floor":12.0},{"not_picked":["Rampage","Pommel Strike"],"picked":"Shrug It Off","floor":14.0},{"not_picked":["Corruption","Double Tap"],"picked":"Fiend Fire","floor":16.0},{"not_picked":["Hemokinesis","Heavy Blade","Sentinel"],"picked":"SKIP","floor":18.0},{"not_picked":["Sword Boomerang","Heavy Blade"],"picked":"Havoc","floor":20}],"player_experience":91389,"relics_obtained":[{"floor":9.0,"key":"White Beast Statue"},{"floor":12.0,"key":"FossilizedHelix"}],"event_choices":[{"damage_healed":0,"gold_gain":0,"player_choice":"RE RE UP UP ","damage_taken":63,"relics_obtained":["Toy Ornithopter","Oddly Smooth Stone"],"max_hp_gain":0,"max_hp_loss":0,"event_name":"betterSkull:BetterSkull","floor":19,"gold_loss":0,"cards_upgraded":["Defend_R","Rage"]}],"is_beta":false,"boss_relics":[{"not_picked":["Philosopher\u0027s Stone","Snecko Eye"],"picked":"Ectoplasm"}],"items_purged_floors":[],"is_endless":false,"potions_floor_spawned":[1,10,12,14,16,18,20],"killed_by":"Hallownest:Master_and_Novice","ascension_level":20}}