{"host":"t75twhtg6c476ygg","time":1609691390,"event":{"mods":["AchievementEnabler","BaseMod","Colored Powertips","Minty Spire (QoL Compilation)","Quick Restart","Relic Stats","StSLib","SuperFastMode"],"gold_per_floor":[114,129,79,79,94,94,124,399,399,414,429,444,410,425,425,525,525,540,540,465,415,430,460,475,505,530,530,505,505,520,535,535,635,635,650,661,676,691,691,691,691,706,706,736,736,736,751,144,144,144],"floor_reached":51,"playtime":1364,"items_purged":[],"score":1044,"play_id":"ab7794f9-f80c-4dd7-b89e-96257082b432","local_time":"20210103162950","daily_mods":["Allstar","Hoarder","Terminal"],"is_ascension_mode":false,"campfire_choices":[{"data":"Bash","floor":6.0,"key":"SMITH"},{"data":"Sword Boomerang","floor":15.0,"key":"SMITH"},{"data":"Writhe","floor":32,"key":"PURGE"},{"data":"Writhe","floor":40,"key":"PURGE"},{"data":"The Bomb","floor":46,"key":"PURGE"},{"data":"Strike_R","floor":49,"key":"PURGE"}],"circlet_count":0,"master_deck":["Strike_R","Strike_R","Strike_R","Strike_R","Defend_R","Defend_R","Defend_R","Defend_R","Bash+1","Thinking Ahead","Thinking Ahead","Thinking Ahead","The Bomb","PanicButton","Secret Weapon","Secret Weapon","Secret Weapon","Good Instincts","Good Instincts","Good Instincts","Twin Strike","Twin Strike","Twin Strike","Anger","Anger","Anger","Regret","Regret","Regret","Shame","Shame","Shame","True Grit","True Grit","True Grit","Seeing Red","Seeing Red","Seeing Red","Berserk","Berserk","Berserk","Sword Boomerang","Sword Boomerang","Sword Boomerang+1","Limit Break+1","Limit Break+1","Limit Break+1","Pummel","Pummel","Pummel","Headbutt+1","Headbutt+1","Headbutt+1","Corruption","Corruption","Corruption","Writhe","Cleave","Cleave","Cleave","Doubt","Doubt","Doubt","Thunderclap+1","Thunderclap+1","Thunderclap+1","Double Tap","Double Tap","Double Tap","Battle Trance","Battle Trance","Battle Trance","Writhe","Writhe","Writhe","Writhe","Writhe","Writhe","Combust","Combust","Combust","Spot Weakness+1","Spot Weakness+1","Spot Weakness+1","Havoc+1","Havoc+1","Havoc+1","Sever Soul","Sever Soul","Sever Soul","Thunderclap","Thunderclap","Thunderclap","Blind+1","Blind+1","Blind+1","Metamorphosis+1","Metamorphosis+1","Metamorphosis+1"],"relics":["Burning Blood","Cursed Key","Du-Vu Doll","Darkstone Periapt","Thread and Needle","Anchor","Fusion Hammer","Kunai","Strawberry","Peace Pipe","Black Star","Dead Branch","Gambling Chip","Mercury Hourglass","Toxic Egg 2","Incense Burner","Membership Card","Centennial Puzzle","Red Skull"],"acts_visited":["Exordium","TheCity","TheBeyond"],"potions_floor_usage":[35,50],"damage_taken":[{"damage":0.0,"enemies":"Small Slimes","floor":1.0,"turns":5.0},{"damage":0.0,"enemies":"2 Louse","floor":2.0,"turns":2.0},{"damage":0.0,"enemies":"Cultist","floor":5.0,"turns":3.0},{"damage":4.0,"enemies":"3 Sentries","floor":7.0,"turns":5.0},{"damage":0.0,"enemies":"Gremlin Gang","floor":10.0,"turns":4.0},{"damage":0.0,"enemies":"2 Fungi Beasts","floor":11.0,"turns":3.0},{"damage":0.0,"enemies":"Exordium Wildlife","floor":12.0,"turns":2.0},{"damage":0.0,"enemies":"3 Louse","floor":14.0,"turns":1.0},{"damage":60.0,"enemies":"Hexaghost","floor":16.0,"turns":5.0},{"damage":0.0,"enemies":"3 Byrds","floor":18.0,"turns":3.0},{"damage":0.0,"enemies":"Spheric Guardian","floor":22.0,"turns":1.0},{"damage":14.0,"enemies":"Slavers","floor":23.0,"turns":3.0},{"damage":13.0,"enemies":"Shelled Parasite and Fungi","floor":24.0,"turns":4.0},{"damage":1.0,"enemies":"Gremlin Leader","floor":25.0,"turns":2.0},{"damage":0,"enemies":"3 Cultists","floor":30,"turns":3},{"damage":0,"enemies":"Snecko","floor":31,"turns":2},{"damage":11,"enemies":"Collector","floor":33,"turns":3},{"damage":13,"enemies":"3 Shapes","floor":35,"turns":3},{"damage":0,"enemies":"2 Orb Walkers","floor":36,"turns":2},{"damage":0,"enemies":"Orb Walker","floor":37,"turns":2},{"damage":6,"enemies":"Spire Growth","floor":38,"turns":3},{"damage":0,"enemies":"Sphere and 2 Shapes","floor":42,"turns":2},{"damage":0,"enemies":"Nemesis","floor":44,"turns":3},{"damage":0,"enemies":"Transient","floor":47,"turns":4},{"damage":2,"enemies":"Donu and Deca","floor":50,"turns":2}],"seed_played":"4251252283042701915","potions_obtained":[{"floor":1.0,"key":"GamblersBrew"},{"floor":5.0,"key":"DistilledChaos"},{"floor":7.0,"key":"SkillPotion"},{"floor":12.0,"key":"Explosive Potion"},{"floor":18.0,"key":"Strength Potion"},{"floor":36,"key":"Ancient Potion"}],"is_trial":false,"path_per_floor":["M","M","?","$","M","R","E","?","T","M","M","M","?","M","R","B",null,"M","?","?","?","M","E","M","E","T","?","$","T","M","M","R","B",null,"M","?","M","M","?","R","?","M","T","E","?","R","M","$","R","B",null],"character_chosen":"IRONCLAD","items_purchased":["Cleave","Membership Card","Centennial Puzzle","Red Skull","Combust","Spot Weakness+1","Havoc+1","Sever Soul","Thunderclap","Blind+1","Metamorphosis+1","LiquidMemories"],"campfire_rested":0,"item_purchase_floors":[28,48,48,48,48,48,48,48,48,48,48,48],"current_hp_per_floor":[78,77,76,75,74,73,72,89,106,105,104,103,102,101,100,46,98,97,78,78,78,84,76,69,74,99,99,99,117,123,129,129,124,129,122,127,126,125,124,123,140,139,156,155,154,153,152,151,150,149],"gold":144,"neow_bonus":"","is_daily":true,"chose_seed":false,"campfire_upgraded":2,"win_rate":0.0,"timestamp":1609691390,"path_taken":["M","M","?","$","M","R","E","?","T","?","M","?","?","M","R","BOSS","M","?","?","?","M","E","?","E","T","?","$","?","M","M","R","BOSS","M","?","M","M","?","R","?","M","T","E","?","R","?","?","R","BOSS"],"items_purchased_type":["Card","Relic","Relic","Relic","Card","Card","Card","Card","Card","Card","Card","Potion"],"build_version":"2020-12-22","purchased_purges":0,"victory":true,"max_hp_per_floor":[78,77,76,75,74,73,72,89,106,105,104,103,102,101,100,99,98,97,101,100,99,98,97,96,95,119,118,117,134,133,132,131,130,129,128,127,126,125,124,123,140,139,156,155,154,153,152,151,150,149],"relic_stats":{"Darkstone Periapt":108,"Peace Pipe":5,"Centennial Puzzle":[3],"counters":[25,72],"Dead Branch":[33],"Gambling Chip":[21],"Black Star":1,"Kunai":[11],"Cursed Key":4,"obtain_stats":[{"Darkstone Periapt":5,"Dead Branch":36,"Thread and Needle":7,"Incense Burner":44,"Cursed Key":5,"Burning Blood":0,"Mercury Hourglass":43,"Du-Vu Doll":5,"Peace Pipe":29,"Anchor":9,"Centennial Puzzle":48,"Strawberry":26,"Gambling Chip":42,"Fusion Hammer":17,"Black Star":34,"Kunai":23,"Membership Card":48,"Toxic Egg 2":44,"Red Skull":48},{"Darkstone Periapt":3,"Dead Branch":19,"Thread and Needle":4,"Incense Burner":23,"Cursed Key":3,"Burning Blood":0,"Mercury Hourglass":22,"Du-Vu Doll":3,"Peace Pipe":14,"Anchor":4,"Centennial Puzzle":24,"Strawberry":14,"Gambling Chip":22,"Fusion Hammer":9,"Black Star":17,"Kunai":12,"Membership Card":24,"Toxic Egg 2":23,"Red Skull":24},{"Darkstone Periapt":8,"Dead Branch":56,"Thread and Needle":15,"Incense Burner":66,"Cursed Key":8,"Burning Blood":0,"Mercury Hourglass":63,"Du-Vu Doll":8,"Peace Pipe":43,"Anchor":15,"Centennial Puzzle":70,"Strawberry":43,"Gambling Chip":63,"Fusion Hammer":30,"Black Star":51,"Kunai":37,"Membership Card":70,"Toxic Egg 2":66,"Red Skull":70}],"Burning Blood":72,"Mercury Hourglass":[31]},"card_choices":[{"not_picked":["Hemokinesis","Iron Wave"],"picked":"Twin Strike","floor":1.0},{"not_picked":["Armaments","Perfected Strike"],"picked":"Anger","floor":2.0},{"not_picked":["Clothesline","Rage","Burning Pact"],"picked":"SKIP","floor":5.0},{"not_picked":["Clash","Perfected Strike","Warcry"],"picked":"SKIP","floor":7.0},{"not_picked":["Clothesline","Iron Wave"],"picked":"True Grit","floor":10.0},{"not_picked":["Burning Pact","Entrench"],"picked":"Seeing Red","floor":11.0},{"not_picked":["Entrench","Combust"],"picked":"Berserk","floor":12.0},{"not_picked":["Warcry","Rupture"],"picked":"Sword Boomerang","floor":14.0},{"not_picked":["Corruption","Demon Form"],"picked":"Limit Break","floor":16.0},{"not_picked":["Wild Strike","True Grit"],"picked":"Pummel","floor":18.0},{"not_picked":["True Grit","Bloodletting","Rage"],"picked":"SKIP","floor":22.0},{"not_picked":["Anger","Power Through+1","Body Slam"],"picked":"SKIP","floor":23.0},{"not_picked":["Inflame","Anger"],"picked":"Headbutt+1","floor":24.0},{"not_picked":["Wild Strike+1","Clothesline+1"],"picked":"Corruption","floor":25},{"not_picked":["True Grit","Anger"],"picked":"Thunderclap+1","floor":30},{"not_picked":["Pommel Strike","Warcry","Clothesline"],"picked":"SKIP","floor":31},{"not_picked":["Bludgeon","Corruption"],"picked":"Double Tap","floor":33},{"not_picked":["Second Wind","Flex+1"],"picked":"Battle Trance","floor":35},{"not_picked":["Anger","Pommel Strike+1","Thunderclap"],"picked":"SKIP","floor":37},{"not_picked":["Shockwave","Perfected Strike+1","Cleave+1"],"picked":"SKIP","floor":38},{"not_picked":["Blood for Blood","Havoc","Warcry+1"],"picked":"SKIP","floor":42},{"not_picked":["Burning Pact+1","Ghostly Armor+1","Cleave+1"],"picked":"SKIP","floor":44},{"not_picked":["Sword Boomerang+1","Inflame","Carnage"],"picked":"SKIP","floor":47}],"player_experience":212114,"relics_obtained":[{"floor":7.0,"key":"Thread and Needle"},{"floor":9.0,"key":"Anchor"},{"floor":23.0,"key":"Kunai"},{"floor":26,"key":"Strawberry"},{"floor":29,"key":"Peace Pipe"},{"floor":36,"key":"Dead Branch"},{"floor":43,"key":"Mercury Hourglass"},{"floor":44,"key":"Toxic Egg 2"},{"floor":44,"key":"Incense Burner"}],"event_choices":[{"cards_removed":["The Bomb"],"damage_healed":0.0,"max_hp_gain":0.0,"max_hp_loss":0.0,"gold_gain":0.0,"event_name":"The Cleric","player_choice":"Card Removal","floor":3.0,"gold_loss":50.0,"damage_taken":0.0},{"damage_healed":0.0,"max_hp_gain":0.0,"max_hp_loss":0.0,"gold_gain":275.0,"event_name":"Golden Shrine","player_choice":"Desecrate","floor":8.0,"gold_loss":0.0,"damage_taken":0.0,"cards_obtained":["Regret"]},{"damage_healed":0.0,"max_hp_gain":0.0,"max_hp_loss":0.0,"gold_gain":0.0,"event_name":"World of Goop","player_choice":"Left Gold","floor":13.0,"gold_loss":34.0,"damage_taken":0.0},{"damage_healed":0.0,"max_hp_gain":5.0,"max_hp_loss":0.0,"gold_gain":0.0,"event_name":"Forgotten Altar","player_choice":"Shed Blood","floor":19.0,"gold_loss":0.0,"damage_taken":24.0},{"cards_removed":["PanicButton"],"damage_healed":0.0,"max_hp_gain":0.0,"max_hp_loss":0.0,"gold_gain":0.0,"event_name":"Beggar","player_choice":"Gave Gold","floor":20.0,"gold_loss":75.0,"damage_taken":0.0},{"damage_healed":0.0,"max_hp_gain":0.0,"max_hp_loss":0.0,"gold_gain":0.0,"event_name":"The Joust","player_choice":"Bet on Murderer","floor":21.0,"gold_loss":50.0,"damage_taken":0.0},{"cards_removed":["PanicButton"],"damage_healed":0,"gold_gain":0,"player_choice":"Elegance","damage_taken":0,"max_hp_gain":0,"max_hp_loss":0,"event_name":"Back to Basics","floor":27,"gold_loss":0},{"damage_healed":0,"gold_gain":0,"player_choice":"Fight","damage_taken":0,"max_hp_gain":0,"max_hp_loss":0,"event_name":"Mysterious Sphere","floor":36,"gold_loss":0},{"damage_healed":0,"gold_gain":0,"player_choice":"Memory 1","damage_taken":0,"max_hp_gain":0,"max_hp_loss":0,"event_name":"SensoryStone","floor":39,"gold_loss":0},{"damage_healed":31,"gold_gain":0,"player_choice":"Writhe","damage_taken":0,"max_hp_gain":0,"max_hp_loss":0,"event_name":"Winding Halls","floor":41,"gold_loss":0,"cards_obtained":["Writhe"]},{"damage_healed":0,"gold_gain":0,"player_choice":"Ignored","damage_taken":0,"max_hp_gain":0,"max_hp_loss":0,"event_name":"SecretPortal","floor":45,"gold_loss":0}],"is_beta":false,"boss_relics":[{"not_picked":["Busted Crown","SacredBark"],"picked":"Fusion Hammer"},{"not_picked":["Sozu","Tiny House"],"picked":"Black Star"}],"items_purged_floors":[],"is_endless":false,"potions_floor_spawned":[1,5,7,12,18,22,33,36,37,38,44],"ascension_level":0}}