{"host":"7uuqqk35leady37t","time":1609662879,"event":{"mods":["BaseMod","Colored Map","Colored Powertips","Downfall","Marisa£®ÏF”Í°°ƒß¿Ì…≥£©","Minty Spire (QoL Compilation)","Remilia£®¿Ÿ√◊¿Ú—«£©","Robot Space Explorer","StSLib","The Bug Knight","The Servant 0.9.4","Waifu the Spire","Yuri Mod","[IsaacMod]“‘»ˆº‚À˛"],"gold_per_floor":[119,137,157,467,467,502,520,534,534,534,544,564,576,605,605,707,707,718,735,777,815,815,1141,1183,1183,1233,1264,1277,1335,1335,1346,1346,1446,1446,1486,1499,1513,1513,1513,1539,1550,1582,1656,1690,1690,1703,2003,2015,2015,2015],"floor_reached":51,"playtime":2617,"items_purged":[],"score":1297,"play_id":"70b6f7a3-4e9f-4600-8ab7-14a2745410b0","local_time":"20210103163439","is_ascension_mode":true,"campfire_choices":[{"data":"MachineGunSpark","floor":15,"key":"SMITH"},{"floor":25,"key":"REST"},{"floor":32,"key":"REST"},{"floor":45,"key":"REST"},{"data":"MachineGunSpark","floor":49,"key":"SMITH"}],"circlet_count":0,"master_deck":["Strike_MRS","Strike_MRS","Strike_MRS","Strike_MRS","Defend_MRS","Defend_MRS","Defend_MRS","Defend_MRS","MasterSpark","UpSweep+1","IllusionStar","GrandCross+1","DoubleSpark","MysteriousBeam","OpenUniverse","PowerUp","MachineGunSpark+1","IllusionStar","DoubleSpark","IllusionStar","FinalSpark","CurseOfTheBell","IllusionStar","WitchOfGreed+1","UnstableBomb","MysteriousBeam","Acceleration+1","UnstableBomb","NonDirectionalLaser","UnstableBomb+1","GalacticHalo","MachineGunSpark+1","AlicesGift+1","PowerUp","CasketOfStar+1","PowerUp+1","IllusionStar","BloodyBrimstone","PulseMagic+1","PropBag+1","NonDirectionalLaser+1"],"relics":["MiniHakkero","HushsDoor","SteamSale","Lizard Tail","TungstenRod","GnawedLeaf","Bronze Scales","PreservedInsect","Mercury Hourglass","Shuriken","DeathBook","Regal Pillow","Frozen Egg 2","AnarchistCookbook","BreadOfAWashokuLover","Whetstone","Question Card","TheBean","HollowMod:StagPassRelic","TheBible","Calling Bell","Oddly Smooth Stone","Pantograph","MagicBroom","GuppysCollar","SatanicBible","Dream Catcher","Boot","Potion Belt","Nunchaku","Old Coin","HollowMod:PaleOreRelic","ScarletDevilRocket","Strawberry","HowToJump","MagicMushroom","BelialBook","HornCleat","Kunai","DoctorsRemote","Meat on the Bone"],"acts_visited":["Exordium","TheCity","TheBeyond"],"potions_floor_usage":[12,23,24,24,28,35],"damage_taken":[{"damage":6.0,"enemies":"2 Louse","floor":1.0,"turns":3.0},{"damage":6.0,"enemies":"Cultist","floor":2.0,"turns":3.0},{"damage":6.0,"enemies":"Jaw Worm","floor":3.0,"turns":2.0},{"damage":1.0000002E8,"enemies":"Blue Slaver","floor":4.0,"turns":4.0},{"damage":0.0,"enemies":"Lagavulin","floor":6.0,"turns":5.0},{"damage":0.0,"enemies":"Red Slaver","floor":7.0,"turns":1.0},{"damage":0.0,"enemies":"Exordium Thugs","floor":8.0,"turns":1.0},{"damage":0.0,"enemies":"Lots of Slimes","floor":11.0,"turns":1.0},{"damage":0,"enemies":"Blue Slaver","floor":12,"turns":1},{"damage":0,"enemies":"Looter","floor":13,"turns":2},{"damage":0,"enemies":"Gremlin Nob","floor":14,"turns":2},{"damage":0,"enemies":"Slime Boss","floor":16,"turns":2},{"damage":0,"enemies":"Shell Parasite","floor":18,"turns":2},{"damage":0,"enemies":"3 Byrds","floor":19,"turns":1},{"damage":0,"enemies":"Snake Plant","floor":20,"turns":2},{"damage":0,"enemies":"Shelled Parasite and Fungi","floor":21,"turns":2},{"damage":0,"enemies":"Book of Stabbing","floor":23,"turns":2},{"damage":9,"enemies":"Centurion and Healer","floor":24,"turns":2},{"damage":0,"enemies":"Gremlin Leader","floor":27,"turns":2},{"damage":0,"enemies":"Snake Plant","floor":28,"turns":1},{"damage":5,"enemies":"Book of Stabbing","floor":29,"turns":2},{"damage":0,"enemies":"Chosen and Byrds","floor":31,"turns":2},{"damage":0,"enemies":"Automaton","floor":33,"turns":3},{"damage":0,"enemies":"Orb Walker","floor":35,"turns":2},{"damage":0,"enemies":"3 Darklings","floor":36,"turns":2},{"damage":12,"enemies":"4 Shapes","floor":37,"turns":2},{"damage":0,"enemies":"Nemesis","floor":40,"turns":1},{"damage":6,"enemies":"Writhing Mass","floor":41,"turns":2},{"damage":0,"enemies":"Reptomancer","floor":42,"turns":1},{"damage":0,"enemies":"HollowMod:StalkingDevout","floor":44,"turns":1},{"damage":0,"enemies":"Sphere and 2 Shapes","floor":46,"turns":3},{"damage":0,"enemies":"Maw","floor":48,"turns":3},{"damage":1,"enemies":"Donu and Deca","floor":50,"turns":3}],"seed_played":"-4446107042206924765","potions_obtained":[{"floor":2.0,"key":"Strength Potion"},{"floor":4.0,"key":"Ancient Potion"},{"floor":4.0,"key":"ColorlessPotion"},{"floor":6.0,"key":"SmokeBomb"},{"floor":8.0,"key":"Explosive Potion"},{"floor":11.0,"key":"SteroidPotion"},{"floor":14,"key":"Ancient Potion"},{"floor":20,"key":"SneckoOil"},{"floor":20,"key":"GamblersBrew"},{"floor":21,"key":"hexamod:EctoCoolerPotion"},{"floor":21,"key":"Swift Potion"},{"floor":23,"key":"hexamod:EctoCoolerPotion"},{"floor":24,"key":"SkillPotion"},{"floor":29,"key":"AttackPotion"},{"floor":31,"key":"Dexterity Potion"},{"floor":33,"key":"StarNLove"},{"floor":35,"key":"Dexterity Potion"},{"floor":40,"key":"BottledSpark"}],"is_trial":false,"path_per_floor":["M","M","M","M","?","E","M","M","T","?","M","M","M","E","R","B",null,"M","M","M","M","?","E","M","R","T","E","M","E","?","M","R","B",null,"M","M","M","?","?","E","M","E","T","E","R","M","?","M","R","B",null],"character_chosen":"MARISA","items_purchased":["GuppysCollar","SatanicBible","FairyPotion","BelialBook"],"campfire_rested":3,"item_purchase_floors":[17,17,17,34],"current_hp_per_floor":[69,63,57,16,16,16,16,16,16,16,16,16,16,16,16,17,48,48,48,48,48,48,48,1,30,30,37,37,32,32,32,55,55,52,52,52,41,41,41,41,36,36,36,36,43,43,43,43,43,42],"gold":2015,"neow_bonus":"ONE_RARE_RELIC","is_daily":false,"chose_seed":false,"campfire_upgraded":2,"win_rate":0.0,"timestamp":1609662879,"path_taken":["M","M","M","M","?","E","M","M","T","?","M","M","M","E","R","BOSS","M","M","M","M","?","E","M","R","T","E","M","E","?","M","R","BOSS","M","M","M","?","?","E","M","E","T","E","R","?","?","M","R","BOSS"],"items_purchased_type":["Relic","Relic","Potion","Relic"],"build_version":"2020-12-22","purchased_purges":0,"victory":true,"max_hp_per_floor":[75,75,75,75,75,75,75,75,75,75,75,75,75,75,75,75,48,48,48,48,48,48,48,48,48,48,55,55,55,55,55,55,55,52,52,52,52,52,52,52,46,46,46,43,43,43,43,43,43,43],"card_choices":[{"not_picked":[],"picked":"SuicideKing","floor":0.0},{"not_picked":["AsteroidBelt","MilkyWay"],"picked":"IllusionStar","floor":1.0},{"not_picked":["WitchLeyline","PowerUp"],"picked":"GrandCross","floor":2.0},{"not_picked":["SporeBomb","EnergyFlow","6A"],"picked":"SKIP","floor":3.0},{"not_picked":["GalacticHalo","AbsoluteMagnitude"],"picked":"DoubleSpark","floor":4.0},{"not_picked":["EnergyRecoil","LuminesStrike"],"picked":"MysteriousBeam","floor":4.0},{"not_picked":["AsteroidBelt","6A"],"picked":"Bomb","floor":6.0},{"not_picked":["ShootingEcho","PulseMagic"],"picked":"OpenUniverse","floor":7.0},{"not_picked":["Acceleration","DeepEcoloBomb"],"picked":"PowerUp","floor":8.0},{"not_picked":["OrrerysSun+1","ShootTheMoon"],"picked":"MachineGunSpark","floor":11.0},{"not_picked":["WitchLeyline","6A"],"picked":"IllusionStar","floor":12},{"not_picked":["Occultation","GasGiant","EnergyRecoil"],"picked":"DoubleSpark","floor":13},{"not_picked":["DeepEcoloBomb","GravityBeat","MilkyWay"],"picked":"IllusionStar","floor":14},{"not_picked":["BinaryStars","AbsoluteMagnitude","CollectingQuirk"],"picked":"FinalSpark","floor":16},{"not_picked":["DeepEcoloBomb","GalacticHalo+1","LuminesStrike+1"],"picked":"IllusionStar","floor":18},{"not_picked":["DoubleSpark","MagicAbsorber","DarkMatter+1"],"picked":"WitchOfGreed+1","floor":19},{"not_picked":["MilkyWay","EarthLightRay+1","RefractionSpark+1"],"picked":"UnstableBomb","floor":20},{"not_picked":["DragonMeteor","Acceleration+1","OneTimeOff+1"],"picked":"MysteriousBeam","floor":21},{"not_picked":["EscapeVelocity+1","ShootingEcho","Singularity+1"],"picked":"Acceleration+1","floor":23},{"not_picked":["DeepEcoloBomb","DC","PowerUp+1"],"picked":"UnstableBomb","floor":24},{"not_picked":["OrrerysSun+1","SporeBomb","6A"],"picked":"NonDirectionalLaser","floor":25},{"not_picked":["Acceleration+1","WitchLeyline","OrrerysSun+1"],"picked":"UnstableBomb+1","floor":27},{"not_picked":["Singularity+1","BlazeAway","BlazingStar"],"picked":"GalacticHalo","floor":28},{"not_picked":["BlazeAway","DoubleSpark+1","WitchLeyline"],"picked":"MachineGunSpark","floor":29},{"not_picked":["MilkyWay","EarthLightRay","GasGiant"],"picked":"AlicesGift+1","floor":31},{"not_picked":["EnergyFlow+1","SporeBomb+1","6A"],"picked":"PowerUp","floor":32},{"not_picked":["BlazingStar","MillisecondPulsars+1","StarDustReverie"],"picked":"CasketOfStar+1","floor":33},{"not_picked":["EnergyFlow+1","EarthLightRay+1","GravityBeat"],"picked":"PowerUp+1","floor":35},{"not_picked":["EnergyRecoil+1","SporeBomb+1","GalacticHalo+1","AsteroidBelt+1"],"picked":"SKIP","floor":36},{"not_picked":["MeteoricShower+1","StarBarrage+1","MagicAbsorber+1"],"picked":"IllusionStar","floor":37},{"not_picked":["Bomb","expansioncontent:Hexaburn","Madness"],"picked":"BloodyBrimstone","floor":39},{"not_picked":["DoubleSpark","GalacticHalo+1","Acceleration"],"picked":"PulseMagic+1","floor":40},{"not_picked":["ShootTheMoon","Orbital","DragonMeteor+1","SporeBomb"],"picked":"SKIP","floor":41},{"not_picked":["NonDirectionalLaser","OortCloud+1","DarkSpark+1"],"picked":"PropBag+1","floor":42},{"not_picked":["DarkSpark+1","GravityBeat+1","SporeBomb","WitchOfGreed+1"],"picked":"SKIP","floor":44},{"not_picked":["MagicAbsorber+1","WitchLeyline+1","GasGiant","GalacticHalo"],"picked":"SKIP","floor":46},{"not_picked":["FairyDestructionRay","GrandCross+1","EscapeVelocity+1"],"picked":"NonDirectionalLaser+1","floor":48}],"player_experience":50481,"relics_obtained":[{"floor":4.0,"key":"TungstenRod"},{"floor":4.0,"key":"GnawedLeaf"},{"floor":4.0,"key":"Bronze Scales"},{"floor":4.0,"key":"PreservedInsect"},{"floor":4.0,"key":"Mercury Hourglass"},{"floor":4.0,"key":"Damocles"},{"floor":6.0,"key":"Shuriken"},{"floor":6.0,"key":"DeathBook"},{"floor":7.0,"key":"Regal Pillow"},{"floor":8.0,"key":"Frozen Egg 2"},{"floor":9.0,"key":"AnarchistCookbook"},{"floor":11.0,"key":"Whetstone"},{"floor":12,"key":"Question Card"},{"floor":13,"key":"TheBean"},{"floor":14,"key":"HollowMod:StagPassRelic"},{"floor":14,"key":"TheBible"},{"floor":17,"key":"Oddly Smooth Stone"},{"floor":17,"key":"Pantograph"},{"floor":17,"key":"MagicBroom"},{"floor":18,"key":"Dream Catcher"},{"floor":19,"key":"Boot"},{"floor":20,"key":"Potion Belt"},{"floor":21,"key":"Nunchaku"},{"floor":23,"key":"Old Coin"},{"floor":23,"key":"HollowMod:PaleOreRelic"},{"floor":26,"key":"ScarletDevilRocket"},{"floor":27,"key":"Strawberry"},{"floor":29,"key":"HowToJump"},{"floor":40,"key":"HornCleat"},{"floor":42,"key":"Kunai"},{"floor":43,"key":"DoctorsRemote"},{"floor":44,"key":"Meat on the Bone"}],"event_choices":[{"damage_healed":0.0,"max_hp_gain":0.0,"max_hp_loss":0.0,"gold_gain":0.0,"event_name":"Dead Adventurer","player_choice":"Searched \u00271\u0027 times","floor":10.0,"gold_loss":0.0,"damage_taken":0.0,"relics_obtained":["BreadOfAWashokuLover"]},{"cards_removed":["hexamod:Haunted"],"damage_healed":0,"gold_gain":0,"player_choice":"Removed Curses","damage_taken":0,"max_hp_gain":0,"max_hp_loss":0,"event_name":"Fountain of Cleansing","floor":22,"gold_loss":0},{"damage_healed":0,"gold_gain":0,"player_choice":"Ignored","damage_taken":0,"max_hp_gain":0,"max_hp_loss":0,"event_name":"Ghosts","floor":30,"gold_loss":0},{"damage_healed":0,"gold_gain":0,"player_choice":"Ignored","damage_taken":0,"max_hp_gain":0,"max_hp_loss":0,"event_name":"Tomb of Lord Red Mask","floor":38,"gold_loss":0},{"damage_healed":0,"gold_gain":0,"player_choice":"Memory 1","damage_taken":0,"max_hp_gain":0,"max_hp_loss":0,"event_name":"SensoryStone","floor":39,"gold_loss":0}],"is_beta":false,"boss_relics":[{"not_picked":["RampagingMagicTools","Runic Dome"],"picked":"Calling Bell"},{"not_picked":[]},{"not_picked":["Runic Pyramid","Tiny House"],"picked":"MagicMushroom"},{"not_picked":[]}],"items_purged_floors":[],"is_endless":false,"potions_floor_spawned":[2,6,8,11,14,20,21,23,31,33,40,41,42,46],"ascension_level":1}}