{"host":"5g4swet0bj9kkdb5","time":1609659071,"event":{"mods":["Aspiration","BaseMod","Better Altar","Better Note","BetterRewards","Colored Map","Colored Powertips","Highlight Path","Hubris","Infinite Spire","Minty Spire (QoL Compilation)","Quick Restart","Random Character Button","Rare Cards Sparkle","Relic Sorter","Replay The Spire","StSLib","SuperFastMode","Synergy Search","The Bug Knight","The Cursed","The Disciple","The IronCluck","The Jungle","The Runesmith","The Servant 0.9.4","Waifu the Spire"],"gold_per_floor":[117,117,135,135,100,111,111,144,144,144,163,163,163,181,181,278,278,293,293,108,122,44,77,77,77],"floor_reached":24,"playtime":4524,"items_purged":[],"score":214,"play_id":"3dfcf749-93d2-4740-9d79-55e86d1a33b3","local_time":"20210103023111","is_ascension_mode":false,"campfire_choices":[{"floor":7,"key":"REST"},{"data":"Runesmith:Permafrost","floor":10,"key":"SMITH"},{"floor":13,"key":"REST"},{"floor":15,"key":"REST"}],"circlet_count":0,"master_deck":["Runesmith:Strike_RS","Runesmith:Strike_RS","Runesmith:Strike_RS","Runesmith:Strike_RS","Runesmith:Defend_RS","Runesmith:Defend_RS","Runesmith:Defend_RS","Runesmith:Defend_RS","Runesmith:CraftFirestone","Runesmith:Fortify","m_Survivalism","SecondHand","Runesmith:Duplicate","Runesmith:CraftProtectio","Runesmith:HeatedChisel","Runesmith:Permafrost+1","Runesmith:CraftObretio","Pot Of Greed","Pot Of Greed","Runesmith:ChiselStab","Runesmith:CraftIncendium","Runesmith:FissionHammer","Runesmith:HeatExchange","Runesmith:ArcReactor","Runesmith:ShiftingStrike","Runesmith:GoWithTheFlow+1","Pot Of Greed","Runesmith:Empowerment","Runesmith:DoubleUp+1"],"relics":["Runesmith:BrokenRuby","Nunchaku","Grinning Jar","Lantern","hubris:Backtick","Replay:Kaleidoscope","theJungle:Creamberry","Peace Pipe"],"acts_visited":["Exordium","Exordium"],"potions_floor_usage":[8,18,23,23,24],"damage_taken":[{"damage":4,"enemies":"Jaw Worm","floor":1,"turns":4},{"damage":0,"enemies":"Small Slimes","floor":3,"turns":6},{"damage":12,"enemies":"Cultist","floor":6,"turns":6},{"damage":6,"enemies":"HollowMod:MossKnight","floor":8,"turns":12},{"damage":21,"enemies":"Exordium Thugs","floor":11,"turns":6},{"damage":2,"enemies":"Blue Slaver","floor":14,"turns":3},{"damage":21,"enemies":"The Guardian","floor":16,"turns":10},{"damage":18,"enemies":"theJungle:GiantWrat","floor":18,"turns":8},{"damage":16,"enemies":"Shell Parasite","floor":21,"turns":6},{"damage":17,"enemies":"Nightmare","floor":23,"turns":11},{"damage":28,"enemies":"theJungle:2_Snecko_Cultists","floor":24,"turns":2}],"seed_played":"4570108865944667633","potions_obtained":[{"floor":1,"key":"AttackPotion"},{"floor":3,"key":"Energy Potion"},{"floor":8,"key":"Energy Potion"},{"floor":21,"key":"Swift Potion"},{"floor":23,"key":"Ancient Potion"}],"is_trial":false,"path_per_floor":["M","?","M","?","$","M","R","E","T","R","M","?","R","M","R","B",null,"M","?","?","M","$","NM","M"],"character_chosen":"RUNESMITH_CLASS","items_purchased":["Runesmith:Permafrost","Runesmith:Empowerment"],"campfire_rested":3,"item_purchase_floors":[5,22],"current_hp_per_floor":[66,70,70,58,58,46,67,61,61,61,40,40,61,59,70,49,70,52,52,52,36,36,19,0,0],"gold":77,"neow_bonus":"THREE_RARE_CARDS","is_daily":false,"chose_seed":false,"campfire_upgraded":1,"win_rate":0.0,"timestamp":1609659071,"path_taken":["M","?","M","?","?","M","R","E","T","R","?","?","R","M","R","BOSS","M","?","?","M","?","NM","M"],"items_purchased_type":["Card","Card"],"build_version":"2020-12-22","purchased_purges":0,"victory":false,"max_hp_per_floor":[70,70,70,70,70,70,70,70,70,70,70,70,70,70,70,70,70,70,70,70,70,70,70,70,70],"card_choices":[{"not_picked":["Runesmith:FissionHammer","Runesmith:LastStand"],"picked":"Runesmith:Duplicate","floor":0},{"not_picked":["Runesmith:Augment","Runesmith:EnergizedChisel"],"picked":"Runesmith:CraftProtectio","floor":1},{"not_picked":["Runesmith:NegativeSpace","Runesmith:StaticCage"],"picked":"Runesmith:HeatedChisel","floor":3},{"not_picked":["Runesmith:Overpower","Runesmith:Prism"],"picked":"Runesmith:CraftObretio","floor":6},{"not_picked":["Runesmith:EarthShield","Runesmith:ChargedHammer"],"picked":"Runesmith:ChiselStab","floor":8},{"not_picked":["Runesmith:FieryHammer","Runesmith:StaticCage"],"picked":"Runesmith:CraftIncendium","floor":11},{"not_picked":["Runesmith:ChiselStab","Runesmith:Overpower"],"picked":"Runesmith:HeatExchange","floor":14},{"not_picked":["Runesmith:ReplicatingBarrier","Runesmith:CreatorForm"],"picked":"Runesmith:ArcReactor","floor":16},{"not_picked":["Runesmith:HammerThrow","Runesmith:ElementalConversion+1"],"picked":"Runesmith:ShiftingStrike","floor":18},{"not_picked":["Runesmith:Grindstone","Runesmith:PoweredAnvil+1"],"picked":"Runesmith:GoWithTheFlow+1","floor":21},{"not_picked":["Runesmith:ShiftingStrike","Runesmith:ChargedHammer+1"],"picked":"Runesmith:DoubleUp+1","floor":23}],"player_experience":127167,"relics_obtained":[{"floor":8,"key":"Grinning Jar"},{"floor":9,"key":"Lantern"},{"floor":23,"key":"Peace Pipe"}],"event_choices":[{"damage_healed":0,"gold_gain":0,"player_choice":"Success","damage_taken":12,"relics_obtained":["Nunchaku"],"max_hp_gain":0,"max_hp_loss":0,"event_name":"Scrap Ooze","floor":4,"gold_loss":0},{"damage_healed":0,"gold_gain":0,"player_choice":"Ignored","damage_taken":0,"max_hp_gain":0,"max_hp_loss":0,"event_name":"betterNote:BetterNote","floor":19,"gold_loss":0,"cards_obtained":["HollowMod:SharpenedNail"]}],"is_beta":false,"boss_relics":[{"not_picked":["Sozu","aspiration:RitualDagger"],"picked":"hubris:Backtick"}],"items_purged_floors":[],"is_endless":true,"potions_floor_spawned":[1,3,8,21,23],"killed_by":"theJungle:2_Snecko_Cultists","ascension_level":0}}