{"host":"8srk5r1dwtmjotwd","time":1609641063,"event":{"mods":["AchievementEnabler","Act Like it!","BaseMod","Beaked The Cultist","Bestiary","Better Note","Better Third Choice","Colored Map","Colored Powertips","Friendly Minions","GifTheSpireLib","Halation","Hallownest","Hermit","Hubris","Minty Spire (QoL Compilation)","Quick Restart","Rare Cards Sparkle","Replay The Spire","Robot Space Explorer","Shop Mod","StSLib","SuperFastMode","Synergy Search","The Bug Knight","The Construct","The Jungle","TheArtist","Thieving Mod","Yohane!","everything is the same but u backflip on backflip","slay the spire mod where everything is the same but ironclad has a cowboy hat"],"gold_per_floor":[113,113,113,123,133,133,150,150,228,239,257,257,267,287,287,391,391,404,404,404],"floor_reached":19,"playtime":1505,"items_purged":[],"score":163,"play_id":"b8814c79-2422-446b-901d-3de2a5d9d8fa","local_time":"20210102213103","is_ascension_mode":false,"campfire_choices":[{"data":"RobotSpaceExplorer:Asteroid","floor":6,"key":"SMITH"},{"data":"RobotSpaceExplorer:DoubleFind","floor":8,"key":"SMITH"},{"data":"RobotSpaceExplorer:MiniBoosters","floor":12,"key":"SMITH"},{"floor":15,"key":"REST"}],"circlet_count":0,"master_deck":["RobotSpaceExplorer:Strike","RobotSpaceExplorer:Strike","RobotSpaceExplorer:Strike","RobotSpaceExplorer:Defend","RobotSpaceExplorer:Defend","RobotSpaceExplorer:Defend","RobotSpaceExplorer:Defend","RobotSpaceExplorer:Scan","RobotSpaceExplorer:MiniLasers","RobotSpaceExplorer:PlasmaMissile","Dropkick","RobotSpaceExplorer:Asteroid+1","RobotSpaceExplorer:Pulsar","RobotSpaceExplorer:MiniBoosters+1","RobotSpaceExplorer:DoubleFind+1","RobotSpaceExplorer:LuckyStrike","RobotSpaceExplorer:DoubleBlock","RobotSpaceExplorer:ShovelStrike","RobotSpaceExplorer:JunkDive","RobotSpaceExplorer:Arsenal","RobotSpaceExplorer:Probe+1"],"relics":["RobotSpaceExplorer:TurboCore","Replay:Rubber Ducky","Bottled Flame"],"acts_visited":["Exordium","TheCity"],"potions_floor_usage":[16,16,19,19],"damage_taken":[{"damage":2,"enemies":"Jaw Worm","floor":1,"turns":4},{"damage":3,"enemies":"Small Slimes","floor":4,"turns":2},{"damage":0,"enemies":"Cultist","floor":5,"turns":3},{"damage":6,"enemies":"3 Louse","floor":7,"turns":3},{"damage":0,"enemies":"Large Slime","floor":10,"turns":4},{"damage":8,"enemies":"Exordium Thugs","floor":11,"turns":3},{"damage":0,"enemies":"2 Fungi Beasts","floor":13,"turns":2},{"damage":9,"enemies":"3 Louse","floor":14,"turns":3},{"damage":3,"enemies":"The Guardian","floor":16,"turns":12},{"damage":0,"enemies":"Spheric Guardian","floor":18,"turns":2},{"damage":85,"enemies":"hubris:Merchant","floor":19,"turns":5}],"seed_played":"5992206480614408483","potions_obtained":[{"floor":4,"key":"Ancient Potion"},{"floor":5,"key":"Adrenaline Potion"},{"floor":13,"key":"Strength Potion"},{"floor":16,"key":"PowerPotion"},{"floor":18,"key":"Strength Potion"}],"is_trial":false,"path_per_floor":["M","?","?","M","M","R","M","R","T","M","M","R","M","M","R","B",null,"M","$"],"character_chosen":"RobotSpaceExplorer","items_purchased":[],"campfire_rested":1,"item_purchase_floors":[],"current_hp_per_floor":[80,64,64,61,61,61,55,55,55,55,47,47,47,38,62,59,82,82,0,0],"gold":404,"neow_bonus":"TEN_PERCENT_HP_BONUS","is_daily":false,"chose_seed":false,"campfire_upgraded":3,"win_rate":0.0,"timestamp":1609641063,"path_taken":["M","?","?","M","?","R","M","R","T","M","M","R","M","M","R","BOSS","M","$"],"items_purchased_type":[],"build_version":"2020-12-22","purchased_purges":0,"victory":false,"max_hp_per_floor":[82,82,82,82,82,82,82,82,82,82,82,82,82,82,82,82,82,82,82,82],"card_choices":[{"not_picked":["RobotSpaceExplorer:StunGrenade","RobotSpaceExplorer:FrostMissile"],"picked":"RobotSpaceExplorer:PlasmaMissile","floor":1},{"not_picked":["RobotSpaceExplorer:SwiftStep","RobotSpaceExplorer:GlueSpray"],"picked":"RobotSpaceExplorer:Pulsar","floor":4},{"not_picked":["RobotSpaceExplorer:FrostMissile","RobotSpaceExplorer:Counterblock"],"picked":"RobotSpaceExplorer:MiniBoosters","floor":5},{"not_picked":["RobotSpaceExplorer:DualCore","RobotSpaceExplorer:ScrapShield"],"picked":"RobotSpaceExplorer:DoubleFind","floor":7},{"not_picked":["RobotSpaceExplorer:Jetpack","RobotSpaceExplorer:FreezeRay"],"picked":"RobotSpaceExplorer:LuckyStrike","floor":10},{"not_picked":["RobotSpaceExplorer:FrostMissile","RobotSpaceExplorer:SwiftStep"],"picked":"RobotSpaceExplorer:DoubleBlock","floor":11},{"not_picked":["RobotSpaceExplorer:MetalStrike","RobotSpaceExplorer:Comet"],"picked":"RobotSpaceExplorer:ShovelStrike","floor":13},{"not_picked":["RobotSpaceExplorer:DualCore","RobotSpaceExplorer:FranticSearch"],"picked":"RobotSpaceExplorer:JunkDive","floor":14},{"not_picked":["RobotSpaceExplorer:Blaster","RobotSpaceExplorer:ShockMissile"],"picked":"RobotSpaceExplorer:Arsenal","floor":16},{"not_picked":["RobotSpaceExplorer:MiniDrones","RobotSpaceExplorer:GlueSpray+1"],"picked":"RobotSpaceExplorer:Probe+1","floor":18}],"player_experience":42973,"relics_obtained":[{"floor":9,"key":"Bottled Flame"}],"event_choices":[{"damage_healed":0,"gold_gain":0,"cards_transformed":["RobotSpaceExplorer:Strike"],"player_choice":"Transformed","damage_taken":0,"max_hp_gain":0,"max_hp_loss":0,"event_name":"Transmorgrifier","floor":3,"gold_loss":0,"cards_obtained":["RobotSpaceExplorer:Asteroid"]}],"is_beta":false,"boss_relics":[{"not_picked":["halation:MonkeysPaw","hubris:HollowSoul"],"picked":"RobotSpaceExplorer:TurboCore"}],"items_purged_floors":[],"is_endless":false,"potions_floor_spawned":[4,5,13,16,18],"killed_by":"hubris:Merchant","ascension_level":0}}