{"host":"appz8zkad29u9482","time":1609636191,"event":{"mods":["2.2 Compatiblity","Act Like it!","Aspiration","BaseMod","Beaked The Cultist","Better Altar","Better Match","Better Note","Better Skull","Better Third Choice","BetterRewards","CapriCore","Conspire","Disable Question Mark Monsters","Energized Spire","Gensokyo","GifTheSpireLib","Gold Saver","Halation","Hermit","Hubris","Infinite Spire","Jedi Mod","Jorbs\u0027s Wanderer Trilogy","Koishi","Marisa????????","Minty Spire (QoL Compilation)","Permanent Neow","Reimu??????","Replay The Spire","Spicy Shops","StSLib","Strawberry Spire","Stuff the Spire","The Administrix","The Cursed","The Hierophant","The Immortal","The Marked","The Servant 0.9.4","yUi"],"gold_per_floor":[833,833,783,801,801,801,830,830,879,284,296,296,296,314,314,410,410,426,447,447,459,429,456,456,482,509,509,578,503,526,558,558,663,663,663],"floor_reached":34,"playtime":2753,"items_purged":["Injury"],"score":506,"play_id":"e481eb86-abe1-4145-a32c-d5c8a3e77be4","local_time":"20210102150951","is_ascension_mode":false,"campfire_choices":[{"data":"stsjorbsmod:IvoryTower","floor":6,"key":"SMITH"},{"data":"stsjorbsmod:Prestidigitation","floor":8,"key":"SMITH"},{"floor":13,"key":"RECALL"},{"data":"stsjorbsmod:Rediscovery","floor":24,"key":"SMITH"},{"data":"stsjorbsmod:BookOfTongues","floor":27,"key":"SMITH"}],"circlet_count":0,"master_deck":["stsjorbsmod:ForbiddenGrimoire+1","stsjorbsmod:Strike_Wanderer","stsjorbsmod:Defend_Wanderer","stsjorbsmod:Defend_Wanderer+1","stsjorbsmod:Defend_Wanderer","stsjorbsmod:Defend_Wanderer+1","stsjorbsmod:FreshAdventure","stsjorbsmod:EyeOfTheStorm+1","stsjorbsmod:Prepare","stsjorbsmod:Prestidigitation+1","stsjorbsmod:FranticSearch+1","stsjorbsmod:WanderingMind+1","stsjorbsmod:Counterspell+1","stsjorbsmod:Message+1","stsjorbsmod:DoubleCheck+1","Regret","stsjorbsmod:Determination+1","stsjorbsmod:FindFamiliar","stsjorbsmod:DisguiseSelf+1","stsjorbsmod:BookOfTongues+1","stsjorbsmod:Rediscovery+1","stsjorbsmod:HedgeWizard+1","hubris:DuctTapeCard","stsjorbsmod:Aid+1","stsjorbsmod:Trauma+1","stsjorbsmod:GatherPower+1"],"relics":["stsjorbsmod:GrimoireRelic","halation:EternalFortune","Toxic Egg 2","Replay:Bottled Flurry","RuthlessExorcism:ReiMu","Juzu Bracelet","conspire:DecoderRing","StuffTheSpire:RedRose","strawberrySpire:Dictionifier","Nloth\u0027s Gift","Mastiff:ReiMu","Golden Egg","halation:IllGainedPizza","hubris:DuctTape","hubris:AstralHammer","Busted Crown"],"acts_visited":["Exordium","TheCity"],"potions_floor_usage":[16,18,23,23,23,31,33,33],"damage_taken":[{"damage":0,"enemies":"conspire:RoseBush","floor":1,"turns":4},{"damage":2,"enemies":"2 Louse","floor":4,"turns":2},{"damage":22,"enemies":"3 Sentries","floor":7,"turns":6},{"damage":0,"enemies":"Small Slimes","floor":11,"turns":2},{"damage":0,"enemies":"conspire:2 RoseBushes","floor":14,"turns":3},{"damage":30,"enemies":"The Guardian","floor":16,"turns":9},{"damage":15,"enemies":"2 Thieves","floor":18,"turns":3},{"damage":19,"enemies":"Shell Parasite","floor":19,"turns":3},{"damage":22,"enemies":"Snake Plant","floor":21,"turns":3},{"damage":1,"enemies":"Nightmare","floor":23,"turns":7},{"damage":11,"enemies":"Replay:Snechameleon","floor":25,"turns":5},{"damage":3,"enemies":"Sentry and Sphere","floor":30,"turns":4},{"damage":0,"enemies":"conspire:Head Lice","floor":31,"turns":4},{"damage":21,"enemies":"conspire:MysteriousRune","floor":33,"turns":6}],"seed_played":"1080878324766366253","potions_obtained":[{"floor":4,"key":"Elixir"},{"floor":11,"key":"Weak Potion"},{"floor":18,"key":"SkillPotion"},{"floor":22,"key":"GamblersBrew"},{"floor":22,"key":"SkillPotion"},{"floor":23,"key":"Strength Potion"},{"floor":25,"key":"Swift Potion"},{"floor":31,"key":"PowerPotion"}],"is_trial":false,"path_per_floor":["M","?","?","M","?","R","E","R","T","$","M","?","R","M","R","B",null,"M","M","?","M","?","NM","R","E","T","R","T","?","M","E","R","B",null],"character_chosen":"WANDERER","items_purchased":["stsjorbsmod:WanderingMind+1","Juzu Bracelet","conspire:DecoderRing","strawberrySpire:GlyphStone"],"campfire_rested":0,"item_purchase_floors":[10,10,10,10],"current_hp_per_floor":[68,71,71,70,70,70,49,49,49,49,50,57,57,61,61,31,71,58,42,42,22,22,26,26,19,19,19,19,19,20,28,28,7,7,7],"gold":663,"neow_bonus":"ONE_RANDOM_RARE_CARD","is_daily":false,"chose_seed":false,"campfire_upgraded":4,"win_rate":0.0,"timestamp":1609636191,"path_taken":["M","?","?","M","?","R","E","R","T","$","M","?","R","M","R","BOSS","M","M","?","M","?","NM","R","E","T","R","?","?","M","E","R","BOSS"],"items_purchased_type":["Card","Relic","Relic","Relic"],"build_version":"2020-12-22","purchased_purges":1,"victory":false,"max_hp_per_floor":[68,71,71,71,71,71,71,71,71,71,71,71,71,71,71,71,71,71,71,71,71,71,71,71,71,71,71,71,71,71,73,73,73,73,73],"card_choices":[{"not_picked":["stsjorbsmod:Will","stsjorbsmod:SchoolsOfMagic"],"picked":"stsjorbsmod:Prepare","floor":1},{"not_picked":["stsjorbsmod:Hurt","stsjorbsmod:TollTheDead"],"picked":"stsjorbsmod:Prestidigitation","floor":4},{"not_picked":["stsjorbsmod:UnseenServant+1","stsjorbsmod:Will+1"],"picked":"stsjorbsmod:FranticSearch+1","floor":7},{"not_picked":["stsjorbsmod:Prestidigitation","stsjorbsmod:Firebolt"],"picked":"stsjorbsmod:Message+1","floor":11},{"not_picked":["stsjorbsmod:Counterspell+1","stsjorbsmod:ColorSpray"],"picked":"stsjorbsmod:DoubleCheck+1","floor":14},{"not_picked":["stsjorbsmod:Feast+1","stsjorbsmod:ThirstingSword"],"picked":"stsjorbsmod:Determination+1","floor":16},{"not_picked":["stsjorbsmod:MistyStep+1","stsjorbsmod:Message+1"],"picked":"stsjorbsmod:FindFamiliar","floor":18},{"not_picked":["stsjorbsmod:TrueStrike","stsjorbsmod:ChainLightning"],"picked":"stsjorbsmod:DisguiseSelf+1","floor":19},{"not_picked":["stsjorbsmod:FaerieFire+1","stsjorbsmod:DoubleCheck+1"],"picked":"stsjorbsmod:BookOfTongues","floor":21},{"not_picked":["stsjorbsmod:SmithingStrike","stsjorbsmod:FlameWard+1"],"picked":"stsjorbsmod:Rediscovery","floor":23},{"not_picked":["stsjorbsmod:Index+1","stsjorbsmod:ColorSpray"],"picked":"stsjorbsmod:HedgeWizard+1","floor":25},{"not_picked":["stsjorbsmod:Index+1","stsjorbsmod:Prepare+1"],"picked":"stsjorbsmod:Aid+1","floor":30},{"not_picked":["stsjorbsmod:DeathThroes","stsjorbsmod:IvoryTower+1"],"picked":"stsjorbsmod:Trauma","floor":31},{"not_picked":["stsjorbsmod:HoldMonster+1","stsjorbsmod:Entangle"],"picked":"stsjorbsmod:GatherPower+1","floor":33}],"player_experience":419826,"relics_obtained":[{"floor":7,"key":"Replay:Bottled Flurry"},{"floor":9,"key":"RuthlessExorcism:ReiMu"},{"floor":23,"key":"Mastiff:ReiMu"},{"floor":25,"key":"Golden Egg"},{"floor":26,"key":"halation:IllGainedPizza"},{"floor":28,"key":"hubris:DuctTape"},{"floor":31,"key":"hubris:AstralHammer"}],"event_choices":[{"cards_removed":["stsjorbsmod:Strike_Wanderer"],"damage_healed":0,"gold_gain":0,"player_choice":"Card Removal","damage_taken":0,"max_hp_gain":0,"max_hp_loss":0,"event_name":"The Cleric","floor":3,"gold_loss":50},{"damage_healed":0,"gold_gain":0,"player_choice":"Traded Relic","damage_taken":0,"relics_obtained":["Nloth\u0027s Gift"],"max_hp_gain":0,"max_hp_loss":0,"event_name":"N\u0027loth","floor":20,"relics_lost":["strawberrySpire:GlyphStone"],"gold_loss":0},{"damage_healed":0,"gold_gain":0,"player_choice":"Bought 2 Potions","damage_taken":0,"max_hp_gain":0,"max_hp_loss":0,"event_name":"The Woman in Blue","floor":22,"gold_loss":0},{"damage_healed":0,"gold_gain":0,"player_choice":"2","damage_taken":0,"max_hp_gain":0,"max_hp_loss":0,"event_name":"betterMatch:BetterMatch","floor":29,"gold_loss":0,"cards_obtained":[]},{"damage_healed":0,"gold_gain":0,"player_choice":"Ignored","damage_taken":0,"max_hp_gain":0,"max_hp_loss":0,"event_name":"Ghosts","floor":32,"gold_loss":0}],"is_beta":false,"boss_relics":[{"not_picked":["Runic Dome","Tiny House"],"picked":"strawberrySpire:Dictionifier"},{"not_picked":["hubris:ScarierMask","halation:PlatinumPhoenix"],"picked":"Busted Crown"}],"items_purged_floors":[10],"is_endless":true,"potions_floor_spawned":[4,11,18,23,25,31],"ascension_level":0}}