{"host":"yn1175etg9ni8l0q","time":1609692855,"event":{"mods":["AchievementEnabler","BaseMod","Colored Map","Colored Powertips","DeckTracker","Minty Spire (QoL Compilation)","Rare Cards Sparkle","Relic Stats","SuperFastMode","everything is the same but u backflip on backflip"],"gold_per_floor":[116,132,132,132,151,151,214,214,214,225,225,239,249,264,264,364,364,375,300,318,233,88,88,105,105,105,125,125,125],"floor_reached":28,"playtime":1159,"items_purged":["Strike_G"],"score":212,"play_id":"444feeee-d436-4846-8943-1b86aaf881e8","local_time":"20210104015415","is_ascension_mode":false,"campfire_choices":[{"data":"Blade Dance","floor":6.0,"key":"SMITH"},{"data":"Neutralize","floor":8.0,"key":"SMITH"},{"floor":15.0,"key":"REST"},{"data":"Cloak And Dagger","floor":23,"key":"SMITH"},{"data":"Calculated Gamble","floor":25,"key":"SMITH"}],"circlet_count":0,"master_deck":["Strike_G","Strike_G","Strike_G","Defend_G","Defend_G","Defend_G","Defend_G","Defend_G+1","Survivor","Neutralize+1","Night Terror","Dagger Throw","Blade Dance+1","Choke","Blade Dance","Blade Dance","Backflip+1","Cloak And Dagger+1","Corpse Explosion","Footwork+1","Calculated Gamble+1","Eviscerate"],"relics":["Ring of the Snake","Oddly Smooth Stone","Sundial","Black Star","War Paint","ClockworkSouvenir","White Beast Statue"],"acts_visited":["Exordium","TheCity"],"potions_floor_usage":[],"damage_taken":[{"damage":3.0,"enemies":"2 Louse","floor":1.0,"turns":3.0},{"damage":1.0,"enemies":"Cultist","floor":2.0,"turns":4.0},{"damage":1.0,"enemies":"Jaw Worm","floor":5.0,"turns":4.0},{"damage":43.0,"enemies":"Lagavulin Event","floor":7.0,"turns":11.0},{"damage":4.0,"enemies":"3 Louse","floor":10.0,"turns":3.0},{"damage":0.0,"enemies":"Red Slaver","floor":12.0,"turns":2.0},{"damage":0.0,"enemies":"2 Fungi Beasts","floor":13.0,"turns":2.0},{"damage":0.0,"enemies":"3 Louse","floor":14.0,"turns":2.0},{"damage":15.0,"enemies":"Slime Boss","floor":16.0,"turns":8.0},{"damage":4.0,"enemies":"Spheric Guardian","floor":18.0,"turns":4.0},{"damage":14,"enemies":"Chosen","floor":20,"turns":6},{"damage":2,"enemies":"Snecko","floor":24,"turns":6},{"damage":33,"enemies":"3 Cultists","floor":27,"turns":7},{"damage":28,"enemies":"Sentry and Sphere","floor":28,"turns":5}],"seed_played":"-7895922607388784664","potions_obtained":[{"floor":5.0,"key":"Dexterity Potion"},{"floor":7.0,"key":"DistilledChaos"},{"floor":13.0,"key":"BlessingOfTheForge"},{"floor":18.0,"key":"Dexterity Potion"},{"floor":24,"key":"Energy Potion"}],"is_trial":false,"path_per_floor":["M","M","?","?","M","R","?","R","T","M","?","M","M","M","R","B",null,"M","$","M","?","$","R","M","R","T","M","M"],"character_chosen":"THE_SILENT","items_purchased":["ClockworkSouvenir"],"campfire_rested":1,"item_purchase_floors":[22],"current_hp_per_floor":[67,66,59,64,63,63,20,20,20,16,16,16,16,16,38,23,75,71,71,57,57,57,57,55,55,55,22,0,0],"gold":125,"neow_bonus":"ONE_RANDOM_RARE_CARD","is_daily":false,"chose_seed":false,"campfire_upgraded":4,"win_rate":0.0,"timestamp":1609692855,"path_taken":["M","M","?","?","M","R","?","R","T","M","?","?","M","M","R","BOSS","M","$","M","?","$","R","M","R","T","M","M"],"items_purchased_type":["Relic"],"build_version":"2020-12-22","purchased_purges":1,"victory":false,"max_hp_per_floor":[70,70,70,75,75,75,75,75,75,75,75,75,75,75,75,75,75,75,75,75,75,75,75,75,75,75,75,75,75],"relic_stats":{"counters":[14,67],"Sundial":[6],"Black Star":0,"War Paint":["Backflip","Defend_G"],"obtain_stats":[{"Sundial":9,"Oddly Smooth Stone":7,"Black Star":17,"War Paint":21,"White Beast Statue":26,"Ring of the Snake":0,"ClockworkSouvenir":22},{"Sundial":4,"Oddly Smooth Stone":4,"Black Star":9,"War Paint":11,"White Beast Statue":12,"Ring of the Snake":0,"ClockworkSouvenir":11},{"Sundial":22,"Oddly Smooth Stone":22,"Black Star":39,"War Paint":49,"White Beast Statue":55,"Ring of the Snake":0,"ClockworkSouvenir":49}],"Ring of the Snake":[28]},"card_choices":[{"not_picked":["Prepared","Backflip"],"picked":"Dagger Throw","floor":1.0},{"not_picked":["Sucker Punch","Deadly Poison","Bane"],"picked":"SKIP","floor":2.0},{"not_picked":["Dagger Throw","Outmaneuver"],"picked":"Blade Dance","floor":5.0},{"not_picked":["Infinite Blades","Prepared"],"picked":"Choke","floor":7.0},{"not_picked":["Deflect","Calculated Gamble"],"picked":"Blade Dance","floor":10.0},{"not_picked":["Masterful Stab","Outmaneuver"],"picked":"Blade Dance","floor":12.0},{"not_picked":["Infinite Blades","Skewer"],"picked":"Backflip","floor":13.0},{"not_picked":["Bane","Tactician"],"picked":"Cloak And Dagger","floor":14.0},{"not_picked":["Unload","Night Terror"],"picked":"Corpse Explosion","floor":16.0},{"not_picked":["Blur","Cloak And Dagger+1"],"picked":"Footwork+1","floor":18.0},{"not_picked":["Underhanded Strike","Outmaneuver","Dagger Throw"],"picked":"SKIP","floor":20},{"not_picked":["Storm of Steel","Sucker Punch"],"picked":"Calculated Gamble","floor":24},{"not_picked":["Poisoned Stab","Bouncing Flask"],"picked":"Eviscerate","floor":27}],"player_experience":299012,"relics_obtained":[{"floor":7.0,"key":"Oddly Smooth Stone"},{"floor":9.0,"key":"Sundial"},{"floor":26,"key":"White Beast Statue"}],"event_choices":[{"cards_removed":["Strike_G"],"damage_healed":0.0,"max_hp_gain":0.0,"max_hp_loss":0.0,"gold_gain":0.0,"event_name":"Golden Wing","player_choice":"Card Removal","floor":3.0,"gold_loss":0.0,"damage_taken":7.0},{"damage_healed":0.0,"max_hp_gain":5.0,"max_hp_loss":0.0,"gold_gain":0.0,"event_name":"Big Fish","player_choice":"Donut","floor":4.0,"gold_loss":0.0,"damage_taken":0.0},{"damage_healed":0.0,"max_hp_gain":0.0,"max_hp_loss":0.0,"gold_gain":0.0,"event_name":"Dead Adventurer","player_choice":"Searched \u00271\u0027 times","floor":7.0,"gold_loss":0.0,"damage_taken":0.0},{"damage_healed":0.0,"max_hp_gain":0.0,"max_hp_loss":0.0,"gold_gain":0.0,"event_name":"Match and Keep!","player_choice":"0 cards matched","floor":11.0,"gold_loss":0.0,"damage_taken":0.0,"cards_obtained":[]},{"damage_healed":0,"gold_gain":0,"player_choice":"Obtained Relic","damage_taken":0,"relics_obtained":["War Paint"],"max_hp_gain":0,"max_hp_loss":0,"event_name":"Addict","floor":21,"gold_loss":85}],"is_beta":false,"boss_relics":[{"not_picked":["Cursed Key","Runic Dome"],"picked":"Black Star"}],"items_purged_floors":[19],"is_endless":false,"potions_floor_spawned":[5,7,13,18,24,27],"killed_by":"Sentry and Sphere","ascension_level":0}}