{"host":"tl8jdqk9pnwb74j1","time":1609681442,"event":{"mods":["BaseMod","BetterRewards","Custom Start","Minty Spire (QoL Compilation)","Shop Mod","StSLib","SuperFastMode"],"gold_per_floor":[109,284,284,298,309,309,309,309,309],"floor_reached":8,"playtime":115,"items_purged":[],"score":46,"play_id":"55c2ce42-2c70-495b-9038-c364023f59bd","local_time":"20210103214402","is_ascension_mode":false,"campfire_choices":[{"data":"Escape Plan","floor":6,"key":"SMITH"}],"circlet_count":0,"master_deck":["Strike_G","Strike_G","Strike_G","Strike_G","Strike_G","Defend_G","Defend_G","Defend_G","Defend_G","Defend_G","Survivor","Neutralize","Footwork","Doubt","Escape Plan+1"],"relics":["Ring of the Snake","NeowsBlessing"],"acts_visited":["Exordium"],"potions_floor_usage":[],"damage_taken":[{"damage":0,"enemies":"2 Louse","floor":1,"turns":1},{"damage":0,"enemies":"Jaw Worm","floor":4,"turns":1},{"damage":0,"enemies":"Cultist","floor":5,"turns":1},{"damage":83,"enemies":"Gremlin Nob","floor":8,"turns":7}],"seed_played":"4284855566974882958","potions_obtained":[{"floor":4,"key":"Energy Potion"},{"floor":5,"key":"EntropicBrew"}],"is_trial":false,"path_per_floor":["M","?","?","M","M","R","?","E"],"character_chosen":"THE_SILENT","items_purchased":[],"campfire_rested":0,"item_purchase_floors":[],"current_hp_per_floor":[70,70,75,75,75,75,75,0,0],"gold":309,"neow_bonus":"THREE_ENEMY_KILL","is_daily":false,"chose_seed":false,"campfire_upgraded":1,"win_rate":0.0,"timestamp":1609681442,"path_taken":["M","?","?","M","M","R","?","E"],"items_purchased_type":[],"build_version":"2020-12-22","purchased_purges":0,"victory":false,"max_hp_per_floor":[70,70,75,75,75,75,75,75,75],"card_choices":[{"not_picked":["Dodge and Roll","Accuracy"],"picked":"Footwork","floor":1},{"not_picked":["Cloak And Dagger","Reflex"],"picked":"Escape Plan","floor":4},{"not_picked":["Flying Knee","Bane","Sucker Punch"],"picked":"SKIP","floor":5}],"player_experience":966039,"relics_obtained":[],"event_choices":[{"damage_healed":0,"gold_gain":175,"player_choice":"AGREE","damage_taken":0,"max_hp_gain":0,"max_hp_loss":0,"event_name":"Liars Game","floor":2,"gold_loss":0,"cards_obtained":["Doubt"]},{"damage_healed":0,"gold_gain":0,"player_choice":"Donut","damage_taken":0,"max_hp_gain":5,"max_hp_loss":0,"event_name":"Big Fish","floor":3,"gold_loss":0},{"damage_healed":0,"gold_gain":0,"player_choice":"Bought 0 Potions","damage_taken":0,"max_hp_gain":0,"max_hp_loss":0,"event_name":"The Woman in Blue","floor":7,"gold_loss":0}],"is_beta":false,"boss_relics":[],"items_purged_floors":[],"is_endless":false,"potions_floor_spawned":[4,5],"killed_by":"Gremlin Nob","ascension_level":0}}