{"host":"ftkwaqka4srqnjt4","time":1609697815,"event":{"mods":["AchievementEnabler","BaseMod","Downfall","Minty Spire (QoL Compilation)","Permanent Neow","Relic Stats","StSLib"],"gold_per_floor":[16,36,53,65,65,65,96,96,96,43,43,43,72,87,87,87,87],"floor_reached":16,"playtime":500,"items_purged":[],"score":154,"play_id":"7e89886d-f196-4700-8755-2af04710cd21","local_time":"20210103191655","is_ascension_mode":true,"campfire_choices":[{"floor":6,"key":"REST"},{"floor":12,"key":"REST"},{"floor":15,"key":"REST"}],"circlet_count":0,"master_deck":["Strike_R","Strike_R","Strike_R","Strike_R","Defend_R","Defend_R","Defend_R","Defend_R","Bash","Offering","Dropkick","Bloodletting","Sword Boomerang","Thunderclap","Cleave","Battle Trance"],"relics":["Burning Blood","Sundial","Singing Bowl","StrikeDummy","Ornamental Fan"],"acts_visited":["Exordium"],"potions_floor_usage":[8],"damage_taken":[{"damage":10,"enemies":"2 Louse","floor":1,"turns":2},{"damage":14,"enemies":"Small Slimes","floor":2,"turns":4},{"damage":2,"enemies":"Jaw Worm","floor":3,"turns":3},{"damage":21,"enemies":"2 Fungi Beasts","floor":4,"turns":3},{"damage":65,"enemies":"3 Sentries","floor":7,"turns":10},{"damage":0,"enemies":"The Mushroom Lair","floor":8,"turns":1},{"damage":29,"enemies":"Gremlin Nob","floor":13,"turns":4},{"damage":12,"enemies":"Looter","floor":14,"turns":3},{"damage":38,"enemies":"Hexaghost","floor":16,"turns":7}],"seed_played":"8724696427234402459","potions_obtained":[{"floor":1,"key":"SmokeBomb"}],"is_trial":false,"path_per_floor":["M","M","M","M","?","R","E","?","T","$","?","R","E","M","R","B"],"character_chosen":"IRONCLAD","items_purchased":["Cleave"],"campfire_rested":3,"item_purchase_floors":[10],"current_hp_per_floor":[68,60,64,49,42,66,7,13,13,13,10,34,13,7,31,0,0],"gold":87,"neow_bonus":"THREE_RARE_CARDS","is_daily":false,"chose_seed":false,"campfire_upgraded":0,"win_rate":0.0,"timestamp":1609697815,"path_taken":["M","M","M","M","?","R","E","?","T","$","?","R","E","M","R","BOSS"],"items_purchased_type":["Card"],"build_version":"2020-12-22","purchased_purges":0,"victory":false,"max_hp_per_floor":[80,80,80,80,80,80,80,80,80,80,80,80,82,82,82,82,82],"relic_stats":{"Singing Bowl":2,"counters":[9,37],"Sundial":[2],"Ornamental Fan":[12],"obtain_stats":[{"Singing Bowl":9,"Sundial":7,"Ornamental Fan":13,"StrikeDummy":11,"Burning Blood":0},{"Singing Bowl":6,"Sundial":5,"Ornamental Fan":7,"StrikeDummy":6,"Burning Blood":0},{"Singing Bowl":23,"Sundial":22,"Ornamental Fan":27,"StrikeDummy":23,"Burning Blood":0}],"Burning Blood":48},"card_choices":[{"not_picked":["Double Tap","Reaper"],"picked":"Offering","floor":0},{"not_picked":["Metallicize","Body Slam"],"picked":"Dropkick","floor":1},{"not_picked":["Dropkick","Shrug It Off"],"picked":"Bloodletting","floor":2},{"not_picked":["Wild Strike","Uppercut"],"picked":"Sword Boomerang","floor":3},{"not_picked":["Clash","Twin Strike","Dark Embrace"],"picked":"SKIP","floor":4},{"not_picked":["Clothesline","True Grit"],"picked":"Thunderclap","floor":7},{"not_picked":["Entrench","Perfected Strike","Wild Strike"],"picked":"Singing Bowl","floor":13},{"not_picked":["Heavy Blade","Clothesline"],"picked":"Battle Trance","floor":14}],"player_experience":545740,"relics_obtained":[{"floor":7,"key":"Sundial"},{"floor":9,"key":"Singing Bowl"},{"floor":13,"key":"Ornamental Fan"}],"event_choices":[{"cards_removed":["Strike_R"],"damage_healed":0,"gold_gain":0,"player_choice":"Card Removal","damage_taken":7,"max_hp_gain":0,"max_hp_loss":0,"event_name":"Golden Wing","floor":5,"gold_loss":0},{"damage_healed":0,"gold_gain":0,"player_choice":"Fought Mushrooms","damage_taken":0,"max_hp_gain":0,"max_hp_loss":0,"event_name":"Mushrooms","floor":8,"gold_loss":0},{"damage_healed":0,"gold_gain":0,"player_choice":"Success","damage_taken":3,"relics_obtained":["StrikeDummy"],"max_hp_gain":0,"max_hp_loss":0,"event_name":"Scrap Ooze","floor":11,"gold_loss":0}],"is_beta":false,"boss_relics":[],"items_purged_floors":[],"is_endless":false,"potions_floor_spawned":[1,8],"killed_by":"Hexaghost","ascension_level":8}}