{"host":"b0l902yh1rk3g5bq","time":1609654481,"event":{"mods":["AchievementEnabler","Act Like it!","Aspiration","BaseMod","Better Match","Better Sensory Stone","Better Skull","Better Third Choice","BetterRewards","Challenge The Spire","Colored Map","Colored Powertips","Conspire","Downfall","Energized Spire","GifTheSpireLib","Halation","Hubris","Infinite Spire","Minty Spire (QoL Compilation)","Quick Restart","Rare Cards Sparkle","Replay The Spire","StSLib","Stuff the Spire","Trackpad","Virulent Crown","Wandering Minibosses","egg","everything is the same but u backflip on backflip","vexMod"],"gold_per_floor":[119,137,137,137,137,163,190,216,216,247,247,190,224,258,258,358,358,369,387,85,85,119,154,179,179,179,206,206,233,265,279,279,374,374,409,466,525,25,42,80,112,147,216,255,298,347,347,387,387,387],"floor_reached":51,"playtime":2607,"items_purged":["Replay:Poison Smokescreen","Toxin Wave","infinitespire:Menacing","Dagger Spray"],"score":1736,"play_id":"60fe9113-3e9d-48b0-93fb-17278dec027e","local_time":"20210103071441","daily_mods":["Draft","Heirloom","Flight","DeadlyEvents","Elite Swarm"],"is_ascension_mode":false,"campfire_choices":[{"data":"A Thousand Cuts","floor":11,"key":"SMITH"},{"data":"Footwork","floor":15,"key":"SMITH"},{"data":"Cloak And Dagger","floor":28,"key":"SMITH"},{"data":"Terror","floor":32,"key":"SMITH"},{"data":"infinitespire:NeuralNetwork","floor":49,"key":"SMITH"}],"circlet_count":0,"master_deck":["Blade Dance","Terror+1","Slice","Dash","Sucker Punch","Dodge and Roll","Slice","Cloak And Dagger+1","Backflip","Flying Knee","Dagger Spray","Footwork+1","Blur","A Thousand Cuts+1","Adrenaline+1","Fluid Movement+1","After Image+1","After Image+1","Accuracy+1","After Image+1","Envenom+1","Adrenaline+1","Cloak And Dagger+1","Hidden Blade+1","Infinite Blades+1","Infinite Blades+1","expansioncontent:Chronoboost+1","Envenom+1","infinitespire:NeuralNetwork+1"],"relics":["Ring of the Snake","Ring of Chaos","hubris:Teleporter","ReplayTheSpireMod:TigerMarble","trackpad:ByrdCharm","halation:SelfBoilingWater","StuffTheSpire:CocoNut","Golden Egg","ReplayTheSpireMod:Shallot","aspiration:VileToxins","hexamod:BolsterEngine","Byrd Skull","infinitespire:BottledMercury","infinitespire:Joker Card","halation:Convergence","conspire:SpecialSausage","trackpad:Mousetrap","halation:TwoAmDonut","Bronze Scales","Bag of Preparation","vexMod:TanglingVine","infinitespire:EvilPickle","Gremlin Food","Iron Hammer","aspiration:FrozenJewel","aspiration:AnachronicSnailShell","Pondfish Scales","sneckomod:BlankCard","hubris:TinFlute","hubris:PeanutButter","Guardian:PocketSentry","infinitespire:FocusingShard","vexMod:ScavengeHelm","Sozu"],"acts_visited":["Exordium","TheCity","TheBeyond"],"potions_floor_usage":[50],"damage_taken":[{"damage":0,"enemies":"Cultist","floor":1,"turns":2},{"damage":0,"enemies":"2 Louse","floor":2,"turns":1},{"damage":14,"enemies":"3 Sentries","floor":6,"turns":4},{"damage":6,"enemies":"Lagavulin","floor":7,"turns":4},{"damage":0,"enemies":"3 Sentries","floor":8,"turns":5},{"damage":2,"enemies":"Lagavulin","floor":10,"turns":3},{"damage":0,"enemies":"3 Sentries","floor":13,"turns":2},{"damage":0,"enemies":"Lagavulin","floor":14,"turns":5},{"damage":0,"enemies":"The Guardian","floor":16,"turns":5},{"damage":0,"enemies":"Shell Parasite","floor":18,"turns":2},{"damage":0,"enemies":"conspire:FuzzyDice","floor":19,"turns":4},{"damage":0,"enemies":"Slavers","floor":22,"turns":4},{"damage":0,"enemies":"Book of Stabbing","floor":23,"turns":3},{"damage":0,"enemies":"Gremlin Leader","floor":24,"turns":4},{"damage":0,"enemies":"Book of Stabbing","floor":27,"turns":3},{"damage":0,"enemies":"conspire:SneckoGhost","floor":29,"turns":2},{"damage":0,"enemies":"Gremlin Leader","floor":30,"turns":3},{"damage":0,"enemies":"Centurion and Healer","floor":31,"turns":1},{"damage":0,"enemies":"Pondfish","floor":33,"turns":5},{"damage":0,"enemies":"3 Darklings","floor":35,"turns":1},{"damage":0,"enemies":"R_Hoarder","floor":37,"turns":4},{"damage":0,"enemies":"Orb Walker","floor":39,"turns":1},{"damage":0,"enemies":"Giant Head","floor":40,"turns":1},{"damage":0,"enemies":"Reptomancer","floor":41,"turns":2},{"damage":0,"enemies":"Giant Head","floor":42,"turns":3},{"damage":0,"enemies":"Reptomancer","floor":44,"turns":2},{"damage":0,"enemies":"Giant Head","floor":45,"turns":2},{"damage":0,"enemies":"Reptomancer","floor":46,"turns":2},{"damage":0,"enemies":"Transient","floor":48,"turns":3},{"damage":0,"enemies":"Donu and Deca","floor":50,"turns":2}],"seed_played":"-4426203977568401965","potions_obtained":[{"floor":6,"key":"Adrenaline Potion"},{"floor":7,"key":"Explosive Potion"},{"floor":8,"key":"AttackPotion"},{"floor":19,"key":"Poison Potion"},{"floor":23,"key":"CunningPotion"},{"floor":42,"key":"PowerPotion"}],"is_trial":true,"path_per_floor":["M","M","?","?","$","E","E","E","T","E","R","$","E","E","R","B",null,"M","M","$","?","E","E","E","AVR","T","E","R","E","E","M","R","B",null,"M","?","E","$","M","E","E","E","T","E","E","E","AVR","M","R","B",null],"character_chosen":"THE_SILENT","items_purchased":["Fluid Movement+1","hexamod:BolsterEngine","Accuracy","aspiration:FrozenJewel","Infinite Blades","expansioncontent:Chronoboost"],"campfire_rested":0,"item_purchase_floors":[12,20,20,38,38,38],"current_hp_per_floor":[70,70,75,68,68,54,48,48,55,53,53,53,53,61,61,61,82,82,82,82,82,82,82,82,82,82,82,82,82,82,82,82,82,82,82,62,62,62,62,62,62,62,62,62,62,62,62,62,62,62],"gold":387,"neow_bonus":"","is_daily":false,"chose_seed":false,"campfire_upgraded":5,"win_rate":0.0,"timestamp":1609654481,"path_taken":["M","?","?","?","$","E","E","E","T","E","R","$","E","E","R","BOSS","M","M","$","?","?","E","E","AVR","T","E","R","E","E","?","R","BOSS","M","?","?","$","?","E","E","E","T","E","E","E","AVR","?","R","BOSS"],"items_purchased_type":["Card","Relic","Card","Relic","Card","Card"],"build_version":"2020-12-22","purchased_purges":4,"victory":true,"max_hp_per_floor":[70,70,75,75,75,75,75,75,82,82,82,82,82,82,82,82,82,82,82,82,82,82,82,82,82,82,82,82,82,82,82,82,82,82,82,82,82,82,82,82,82,82,82,82,82,82,82,82,82,82],"card_choices":[{"not_picked":["Flying Knee","Prepared"],"picked":"Blade Dance","floor":0},{"not_picked":["Dagger Throw","Outmaneuver"],"picked":"Terror","floor":0},{"not_picked":["Expertise","StuffTheSpire:Injection"],"picked":"Replay:Poison Smokescreen","floor":0},{"not_picked":["conspire:PoisonWeapons","conspire:DoublingDagger"],"picked":"Dagger Spray","floor":0},{"not_picked":["Concentrate","StuffTheSpire:BumpUp"],"picked":"Slice","floor":0},{"not_picked":["Dagger Throw","StuffTheSpire:ClusterCrunch"],"picked":"Dash","floor":0},{"not_picked":["Dagger Throw","StuffTheSpire:ClusterCrunch"],"picked":"Toxin Wave","floor":0},{"not_picked":["Slice","Poisoned Stab"],"picked":"Sucker Punch","floor":0},{"not_picked":["Catalyst","Setup"],"picked":"Dodge and Roll","floor":0},{"not_picked":["Endless Agony","Poisoned Stab"],"picked":"Slice","floor":0},{"not_picked":["Eviscerate","ReplayTheSpireMod:The Works"],"picked":"Prepared","floor":0},{"not_picked":["Outmaneuver","Quick Slash"],"picked":"Cloak And Dagger","floor":0},{"not_picked":["Underhanded Strike","StuffTheSpire:ReptileScales"],"picked":"Backflip","floor":0},{"not_picked":["hubris:SlightOfHand","Prepared"],"picked":"Flying Knee","floor":0},{"not_picked":["Flying Knee","Acrobatics"],"picked":"Dagger Spray","floor":0},{"not_picked":["Slice","Dagger Throw"],"picked":"Footwork","floor":1},{"not_picked":["Riddle With Holes","Endless Agony"],"picked":"Blur","floor":2},{"not_picked":["Burst","StuffTheSpire:FinalStruggle","Doppelganger"],"picked":"SKIP","floor":6},{"not_picked":["StuffTheSpire:FinalStruggle","Phantasmal Killer","Poison Darts"],"picked":"SKIP","floor":7},{"not_picked":["Replay:Bag of Tricks","Phantasmal Killer"],"picked":"A Thousand Cuts","floor":8},{"not_picked":["Phantasmal Killer","StuffTheSpire:FinalStruggle"],"picked":"Adrenaline","floor":10},{"not_picked":["Night Terror","Tools of the Trade","Unload"],"picked":"SKIP","floor":13},{"not_picked":["Malaise","aspiration:Lunge"],"picked":"After Image","floor":14},{"not_picked":["infinitespire:Neurotoxin","Grand Finale"],"picked":"After Image","floor":16},{"not_picked":["Sneak Up","Slice","Distraction+1"],"picked":"SKIP","floor":18},{"not_picked":["Deadly Poison","Outmaneuver","StuffTheSpire:Shiver"],"picked":"SKIP","floor":19},{"not_picked":["infinitespire:Neurotoxin","Wraith Form v2"],"picked":"After Image","floor":22},{"not_picked":["StuffTheSpire:FinalStruggle","Burst","ReplayTheSpireMod:From All Sides"],"picked":"SKIP","floor":23},{"not_picked":["A Thousand Cuts","Grand Finale"],"picked":"Envenom","floor":24},{"not_picked":["A Thousand Cuts","Corpse Explosion","infinitespire:Neurotoxin"],"picked":"SKIP","floor":27},{"not_picked":["Doppelganger","Wraith Form v2","Grand Finale"],"picked":"SKIP","floor":29},{"not_picked":["Atom Bomb","Wraith Form v2"],"picked":"Adrenaline","floor":30},{"not_picked":["Poisoned Stab","StuffTheSpire:Sprint"],"picked":"Cloak And Dagger+1","floor":31},{"not_picked":["Dodge and Roll","ReplayTheSpireMod:Speed Training"],"picked":"Hidden Blade+1","floor":35},{"not_picked":["ReplayTheSpireMod:From All Sides","Atom Bomb","Doppelganger"],"picked":"SKIP","floor":37},{"not_picked":["ReplayTheSpireMod:From All Sides","Atom Bomb","Doppelganger"],"picked":"SKIP","floor":37},{"not_picked":["Quick Slash+1","Deflect+1","StuffTheSpire:BumpUp"],"picked":"SKIP","floor":39},{"not_picked":["Malaise","Doppelganger","ReplayTheSpireMod:From All Sides"],"picked":"SKIP","floor":40},{"not_picked":["Glass Knife","Phantasmal Killer","ReplayTheSpireMod:Necrosis"],"picked":"SKIP","floor":41},{"not_picked":["Burst","Doppelganger","infinitespire:Neurotoxin"],"picked":"SKIP","floor":42},{"not_picked":["Unload","Bullet Time"],"picked":"Envenom","floor":44},{"not_picked":["Wraith Form v2","Malaise","A Thousand Cuts"],"picked":"SKIP","floor":45},{"not_picked":["ReplayTheSpireMod:From All Sides","Doppelganger","Glass Knife"],"picked":"SKIP","floor":46},{"not_picked":["StuffTheSpire:Python+1","Expertise+1","Acrobatics"],"picked":"SKIP","floor":48}],"player_experience":610301,"relics_obtained":[{"floor":6,"key":"ReplayTheSpireMod:TigerMarble"},{"floor":7,"key":"trackpad:ByrdCharm"},{"floor":8,"key":"halation:SelfBoilingWater"},{"floor":9,"key":"StuffTheSpire:CocoNut"},{"floor":10,"key":"Golden Egg"},{"floor":13,"key":"ReplayTheSpireMod:Shallot"},{"floor":14,"key":"aspiration:VileToxins"},{"floor":22,"key":"Byrd Skull"},{"floor":23,"key":"infinitespire:BottledMercury"},{"floor":24,"key":"infinitespire:Joker Card"},{"floor":26,"key":"trackpad:Mousetrap"},{"floor":27,"key":"halation:TwoAmDonut"},{"floor":29,"key":"Bronze Scales"},{"floor":30,"key":"Bag of Preparation"},{"floor":36,"key":"Gremlin Food"},{"floor":37,"key":"Iron Hammer"},{"floor":40,"key":"aspiration:AnachronicSnailShell"},{"floor":41,"key":"Pondfish Scales"},{"floor":42,"key":"sneckomod:BlankCard"},{"floor":43,"key":"hubris:TinFlute"},{"floor":44,"key":"hubris:PeanutButter"},{"floor":45,"key":"Guardian:PocketSentry"},{"floor":46,"key":"infinitespire:FocusingShard"}],"event_choices":[{"damage_healed":0,"gold_gain":0,"player_choice":"Donut","damage_taken":0,"max_hp_gain":5,"max_hp_loss":0,"event_name":"Big Fish","floor":3,"gold_loss":0},{"cards_removed":["Prepared"],"damage_healed":0,"gold_gain":0,"player_choice":"Card Removal","damage_taken":7,"max_hp_gain":0,"max_hp_loss":0,"event_name":"Golden Wing","floor":4,"gold_loss":0},{"damage_healed":0,"gold_gain":0,"player_choice":"Ignored","damage_taken":0,"max_hp_gain":0,"max_hp_loss":0,"event_name":"NoteForYourself","floor":21,"gold_loss":0}],"is_beta":false,"boss_relics":[{"not_picked":["Calling Bell","vexMod:DeviousBotling","halation:PlatinumPhoenix"]},{"not_picked":["Painkiller Herb","Cursed Key"],"picked":"vexMod:TanglingVine"}],"items_purged_floors":[20,25,38,47],"is_endless":false,"potions_floor_spawned":[6,7,8,14,16,19,22,23,30,31,35,39,42,44],"ascension_level":0}}