{"host":"56ghxnzsglgdq727","time":1609658101,"event":{"mods":["AchievementEnabler","BaseMod","Downfall","Minty Spire (QoL Compilation)","StSLib"],"gold_per_floor":[0,20,37,37,337,412,412,337,368,384,398,52,52,71,91,91,91],"floor_reached":16,"playtime":654,"items_purged":[],"score":132,"play_id":"576381d5-607e-47ce-8fc0-ae958dca75d1","local_time":"20210103021501","is_ascension_mode":true,"campfire_choices":[{"data":"sneckomod:Unknown","floor":1,"key":"SMITH"},{"data":"sneckomod:Unknown","floor":8,"key":"SMITH"},{"data":"sneckomod:UnknownRareAttack","floor":13,"key":"SMITH"}],"circlet_count":0,"master_deck":["sneckomod:Strike","sneckomod:Strike","sneckomod:Strike","sneckomod:Defend","sneckomod:Defend","sneckomod:Defend","sneckomod:TailWhip","sneckomod:SnekBite","sneckomod:Unknown+1","sneckomod:Unknown+1","sneckomod:SoulCleanse","sneckomod:UnknownClassRED","Slimebound:Icky","Slimebound:Icky","sneckomod:UnknownX","sneckomod:Unknown0Cost","sneckomod:UnknownVulnerable","sneckomod:PureSnecko","sneckomod:UnknownRareAttack+1","sneckomod:Cheat","sneckomod:Unknown1Cost"],"relics":["sneckomod:SneckoSoul","Incense Burner","downfall:HeartBlessingBlue","Mummified Hand","Mercury Hourglass"],"acts_visited":["Exordium"],"potions_floor_usage":[9,11,15,16],"damage_taken":[{"damage":1,"enemies":"2 Louse","floor":2,"turns":2},{"damage":7,"enemies":"Small Slimes","floor":3,"turns":3},{"damage":24,"enemies":"Lagavulin","floor":9,"turns":4},{"damage":1,"enemies":"Cultist","floor":10,"turns":3},{"damage":9,"enemies":"2 Fungi Beasts","floor":11,"turns":3},{"damage":0,"enemies":"downfall:FleeingMerchant","floor":12,"turns":5},{"damage":3,"enemies":"3 Louse","floor":14,"turns":2},{"damage":4,"enemies":"Gremlin Gang","floor":15,"turns":3},{"damage":61,"enemies":"downfall:Silent","floor":16,"turns":4}],"seed_played":"-6618061295583965194","potions_obtained":[{"floor":3,"key":"Block Potion"},{"floor":6,"key":"downfall:CursedFountainPotion"},{"floor":11,"key":"Fire Potion"},{"floor":14,"key":"SteroidPotion"}],"is_trial":false,"path_per_floor":["R","M","M","?","?","?","T","R","E","M","M","$","R","M","M","B"],"character_chosen":"THE_SNECKO","items_purchased":["sneckomod:UnknownRareAttack","Mercury Hourglass"],"campfire_rested":0,"item_purchase_floors":[12,12],"current_hp_per_floor":[90,89,83,83,83,83,83,93,70,70,62,63,63,63,60,0,0],"gold":91,"neow_bonus":"ONE_RARE_RELIC","is_daily":false,"chose_seed":false,"campfire_upgraded":3,"win_rate":0.0,"timestamp":1609658101,"path_taken":["R","M","M","?","?","?","T","R","E","M","?","$","R","M","M","BOSS"],"items_purchased_type":["Card","Relic"],"build_version":"2020-12-22","purchased_purges":0,"victory":false,"max_hp_per_floor":[90,90,91,91,91,91,91,101,102,103,104,105,105,108,109,109,109],"card_choices":[{"not_picked":["sneckomod:UnknownCommonAttack","sneckomod:DiceBlock"],"picked":"sneckomod:SoulCleanse","floor":2},{"not_picked":["sneckomod:RainOfDice","sneckomod:WideSting"],"picked":"sneckomod:UnknownClassRED","floor":3},{"not_picked":["sneckomod:Unknown2Cost","sneckomod:QuickMove"],"picked":"sneckomod:UnknownX","floor":9},{"not_picked":["sneckomod:UnknownCommonAttack","sneckomod:SoulDraw"],"picked":"sneckomod:Unknown0Cost","floor":10},{"not_picked":["sneckomod:UnknownWeak","sneckomod:SoulDraw"],"picked":"sneckomod:UnknownVulnerable","floor":11},{"not_picked":["sneckomod:DefensiveFlair","sneckomod:UnknownStrike"],"picked":"sneckomod:PureSnecko","floor":12},{"not_picked":["sneckomod:DiceBlock","sneckomod:Unknown2Cost"],"picked":"sneckomod:Cheat","floor":14},{"not_picked":["sneckomod:UnknownCommonSkill","sneckomod:UnknownVulnerable"],"picked":"sneckomod:Unknown1Cost","floor":15}],"player_experience":102827,"relics_obtained":[{"floor":9,"key":"Mummified Hand"}],"event_choices":[],"is_beta":false,"boss_relics":[],"items_purged_floors":[],"is_endless":false,"potions_floor_spawned":[3,11,14],"killed_by":"downfall:Silent","ascension_level":1}}