{"host":"hgkb2zpbo2dcws21","time":1609670158,"event":{"mods":["AchievementEnabler","BaseMod","Colored Map","Colored Powertips","Custom Start","DeckTracker","KOR Keyword Fix","Minty Spire (QoL Compilation)","Relic Stats","StSLib","SuperFastMode"],"gold_per_floor":[134,169,169,7,157,157,57,57,57,120,195,195,236,322,322,424,424,468,468,255,300,300,300,377,377,377,377,393,393,474,474,474,474,474],"floor_reached":33,"playtime":668,"items_purged":["Strike_P","Doubt","Defend_P"],"score":464,"play_id":"1dc7f8ae-1b19-4cb1-b504-4a2b11a5c4a2","local_time":"20210103193558","is_ascension_mode":true,"campfire_choices":[{"data":"HandOfGreed","floor":6.0,"key":"SMITH"},{"data":"Eruption","floor":8.0,"key":"SMITH"},{"data":"MentalFortress","floor":12.0,"key":"SMITH"},{"data":"Adaptation","floor":15.0,"key":"SMITH"},{"data":"FearNoEvil","floor":23,"key":"SMITH"},{"data":"Adaptation","floor":25,"key":"SMITH"},{"floor":27,"key":"REST"},{"floor":29,"key":"REST"},{"floor":32,"key":"REST"}],"circlet_count":0,"master_deck":["AscendersBane","Strike_P","Strike_P","Defend_P","Defend_P","Eruption+1","Vigilance","HandOfGreed+1","FollowUp","MentalFortress+1","Swivel+1","Adaptation+1","EmptyMind+1","FearNoEvil+1","Indignation+1","Adaptation+1","Decay"],"relics":["PureWater","StrikeDummy","Toxic Egg 2","Empty Cage","MutagenicStrength","Singing Bowl","Matryoshka","Red Mask"],"acts_visited":["Exordium","TheCity"],"potions_floor_usage":[33],"damage_taken":[{"damage":6.0,"enemies":"Cultist","floor":1.0,"turns":3.0},{"damage":7.0,"enemies":"Jaw Worm","floor":2.0,"turns":2.0},{"damage":8.0,"enemies":"2 Louse","floor":10.0,"turns":7.0},{"damage":3.0,"enemies":"Blue Slaver","floor":13.0,"turns":5.0},{"damage":0.0,"enemies":"3 Louse","floor":14.0,"turns":7.0},{"damage":13,"enemies":"The Guardian","floor":16,"turns":11},{"damage":14,"enemies":"2 Thieves","floor":18,"turns":3},{"damage":0,"enemies":"Spheric Guardian","floor":21,"turns":3},{"damage":24,"enemies":"Slavers","floor":24,"turns":8},{"damage":0,"enemies":"Snecko","floor":28,"turns":2},{"damage":31,"enemies":"Masked Bandits","floor":30,"turns":5},{"damage":56,"enemies":"Collector","floor":33,"turns":2}],"seed_played":"-4614026104812291619","potions_obtained":[{"floor":1.0,"key":"Weak Potion"},{"floor":16,"key":"Swift Potion"}],"is_trial":false,"path_per_floor":["M","M","T","$","?","R","$","R","T","M","?","R","M","M","R","B",null,"M","?","$","M","?","R","E","R","T","R","M","R","?","?","R","B"],"character_chosen":"WATCHER","items_purchased":["MentalFortress","FearNoEvil"],"campfire_rested":3,"item_purchase_floors":[4,20],"current_hp_per_floor":[55,48,48,48,48,48,48,48,48,40,29,29,26,26,26,13,50,36,36,36,36,36,36,12,12,12,30,32,51,22,22,41,0,0],"gold":474,"neow_bonus":"RANDOM_COLORLESS_2","is_daily":false,"chose_seed":false,"campfire_upgraded":6,"win_rate":0.0,"timestamp":1609670158,"path_taken":["M","M","?","$","?","R","$","R","T","M","?","R","M","M","R","BOSS","M","?","$","M","?","R","E","R","T","R","M","R","?","?","R","BOSS"],"items_purchased_type":["Card","Card"],"build_version":"2020-12-22","purchased_purges":3,"victory":false,"max_hp_per_floor":[62,62,62,62,62,62,62,62,62,62,62,62,62,62,62,62,62,62,62,62,62,62,62,62,62,62,62,64,64,66,66,66,66,66],"relic_stats":{"Singing Bowl":4,"counters":[12,58],"obtain_stats":[{"Matryoshka":26,"Singing Bowl":24,"MutagenicStrength":19,"Red Mask":30,"PureWater":0,"Toxic Egg 2":9,"StrikeDummy":3,"Empty Cage":17},{"Matryoshka":9,"Singing Bowl":9,"MutagenicStrength":7,"Red Mask":11,"PureWater":0,"Toxic Egg 2":2,"StrikeDummy":2,"Empty Cage":6},{"Matryoshka":49,"Singing Bowl":49,"MutagenicStrength":38,"Red Mask":56,"PureWater":0,"Toxic Egg 2":5,"StrikeDummy":5,"Empty Cage":35}]},"card_choices":[{"not_picked":["Master of Strategy","Panache"],"picked":"HandOfGreed","floor":0.0},{"not_picked":["JustLucky","ReachHeaven"],"picked":"FollowUp","floor":1.0},{"not_picked":["FlurryOfBlows","ThirdEye","Swivel"],"picked":"SKIP","floor":2.0},{"not_picked":["CutThroughFate","Prostrate+1"],"picked":"Swivel+1","floor":10.0},{"not_picked":["Crescendo+1","Halt+1","FollowUp"],"picked":"SKIP","floor":13.0},{"not_picked":["JustLucky","EmptyMind+1"],"picked":"Adaptation","floor":14.0},{"not_picked":["ClearTheMind+1","WindmillStrike"],"picked":"EmptyMind+1","floor":18},{"not_picked":["Prostrate+1","CrushJoints"],"picked":"Indignation+1","floor":21},{"not_picked":["DevaForm","PathToVictory+1"],"picked":"Adaptation","floor":24},{"not_picked":["ThirdEye+1","FlurryOfBlows","Crescendo+1"],"picked":"Singing Bowl","floor":28},{"not_picked":["JustLucky","Worship+1","CutThroughFate"],"picked":"Singing Bowl","floor":30}],"player_experience":1125758,"relics_obtained":[{"floor":3.0,"key":"StrikeDummy"},{"floor":9.0,"key":"Toxic Egg 2"},{"floor":24,"key":"Singing Bowl"},{"floor":26,"key":"Matryoshka"},{"floor":30,"key":"Red Mask"}],"event_choices":[{"damage_healed":0.0,"max_hp_gain":0.0,"max_hp_loss":0.0,"gold_gain":150.0,"event_name":"Liars Game","player_choice":"AGREE","floor":5.0,"gold_loss":0.0,"damage_taken":0.0,"cards_obtained":["Doubt"]},{"damage_healed":0.0,"max_hp_gain":0.0,"max_hp_loss":0.0,"gold_gain":75.0,"event_name":"World of Goop","player_choice":"Gather Gold","floor":11.0,"gold_loss":0.0,"damage_taken":11.0},{"damage_healed":0,"gold_gain":0,"player_choice":"Inject Mutagens","damage_taken":0,"relics_obtained":["MutagenicStrength"],"max_hp_gain":0,"max_hp_loss":0,"event_name":"Drug Dealer","floor":19,"gold_loss":0},{"damage_healed":0,"gold_gain":0,"player_choice":"Ignored","damage_taken":0,"max_hp_gain":0,"max_hp_loss":0,"event_name":"Cursed Tome","floor":22,"gold_loss":0},{"damage_healed":0,"gold_gain":0,"player_choice":"Fought Bandits","damage_taken":0,"max_hp_gain":0,"max_hp_loss":0,"event_name":"Masked Bandits","floor":30,"gold_loss":0},{"damage_healed":0,"gold_gain":0,"player_choice":"Smashed Altar","damage_taken":0,"max_hp_gain":0,"max_hp_loss":0,"event_name":"Forgotten Altar","floor":31,"gold_loss":0,"cards_obtained":["Decay"]}],"is_beta":false,"boss_relics":[{"not_picked":["Pandora\u0027s Box","Tiny House"],"picked":"Empty Cage"}],"items_purged_floors":[4,7,20],"is_endless":false,"potions_floor_spawned":[1,16,18,21,30],"killed_by":"Collector","ascension_level":17}}