{"host":"36mulxq349byzoa2","time":1609700587,"event":{"mods":["AchievementEnabler","BaseMod","Better Match","Block Reminder","Colored Map","Colored Powertips","Minty Spire (QoL Compilation)","Rare Cards Sparkle","StSLib","SuperFastMode"],"gold_per_floor":[119,139,64,74,125,159,175,175,175],"floor_reached":8,"playtime":201,"items_purged":["Defend_G"],"score":113,"play_id":"bbe72d21-7ca7-44e5-89f8-9ef0463d7dea","local_time":"20210103140307","is_ascension_mode":true,"campfire_choices":[],"circlet_count":0,"master_deck":["AscendersBane","Strike_G","Strike_G","Strike_G","Strike_G","Strike_G","Defend_G","Defend_G","Defend_G","Defend_G","Survivor","Neutralize","Quick Slash","Slice","Acrobatics","Backflip","Blade Dance"],"relics":["Ring of the Snake","NeowsBlessing","Akabeko","The Courier"],"acts_visited":["Exordium"],"potions_floor_usage":[6],"damage_taken":[{"damage":0,"enemies":"Cultist","floor":1,"turns":1},{"damage":0,"enemies":"2 Louse","floor":2,"turns":1},{"damage":0,"enemies":"Jaw Worm","floor":4,"turns":1},{"damage":35,"enemies":"3 Sentries","floor":6,"turns":12},{"damage":1,"enemies":"Looter","floor":7,"turns":3},{"damage":22,"enemies":"Gremlin Nob","floor":8,"turns":4}],"seed_played":"4606596306117891082","potions_obtained":[{"floor":1,"key":"Poison Potion"}],"is_trial":false,"path_per_floor":["M","M","$","M","T","E","M","E"],"character_chosen":"THE_SILENT","items_purchased":[],"campfire_rested":0,"item_purchase_floors":[],"current_hp_per_floor":[59,59,59,59,59,24,23,1,1],"gold":175,"neow_bonus":"THREE_ENEMY_KILL","is_daily":false,"chose_seed":false,"campfire_upgraded":0,"win_rate":0.0,"timestamp":1609700587,"path_taken":["M","M","$","M","?","E","M","E"],"items_purchased_type":[],"build_version":"2020-12-22","purchased_purges":1,"victory":false,"max_hp_per_floor":[66,66,66,66,66,66,66,66,66],"card_choices":[{"not_picked":["Riddle With Holes","Accuracy"],"picked":"Quick Slash","floor":1},{"not_picked":["Poisoned Stab","Distraction"],"picked":"Slice","floor":2},{"not_picked":["Accuracy","Deadly Poison"],"picked":"Acrobatics","floor":4},{"not_picked":["Expertise","Escape Plan"],"picked":"Backflip","floor":6},{"not_picked":["Footwork","Quick Slash"],"picked":"Blade Dance","floor":7}],"player_experience":1001360,"relics_obtained":[{"floor":5,"key":"Akabeko"},{"floor":6,"key":"The Courier"}],"event_choices":[],"is_beta":false,"boss_relics":[],"items_purged_floors":[3],"is_endless":false,"potions_floor_spawned":[1],"killed_by":"Gremlin Nob","ascension_level":19}}