{"host":"i58uscbei3sy5089","time":1609660772,"event":{"mods":["ATMod(°¢èªMod)","Act Like it!","BaseMod","Challenge The Spire","Colored Powertips","Conspire","Infinite Spire","Koishi","Lobotomy","LobotomyExtend","Minty Spire (QoL Compilation)","MostiFishMod","Prisma Mod","Quick Restart","Replay The Spire","Shop Mod","Spicy Shops","StSLib","TestMod","The Administrix","The Construct","UnlockEverythingMod","[IsaacMod]ÒÔÈö¼âËþ","vexMod","¡¾¹¦ÄÜMod¡¿»ìãçÖ®»·ÐÞ¸´²¹¶¡","¡¾ÒÅÎï¿¨ÅÆ¡¿REMEMod","óô»ðÖ¸ÄÏ"],"gold_per_floor":[111,86,0,14,27,59,59,86,137,137,164,164],"floor_reached":11,"playtime":737,"items_purged":["AdministrixMod:Strike_Administrix"],"score":87,"play_id":"102a1334-e357-4fc1-a970-15d99f40b3f8","local_time":"20210103155932","is_ascension_mode":true,"campfire_choices":[{"data":"HalloweenModCandy","floor":10,"key":"SMITH"}],"circlet_count":0,"master_deck":["AdministrixMod:Strike_Administrix","AdministrixMod:Strike_Administrix","AdministrixMod:Strike_Administrix","AdministrixMod:RedCloak","AdministrixMod:Defend_Administrix","AdministrixMod:Defend_Administrix","AdministrixMod:Defend_Administrix","AdministrixMod:Defend_Administrix","AdministrixMod:BlueCloak","Combust","AT_KingSlayer","HalloweenModCandy+1","HalloweenModGhostCostume","HalloweenModTrick","WallGazer","HalloweenModTrick","HalloweenModGhostCostume"],"relics":["AdministrixMod:ConductorRitualBaton","testmod-TestBox","HushsDoor","DaveBox","AT_ATBox","REME_ComplimentaryCards","Medical Kit","MaYiHuaBei","HalloweenModHalloween","Blue Candle","CogitoBucket","RabbitCall","SynthV:TestCard","LetterFromLob","testmod-CyclicPeriapt","MerchantsRug","Smiling Mask","REME_PuzzleBoxRelic"],"acts_visited":["Exordium"],"potions_floor_usage":[],"damage_taken":[{"damage":13,"enemies":"Jaw Worm","floor":1,"turns":4},{"damage":8,"enemies":"Cultist","floor":4,"turns":4},{"damage":8,"enemies":"conspire:RoseBush","floor":5,"turns":3},{"damage":17,"enemies":"Gremlin Nob","floor":6,"turns":3},{"damage":0,"enemies":"3 Louse","floor":7,"turns":1},{"damage":20,"enemies":"3 Sentries","floor":11,"turns":5}],"seed_played":"-8898847280643759061","potions_obtained":[{"floor":4,"key":"Weak Potion"},{"floor":6,"key":"Toxic Potion"}],"is_trial":false,"path_per_floor":["M","?","$","M","M","E","M","$","T","R","E"],"character_chosen":"TheAdministrix","items_purchased":["testmod-CyclicPeriapt","MerchantsRug"],"campfire_rested":0,"item_purchase_floors":[3,3],"current_hp_per_floor":[52,52,52,48,44,31,31,31,31,31,15,15],"gold":164,"neow_bonus":"","is_daily":false,"chose_seed":false,"campfire_upgraded":1,"win_rate":0.0,"timestamp":1609660772,"path_taken":["M","?","$","M","?","E","M","?","T","R","E"],"items_purchased_type":["Relic","Relic"],"build_version":"2020-12-22","purchased_purges":1,"victory":false,"max_hp_per_floor":[65,65,65,65,65,65,65,65,65,65,65,65],"card_choices":[{"not_picked":[],"picked":"Bomb","floor":0},{"not_picked":["OldLady","UniverseFragment","Scorched"],"picked":"Singing Bowl","floor":1},{"not_picked":["HalloweenModTrick","HalloweenModGhostCostume"],"picked":"HalloweenModCandy","floor":1},{"not_picked":["CrumblingArmor","SnowQueen","OldLady"],"picked":"Singing Bowl","floor":4},{"not_picked":["HalloweenModTrick","HalloweenModCandy","HalloweenModTrick","HalloweenModGhostCostume"],"picked":"HalloweenModGhostCostume","floor":4},{"not_picked":["Yin","CherryBlossoms","Scarecrow"],"picked":"Singing Bowl","floor":5},{"not_picked":["HalloweenModGhostCostume","HalloweenModCandy","HalloweenModTrick","HalloweenModCandy"],"picked":"HalloweenModTrick","floor":5},{"not_picked":["UniverseFragment","Woodsman","Porccubus"],"picked":"Singing Bowl","floor":6},{"not_picked":["SpiderBud","FairyFestival"],"picked":"WallGazer","floor":6},{"not_picked":["HalloweenModGhostCostume","HalloweenModCandy","HalloweenModTrick","HalloweenModGhostCostume"],"picked":"HalloweenModTrick","floor":6},{"not_picked":["PunishingBird","Scorched","Bloodbath"],"picked":"Singing Bowl","floor":7},{"not_picked":["HalloweenModCandy","HalloweenModTrick","HalloweenModCandy","HalloweenModGhostCostume"],"picked":"HalloweenModGhostCostume","floor":7},{"not_picked":["HalloweenModCandy","HalloweenModGhostCostume","HalloweenModTrick","HalloweenModGhostCostume","HalloweenModTrick"],"picked":"SKIP","floor":11}],"player_experience":687221,"relics_obtained":[{"floor":1,"key":"SynthV:TestCard"},{"floor":1,"key":"LetterFromLob"},{"floor":6,"key":"Onion Ring"},{"floor":9,"key":"Smiling Mask"},{"floor":11,"key":"REME_PuzzleBoxRelic"}],"event_choices":[],"is_beta":false,"boss_relics":[],"items_purged_floors":[8],"is_endless":false,"potions_floor_spawned":[4,6,7],"killed_by":"3 Sentries","ascension_level":1}}