{"host":"dw8ij7emqco3quom","time":1609632266,"event":{"mods":["BaseMod","Minty Spire (QoL Compilation)"],"gold_per_floor":[119,139,139,156,45,76,151,151,174,174,127,146,146,146,146,244,244,262,276,176,228,247,247,247],"floor_reached":23,"playtime":1647,"items_purged":["Strike_G","Strike_G"],"score":299,"play_id":"7b8ea300-1a59-4942-8d05-b7f8284666e6","local_time":"20210103010426","is_ascension_mode":true,"campfire_choices":[{"floor":8.0,"key":"REST"},{"data":"Blur","floor":13.0,"key":"SMITH"},{"data":"Deadly Poison","floor":15.0,"key":"SMITH"}],"circlet_count":0,"master_deck":["Strike_G","Strike_G","Strike_G","Defend_G","Defend_G","Defend_G","Defend_G+1","Defend_G+1","Survivor","Neutralize","Poisoned Stab","Poisoned Stab","Leg Sweep","Blur+1","Deadly Poison+1","Flying Knee","Wraith Form v2","CurseOfTheBell","Catalyst","Backflip","Outmaneuver+1"],"relics":["Ring of the Snake","NeowsBlessing","Snake Skull","Regal Pillow","Question Card","Calling Bell","War Paint","Blue Candle","Calipers","MealTicket"],"acts_visited":[],"potions_floor_usage":[],"damage_taken":[{"damage":0.0,"enemies":"Jaw Worm","floor":1.0,"turns":1.0},{"damage":0.0,"enemies":"Cultist","floor":2.0,"turns":1.0},{"damage":0.0,"enemies":"2 Louse","floor":4.0,"turns":1.0},{"damage":20.0,"enemies":"3 Sentries","floor":6.0,"turns":11.0},{"damage":0.0,"enemies":"Looter","floor":12.0,"turns":4.0},{"damage":0.0,"enemies":"Gremlin Nob","floor":14.0,"turns":1.0},{"damage":0.0,"enemies":"Slime Boss","floor":16.0,"turns":5.0},{"damage":9,"enemies":"Shell Parasite","floor":18,"turns":6},{"damage":1,"enemies":"Chosen","floor":19,"turns":5},{"damage":6,"enemies":"Snecko","floor":22,"turns":7},{"damage":65,"enemies":"Gremlin Leader","floor":23,"turns":4}],"seed_played":"-2801630288555772973","potions_obtained":[{"floor":1.0,"key":"SmokeBomb"},{"floor":6.0,"key":"ColorlessPotion"},{"floor":12.0,"key":"BlessingOfTheForge"}],"is_trial":false,"path_per_floor":["M","M","?","M","$","E","?","R","T","T","$","M","R","E","R","B",null,"M","M","$","T","M","E"],"character_chosen":"THE_SILENT","items_purchased":["Leg Sweep","Deadly Poison"],"campfire_rested":1,"item_purchase_floors":[5,11],"current_hp_per_floor":[70,70,75,75,75,55,44,66,66,66,66,66,66,66,66,66,75,66,65,65,65,59,0,0],"gold":247,"neow_bonus":"THREE_ENEMY_KILL","is_daily":false,"chose_seed":false,"campfire_upgraded":2,"win_rate":0.0,"timestamp":1609632266,"path_taken":["M","M","?","M","$","E","?","R","T","?","?","?","R","E","R","BOSS","M","M","$","?","M","E"],"items_purchased_type":["Card","Card"],"build_version":"2020-12-22","purchased_purges":2,"victory":false,"max_hp_per_floor":[70,70,75,75,75,75,75,75,75,75,75,75,75,75,75,75,75,75,75,75,75,75,75,75],"card_choices":[{"not_picked":["Riddle With Holes","Calculated Gamble"],"picked":"Poisoned Stab","floor":1.0},{"not_picked":["Slice","PiercingWail"],"picked":"Poisoned Stab","floor":2.0},{"not_picked":["Cloak And Dagger","Bane","Predator"],"picked":"SKIP","floor":4.0},{"not_picked":["Eviscerate","Backflip"],"picked":"Blur","floor":6.0},{"not_picked":["Backflip","Flechettes","Infinite Blades"],"picked":"Flying Knee","floor":12.0},{"not_picked":["After Image","Unload","Glass Knife"],"picked":"Wraith Form v2","floor":16.0},{"not_picked":["Dagger Spray+1","Poisoned Stab+1","Blur+1"],"picked":"Catalyst","floor":18},{"not_picked":["Caltrops","Cloak And Dagger","Poisoned Stab"],"picked":"Backflip","floor":19},{"not_picked":["Tactician","Underhanded Strike+1","Grand Finale"],"picked":"Outmaneuver+1","floor":22}],"player_experience":594013,"relics_obtained":[{"floor":6.0,"key":"Snake Skull"},{"floor":9.0,"key":"Regal Pillow"},{"floor":10.0,"key":"Question Card"},{"floor":17.0,"key":"War Paint"},{"floor":17.0,"key":"Blue Candle"},{"floor":17.0,"key":"Calipers"},{"floor":21,"key":"MealTicket"}],"event_choices":[{"damage_healed":0.0,"max_hp_gain":5.0,"max_hp_loss":0.0,"gold_gain":0.0,"event_name":"Big Fish","player_choice":"Donut","floor":3.0,"gold_loss":0.0,"damage_taken":0.0},{"damage_healed":0.0,"max_hp_gain":0.0,"max_hp_loss":0.0,"gold_gain":75.0,"event_name":"World of Goop","player_choice":"Gather Gold","floor":7.0,"gold_loss":0.0,"damage_taken":11.0}],"is_beta":false,"boss_relics":[{"not_picked":["SlaversCollar","SacredBark"],"picked":"Calling Bell"}],"items_purged_floors":[5,20],"is_endless":false,"potions_floor_spawned":[1,6,12],"killed_by":"Gremlin Leader","ascension_level":4}}