{"host":"3j2m8n0ywf988fwb","time":1609668454,"event":{"mods":["2.2 Compatiblity","Act Like it!","Aspiration","Astrologer","BaseMod","Beaked The Cultist","Better Altar","Better Match","Better Note","Better Sensory Stone","Better Skull","Better Third Choice","CCEM","Colored Map","Colored Powertips","Conspire","Energized Spire","Evolution","Fireblade Mod","GifTheSpireLib","Googly Eyes","Halation","Hallownest","Highlight Path","Hubris","Infinite Spire","Jedi Mod","Marisa????????","Marked Mod","Mimic Mod","Minty Spire (QoL Compilation)","Random Character Button","Relic Stats","Replay The Spire","Robot Space Explorer","Shop Mod","Somnambulant","StSLib","Stuff the Spire","The Bug Knight","The Caster","The Hierophant","The Marked","The Runesmith","TheFirefly","Unceasing Turn Reminder","everything is the same but u backflip on backflip"],"gold_per_floor":[109,1,1,19,30,61,72,72,72,92,117,137,152,152,152,152,152],"floor_reached":16,"playtime":533,"items_purged":[],"score":156,"play_id":"258898d8-3744-4548-ba5f-06d283206eba","local_time":"20210103040734","is_ascension_mode":true,"campfire_choices":[],"circlet_count":0,"master_deck":["Cleave+1","Cleave","Cleave","Cleave","Defend_R","Defend_R","Defend_R","Defend_R","Bash","Cleave","Pummel","beaked:Ceremony","Battle Trance","jedi:hate","Cleave","Burning Pact","Flex","ReplayTheSpireMod:Strike From Hell"],"relics":["Burning Blood","EVO:Axolotl","Art of War","StuffTheSpire:Tea","Iron Hammer"],"acts_visited":["Exordium"],"potions_floor_usage":[10,11],"damage_taken":[{"damage":10.0,"enemies":"Small Slimes","floor":1.0,"turns":2.0},{"damage":1.0,"enemies":"Cultist","floor":4.0,"turns":3.0},{"damage":7.0,"enemies":"Jaw Worm","floor":5.0,"turns":3.0},{"damage":60.0,"enemies":"Lagavulin","floor":6.0,"turns":6.0},{"damage":0,"enemies":"Lots of Slimes","floor":7,"turns":1},{"damage":12,"enemies":"Looter","floor":10,"turns":3},{"damage":34,"enemies":"Gremlin Nob","floor":11,"turns":4},{"damage":0,"enemies":"2 Fungi Beasts","floor":12,"turns":1},{"damage":1,"enemies":"Exordium Thugs","floor":13,"turns":3},{"damage":26,"enemies":"Hexaghost","floor":16,"turns":7}],"seed_played":"4367355639642940438","potions_obtained":[{"floor":1.0,"key":"BloodPotion"},{"floor":5.0,"key":"jedi:wingpotion"},{"floor":6.0,"key":"LiquidBronze"},{"floor":10,"key":"ColorlessPotion"},{"floor":11,"key":"Strength Potion"}],"is_trial":false,"path_per_floor":["M","$","?","M","M","E","M","?","T","M","E","M","M","?","R","B"],"character_chosen":"IRONCLAD","items_purchased":["Cleave","Pummel"],"campfire_rested":0,"item_purchase_floors":[2,2],"current_hp_per_floor":[76,76,76,80,79,25,31,31,31,41,13,19,24,24,24,0,0],"gold":152,"neow_bonus":"UPGRADE_CARD","is_daily":false,"chose_seed":false,"campfire_upgraded":0,"win_rate":0.0,"timestamp":1609668454,"path_taken":["M","$","?","M","?","E","M","?","T","?","E","M","?","?","R","BOSS"],"items_purchased_type":["Card","Card"],"build_version":"2020-12-22","purchased_purges":0,"victory":false,"max_hp_per_floor":[80,80,80,80,80,80,80,80,80,80,80,80,80,80,80,80,80],"relic_stats":{"counters":[10,33],"Art of War":[1],"obtain_stats":[{"Iron Hammer":11,"Art of War":6,"EVO:Axolotl":0,"Burning Blood":0,"StuffTheSpire:Tea":9},{"Iron Hammer":7,"Art of War":4,"EVO:Axolotl":0,"Burning Blood":0,"StuffTheSpire:Tea":5},{"Iron Hammer":22,"Art of War":14,"EVO:Axolotl":0,"Burning Blood":0,"StuffTheSpire:Tea":15}],"Burning Blood":53},"card_choices":[{"not_picked":["Abandon","Headbutt","StuffTheSpire:Slingshot"],"picked":"SKIP","floor":1.0},{"not_picked":["conspire:Charge","StuffTheSpire:Slingshot"],"picked":"Battle Trance","floor":4.0},{"not_picked":["StuffTheSpire:RagingBull","Pommel Strike","Iron Wave"],"picked":"SKIP","floor":5.0},{"not_picked":["Clash","jedi:MakeshiftSword","Demonic Infusion"],"picked":"SKIP","floor":6.0},{"not_picked":["Feel No Pain","ReplayTheSpireMod:Corrosion Curse"],"picked":"jedi:hate","floor":7},{"not_picked":["ReplayTheSpireMod:Stacked","infinitespire:OneForAll"],"picked":"Burning Pact","floor":10},{"not_picked":["Juggernaut","Shrug It Off"],"picked":"Flex","floor":11},{"not_picked":["Clash","hubris:ReadiedAction"],"picked":"ReplayTheSpireMod:Strike From Hell","floor":12},{"not_picked":["Rupture","Burning Pact","Battle Trance"],"picked":"SKIP","floor":13}],"player_experience":1053684,"relics_obtained":[{"floor":6.0,"key":"Art of War"},{"floor":9,"key":"StuffTheSpire:Tea"},{"floor":11,"key":"Iron Hammer"}],"event_choices":[{"cards_removed":["Cleave"],"damage_healed":0.0,"max_hp_gain":0.0,"max_hp_loss":0.0,"gold_gain":0.0,"event_name":"betterNote:BetterNote","player_choice":"Take \u0026 Give","floor":3.0,"gold_loss":0.0,"damage_taken":0.0,"cards_obtained":["beaked:Ceremony"]},{"damage_healed":0,"gold_gain":0,"cards_transformed":["Strike_R"],"player_choice":"Transformed","damage_taken":0,"max_hp_gain":0,"max_hp_loss":0,"event_name":"Transmorgrifier","floor":8,"gold_loss":0,"cards_obtained":["Cleave"]},{"damage_healed":0,"gold_gain":1,"player_choice":"1","damage_taken":0,"max_hp_gain":0,"max_hp_loss":0,"event_name":"betterStone:BetterStone","floor":14,"gold_loss":0}],"is_beta":false,"boss_relics":[],"items_purged_floors":[],"is_endless":false,"potions_floor_spawned":[1,5,6,10,11],"killed_by":"Hexaghost","ascension_level":3}}