{"host":"qwttrqaysb380yri","time":1609694198,"event":{"mods":["BaseMod","Custom Start","Minty Spire (QoL Compilation)","Permanent Neow","Puzzle Mod","Relic Stats","StSLib","The Hierophant"],"gold_per_floor":[110,126,138,138,63,98,373,390,414,414,414],"floor_reached":10,"playtime":264,"items_purged":[],"score":119,"play_id":"dbd5706e-484b-43e9-b963-02218b1db508","local_time":"20210103181638","is_ascension_mode":true,"campfire_choices":[],"circlet_count":0,"master_deck":["AscendersBane","Strike_G","Strike_G","Strike_G","Strike_G","Strike_G","Defend_G","Defend_G","Defend_G","Defend_G","Defend_G","Survivor","Neutralize","Masterful Stab","Predator","Poisoned Stab","Regret","Dagger Throw"],"relics":["Ring of the Snake","MealTicket","Nunchaku","Anchor","Art of War"],"acts_visited":["Exordium"],"potions_floor_usage":[6,8],"damage_taken":[{"damage":1,"enemies":"2 Louse","floor":1,"turns":3},{"damage":0,"enemies":"Small Slimes","floor":2,"turns":3},{"damage":2,"enemies":"Cultist","floor":3,"turns":5},{"damage":24,"enemies":"Gremlin Nob","floor":6,"turns":4},{"damage":21,"enemies":"Large Slime","floor":8,"turns":5},{"damage":3,"enemies":"Lagavulin","floor":10,"turns":2}],"seed_played":"-3662925394140172874","potions_obtained":[{"floor":1,"key":"Weak Potion"},{"floor":3,"key":"PowerPotion"},{"floor":6,"key":"FearPotion"}],"is_trial":false,"path_per_floor":["M","M","M","?","?","E","?","M","T","E"],"character_chosen":"THE_SILENT","items_purchased":[],"campfire_rested":0,"item_purchase_floors":[],"current_hp_per_floor":[58,58,56,56,56,32,32,11,11,8,8],"gold":414,"neow_bonus":"RANDOM_COMMON_RELIC","is_daily":false,"chose_seed":false,"campfire_upgraded":0,"win_rate":0.0,"timestamp":1609694198,"path_taken":["M","M","M","?","?","E","?","?","T","E"],"items_purchased_type":[],"build_version":"2020-12-22","purchased_purges":0,"victory":false,"max_hp_per_floor":[66,66,66,66,66,66,66,66,66,66,66],"relic_stats":{"Nunchaku":[2],"counters":[6,22],"MealTicket":0,"Art of War":[1],"obtain_stats":[{"Nunchaku":4,"Anchor":6,"MealTicket":0,"Art of War":9,"Ring of the Snake":0},{"Nunchaku":3,"Anchor":4,"MealTicket":0,"Art of War":5,"Ring of the Snake":0},{"Nunchaku":11,"Anchor":15,"MealTicket":0,"Art of War":20,"Ring of the Snake":0}],"Ring of the Snake":[12]},"card_choices":[{"not_picked":["Tactician","Deflect"],"picked":"Masterful Stab","floor":1},{"not_picked":["Concentrate","Outmaneuver","Prepared"],"picked":"SKIP","floor":2},{"not_picked":["Bane","Slice"],"picked":"Predator","floor":3},{"not_picked":["Catalyst","Doppelganger"],"picked":"Poisoned Stab","floor":6},{"not_picked":["Finisher","Cloak And Dagger"],"picked":"Dagger Throw","floor":8}],"player_experience":1998368,"relics_obtained":[{"floor":6,"key":"Anchor"},{"floor":9,"key":"Art of War"}],"event_choices":[{"damage_healed":0,"gold_gain":0,"player_choice":"Box","damage_taken":0,"relics_obtained":["Nunchaku"],"max_hp_gain":0,"max_hp_loss":0,"event_name":"Big Fish","floor":4,"gold_loss":0,"cards_obtained":["Regret"]},{"cards_removed":["Regret"],"damage_healed":0,"gold_gain":0,"player_choice":"Card Removal","damage_taken":0,"max_hp_gain":0,"max_hp_loss":0,"event_name":"The Cleric","floor":5,"gold_loss":75},{"damage_healed":0,"gold_gain":275,"player_choice":"Desecrate","damage_taken":0,"max_hp_gain":0,"max_hp_loss":0,"event_name":"Golden Shrine","floor":7,"gold_loss":0,"cards_obtained":["Regret"]}],"is_beta":false,"boss_relics":[],"items_purged_floors":[],"is_endless":false,"potions_floor_spawned":[1,3,6],"killed_by":"Lagavulin","ascension_level":15}}