{"host":"m77rrhbqzv44va4v","time":1609686155,"event":{"mods":["AchievementEnabler","BaseMod","Colored Map","DeckTracker","Keyboard Shortcuts","Minty Spire (QoL Compilation)","StSLib","SuperFastMode","everything is the same but u backflip on backflip"],"gold_per_floor":[111,186,186,200,300,300,325,342,395,395,414,414,414,744,744,846,846,857,870,870,970,981,992,992,992],"floor_reached":24,"playtime":747,"items_purged":[],"score":326,"play_id":"a167289a-cff7-4573-aee7-16940ba334dc","local_time":"20210104000235","is_ascension_mode":true,"campfire_choices":[{"data":"Genetic Algorithm","floor":6.0,"key":"SMITH"},{"data":"Capacitor","floor":12,"key":"SMITH"},{"floor":15,"key":"REST"}],"circlet_count":0,"master_deck":["Strike_B+1","Strike_B+1","Zap","Dualcast","Sweeping Beam","Genetic Algorithm+1","Glacier","Capacitor+1","Conserve Battery","Reboot","Loop+1","Ball Lightning+1","Melter+1","Leap","Hello World","Compile Driver","Turbo+1"],"relics":["Cracked Core","NeowsBlessing","Whetstone","Lantern","Old Coin","Astrolabe"],"acts_visited":["Exordium","TheCity"],"potions_floor_usage":[10,16,22,22,24,24],"damage_taken":[{"damage":0.0,"enemies":"Jaw Worm","floor":1.0,"turns":1.0},{"damage":0.0,"enemies":"Small Slimes","floor":4.0,"turns":1.0},{"damage":0.0,"enemies":"Gremlin Nob","floor":7.0,"turns":1.0},{"damage":1.0,"enemies":"2 Louse","floor":8.0,"turns":3.0},{"damage":1,"enemies":"Gremlin Gang","floor":10,"turns":2},{"damage":7,"enemies":"Large Slime","floor":11,"turns":6},{"damage":12,"enemies":"3 Sentries","floor":14,"turns":9},{"damage":47,"enemies":"The Guardian","floor":16,"turns":18},{"damage":0,"enemies":"Chosen","floor":18,"turns":4},{"damage":0,"enemies":"Spheric Guardian","floor":19,"turns":3},{"damage":21,"enemies":"Shelled Parasite and Fungi","floor":22,"turns":6},{"damage":13,"enemies":"Centurion and Healer","floor":23,"turns":7},{"damage":53,"enemies":"Book of Stabbing","floor":24,"turns":7}],"seed_played":"8034555884057811892","potions_obtained":[{"floor":1.0,"key":"SkillPotion"},{"floor":4.0,"key":"SmokeBomb"},{"floor":14,"key":"SpeedPotion"},{"floor":16,"key":"EssenceOfSteel"},{"floor":19,"key":"Regen Potion"},{"floor":22,"key":"Regen Potion"}],"is_trial":false,"path_per_floor":["M","?","?","M","?","R","E","M","T","M","M","R","?","E","R","B",null,"M","M","?","?","M","M","E"],"character_chosen":"DEFECT","items_purchased":[],"campfire_rested":1,"item_purchase_floors":[],"current_hp_per_floor":[68,57,50,50,50,50,50,49,49,48,41,41,41,29,51,4,57,57,57,57,57,51,38,0,0],"gold":992,"neow_bonus":"THREE_ENEMY_KILL","is_daily":false,"chose_seed":false,"campfire_upgraded":2,"win_rate":0.0,"timestamp":1609686155,"path_taken":["M","?","?","M","?","R","E","M","T","M","?","R","?","E","R","BOSS","M","M","?","?","M","?","E"],"items_purchased_type":[],"build_version":"2020-12-22","purchased_purges":0,"victory":false,"max_hp_per_floor":[75,75,75,75,75,75,75,75,75,75,75,75,75,75,75,75,75,75,75,75,75,75,75,75,75],"card_choices":[{"not_picked":["Rip and Tear","Hologram"],"picked":"Sweeping Beam","floor":1.0},{"not_picked":["Go for the Eyes","Rebound"],"picked":"Genetic Algorithm","floor":4.0},{"not_picked":["Coolheaded","Blizzard"],"picked":"Glacier","floor":7.0},{"not_picked":["Steam","Coolheaded"],"picked":"Capacitor","floor":8.0},{"not_picked":["Hologram","Rebound","Blizzard"],"picked":"SKIP","floor":11},{"not_picked":["Coolheaded","Melter"],"picked":"Conserve Battery","floor":14},{"not_picked":["Machine Learning","Rainbow"],"picked":"Reboot","floor":16},{"not_picked":["Recycle","Lockon+1"],"picked":"Leap","floor":18},{"not_picked":["Steam","Reprogram"],"picked":"Chaos","floor":19},{"not_picked":["Darkness","Glacier"],"picked":"Turbo+1","floor":22},{"not_picked":["Doom and Gloom","Steam","Turbo"],"picked":"SKIP","floor":23}],"player_experience":881954,"relics_obtained":[{"floor":7.0,"key":"Whetstone"},{"floor":9.0,"key":"Lantern"},{"floor":14,"key":"Old Coin"}],"event_choices":[{"damage_healed":0.0,"max_hp_gain":0.0,"max_hp_loss":0.0,"gold_gain":75.0,"event_name":"World of Goop","player_choice":"Gather Gold","floor":2.0,"gold_loss":0.0,"damage_taken":11.0},{"cards_removed":["Strike_B"],"damage_healed":0.0,"max_hp_gain":0.0,"max_hp_loss":0.0,"gold_gain":0.0,"event_name":"Golden Wing","player_choice":"Card Removal","floor":3.0,"gold_loss":0.0,"damage_taken":7.0},{"damage_healed":0.0,"max_hp_gain":0.0,"max_hp_loss":0.0,"gold_gain":100.0,"event_name":"Golden Shrine","player_choice":"Pray","floor":5.0,"gold_loss":0.0,"damage_taken":0.0},{"cards_removed":["Defend_B"],"damage_healed":0,"gold_gain":0,"player_choice":"Forget","damage_taken":0,"max_hp_gain":0,"max_hp_loss":0,"event_name":"Living Wall","floor":13,"gold_loss":0},{"damage_healed":0,"gold_gain":0,"cards_transformed":["Defend_B","Chaos"],"player_choice":"Became Test Subject","damage_taken":0,"max_hp_gain":0,"max_hp_loss":0,"event_name":"Drug Dealer","floor":20,"gold_loss":0,"cards_obtained":["Hello World","Compile Driver"]},{"damage_healed":0,"gold_gain":100,"player_choice":"Pray","damage_taken":0,"max_hp_gain":0,"max_hp_loss":0,"event_name":"Golden Shrine","floor":21,"gold_loss":0}],"is_beta":false,"boss_relics":[{"not_picked":["Busted Crown","Pandora\u0027s Box"],"picked":"Astrolabe"}],"items_purged_floors":[],"is_endless":false,"potions_floor_spawned":[1,4,14,16,19,22],"killed_by":"Book of Stabbing","ascension_level":8}}