{"host":"r53pw7z744tg3fxg","time":1609707378,"event":{"mods":["AchievementEnabler","BaseMod","Colored Map","Colored Powertips","Highlight Path","Minty Spire (QoL Compilation)","Quick Restart","Transform Curses"],"gold_per_floor":[113,128,105,105,118,148,148,175,199,199,213,55,71,87,87,188,188,206,256,32,0,0],"floor_reached":21,"playtime":805,"items_purged":[],"score":293,"play_id":"c41faaf0-cc8c-4f40-b05f-dd81c5e72ebb","local_time":"20210103135618","is_ascension_mode":true,"campfire_choices":[{"floor":7.0,"key":"REST"},{"floor":10.0,"key":"REST"},{"data":"ForeignInfluence","floor":15.0,"key":"SMITH"}],"circlet_count":0,"master_deck":["AscendersBane","Strike_P","Strike_P","Strike_P","Strike_P","Defend_P","Defend_P","Defend_P","Defend_P","Eruption+1","Vigilance","FollowUp","ForeignInfluence+1","EmptyBody","ThirdEye","SashWhip","FearNoEvil","PathToVictory","ClearTheMind","Conclude","Dramatic Entrance","Crescendo","DevaForm","Perseverance","BattleHymn"],"relics":["PureWater","Lantern","Bag of Preparation","Dream Catcher","Black Star","Sling"],"acts_visited":["Exordium","TheCity"],"potions_floor_usage":[16],"damage_taken":[{"damage":9.0,"enemies":"Small Slimes","floor":1.0,"turns":5.0},{"damage":0.0,"enemies":"Cultist","floor":2.0,"turns":2.0},{"damage":0.0,"enemies":"2 Louse","floor":5.0,"turns":2.0},{"damage":26.0,"enemies":"Gremlin Nob","floor":6.0,"turns":4.0},{"damage":26.0,"enemies":"Lagavulin","floor":8.0,"turns":4.0},{"damage":0.0,"enemies":"Red Slaver","floor":11.0,"turns":1.0},{"damage":1.0,"enemies":"Exordium Wildlife","floor":13.0,"turns":2.0},{"damage":0.0,"enemies":"Gremlin Gang","floor":14.0,"turns":1.0},{"damage":49,"enemies":"The Guardian","floor":16,"turns":9},{"damage":63,"enemies":"Spheric Guardian","floor":18,"turns":6},{"damage":32,"enemies":"2 Thieves","floor":21,"turns":2}],"seed_played":"-7807646678638036877","potions_obtained":[{"floor":5.0,"key":"Energy Potion"},{"floor":8.0,"key":"GamblersBrew"},{"floor":11.0,"key":"GamblersBrew"},{"floor":13.0,"key":"Strength Potion"},{"floor":16,"key":"FairyPotion"}],"is_trial":false,"path_per_floor":["M","M","$","?","M","E","R","E","T","R","M","$","M","M","R","B",null,"M","?","$","M"],"character_chosen":"WATCHER","items_purchased":["EmptyBody","Conclude","Dramatic Entrance","Sling","BattleHymn"],"campfire_rested":2,"item_purchase_floors":[3,12,12,20,20],"current_hp_per_floor":[63,63,63,63,63,37,60,34,34,57,57,57,56,56,56,7,61,23,23,23,0,0],"gold":0,"neow_bonus":"TEN_PERCENT_HP_BONUS","is_daily":false,"chose_seed":false,"campfire_upgraded":1,"win_rate":0.0,"timestamp":1609707378,"path_taken":["M","M","$","?","M","E","R","E","T","R","M","$","?","M","R","BOSS","M","?","$","M"],"items_purchased_type":["Card","Card","Card","Relic","Card"],"build_version":"2020-12-22","purchased_purges":0,"victory":false,"max_hp_per_floor":[79,79,79,79,79,79,79,79,79,79,79,79,79,79,79,79,79,79,79,79,79,79],"card_choices":[{"not_picked":["CutThroughFate","SashWhip"],"picked":"FollowUp","floor":1.0},{"not_picked":["SandsOfTime","Tantrum"],"picked":"ForeignInfluence","floor":2.0},{"not_picked":["WreathOfFlame","Collect"],"picked":"ThirdEye","floor":5.0},{"not_picked":["EmptyFist","Fasting2"],"picked":"SashWhip","floor":6.0},{"not_picked":["Nirvana","Establishment"],"picked":"FearNoEvil","floor":8.0},{"not_picked":["ThirdEye","Halt"],"picked":"PathToVictory","floor":10.0},{"not_picked":["CutThroughFate","FlurryOfBlows"],"picked":"ClearTheMind","floor":11.0},{"not_picked":["Nirvana","SashWhip"],"picked":"Crescendo","floor":13.0},{"not_picked":["Protect","Pray","FlurryOfBlows"],"picked":"SKIP","floor":14.0},{"not_picked":["Alpha","Omniscience"],"picked":"DevaForm","floor":16},{"not_picked":["Halt","FlurryOfBlows"],"picked":"Perseverance","floor":18}],"player_experience":1183749,"relics_obtained":[{"floor":6.0,"key":"Lantern"},{"floor":8.0,"key":"Bag of Preparation"},{"floor":9.0,"key":"Dream Catcher"}],"event_choices":[{"damage_healed":0.0,"max_hp_gain":0.0,"max_hp_loss":0.0,"gold_gain":0.0,"event_name":"Accursed Blacksmith","player_choice":"Forge","floor":4.0,"gold_loss":0.0,"damage_taken":0.0,"cards_upgraded":["Eruption"]},{"damage_healed":0,"gold_gain":100,"player_choice":"Bet on Murderer","damage_taken":0,"max_hp_gain":0,"max_hp_loss":0,"event_name":"The Joust","floor":19,"gold_loss":50}],"is_beta":false,"boss_relics":[{"not_picked":["Pandora\u0027s Box","Snecko Eye"],"picked":"Black Star"}],"items_purged_floors":[],"is_endless":false,"potions_floor_spawned":[5,8,11,13,16],"killed_by":"2 Thieves","ascension_level":11}}