{"host":"10b2ljh1rg6srmxa","time":1609695886,"event":{"mods":["AchievementEnabler","BaseMod","Colored Powertips","Conspire","Downfall","Googly Eyes","Hubris","Infinite Spire","Minty Spire (QoL Compilation)","Replay The Spire","StSLib","The Construct"],"gold_per_floor":[99,110,110,173,191,191,214,27,61,61,74,84,84,100,120,223,223,223,323,339,359,374,386,386,44,44,71,87,118,118,203,214,316,316,316,336,381,211,230,292,292,292,292,318,363,138,123,76,139,139,139,174,113,113,113],"floor_reached":56,"playtime":9243,"items_purged":["hubris:Disease","Guardian:Strike_Guardian"],"score":1760,"play_id":"66a57a2b-149a-416e-9fa1-77e86d7096dc","local_time":"20210103184446","is_ascension_mode":false,"campfire_choices":[{"floor":1,"key":"DIG"},{"data":"Guardian:ArmoredProtocol","floor":6,"key":"SMITH"},{"data":"expansioncontent:DecasProtection","floor":13,"key":"SMITH"},{"floor":18,"key":"DIG"},{"data":"Guardian:DecasProtection","floor":30,"key":"SMITH"},{"floor":35,"key":"RECALL"},{"data":"Guardian:EvasiveProtocol","floor":46,"key":"SMITH"},{"data":"Guardian:SpikerProtocol","floor":54,"key":"SMITH"}],"circlet_count":0,"master_deck":["Guardian:Strike_Guardian","Guardian:Strike_Guardian","Guardian:Strike_Guardian+1","Guardian:Defend_Guardian","Guardian:Defend_Guardian","Guardian:Defend_Guardian","Guardian:Defend_Guardian","Guardian:CurlUp","Guardian:TwinSlam+1","Guardian:TemporalShield","Guardian:ArmoredProtocol+1","Guardian:BronzeOrb","expansioncontent:DecasProtection+1","Guardian:DonusPower","Guardian:Recover","Guardian:Harden+1","Guardian:PrismaticBarrier","Guardian:FloatingOrbs","Guardian:DecasProtection+1","Guardian:FloatingOrbs","Guardian:StasisField","Guardian:PiercingHide+1","Guardian:SpikerProtocol+1","Guardian:EvasiveProtocol+1","Guardian:FierceBash","Guardian:StasisField","expansioncontent:TimeRipple","Guardian:ArmoredProtocol+1","Guardian:Repulse+1"],"relics":["Guardian:ModeShifter","Replay:Kaleidoscope","hubris:MobiusCoin","Whetstone","hubris:PeanutButter","infinitespire:Cupcake","construct:FoamFinger","Orrery","infinitespire:ShieldingShard","Blood Vial","ReplayTheSpireMod:Ring of Challenge","hubris:Backtick","Calipers","hubris:Metronome","hubris:EmptyBottle","hubris:Towel","infinitespire:EmpoweringShard","SlaversCollar","CaptainsWheel","Toy Ornithopter","downfall:HeartBlessingRed","downfall:HeartBlessingGreen","downfall:HeartBlessingBlue","Iron Hammer","infinitespire:Joker Card"],"acts_visited":["Exordium","TheCity","TheBeyond","TheEnding"],"potions_floor_usage":[4,5,8,12,31,48,48,48,48,55,55,55,55,55,55],"damage_taken":[{"damage":0,"enemies":"Jaw Worm","floor":2,"turns":4},{"damage":8,"enemies":"Cultist","floor":4,"turns":6},{"damage":0,"enemies":"conspire:RoseBush","floor":5,"turns":2},{"damage":0,"enemies":"downfall:FleeingMerchant","floor":8,"turns":4},{"damage":3,"enemies":"3 Sentries","floor":9,"turns":10},{"damage":0,"enemies":"conspire:2 RoseBushes","floor":11,"turns":6},{"damage":0,"enemies":"Gremlin Gang","floor":12,"turns":6},{"damage":0,"enemies":"2 Fungi Beasts","floor":14,"turns":3},{"damage":0,"enemies":"conspire:2 RoseBushes","floor":15,"turns":5},{"damage":8,"enemies":"downfall:Watcher","floor":16,"turns":11},{"damage":0,"enemies":"Chosen","floor":20,"turns":6},{"damage":0,"enemies":"Shell Parasite","floor":21,"turns":6},{"damage":0,"enemies":"conspire:HollyBat","floor":22,"turns":7},{"damage":0,"enemies":"Centurion and Healer","floor":23,"turns":7},{"damage":0,"enemies":"downfall:FleeingMerchant","floor":25,"turns":4},{"damage":0,"enemies":"Cultist and Chosen","floor":27,"turns":8},{"damage":0,"enemies":"conspire:HollyBat","floor":28,"turns":8},{"damage":0,"enemies":"Snecko","floor":29,"turns":5},{"damage":0,"enemies":"3 Cultists","floor":31,"turns":4},{"damage":0,"enemies":"Snake Plant","floor":32,"turns":4},{"damage":0,"enemies":"downfall:Ironclad","floor":33,"turns":10},{"damage":0,"enemies":"3 Shapes","floor":36,"turns":6},{"damage":0,"enemies":"downfall:FleeingMerchant","floor":38,"turns":4},{"damage":0,"enemies":"3 Darklings","floor":39,"turns":8},{"damage":0,"enemies":"Jaw Worm Horde","floor":40,"turns":4},{"damage":0,"enemies":"Nightmare","floor":44,"turns":9},{"damage":0,"enemies":"downfall:FleeingMerchant","floor":47,"turns":4},{"damage":0,"enemies":"downfall:FleeingMerchant","floor":48,"turns":1},{"damage":0,"enemies":"Maw","floor":49,"turns":6},{"damage":0,"enemies":"downfall:Defect","floor":50,"turns":6},{"damage":0,"enemies":"downfall:CharBossMerchant","floor":52,"turns":7},{"damage":0,"enemies":"downfall:NeowBoss","floor":55,"turns":34}],"seed_played":"-7641262123191514545","potions_obtained":[{"floor":3,"key":"ColorlessPotion"},{"floor":3,"key":"Toxic Potion"},{"floor":3,"key":"infinitespire:BlackPotion"},{"floor":4,"key":"champ:CounterPotion"},{"floor":5,"key":"construct:ShiftPotion"},{"floor":9,"key":"sneckomod:MuddlingPotion"},{"floor":11,"key":"Adrenaline Potion"},{"floor":20,"key":"Fruit Juice"},{"floor":31,"key":"sneckomod:MuddlingPotion"},{"floor":49,"key":"Reflective Coating"}],"is_trial":false,"path_per_floor":["R","M","?","M","M","R","T","$","E","?","M","M","R","M","M","B",null,"R","AVR","M","M","M","M","T","$","?","M","M","M","R","M","M","B",null,"R","M","?","$","M","M","T","?","AVR","NM","?","R","$","$","M","B",null,"E","$","R","B",null],"character_chosen":"GUARDIAN","items_purchased":["expansioncontent:DecasProtection","Blood Vial","Guardian:SpikerProtocol","hubris:EmptyBottle","expansioncontent:TimeRipple","Iron Hammer","Fruit Juice","Guardian:Repulse+1"],"campfire_rested":0,"item_purchase_floors":[8,25,25,38,48,48,48,53],"current_hp_per_floor":[80,80,80,72,72,72,72,72,69,69,69,69,69,69,69,61,80,80,80,80,80,80,80,80,80,80,80,80,80,80,80,80,80,80,80,80,48,50,52,54,54,54,54,56,56,66,68,110,110,110,110,110,110,110,110],"gold":113,"neow_bonus":"ONE_RARE_RELIC","is_daily":false,"chose_seed":false,"campfire_upgraded":5,"win_rate":0.0,"timestamp":1609695886,"path_taken":["R","M","?","M","M","R","T","?","E","?","?","M","R","?","M","BOSS","R","AVR","M","M","M","M","T","$","?","M","M","M","R","M","M","BOSS","R","M","?","$","?","M","T","?","AVR","NM","?","R","?","$","M","BOSS","E","$","R","BOSS"],"items_purchased_type":["Card","Relic","Card","Relic","Card","Relic","Potion","Card"],"build_version":"2020-12-22","purchased_purges":2,"victory":true,"max_hp_per_floor":[80,80,80,80,80,80,80,80,80,80,80,80,80,80,80,80,80,80,80,80,80,80,80,80,80,80,80,80,80,80,80,80,80,80,80,80,80,80,80,80,80,80,80,80,80,90,90,110,110,110,110,110,110,110,110],"card_choices":[{"not_picked":["Guardian:ShieldCharger","Guardian:ChargeUp"],"picked":"Guardian:TemporalShield","floor":2},{"not_picked":["Guardian:Emergency","Guardian:TemporalStrike"],"picked":"Guardian:Gem_Red","floor":4},{"not_picked":["Guardian:BronzeArmor","Guardian:ChargeCore"],"picked":"Guardian:ArmoredProtocol","floor":5},{"not_picked":["Guardian:TemporalShield","Guardian:TemporalStrike"],"picked":"Guardian:BronzeOrb","floor":8},{"not_picked":["Guardian:Gem_Fragmented","Guardian:BronzeArmor"],"picked":"Guardian:DonusPower","floor":9},{"not_picked":["Guardian:Gem_Red","Guardian:PrimingBeam"],"picked":"Guardian:Gem_Lightblue","floor":11},{"not_picked":["Guardian:Gem_Green","Guardian:Gem_Crimson","Guardian:WalkerClaw"],"picked":"SKIP","floor":12},{"not_picked":["Guardian:RevengeProtocol","Guardian:RollAttack"],"picked":"Guardian:Recover","floor":14},{"not_picked":["Guardian:ChargeUp","Guardian:TemporalShield","Guardian:RefractedBeam"],"picked":"SKIP","floor":15},{"not_picked":["Guardian:ConstructionForm","Guardian:SphericShield"],"picked":"Guardian:Gem_Orange","floor":16},{"not_picked":["Guardian:Orbwalk","Guardian:PolyBeam"],"picked":"Guardian:Harden+1","floor":19},{"not_picked":["Guardian:Planning","Guardian:Reroute"],"picked":"Guardian:PrismaticBarrier","floor":19},{"not_picked":["Guardian:ChargeUp","Guardian:MultiBeam"],"picked":"Guardian:FloatingOrbs","floor":19},{"not_picked":["Guardian:WalkerClaw","Guardian:Planning"],"picked":"Guardian:DecasProtection","floor":19},{"not_picked":["Guardian:Gem_Crimson","Guardian:Suspension"],"picked":"Guardian:FloatingOrbs","floor":19},{"not_picked":["Guardian:Gem_Fragmented","Guardian:Suspension+1","Guardian:PrimingBeam"],"picked":"SKIP","floor":20},{"not_picked":["Guardian:DonusPower+1","Guardian:Reroute+1"],"picked":"Guardian:StasisField","floor":21},{"not_picked":["Guardian:Clone","Guardian:Incinerate","Guardian:PiercingHide"],"picked":"SKIP","floor":22},{"not_picked":["Guardian:PrimingBeam","Guardian:Reroute+1"],"picked":"Guardian:PiercingHide+1","floor":23},{"not_picked":["Guardian:SphericShield","Guardian:Gem_Red","Guardian:RollAttack+1"],"picked":"SKIP","floor":25},{"not_picked":["Guardian:PrimingBeam","Guardian:CrystalBeam","Guardian:FloatingOrbs"],"picked":"SKIP","floor":27},{"not_picked":["Guardian:Planning+1","Guardian:Preprogram"],"picked":"Guardian:Gem_Blue","floor":28},{"not_picked":["Guardian:TemporalShield","Guardian:Gem_Crimson","Guardian:Planning"],"picked":"SKIP","floor":29},{"not_picked":["Guardian:Incinerate","Guardian:TemporalShield"],"picked":"Guardian:Gem_Green","floor":31},{"not_picked":["Guardian:HyperBeam_Guardian","Guardian:BronzeArmor"],"picked":"Guardian:EvasiveProtocol","floor":32},{"not_picked":["Guardian:GatlingBeam","Guardian:HyperBeam_Guardian"],"picked":"Guardian:FierceBash","floor":33},{"not_picked":["Guardian:CrystalBeam","Guardian:WalkerClaw+1","Guardian:GuardianWhirl+1"],"picked":"SKIP","floor":36},{"not_picked":["Guardian:TemporalShield+1","Guardian:ShieldCharger"],"picked":"Guardian:Gem_Cyan","floor":37},{"not_picked":["Guardian:PrismaticBarrier","Guardian:Planning+1","Guardian:FloatingOrbs"],"picked":"SKIP","floor":38},{"not_picked":["Guardian:Recover+1","Guardian:Reroute+1","Guardian:SentryBeam"],"picked":"SKIP","floor":39},{"not_picked":["Guardian:CrystalBeam","Guardian:RevengeProtocol","Guardian:Gem_Cyan"],"picked":"SKIP","floor":40},{"not_picked":["Guardian:RollAttack","Guardian:PrimingBeam","Guardian:VentSteam"],"picked":"SKIP","floor":44},{"not_picked":["Guardian:RollAttack","Guardian:StasisStrike"],"picked":"Guardian:Gem_Red","floor":47},{"not_picked":["Guardian:Suspension+1","Guardian:ChargeCore+1"],"picked":"Guardian:StasisField","floor":48},{"not_picked":["Guardian:Suspension","Guardian:TemporalStrike","Guardian:RollAttack"],"picked":"SKIP","floor":49},{"not_picked":["Guardian:DecasProtection+1","Guardian:TemporalStrike+1"],"picked":"Guardian:ArmoredProtocol+1","floor":52}],"player_experience":325013,"relics_obtained":[{"floor":1,"key":"hubris:MobiusCoin"},{"floor":7,"key":"Whetstone"},{"floor":9,"key":"hubris:PeanutButter"},{"floor":18,"key":"construct:FoamFinger"},{"floor":24,"key":"infinitespire:ShieldingShard"},{"floor":26,"key":"ReplayTheSpireMod:Ring of Challenge"},{"floor":37,"key":"hubris:Metronome"},{"floor":44,"key":"CaptainsWheel"},{"floor":45,"key":"Toy Ornithopter"},{"floor":52,"key":"infinitespire:Joker Card"}],"event_choices":[{"damage_healed":0,"gold_gain":0,"player_choice":"Got Potions","damage_taken":0,"max_hp_gain":0,"max_hp_loss":0,"event_name":"Lab","floor":3,"gold_loss":0}],"is_beta":false,"boss_relics":[{"not_picked":["Empty Cage","Fusion Hammer"],"picked":"infinitespire:Cupcake"},{"not_picked":["Black Star","Cursed Key"],"picked":"hubris:Backtick"}],"items_purged_floors":[8,25],"is_endless":false,"potions_floor_spawned":[4,5,9,11,20,27,29,31,39,40,49],"ascension_level":0}}