{"host":"g5zc4ej6zn2at89o","time":1609660935,"event":{"mods":["2.2 Compatiblity","AchievementEnabler","BaseMod","Colored Map","DeckTracker","Highlight Path","KOR Keyword Fix","Keyboard Shortcuts","Minty Spire (QoL Compilation)","Permanent Neow","Quick Restart","Say the Spire","StSLib","SuperFastMode","everything is the same but u backflip on backflip"],"gold_per_floor":[360,535,554,554,565,565,640,651,651,166,182,196,216,226,226,322,322,332,332,332,359,370,370,370],"floor_reached":23,"playtime":874,"items_purged":["Strike_R"],"score":185,"play_id":"a6d2fb43-4d95-421c-ae1b-624f64fb18a3","local_time":"20210103170215","is_ascension_mode":false,"campfire_choices":[{"data":"Infernal Blade","floor":6,"key":"SMITH"},{"data":"Infernal Blade","floor":15,"key":"SMITH"}],"circlet_count":0,"master_deck":["Strike_R","Strike_R","Strike_R","Strike_R","Defend_R","Defend_R","Defend_R","Defend_R","Bash","Iron Wave","Doubt","Infernal Blade+1","Pain","Shockwave","Flex","Jack Of All Trades","Reaper+1","Infernal Blade+1","Demon Form","Headbutt+1","Heavy Blade+1","J.A.X.","Power Through+1"],"relics":["Burning Blood","WarpedTongs","Paper Frog","PreservedInsect","Velvet Choker","Whetstone"],"acts_visited":["Exordium","TheCity"],"potions_floor_usage":[16,16,23],"damage_taken":[{"damage":0,"enemies":"Small Slimes","floor":1,"turns":3},{"damage":10,"enemies":"Jaw Worm","floor":3,"turns":5},{"damage":2,"enemies":"Cultist","floor":5,"turns":3},{"damage":21,"enemies":"3 Louse","floor":8,"turns":3},{"damage":10,"enemies":"Large Slime","floor":11,"turns":4},{"damage":19,"enemies":"Exordium Wildlife","floor":12,"turns":4},{"damage":0,"enemies":"Blue Slaver","floor":13,"turns":1},{"damage":15,"enemies":"Lots of Slimes","floor":14,"turns":3},{"damage":65,"enemies":"The Guardian","floor":16,"turns":13},{"damage":26,"enemies":"Spheric Guardian","floor":18,"turns":5},{"damage":34,"enemies":"2 Thieves","floor":22,"turns":4},{"damage":26,"enemies":"Book of Stabbing","floor":23,"turns":4}],"seed_played":"5869150930314033058","potions_obtained":[{"floor":3,"key":"Energy Potion"},{"floor":8,"key":"FearPotion"},{"floor":14,"key":"Block Potion"}],"is_trial":false,"path_per_floor":["M","?","M","?","M","R","?","M","T","$","M","M","M","M","R","B",null,"M","?","?","T","M","E"],"character_chosen":"IRONCLAD","items_purchased":["PreservedInsect","Flex","Jack Of All Trades","Reaper"],"campfire_rested":0,"item_purchase_floors":[10,10,10,10],"current_hp_per_floor":[72,72,68,68,72,72,61,46,46,46,50,47,53,63,63,12,72,52,52,52,52,24,3,3],"gold":370,"neow_bonus":"TWO_FIFTY_GOLD","is_daily":false,"chose_seed":false,"campfire_upgraded":2,"win_rate":0.0,"timestamp":1609660935,"path_taken":["M","?","M","?","?","R","?","M","T","$","M","M","M","M","R","BOSS","M","?","?","?","?","E"],"items_purchased_type":["Relic","Card","Card","Card"],"build_version":"2020-12-22","purchased_purges":1,"victory":false,"max_hp_per_floor":[72,72,72,72,72,72,72,72,72,72,72,72,72,72,72,72,72,72,72,72,72,72,72,72],"card_choices":[{"not_picked":["Wild Strike","Headbutt"],"picked":"Iron Wave","floor":1},{"not_picked":["Cleave","Pummel"],"picked":"Infernal Blade","floor":3},{"not_picked":["Wild Strike","Clothesline","Disarm"],"picked":"SKIP","floor":5},{"not_picked":["Clash","Brutality"],"picked":"Shockwave","floor":8},{"not_picked":["Iron Wave","Perfected Strike","Clothesline"],"picked":"SKIP","floor":11},{"not_picked":["Clothesline","Hemokinesis"],"picked":"Infernal Blade","floor":12},{"not_picked":["Body Slam","Warcry","True Grit"],"picked":"SKIP","floor":13},{"not_picked":["Twin Strike","Burning Pact","Metallicize"],"picked":"SKIP","floor":14},{"not_picked":["Double Tap","Fiend Fire"],"picked":"Demon Form","floor":16},{"not_picked":["Twin Strike","Shockwave"],"picked":"Headbutt+1","floor":18},{"not_picked":["Cleave","Warcry"],"picked":"Power Through+1","floor":22}],"player_experience":123243,"relics_obtained":[{"floor":9,"key":"Paper Frog"},{"floor":21,"key":"Whetstone"}],"event_choices":[{"damage_healed":0,"gold_gain":175,"player_choice":"AGREE","damage_taken":0,"max_hp_gain":0,"max_hp_loss":0,"event_name":"Liars Game","floor":2,"gold_loss":0,"cards_obtained":["Doubt"]},{"damage_healed":0,"gold_gain":0,"player_choice":"Rummage","damage_taken":0,"relics_obtained":["WarpedTongs"],"max_hp_gain":0,"max_hp_loss":0,"event_name":"Accursed Blacksmith","floor":4,"gold_loss":0,"cards_obtained":["Pain"]},{"damage_healed":0,"gold_gain":75,"player_choice":"Gather Gold","damage_taken":11,"max_hp_gain":0,"max_hp_loss":0,"event_name":"World of Goop","floor":7,"gold_loss":0},{"damage_healed":0,"gold_gain":0,"player_choice":"Read","damage_taken":0,"max_hp_gain":0,"max_hp_loss":0,"event_name":"The Library","floor":19,"gold_loss":0,"cards_obtained":["Heavy Blade"]},{"damage_healed":0,"gold_gain":0,"player_choice":"Obtain J.A.X.","damage_taken":0,"max_hp_gain":0,"max_hp_loss":0,"event_name":"Drug Dealer","floor":20,"gold_loss":0,"cards_obtained":["J.A.X."]}],"is_beta":false,"boss_relics":[{"not_picked":["Runic Dome","SlaversCollar"],"picked":"Velvet Choker"}],"items_purged_floors":[10],"is_endless":false,"potions_floor_spawned":[3,8,14],"killed_by":"Book of Stabbing","ascension_level":0}}