{"host":"bor2qt8pkh75ni8l","time":1609641091,"event":{"mods":["Act Like it!","BaseMod","Bestiary","Downfall","Minty Spire (QoL Compilation)","Relic Stats","StSLib"],"gold_per_floor":[99,110,1,101,116,116,143,178,192,192,209,209,224,235,251,251,251,251],"floor_reached":16,"playtime":1106,"items_purged":[],"score":114,"play_id":"de9c4582-5b6a-471f-81a9-a8124a6aaafe","local_time":"20210102183131","is_ascension_mode":true,"campfire_choices":[{"data":"champ:Execute","floor":1,"key":"SMITH"},{"floor":6,"key":"REST"}],"circlet_count":0,"master_deck":["champ:Strike","champ:Strike","champ:Strike","champ:Strike","champ:Defend","champ:Defend","champ:Defend","champ:Defend","champ:Execute+1","champ:Taunt+1","champ:Haymaker","champ:FlashCut","champ:FanOfKnives","champ:BringItOn","champ:GladiatorsShout","champ:DefensiveShout","champ:TornadoPunch","champ:GladiatorStyle","champ:CalledShot"],"relics":["Black Star","CloakClasp","Omamori","Ginger","Unceasing Top"],"acts_visited":["Exordium"],"potions_floor_usage":[8,14,14,16],"damage_taken":[{"damage":10,"enemies":"Jaw Worm","floor":2,"turns":3},{"damage":10,"enemies":"downfall:FleeingMerchant","floor":3,"turns":4},{"damage":90,"enemies":"downfall:FleeingMerchant","floor":4,"turns":17},{"damage":3,"enemies":"Small Slimes","floor":5,"turns":3},{"damage":31,"enemies":"Lagavulin","floor":8,"turns":7},{"damage":0,"enemies":"2 Louse","floor":9,"turns":2},{"damage":2,"enemies":"Red Slaver","floor":11,"turns":3},{"damage":2,"enemies":"3 Louse","floor":13,"turns":3},{"damage":0,"enemies":"Exordium Thugs","floor":14,"turns":2},{"damage":0,"enemies":"Lots of Slimes","floor":15,"turns":4},{"damage":14,"enemies":"downfall:Watcher","floor":16,"turns":12}],"seed_played":"-6992874714127315762","potions_obtained":[{"floor":4,"key":"champ:OpenerPotion"},{"floor":5,"key":"DistilledChaos"},{"floor":9,"key":"AttackPotion"},{"floor":14,"key":"Fruit Juice"}],"is_trial":false,"path_per_floor":["R","M","$","?","M","R","T","E","M","?","M","?","M","M","M","B"],"character_chosen":"THE_CHAMP","items_purchased":["champ:FanOfKnives","champ:BringItOn"],"campfire_rested":1,"item_purchase_floors":[3,3],"current_hp_per_floor":[90,90,90,13,10,37,37,12,12,12,10,5,3,8,8,0,0,0],"gold":251,"neow_bonus":"BOSS_RELIC","is_daily":false,"chose_seed":false,"campfire_upgraded":1,"win_rate":0.0,"timestamp":1609641091,"path_taken":["R","M","$","?","M","R","T","E","M","?","M","?","M","M","M","BOSS"],"items_purchased_type":["Card","Card"],"build_version":"2020-12-22","purchased_purges":0,"victory":false,"max_hp_per_floor":[90,90,90,90,90,90,90,90,90,90,90,90,90,95,95,95,95,95],"relic_stats":{"counters":[11,60],"Black Star":1,"CloakClasp":[84],"Ginger":[5],"obtain_stats":[{"champ:ChampionCrown":0,"Black Star":0,"CloakClasp":4,"Omamori":7,"Ginger":8,"Unceasing Top":8},{"champ:ChampionCrown":0,"Black Star":0,"CloakClasp":3,"Omamori":4,"Ginger":5,"Unceasing Top":5},{"champ:ChampionCrown":0,"Black Star":0,"CloakClasp":24,"Omamori":27,"Ginger":34,"Unceasing Top":34}],"Unceasing Top":[0]},"card_choices":[{"not_picked":["champ:ArenaPreparation","champ:Circumvent"],"picked":"champ:Haymaker","floor":2},{"not_picked":["champ:FocusedBerserking","champ:Lariat"],"picked":"champ:FlashCut","floor":3},{"not_picked":["champ:SteelEdge","champ:FlashCut"],"picked":"champ:GladiatorsShout","floor":5},{"not_picked":["champ:BladeFlurry","champ:RageSigil"],"picked":"champ:DefensiveShout","floor":8},{"not_picked":["champ:GutPunch","champ:BerserkersShout"],"picked":"champ:TornadoPunch","floor":9},{"not_picked":["champ:PerfectedStrike","champ:SwordSigil","champ:EndlessRage"],"picked":"SKIP","floor":11},{"not_picked":["champ:FocusedBerserking","champ:GladiatorsShout","champ:DeathBlow"],"picked":"SKIP","floor":13},{"not_picked":["champ:Backstep","champ:ShieldSlam"],"picked":"champ:GladiatorStyle","floor":14},{"not_picked":["champ:ShieldSigil","champ:HeartStrike"],"picked":"champ:CalledShot","floor":15}],"player_experience":589607,"relics_obtained":[{"floor":4,"key":"CloakClasp"},{"floor":7,"key":"Omamori"},{"floor":8,"key":"Ginger"},{"floor":8,"key":"Unceasing Top"}],"event_choices":[{"damage_healed":0,"gold_gain":0,"player_choice":"Grow","damage_taken":0,"max_hp_gain":0,"max_hp_loss":0,"event_name":"Living Wall","floor":10,"gold_loss":0,"cards_upgraded":["champ:Taunt"]}],"is_beta":false,"boss_relics":[],"items_purged_floors":[],"is_endless":false,"potions_floor_spawned":[4,5,9,14],"killed_by":"downfall:Watcher","ascension_level":2}}