{"host":"7z347kdhnquy3q4q","time":1609678360,"event":{"mods":["Act Like it!","Aspiration","BaseMod","Downfall","Hubris","Infinite Spire","Minty Spire (QoL Compilation)","MostiFishMod","Pale of the Ancients","Permanent Neow","Potionbrewer","Replay The Spire","Robot Space Explorer","Spicy Shops","StSLib","Wandering Minibosses","vexMod"],"gold_per_floor":[113,113,113,108,2,31,31,50,74,73,38,38,38,42,42,121,121,135,55,59,59,59,94,94,94,94,106,106,141,141,171,171,234,234,246,263,52,0,18,18,36,36,36,69,88,138,152,152,152,152],"floor_reached":51,"playtime":1761,"items_purged":["RobotSpaceExplorer:Strike"],"score":1486,"play_id":"0868b0b0-66a2-4fe3-b181-219d65e1fb0f","local_time":"20210103065240","is_ascension_mode":true,"campfire_choices":[{"data":"RobotSpaceExplorer:BlastShield","floor":12,"key":"SMITH"},{"data":"RobotSpaceExplorer:PowerCollector","floor":15,"key":"SMITH"},{"data":"RobotSpaceExplorer:Accelerator","floor":25,"key":"SMITH"},{"data":"RobotSpaceExplorer:RigExplosive","floor":28,"key":"SMITH"},{"data":"RobotSpaceExplorer:Fix","floor":32,"key":"SMITH"},{"data":"RobotSpaceExplorer:MiniDrones","floor":40,"key":"SMITH"},{"data":"RobotSpaceExplorer:LaserBurst","floor":42,"key":"SMITH"},{"data":"RobotSpaceExplorer:ShockMissile","floor":49,"key":"SMITH"}],"circlet_count":0,"master_deck":["AscendersBane","RobotSpaceExplorer:Defend","RobotSpaceExplorer:Defend","RobotSpaceExplorer:Defend","RobotSpaceExplorer:MiniLasers","RobotSpaceExplorer:MetalStrike","RobotSpaceExplorer:TrailblazerForm+1","RobotSpaceExplorer:Probe","RobotSpaceExplorer:RigExplosive+1","RobotSpaceExplorer:PowerCollector+1","RobotSpaceExplorer:BlastShield+1","RobotSpaceExplorer:SwiftStep","RobotSpaceExplorer:JunkDive","RobotSpaceExplorer:LaserBurst+1","RobotSpaceExplorer:Autoloader","RobotSpaceExplorer:Ammunition+1","RobotSpaceExplorer:SurgingStrike+1","RobotSpaceExplorer:MetalStrike+1","RobotSpaceExplorer:GearShield","RobotSpaceExplorer:LuckyStrike","RobotSpaceExplorer:Accelerator+1","RobotSpaceExplorer:RigExplosive+1","RobotSpaceExplorer:Fix+1","RobotSpaceExplorer:MiniDrones","RobotSpaceExplorer:ChargingLaser","RobotSpaceExplorer:MiniDrones+1","RobotSpaceExplorer:MiniDrones","RobotSpaceExplorer:ScrapMissile","RobotSpaceExplorer:StarLightning+1","RobotSpaceExplorer:ShockMissile+1"],"relics":["RobotSpaceExplorer:RoboCore","DaveBox","Civilization","aspiration:Nostalgia","PureWater","SynthV:TestCard","Iron Hammer","Juzu Bracelet","Astrolabe","CombinedTypeHook","Ancient Tea Set","hubris:FunFungus","Bag of Marbles","Potion Belt","SlaversCollar","Unceasing Top","Red Mask","ReplayTheSpireMod:Lightbulb","Meat on the Bone","Bird Faced Urn","Thread and Needle","hubris:Towel"],"acts_visited":["Exordium","TheCity","TheBeyond"],"potions_floor_usage":[10,16,16,20,31,33,35,41,45,47,50],"damage_taken":[{"damage":4,"enemies":"Small Slimes","floor":1,"turns":4},{"damage":6,"enemies":"Jaw Worm","floor":4,"turns":6},{"damage":18,"enemies":"Gremlin Nob","floor":6,"turns":4},{"damage":0,"enemies":"Cultist","floor":8,"turns":2},{"damage":0,"enemies":"Large Slime","floor":10,"turns":5},{"damage":0,"enemies":"2 Fungi Beasts","floor":14,"turns":1},{"damage":6,"enemies":"Fading Forest","floor":16,"turns":13},{"damage":0,"enemies":"Chosen","floor":18,"turns":1},{"damage":0,"enemies":"Spheric Guardian","floor":20,"turns":2},{"damage":0,"enemies":"Gremlin Leader","floor":23,"turns":4},{"damage":0,"enemies":"Snake Plant","floor":27,"turns":1},{"damage":0,"enemies":"Book of Stabbing","floor":29,"turns":1},{"damage":0,"enemies":"Slavers","floor":31,"turns":1},{"damage":3,"enemies":"Champ","floor":33,"turns":4},{"damage":0,"enemies":"3 Darklings","floor":35,"turns":2},{"damage":0,"enemies":"Orb Walker","floor":36,"turns":2},{"damage":0,"enemies":"Spire Growth","floor":39,"turns":2},{"damage":0,"enemies":"Reptomancer","floor":41,"turns":3},{"damage":0,"enemies":"Giant Head","floor":44,"turns":1},{"damage":0,"enemies":"Transient","floor":45,"turns":3},{"damage":0,"enemies":"2 Orb Walkers","floor":46,"turns":1},{"damage":0,"enemies":"Writhing Mass","floor":47,"turns":1},{"damage":0,"enemies":"Replay:Hell Engine","floor":50,"turns":1}],"seed_played":"-4110838246506212147","potions_obtained":[{"floor":6,"key":"potionbrewer:FreezingPotion"},{"floor":10,"key":"ColorlessPotion"},{"floor":14,"key":"hexamod:EctoCoolerPotion"},{"floor":16,"key":"potionbrewer:NoxiousPotion"},{"floor":23,"key":"potionbrewer:ToxicPotion"},{"floor":31,"key":"Doom Potion"},{"floor":46,"key":"CultistPotion"},{"floor":47,"key":"potionbrewer:NoxiousPotion"}],"is_trial":false,"path_per_floor":["M","?","?","M","$","E","$","M","T","M","?","R","?","M","R","B",null,"M","?","M","?","$","E","?","R","T","M","R","E","?","E","R","B",null,"M","M","$","?","M","R","E","R","T","E","M","?","M","?","R","B",null],"character_chosen":"RobotSpaceExplorer","items_purchased":["RobotSpaceExplorer:PowerCollector","Unceasing Top"],"campfire_rested":0,"item_purchase_floors":[5,37],"current_hp_per_floor":[62,62,62,59,59,45,45,50,50,57,80,80,80,89,89,106,114,130,130,147,147,147,169,169,169,169,192,192,216,216,243,243,270,272,307,342,342,342,378,378,421,421,421,465,510,557,605,605,605,655],"gold":152,"neow_bonus":"NOSTALGIA","is_daily":false,"chose_seed":false,"campfire_upgraded":8,"win_rate":0.0,"timestamp":1609678360,"path_taken":["M","?","?","M","$","E","$","?","T","M","?","R","?","M","R","BOSS","M","?","M","?","$","E","?","R","T","M","R","E","?","E","R","BOSS","M","M","$","?","M","R","E","R","T","E","M","?","M","?","R","BOSS"],"items_purchased_type":["Card","Relic"],"build_version":"2020-12-22","purchased_purges":1,"victory":true,"max_hp_per_floor":[73,73,73,76,76,80,80,85,85,92,92,92,92,101,101,116,116,132,132,149,149,149,171,171,171,171,194,194,218,218,245,245,273,273,307,342,342,342,378,378,421,421,421,465,510,557,605,605,605,655],"card_choices":[{"not_picked":["RobotSpaceExplorer:Jetpack","RobotSpaceExplorer:ToxicBomb"],"picked":"RobotSpaceExplorer:MetalStrike","floor":1},{"not_picked":["RobotSpaceExplorer:SlimeMissile","RobotSpaceExplorer:MetalStrike","RobotSpaceExplorer:SurgingStrike","RobotSpaceExplorer:ImprovisedAttack"],"picked":"RobotSpaceExplorer:RigExplosive","floor":4},{"not_picked":["RobotSpaceExplorer:ToxicBomb","RobotSpaceExplorer:MiniBoosters","RobotSpaceExplorer:Ammunition","RobotSpaceExplorer:ScrapMissile"],"picked":"RobotSpaceExplorer:BlastShield","floor":6},{"not_picked":["RobotSpaceExplorer:ShockKick","RobotSpaceExplorer:Smokescreen","RobotSpaceExplorer:Counterblock","RobotSpaceExplorer:SurgingStrike"],"picked":"RobotSpaceExplorer:SwiftStep","floor":8},{"not_picked":["RobotSpaceExplorer:RigExplosive","RobotSpaceExplorer:ShockKick","RobotSpaceExplorer:SwiftStep","RobotSpaceExplorer:Ammunition"],"picked":"RobotSpaceExplorer:JunkDive","floor":10},{"not_picked":["RobotSpaceExplorer:Reload","RobotSpaceExplorer:Jetpack","RobotSpaceExplorer:Electropulse","RobotSpaceExplorer:MakeshiftVolley"],"picked":"RobotSpaceExplorer:LaserBurst","floor":14},{"not_picked":["RobotSpaceExplorer:HighVoltage","RobotSpaceExplorer:TrailblazerForm","RobotSpaceExplorer:DroneSwarm","RobotSpaceExplorer:Comet"],"picked":"RobotSpaceExplorer:Autoloader","floor":16},{"not_picked":["RobotSpaceExplorer:Probe+1","RobotSpaceExplorer:FranticSearch","RobotSpaceExplorer:SurgingShield","RobotSpaceExplorer:MetalStrike"],"picked":"RobotSpaceExplorer:GearShield","floor":18},{"not_picked":["RobotSpaceExplorer:GlueShot","RobotSpaceExplorer:Ammunition+1","RobotSpaceExplorer:PowerGlove","RobotSpaceExplorer:FranticSearch"],"picked":"RobotSpaceExplorer:LuckyStrike","floor":20},{"not_picked":["RobotSpaceExplorer:StunGrenade","RobotSpaceExplorer:GearShield","RobotSpaceExplorer:Ammunition","RobotSpaceExplorer:JunkDive"],"picked":"RobotSpaceExplorer:Accelerator","floor":23},{"not_picked":["RobotSpaceExplorer:Ammunition","RobotSpaceExplorer:FrostMissile","RobotSpaceExplorer:SurgingShield","RobotSpaceExplorer:BigMissile"],"picked":"RobotSpaceExplorer:RigExplosive+1","floor":27},{"not_picked":["RobotSpaceExplorer:FranticSearch","RobotSpaceExplorer:Ammunition","RobotSpaceExplorer:DualCore","RobotSpaceExplorer:Pulsar"],"picked":"RobotSpaceExplorer:Fix","floor":29},{"not_picked":["RobotSpaceExplorer:MetalStrike","RobotSpaceExplorer:ScrapShield","RobotSpaceExplorer:FranticSearch","RobotSpaceExplorer:FreezeRay"],"picked":"RobotSpaceExplorer:MiniDrones","floor":31},{"not_picked":["RobotSpaceExplorer:BlastShield","RobotSpaceExplorer:Scanner","RobotSpaceExplorer:Multitool","RobotSpaceExplorer:DroneSwarm"],"picked":"RobotSpaceExplorer:ChargingLaser","floor":33},{"not_picked":["RobotSpaceExplorer:FranticSearch","RobotSpaceExplorer:ToxicBomb","RobotSpaceExplorer:Blitz","RobotSpaceExplorer:FrostMissile","RobotSpaceExplorer:Electroshield"],"picked":"SKIP","floor":35},{"not_picked":["RobotSpaceExplorer:SurgingStrike","RobotSpaceExplorer:ShockKick","RobotSpaceExplorer:Pulsar","RobotSpaceExplorer:PowerCollector","RobotSpaceExplorer:Counterblock+1"],"picked":"SKIP","floor":36},{"not_picked":["RobotSpaceExplorer:BigMissile+1","RobotSpaceExplorer:GlueShot","RobotSpaceExplorer:ChargingLaser","RobotSpaceExplorer:ScrapMissile"],"picked":"RobotSpaceExplorer:MiniDrones","floor":39},{"not_picked":["RobotSpaceExplorer:MetalStrike","RobotSpaceExplorer:Reload+1","RobotSpaceExplorer:ImprovisedAttack","RobotSpaceExplorer:SurgingStrike"],"picked":"RobotSpaceExplorer:MiniDrones","floor":41},{"not_picked":["RobotSpaceExplorer:Smokescreen+1","RobotSpaceExplorer:Accelerator","RobotSpaceExplorer:LaserBurst","RobotSpaceExplorer:GearShield"],"picked":"RobotSpaceExplorer:ScrapMissile","floor":44},{"not_picked":["RobotSpaceExplorer:StunGrenade","RobotSpaceExplorer:SurgingShield","RobotSpaceExplorer:Electroshield","RobotSpaceExplorer:Counterblock"],"picked":"RobotSpaceExplorer:StarLightning+1","floor":45},{"not_picked":["RobotSpaceExplorer:LaserBurst","RobotSpaceExplorer:ImprovisedAttack","RobotSpaceExplorer:Blitz+1","RobotSpaceExplorer:SlimeMissile"],"picked":"RobotSpaceExplorer:ShockMissile","floor":47}],"player_experience":1945233,"relics_obtained":[{"floor":1,"key":"SynthV:TestCard"},{"floor":6,"key":"Iron Hammer"},{"floor":9,"key":"Juzu Bracelet"},{"floor":23,"key":"Ancient Tea Set"},{"floor":26,"key":"hubris:FunFungus"},{"floor":29,"key":"Bag of Marbles"},{"floor":31,"key":"Potion Belt"},{"floor":41,"key":"ReplayTheSpireMod:Lightbulb"},{"floor":43,"key":"Meat on the Bone"},{"floor":44,"key":"Bird Faced Urn"},{"floor":46,"key":"Thread and Needle"}],"event_choices":[{"damage_healed":0,"gold_gain":0,"cards_transformed":["RobotSpaceExplorer:Strike"],"player_choice":"Transformed","damage_taken":0,"max_hp_gain":0,"max_hp_loss":0,"event_name":"Transmorgrifier","floor":3,"gold_loss":0,"cards_obtained":["RobotSpaceExplorer:Probe"]},{"damage_healed":23,"gold_gain":0,"player_choice":"Healed","damage_taken":0,"max_hp_gain":0,"max_hp_loss":0,"event_name":"The Cleric","floor":11,"gold_loss":35},{"damage_healed":0,"gold_gain":0,"player_choice":"0 cards matched","damage_taken":0,"max_hp_gain":0,"max_hp_loss":0,"event_name":"Match and Keep!","floor":13,"gold_loss":0,"cards_obtained":[]},{"damage_healed":0,"gold_gain":0,"player_choice":"Gave Potion","damage_taken":0,"relics_obtained":["CombinedTypeHook"],"max_hp_gain":0,"max_hp_loss":0,"event_name":"WeMeetAgain","floor":21,"gold_loss":0},{"damage_healed":0,"gold_gain":0,"player_choice":"Paid","damage_taken":0,"relics_obtained":["Red Mask"],"max_hp_gain":0,"max_hp_loss":0,"event_name":"Tomb of Lord Red Mask","floor":38,"gold_loss":52},{"damage_healed":0,"gold_gain":0,"player_choice":"Fight","damage_taken":0,"max_hp_gain":0,"max_hp_loss":0,"event_name":"Mysterious Sphere","floor":46,"gold_loss":0}],"is_beta":false,"boss_relics":[{"not_picked":["BloodWine","Kintsugi"],"picked":"Astrolabe"},{"not_picked":["Replay:Grab Bag","NightmareShop"],"picked":"SlaversCollar"}],"items_purged_floors":[37],"is_endless":false,"potions_floor_spawned":[6,10,14,16,23,27,29,31,39,44,46,47],"ascension_level":19}}