{"host":"baymyijz6sxaqj5s","time":1609697888,"event":{"mods":["AchievementEnabler","BaseMod","Colored Map","Colored Powertips","DeckTracker","Highlight Path","KOR Keyword Fix","Keyboard Shortcuts","Minty Spire (QoL Compilation)","Quick Restart","StSLib","SuperFastMode"],"gold_per_floor":[119,194,194,210,135,135,135,135,135,155,155,171,190,210,210,314,314,330,429,529,539,557,557,572,572,572,532,544,544,544,459,459,558,558,572,0,0,19,36,36,48,61,61,61,79,126,176,192,192,192],"floor_reached":51,"playtime":1500,"items_purged":[],"score":783,"play_id":"6af2e549-0fc0-42fa-a74c-41ee2b47f31e","local_time":"20210104031808","is_ascension_mode":true,"campfire_choices":[{"data":"Survivor","floor":6,"key":"SMITH"},{"data":"All Out Attack","floor":8,"key":"SMITH"},{"data":"Deadly Poison","floor":11,"key":"SMITH"},{"floor":15,"key":"REST"},{"floor":23,"key":"REST"},{"data":"Corpse Explosion","floor":25,"key":"SMITH"},{"data":"Backflip","floor":29,"key":"SMITH"},{"floor":32,"key":"REST"},{"data":"Catalyst","floor":40,"key":"SMITH"},{"data":"Deflect","floor":44,"key":"SMITH"},{"floor":49,"key":"REST"}],"circlet_count":0,"master_deck":["Strike_G+1","Strike_G+1","Strike_G+1","Strike_G+1","Strike_G+1","Defend_G+1","Defend_G+1","Defend_G+1","Defend_G+1","Defend_G+1","Survivor+1","Neutralize","Deadly Poison+1","Deadly Poison+1","All Out Attack+1","Bouncing Flask","Backflip+1","Noxious Fumes","Corpse Explosion+1","Outmaneuver+1","Catalyst+1","Catalyst+1","Deflect+1","Adrenaline+1","Poisoned Stab+1","Flying Knee+1","Bane+1","Leg Sweep+1","Blur+1"],"relics":["Ring of the Snake","Sundial","Regal Pillow","Sozu","Lizard Tail","InkBottle","Runic Pyramid","Red Mask","Dream Catcher","Unceasing Top","TungstenRod"],"acts_visited":["Exordium","TheCity","TheBeyond"],"potions_floor_usage":[16,22,24],"damage_taken":[{"damage":1,"enemies":"2 Louse","floor":1,"turns":4},{"damage":0,"enemies":"Small Slimes","floor":4,"turns":3},{"damage":2,"enemies":"Jaw Worm","floor":10,"turns":4},{"damage":3,"enemies":"Blue Slaver","floor":12,"turns":4},{"damage":2,"enemies":"3 Louse","floor":13,"turns":2},{"damage":8,"enemies":"Red Slaver","floor":14,"turns":4},{"damage":33,"enemies":"Hexaghost","floor":16,"turns":7},{"damage":25,"enemies":"3 Byrds","floor":18,"turns":4},{"damage":4,"enemies":"Chosen","floor":21,"turns":5},{"damage":19,"enemies":"Centurion and Healer","floor":22,"turns":5},{"damage":5,"enemies":"Snecko","floor":24,"turns":4},{"damage":0,"enemies":"Snake Plant","floor":28,"turns":2},{"damage":21,"enemies":"Champ","floor":33,"turns":6},{"damage":0,"enemies":"Orb Walker","floor":35,"turns":3},{"damage":0,"enemies":"3 Darklings","floor":38,"turns":2},{"damage":2,"enemies":"Jaw Worm Horde","floor":39,"turns":4},{"damage":13,"enemies":"4 Shapes","floor":41,"turns":5},{"damage":0,"enemies":"Spire Growth","floor":42,"turns":3},{"damage":0,"enemies":"Maw","floor":45,"turns":4},{"damage":9,"enemies":"2 Orb Walkers","floor":46,"turns":3},{"damage":0,"enemies":"Mind Bloom Boss Battle","floor":47,"turns":3},{"damage":10,"enemies":"Sphere and 2 Shapes","floor":48,"turns":6},{"damage":18,"enemies":"Donu and Deca","floor":50,"turns":6}],"seed_played":"5293560420733581971","potions_obtained":[{"floor":13,"key":"Ancient Potion"},{"floor":14,"key":"DistilledChaos"},{"floor":16,"key":"SpeedPotion"}],"is_trial":false,"path_per_floor":["M","?","?","M","$","R","T","R","T","M","R","M","M","M","R","B",null,"M","?","?","M","M","R","M","R","T","?","M","R","?","?","R","B",null,"M","?","?","M","M","R","M","M","T","R","M","?","?","M","R","B",null],"character_chosen":"THE_SILENT","items_purchased":["All Out Attack"],"campfire_rested":4,"item_purchase_floors":[5],"current_hp_per_floor":[76,65,50,50,50,50,50,50,50,48,48,45,43,35,73,40,77,52,52,52,48,29,67,62,62,62,62,62,62,62,62,77,56,77,77,77,77,77,75,75,62,62,62,62,62,53,53,43,77,59],"gold":192,"neow_bonus":"TEN_PERCENT_HP_BONUS","is_daily":false,"chose_seed":false,"campfire_upgraded":7,"win_rate":0.0,"timestamp":1609697888,"path_taken":["M","?","?","M","$","R","?","R","T","M","R","M","M","M","R","BOSS","M","?","?","M","M","R","?","R","T","?","?","R","?","?","R","BOSS","M","?","?","M","M","R","M","?","T","R","M","?","?","M","R","BOSS"],"items_purchased_type":["Card"],"build_version":"2020-12-22","purchased_purges":0,"victory":true,"max_hp_per_floor":[77,77,77,77,77,77,77,77,77,77,77,77,77,77,77,77,77,77,77,77,77,77,77,77,77,77,77,77,77,77,77,77,77,77,77,77,77,77,77,77,77,77,77,77,77,77,77,77,77,77],"card_choices":[{"not_picked":["Deflect","Reflex"],"picked":"Deadly Poison","floor":1},{"not_picked":["Accuracy","Dagger Throw"],"picked":"Deadly Poison","floor":4},{"not_picked":["Infinite Blades","Eviscerate","Blade Dance"],"picked":"SKIP","floor":10},{"not_picked":["Bane","Predator"],"picked":"Bouncing Flask","floor":12},{"not_picked":["Eviscerate","Accuracy"],"picked":"Backflip","floor":13},{"not_picked":["Acrobatics","Quick Slash"],"picked":"Noxious Fumes","floor":14},{"not_picked":["Storm of Steel","Malaise"],"picked":"Corpse Explosion","floor":16},{"not_picked":["Dagger Spray","Setup"],"picked":"Outmaneuver+1","floor":18},{"not_picked":["Terror+1","Prepared+1","Slice"],"picked":"SKIP","floor":21},{"not_picked":["Cloak And Dagger+1","PiercingWail+1"],"picked":"Catalyst","floor":22},{"not_picked":["Endless Agony","Deadly Poison+1"],"picked":"Catalyst+1","floor":24},{"not_picked":["Deadly Poison","Well Laid Plans"],"picked":"Deflect","floor":28},{"not_picked":["After Image","Unload"],"picked":"Adrenaline","floor":33},{"not_picked":["Dagger Spray","Cloak And Dagger+1","Riddle With Holes"],"picked":"SKIP","floor":35},{"not_picked":["Outmaneuver","Cloak And Dagger"],"picked":"Poisoned Stab+1","floor":38},{"not_picked":["Terror+1","All Out Attack","Sucker Punch"],"picked":"SKIP","floor":39},{"not_picked":["Sucker Punch","Acrobatics+1","Malaise"],"picked":"SKIP","floor":41},{"not_picked":["Outmaneuver","Flechettes+1"],"picked":"Flying Knee+1","floor":42},{"not_picked":["Grand Finale","Slice+1"],"picked":"Bane+1","floor":45},{"not_picked":["Outmaneuver","Flying Knee"],"picked":"Leg Sweep+1","floor":46},{"not_picked":["Deflect","Dash"],"picked":"Blur+1","floor":48}],"player_experience":315808,"relics_obtained":[{"floor":7,"key":"Sundial"},{"floor":9,"key":"Regal Pillow"},{"floor":26,"key":"Lizard Tail"},{"floor":43,"key":"Dream Catcher"},{"floor":46,"key":"Unceasing Top"},{"floor":47,"key":"TungstenRod"}],"event_choices":[{"damage_healed":0,"gold_gain":75,"player_choice":"Gather Gold","damage_taken":11,"max_hp_gain":0,"max_hp_loss":0,"event_name":"World of Goop","floor":2,"gold_loss":0},{"damage_healed":0,"gold_gain":0,"player_choice":"Entered Light","damage_taken":15,"max_hp_gain":0,"max_hp_loss":0,"event_name":"Shining Light","floor":3,"gold_loss":0,"cards_upgraded":["Defend_G","Deadly Poison"]},{"damage_healed":0,"gold_gain":99,"player_choice":"Stole From Cult","damage_taken":0,"max_hp_gain":0,"max_hp_loss":0,"event_name":"Nest","floor":19,"gold_loss":0},{"damage_healed":0,"gold_gain":100,"player_choice":"Pray","damage_taken":0,"max_hp_gain":0,"max_hp_loss":0,"event_name":"Golden Shrine","floor":20,"gold_loss":0},{"damage_healed":0,"gold_gain":0,"player_choice":"Upgraded Two","damage_taken":0,"max_hp_gain":0,"max_hp_loss":0,"event_name":"Designer","floor":27,"gold_loss":40,"cards_upgraded":["Strike_G","Strike_G"]},{"damage_healed":0,"gold_gain":0,"player_choice":"Simplicity","damage_taken":0,"max_hp_gain":0,"max_hp_loss":0,"event_name":"Back to Basics","floor":30,"gold_loss":0,"cards_upgraded":["Strike_G","Strike_G","Strike_G","Defend_G","Defend_G","Defend_G","Defend_G"]},{"damage_healed":0,"gold_gain":0,"player_choice":"Obtained Relic","damage_taken":0,"relics_obtained":["InkBottle"],"max_hp_gain":0,"max_hp_loss":0,"event_name":"Addict","floor":31,"gold_loss":85},{"damage_healed":0,"gold_gain":0,"player_choice":"Paid","damage_taken":0,"relics_obtained":["Red Mask"],"max_hp_gain":0,"max_hp_loss":0,"event_name":"Tomb of Lord Red Mask","floor":36,"gold_loss":572},{"damage_healed":0,"gold_gain":0,"player_choice":"Upgraded","damage_taken":0,"max_hp_gain":0,"max_hp_loss":0,"event_name":"Upgrade Shrine","floor":37,"gold_loss":0,"cards_upgraded":["Adrenaline"]},{"damage_healed":0,"gold_gain":0,"player_choice":"Fight","damage_taken":0,"max_hp_gain":0,"max_hp_loss":0,"event_name":"Mysterious Sphere","floor":46,"gold_loss":0},{"damage_healed":0,"gold_gain":0,"player_choice":"Fight","damage_taken":0,"max_hp_gain":0,"max_hp_loss":0,"event_name":"MindBloom","floor":47,"gold_loss":0}],"is_beta":false,"boss_relics":[{"not_picked":["Busted Crown","Fusion Hammer"],"picked":"Sozu"},{"not_picked":["SacredBark","Astrolabe"],"picked":"Runic Pyramid"}],"items_purged_floors":[],"is_endless":false,"potions_floor_spawned":[13,14,16,22,33,35,38,39,42,46,48],"ascension_level":3}}