{"host":"ta9mufxydm4vkknf","time":1609707443,"event":{"mods":["AchievementEnabler","BaseMod","Minty Spire (QoL Compilation)","Quick Restart"],"gold_per_floor":[111,111,286,296,316,316,347,359,404,404,404,432,318,318,318,449,449,463,481,581,596,496,534,534,534],"floor_reached":24,"playtime":1140,"items_purged":["Strike_B","Streamline"],"score":269,"play_id":"f28c8482-8c89-473b-bd2a-91e4ab4779ea","local_time":"20210103215723","is_ascension_mode":true,"campfire_choices":[{"data":"Sweeping Beam","floor":6,"key":"SMITH"},{"floor":11,"key":"REST"},{"floor":15,"key":"REST"}],"circlet_count":0,"master_deck":["Zap","Dualcast","Conserve Battery","Doubt","Ball Lightning","Sweeping Beam+1","Conserve Battery","Loop","Lockon","Multi-Cast","Go for the Eyes","Redo","Creative AI","Streamline","Hello World","BootSequence+1","Aggregate","Cold Snap+1"],"relics":["Cursed Key","Matryoshka","Oddly Smooth Stone","Vajra","Girya","Golden Idol","Pandora\u0027s Box","Singing Bowl"],"acts_visited":["Exordium","TheCity"],"potions_floor_usage":[12,12,16,16,23,23],"damage_taken":[{"damage":0,"enemies":"Small Slimes","floor":1,"turns":2},{"damage":10,"enemies":"Jaw Worm","floor":4,"turns":5},{"damage":6,"enemies":"2 Louse","floor":5,"turns":3},{"damage":23,"enemies":"3 Sentries","floor":7,"turns":5},{"damage":9,"enemies":"Red Slaver","floor":8,"turns":3},{"damage":16,"enemies":"Gremlin Nob","floor":12,"turns":3},{"damage":20,"enemies":"Hexaghost","floor":16,"turns":8},{"damage":33,"enemies":"2 Thieves","floor":18,"turns":4},{"damage":0,"enemies":"Chosen","floor":19,"turns":3},{"damage":21,"enemies":"Snecko","floor":21,"turns":4},{"damage":9,"enemies":"Gremlin Leader","floor":23,"turns":8},{"damage":10,"enemies":"Snake Plant","floor":24,"turns":3}],"seed_played":"2351926691881826253","potions_obtained":[{"floor":1,"key":"EssenceOfDarkness"},{"floor":5,"key":"SneckoOil"},{"floor":8,"key":"EntropicBrew"},{"floor":19,"key":"Fire Potion"},{"floor":21,"key":"Block Potion"}],"is_trial":false,"path_per_floor":["M","?","?","M","M","R","E","M","T","?","R","E","$","?","R","B",null,"M","M","?","M","$","E","M"],"character_chosen":"DEFECT","items_purchased":["Lockon"],"campfire_rested":2,"item_purchase_floors":[13],"current_hp_per_floor":[75,68,68,58,52,52,29,20,20,20,42,26,26,26,46,26,69,36,36,36,15,15,8,0,0],"gold":534,"neow_bonus":"BOSS_RELIC","is_daily":false,"chose_seed":false,"campfire_upgraded":1,"win_rate":0.0,"timestamp":1609707443,"path_taken":["M","?","?","M","M","R","E","M","T","?","R","E","$","?","R","BOSS","M","M","?","M","$","E","M"],"items_purchased_type":["Card"],"build_version":"2020-12-22","purchased_purges":2,"victory":false,"max_hp_per_floor":[75,75,75,75,75,75,75,75,75,75,75,75,75,69,69,69,69,69,69,69,69,69,71,71,71],"card_choices":[{"not_picked":["Gash","Fusion"],"picked":"Conserve Battery","floor":1},{"not_picked":["Sweeping Beam","Rebound"],"picked":"Ball Lightning","floor":4},{"not_picked":["Ball Lightning","Hologram"],"picked":"Sweeping Beam","floor":5},{"not_picked":["Chill","Turbo"],"picked":"Conserve Battery","floor":7},{"not_picked":["Hyperbeam","Gash"],"picked":"Loop","floor":8},{"not_picked":["Blizzard","Hologram","Loop"],"picked":"SKIP","floor":12},{"not_picked":["Reboot","Fission"],"picked":"Multi-Cast","floor":16},{"not_picked":["Rebound+1","Conserve Battery"],"picked":"BootSequence+1","floor":18},{"not_picked":["Ball Lightning","Barrage"],"picked":"Aggregate","floor":19},{"not_picked":["Hologram+1","Go for the Eyes"],"picked":"Cold Snap+1","floor":21},{"not_picked":["Hologram","Reprogram","Beam Cell"],"picked":"Singing Bowl","floor":23}],"player_experience":179532,"relics_obtained":[{"floor":7,"key":"Matryoshka"},{"floor":9,"key":"Oddly Smooth Stone"},{"floor":9,"key":"Vajra"},{"floor":12,"key":"Girya"},{"floor":23,"key":"Singing Bowl"}],"event_choices":[{"cards_removed":["Defend_B"],"damage_healed":0,"gold_gain":0,"player_choice":"Card Removal","damage_taken":7,"max_hp_gain":0,"max_hp_loss":0,"event_name":"Golden Wing","floor":2,"gold_loss":0},{"damage_healed":0,"gold_gain":175,"player_choice":"AGREE","damage_taken":0,"max_hp_gain":0,"max_hp_loss":0,"event_name":"Liars Game","floor":3,"gold_loss":0,"cards_obtained":["Doubt"]},{"cards_removed":["Decay"],"damage_healed":0,"gold_gain":0,"player_choice":"Forget","damage_taken":0,"max_hp_gain":0,"max_hp_loss":0,"event_name":"Living Wall","floor":10,"gold_loss":0},{"damage_healed":0,"gold_gain":0,"player_choice":"Lose Max HP","damage_taken":0,"relics_obtained":["Golden Idol"],"max_hp_gain":0,"max_hp_loss":6,"event_name":"Golden Idol","floor":14,"gold_loss":0},{"damage_healed":0,"gold_gain":100,"player_choice":"Pray","damage_taken":0,"max_hp_gain":0,"max_hp_loss":0,"event_name":"Golden Shrine","floor":20,"gold_loss":0}],"is_beta":false,"boss_relics":[{"not_picked":["Coffee Dripper","SacredBark"],"picked":"Pandora\u0027s Box"}],"items_purged_floors":[13,22],"is_endless":false,"potions_floor_spawned":[1,5,8,19,21],"killed_by":"Snake Plant","ascension_level":4}}