{"host":"naykp6d9ulahlwib","time":1609641361,"event":{"mods":["BaseMod","Highlight Path","Minty Spire (QoL Compilation)","Shop Mod","StSLib"],"gold_per_floor":[116,116,116,132,207,207,207,207,207,132,158,158,158,178,178,252,252,272,88,88,45,45,45,59,59,59,59,59],"floor_reached":27,"playtime":2029,"items_purged":["Strike_P","Strike_P"],"score":410,"play_id":"e3263c14-04cb-4137-b878-42915b94a366","local_time":"20210102203601","is_ascension_mode":true,"campfire_choices":[{"data":"Nirvana","floor":6.0,"key":"SMITH"},{"floor":8.0,"key":"REST"},{"floor":12.0,"key":"REST"},{"data":"CutThroughFate","floor":15.0,"key":"SMITH"},{"data":"Blasphemy","floor":23.0,"key":"SMITH"},{"floor":25.0,"key":"REST"}],"circlet_count":0,"master_deck":["AscendersBane","Strike_P","Defend_P","Defend_P","Eruption+1","Vigilance+1","Nirvana+1","JustLucky","CutThroughFate+1","Blasphemy+1","TalkToTheHand","Wireheading","DeceiveReality","Pray","Nirvana","ThirdEye","ThirdEye"],"relics":["SlaversCollar","Meat on the Bone","Damaru","Sozu","Prayer Wheel"],"acts_visited":["Exordium","TheCity"],"potions_floor_usage":[27],"damage_taken":[{"damage":12.0,"enemies":"Small Slimes","floor":1.0,"turns":3.0},{"damage":4.0,"enemies":"Jaw Worm","floor":4.0,"turns":4.0},{"damage":21.0,"enemies":"Lagavulin","floor":11.0,"turns":5.0},{"damage":0.0,"enemies":"Cultist","floor":14.0,"turns":3.0},{"damage":13.0,"enemies":"The Guardian","floor":16.0,"turns":11.0},{"damage":34.0,"enemies":"Chosen","floor":18.0,"turns":8.0},{"damage":4.0,"enemies":"Shell Parasite","floor":24.0,"turns":6.0},{"damage":75,"enemies":"Slavers","floor":27,"turns":13}],"seed_played":"-5033755114875533156","potions_obtained":[{"floor":4.0,"key":"Weak Potion"},{"floor":11.0,"key":"Energy Potion"},{"floor":16.0,"key":"DuplicationPotion"}],"is_trial":false,"path_per_floor":["M","?","?","M","?","R","?","R","T","$","E","R","?","M","R","B",null,"M","$","?","$","?","R","M","R","T","E"],"character_chosen":"WATCHER","items_purchased":["Wireheading","Nirvana"],"campfire_rested":3,"item_purchase_floors":[19,21],"current_hp_per_floor":[49,49,49,45,34,34,39,60,60,60,39,60,60,60,60,47,67,45,45,45,45,45,45,41,62,62,0,0],"gold":59,"neow_bonus":"BOSS_RELIC","is_daily":false,"chose_seed":false,"campfire_upgraded":3,"win_rate":0.0,"timestamp":1609641361,"path_taken":["M","?","?","?","?","R","?","R","T","$","E","R","?","M","R","BOSS","M","?","?","$","?","R","?","R","T","E"],"items_purchased_type":["Card","Card"],"build_version":"2020-12-22","purchased_purges":2,"victory":false,"max_hp_per_floor":[68,68,68,68,68,68,73,73,73,73,73,73,73,73,73,73,73,73,73,73,73,73,73,73,73,73,73,73],"card_choices":[{"not_picked":["CutThroughFate","Halt"],"picked":"Nirvana","floor":1.0},{"not_picked":["Consecrate","SpiritShield"],"picked":"JustLucky","floor":4.0},{"not_picked":["FlyingSleeves","SashWhip","Protect"],"picked":"SKIP","floor":11.0},{"not_picked":["Study","FollowUp"],"picked":"CutThroughFate","floor":14.0},{"not_picked":["DevaForm","ConjureBlade"],"picked":"Blasphemy","floor":16.0},{"not_picked":["FollowUp","ClearTheMind"],"picked":"TalkToTheHand","floor":18.0},{"not_picked":["Halt","Crescendo"],"picked":"ThirdEye","floor":24.0}],"player_experience":976810,"relics_obtained":[{"floor":9.0,"key":"Meat on the Bone"},{"floor":11.0,"key":"Damaru"},{"floor":26.0,"key":"Prayer Wheel"}],"event_choices":[{"damage_healed":0.0,"max_hp_gain":0.0,"max_hp_loss":0.0,"gold_gain":0.0,"event_name":"Liars Game","player_choice":"Ignored","floor":2.0,"gold_loss":0.0,"damage_taken":0.0},{"damage_healed":0.0,"max_hp_gain":0.0,"max_hp_loss":0.0,"gold_gain":0.0,"event_name":"Upgrade Shrine","player_choice":"Upgraded","floor":3.0,"gold_loss":0.0,"damage_taken":0.0,"cards_upgraded":["Eruption"]},{"damage_healed":0.0,"max_hp_gain":0.0,"max_hp_loss":0.0,"gold_gain":75.0,"event_name":"World of Goop","player_choice":"Gather Gold","floor":5.0,"gold_loss":0.0,"damage_taken":11.0},{"damage_healed":0.0,"max_hp_gain":5.0,"max_hp_loss":0.0,"gold_gain":0.0,"event_name":"Big Fish","player_choice":"Donut","floor":7.0,"gold_loss":0.0,"damage_taken":0.0},{"damage_healed":0.0,"max_hp_gain":0.0,"max_hp_loss":0.0,"gold_gain":0.0,"event_name":"Accursed Blacksmith","player_choice":"Forge","floor":13.0,"gold_loss":0.0,"damage_taken":0.0,"cards_upgraded":["Vigilance"]},{"damage_healed":0.0,"max_hp_gain":0.0,"max_hp_loss":0.0,"gold_gain":0.0,"cards_transformed":["Defend_P","Strike_P"],"event_name":"Drug Dealer","player_choice":"Became Test Subject","floor":20.0,"gold_loss":0.0,"damage_taken":0.0,"cards_obtained":["DeceiveReality","Pray"]},{"damage_healed":0.0,"max_hp_gain":0.0,"max_hp_loss":0.0,"gold_gain":0.0,"cards_transformed":["Defend_P"],"event_name":"Transmorgrifier","player_choice":"Transformed","floor":22.0,"gold_loss":0.0,"damage_taken":0.0,"cards_obtained":["ThirdEye"]}],"is_beta":false,"boss_relics":[{"not_picked":["Runic Dome","Calling Bell"],"picked":"Sozu"}],"items_purged_floors":[10,19],"is_endless":false,"potions_floor_spawned":[4,11,16,18],"killed_by":"Slavers","ascension_level":20}}