{"host":"ek3xvuouaw6vk9if","time":1609632737,"event":{"mods":["BaseMod","BetterRewards","Minty Spire (QoL Compilation)","Permanent Neow","Quick Restart","Relic Stats","Replay The Spire","StSLib","The Disciple"],"gold_per_floor":[109,71,89,89,105,105,135,145,145,165,130,130,146,102,102,206,206,226,186,30,48,48,48,48,48],"floor_reached":24,"playtime":1628,"items_purged":["Strike_Br"],"score":221,"play_id":"902c1f87-cb6a-4478-a744-638f6a062028","local_time":"20210102191217","is_ascension_mode":false,"campfire_choices":[{"data":"BiteCommand","floor":6,"key":"SMITH"},{"data":"LockedFlame","floor":15,"key":"SMITH"},{"floor":23,"key":"REST"}],"circlet_count":0,"master_deck":["Strike_Br","Strike_Br","Strike_Br","Defend_Br","Defend_Br+1","Defend_Br","Defend_Br+1","SecondHand","PatternShift","LockedFlame+1","CrunchTime","EscortCommand","BiteCommand+1","WatchCommand","Analog","ReapSow+9","LockedWarPaint","Allegro+1","ReapSow+6","RageCommand+1","BlueShift","FormalWear+1"],"relics":["Chronometer","WarpedTongs","Molten Egg 2","Question Card","Fusion Hammer"],"acts_visited":["Exordium","TheCity"],"potions_floor_usage":[13,16,16],"damage_taken":[{"damage":0,"enemies":"Small Slimes","floor":1,"turns":6},{"damage":11,"enemies":"Cultist","floor":3,"turns":5},{"damage":4,"enemies":"2 Louse","floor":5,"turns":4},{"damage":8,"enemies":"Replay:BlueRogue","floor":7,"turns":10},{"damage":6,"enemies":"Blue Slaver","floor":8,"turns":6},{"damage":4,"enemies":"2 Fungi Beasts","floor":10,"turns":3},{"damage":13,"enemies":"Lots of Slimes","floor":13,"turns":6},{"damage":24,"enemies":"The Guardian","floor":16,"turns":14},{"damage":10,"enemies":"Spheric Guardian","floor":18,"turns":6},{"damage":35,"enemies":"2 Thieves","floor":21,"turns":4},{"damage":46,"enemies":"Book of Stabbing","floor":24,"turns":5}],"seed_played":"8320995381408331137","potions_obtained":[{"floor":1,"key":"Venom Potion"},{"floor":10,"key":"SkillPotion"},{"floor":13,"key":"Explosive Potion"},{"floor":16,"key":"SteroidPotion"},{"floor":21,"key":"Energy Potion"}],"is_trial":false,"path_per_floor":["M","$","M","?","M","R","E","M","T","M","?","?","M","?","R","B",null,"M","?","$","M","$","R","E"],"character_chosen":"CHRONO_CLASS","items_purchased":["EscortCommand","FormalWear+1"],"campfire_rested":1,"item_purchase_floors":[2,20],"current_hp_per_floor":[65,65,54,54,50,50,42,36,36,32,48,41,28,28,28,4,65,55,55,55,20,20,39,0,0],"gold":48,"neow_bonus":"ONE_RANDOM_RARE_CARD","is_daily":false,"chose_seed":false,"campfire_upgraded":2,"win_rate":0.0,"timestamp":1609632737,"path_taken":["M","$","M","?","?","R","E","M","T","M","?","?","M","?","R","BOSS","M","?","$","M","$","R","E"],"items_purchased_type":["Card","Card"],"build_version":"2020-12-22","purchased_purges":1,"victory":false,"max_hp_per_floor":[65,65,65,65,65,65,65,65,65,65,65,65,65,65,65,65,65,65,65,65,65,65,65,65,65],"relic_stats":{"counters":[11,69],"Question Card":5,"obtain_stats":[{"Chronometer":0,"Molten Egg 2":7,"Fusion Hammer":17,"Question Card":9,"WarpedTongs":4},{"Chronometer":0,"Molten Egg 2":4,"Fusion Hammer":8,"Question Card":5,"WarpedTongs":2},{"Chronometer":0,"Molten Egg 2":25,"Fusion Hammer":54,"Question Card":31,"WarpedTongs":11}],"WarpedTongs":[54]},"card_choices":[{"not_picked":["LockedMedicine","Tempo"],"picked":"CrunchTime","floor":1},{"not_picked":["LockedTornado","LockedPlans"],"picked":"BiteCommand","floor":3},{"not_picked":["Echoward","HandsUpB"],"picked":"WatchCommand","floor":5},{"not_picked":["PrimeTime+1","WakeUpCall+1"],"picked":"Analog","floor":7},{"not_picked":["LockedScales","LockedThread"],"picked":"ReapSow+1","floor":8},{"not_picked":["LockedTurtyl","Echoward","LockedMedicine"],"picked":"LockedWarPaint","floor":10},{"not_picked":["CrunchTime+1","Tempo","HandsUpC+1"],"picked":"ReapSow+1","floor":13},{"not_picked":["Flay+1","Chronoelasticity","Echonomics"],"picked":"RageCommand+1","floor":16},{"not_picked":["HandsUpC+1","LockedBlood","LockedOrichalcum"],"picked":"BlueShift","floor":18},{"not_picked":["BeatsPerMinute+1","Tempo","LockedMawBank","LockedMedicine"],"picked":"SKIP","floor":21}],"player_experience":513558,"relics_obtained":[{"floor":7,"key":"Molten Egg 2"},{"floor":9,"key":"Question Card"}],"event_choices":[{"damage_healed":0,"gold_gain":0,"player_choice":"Rummage","damage_taken":0,"relics_obtained":["WarpedTongs"],"max_hp_gain":0,"max_hp_loss":0,"event_name":"Accursed Blacksmith","floor":4,"gold_loss":0,"cards_obtained":["Pain"]},{"damage_healed":16,"gold_gain":0,"player_choice":"Healed","damage_taken":0,"max_hp_gain":0,"max_hp_loss":0,"event_name":"The Cleric","floor":11,"gold_loss":35},{"cards_removed":["Pain"],"damage_healed":0,"gold_gain":0,"player_choice":"Card Removal","damage_taken":7,"max_hp_gain":0,"max_hp_loss":0,"event_name":"Golden Wing","floor":12,"gold_loss":0},{"damage_healed":0,"gold_gain":0,"player_choice":"Left Gold","damage_taken":0,"max_hp_gain":0,"max_hp_loss":0,"event_name":"World of Goop","floor":14,"gold_loss":44},{"damage_healed":0,"gold_gain":0,"player_choice":"Upgraded Two","damage_taken":0,"max_hp_gain":0,"max_hp_loss":0,"event_name":"Designer","floor":19,"gold_loss":40,"cards_upgraded":["Defend_Br","Defend_Br"]}],"is_beta":false,"boss_relics":[{"not_picked":["Chronograph","Ectoplasm"],"picked":"Fusion Hammer"}],"items_purged_floors":[20],"is_endless":false,"potions_floor_spawned":[1,10,13,16,21],"killed_by":"Book of Stabbing","ascension_level":0}}