{"host":"w9yruvs4bqht6bhw","time":1609698529,"event":{"mods":["BaseMod","Colored Powertips","Minty Spire (QoL Compilation)"],"gold_per_floor":[115,126,136,156,126,126,142,142,142,142,155,11,42,42,42,145,145,127,140,40,59,59,59,59,7,7,7,26,36,36,36],"floor_reached":30,"playtime":1100,"items_purged":["Defend_R","Pain"],"score":338,"play_id":"18a37b52-905d-4f68-8bec-cf37378bf9ec","local_time":"20210103132849","is_ascension_mode":true,"campfire_choices":[{"data":"Clash","floor":6,"key":"SMITH"},{"data":"Shrug It Off","floor":8,"key":"SMITH"},{"data":"Shrug It Off","floor":10,"key":"SMITH"},{"data":"Rampage","floor":15,"key":"SMITH"},{"floor":24,"key":"REST"},{"data":"Strike_R","floor":27,"key":"SMITH"}],"circlet_count":0,"master_deck":["Strike_R","Strike_R","Strike_R","Strike_R","Strike_R+1","Defend_R","Defend_R","Defend_R","Bash","Clash+1","Shrug It Off+1","Shrug It Off+1","Inflame","Rampage+1","Headbutt","Reaper","Rampage+1","Clothesline"],"relics":["Black Blood","NeowsBlessing","Mango","Unceasing Top","WarpedTongs","Ornamental Fan","Vajra"],"acts_visited":["Exordium","TheCity"],"potions_floor_usage":[5,13,16,18,18,19,28,30],"damage_taken":[{"damage":0,"enemies":"Small Slimes","floor":1,"turns":1},{"damage":0,"enemies":"Cultist","floor":2,"turns":1},{"damage":0,"enemies":"2 Louse","floor":3,"turns":1},{"damage":8,"enemies":"Exordium Wildlife","floor":4,"turns":4},{"damage":9,"enemies":"Red Slaver","floor":7,"turns":4},{"damage":1,"enemies":"Looter","floor":11,"turns":3},{"damage":37,"enemies":"Lagavulin","floor":13,"turns":6},{"damage":67,"enemies":"Slime Boss","floor":16,"turns":12},{"damage":16,"enemies":"2 Thieves","floor":18,"turns":5},{"damage":24,"enemies":"Shell Parasite","floor":19,"turns":6},{"damage":36,"enemies":"Cultist and Chosen","floor":21,"turns":7},{"damage":27,"enemies":"Sentry and Sphere","floor":28,"turns":7},{"damage":28,"enemies":"3 Cultists","floor":29,"turns":5},{"damage":32,"enemies":"Colosseum Slavers","floor":30,"turns":5},{"damage":62,"enemies":"Colosseum Nobs","floor":30,"turns":5}],"seed_played":"1846042454977388954","potions_obtained":[{"floor":2,"key":"SpeedPotion"},{"floor":5,"key":"DistilledChaos"},{"floor":5,"key":"Fruit Juice"},{"floor":13,"key":"SkillPotion"},{"floor":16,"key":"LiquidMemories"},{"floor":18,"key":"SkillPotion"},{"floor":29,"key":"Dexterity Potion"}],"is_trial":false,"path_per_floor":["M","M","M","M","?","R","M","R","T","R","M","$","E","?","R","B",null,"M","M","$","M","?","T","R","$","T","R","M","M","?"],"character_chosen":"IRONCLAD","items_purchased":["Rampage","Block Potion"],"campfire_rested":1,"item_purchase_floors":[12,25],"current_hp_per_floor":[78,80,80,78,83,83,80,80,94,94,99,99,68,68,68,7,76,80,68,68,49,29,29,60,60,60,60,45,53,0,0],"gold":36,"neow_bonus":"THREE_ENEMY_KILL","is_daily":false,"chose_seed":false,"campfire_upgraded":5,"win_rate":0.0,"timestamp":1609698529,"path_taken":["M","M","M","M","?","R","M","R","T","R","?","$","E","?","R","BOSS","M","M","$","?","?","?","R","$","T","R","M","?","?"],"items_purchased_type":["Card","Potion"],"build_version":"2020-12-22","purchased_purges":2,"victory":false,"max_hp_per_floor":[80,80,80,80,85,85,85,85,99,99,99,99,99,99,99,99,99,99,99,99,99,104,104,104,104,104,104,104,104,104,104],"card_choices":[{"not_picked":["True Grit","Bloodletting"],"picked":"Clash","floor":1},{"not_picked":["Perfected Strike","Twin Strike"],"picked":"Shrug It Off","floor":2},{"not_picked":["Pommel Strike","Demon Form"],"picked":"Shrug It Off","floor":3},{"not_picked":["Flame Barrier","Heavy Blade"],"picked":"Inflame","floor":4},{"not_picked":["Cleave","Burning Pact","Warcry"],"picked":"SKIP","floor":7},{"not_picked":["Body Slam","Feel No Pain","Pummel"],"picked":"SKIP","floor":11},{"not_picked":["Bloodletting","Carnage"],"picked":"Headbutt","floor":13},{"not_picked":["Brutality","Fiend Fire"],"picked":"Reaper","floor":16},{"not_picked":["Headbutt","Metallicize+1","Clothesline"],"picked":"SKIP","floor":18},{"not_picked":["Sever Soul","Dropkick"],"picked":"Rampage+1","floor":19},{"not_picked":["Iron Wave","Hemokinesis","Armaments+1"],"picked":"SKIP","floor":21},{"not_picked":["Infernal Blade","Metallicize+1"],"picked":"Clothesline","floor":28},{"not_picked":["Heavy Blade","Blood for Blood","Cleave"],"picked":"SKIP","floor":29}],"player_experience":289839,"relics_obtained":[{"floor":9,"key":"Mango"},{"floor":13,"key":"Unceasing Top"},{"floor":23,"key":"Ornamental Fan"},{"floor":26,"key":"Vajra"}],"event_choices":[{"damage_healed":0,"gold_gain":0,"player_choice":"Bought 2 Potions","damage_taken":0,"max_hp_gain":0,"max_hp_loss":0,"event_name":"The Woman in Blue","floor":5,"gold_loss":0},{"damage_healed":0,"gold_gain":0,"player_choice":"Rummage","damage_taken":0,"relics_obtained":["WarpedTongs"],"max_hp_gain":0,"max_hp_loss":0,"event_name":"Accursed Blacksmith","floor":14,"gold_loss":0,"cards_obtained":["Pain"]},{"damage_healed":0,"gold_gain":0,"player_choice":"Shed Blood","damage_taken":25,"max_hp_gain":5,"max_hp_loss":0,"event_name":"Forgotten Altar","floor":22,"gold_loss":0},{"damage_healed":0,"gold_gain":0,"player_choice":"Fight","damage_taken":0,"max_hp_gain":0,"max_hp_loss":0,"event_name":"Colosseum","floor":30,"gold_loss":0},{"damage_healed":0,"gold_gain":0,"player_choice":"Fought Nobs","damage_taken":0,"max_hp_gain":0,"max_hp_loss":0,"event_name":"Colosseum","floor":30,"gold_loss":0}],"is_beta":false,"boss_relics":[{"not_picked":["Runic Pyramid","SacredBark"],"picked":"Black Blood"}],"items_purged_floors":[12,20],"is_endless":false,"potions_floor_spawned":[2,13,16,18,29],"killed_by":"Colosseum Nobs","ascension_level":7}}