{"host":"v4pe0ixo3k7iwzp0","time":1609649916,"event":{"mods":["Ascension Reborn","BaseMod","Bestiary","Highlight Path","Minty Spire (QoL Compilation)","StSLib","The Alterego","The Marked"],"gold_per_floor":[117,117,117,135,21,47,47,66,93,40,55,67,77,42,42,147,147,157,157,60,72,85,85,85,85,111,131,157,157,173,187,187,187,187],"floor_reached":33,"playtime":2286,"items_purged":["theMarked:Strike+1"],"score":269,"play_id":"8a6d3220-979a-4a98-b27d-310b90e98e17","local_time":"20210102205836","is_ascension_mode":true,"campfire_choices":[{"floor":7.0,"key":"REST"},{"data":"theMarked:EnhancedHearing","floor":15.0,"key":"SMITH"},{"floor":23.0,"key":"REST"},{"floor":25.0,"key":"REST"},{"floor":29.0,"key":"REST"},{"floor":32.0,"key":"REST"}],"circlet_count":0,"master_deck":["theMarked:Strike+1","theMarked:Strike+1","theMarked:Defend+1","theMarked:Defend+1","theMarked:Defend+1","theMarked:Defend+1","theMarked:SoldierOfQuellstein+1","theMarked:ElectricStrings","theMarked:WastefulDefense","Madness+1","theMarked:UnarmedFury","theMarked:TakeCover","theMarked:WardOff","theMarked:ChainLightning","theMarked:HeightenedSenses","theMarked:RogueSparks","theMarked:UnarmedFury","theMarked:HeritageOfTheMarked","theMarked:Frustration","theMarked:Frustration+1","theMarked:TwofoldDefense","theMarked:MuscleMemory","theMarked:WastefulAttack+1","theMarked:EmpowerWeapon","theMarked:ComboAttacks"],"relics":["theMarked:ArtifactOfAir","Pen Nib","PreservedInsect","theMarked:SpiritSword","Regal Pillow","Du-Vu Doll"],"acts_visited":["Exordium","TheCity"],"potions_floor_usage":[],"damage_taken":[{"damage":0.0,"enemies":"2 Louse","floor":1.0,"turns":1.0},{"damage":0.0,"enemies":"Jaw Worm","floor":4.0,"turns":3.0},{"damage":25.0,"enemies":"Gremlin Nob","floor":6.0,"turns":5.0},{"damage":0.0,"enemies":"Small Slimes","floor":8.0,"turns":1.0},{"damage":10.0,"enemies":"Gremlin Gang","floor":11.0,"turns":3.0},{"damage":0.0,"enemies":"3 Louse","floor":12.0,"turns":2.0},{"damage":0.0,"enemies":"Exordium Wildlife","floor":13.0,"turns":4.0},{"damage":6.0,"enemies":"Slime Boss","floor":16.0,"turns":10.0},{"damage":6.0,"enemies":"Shell Parasite","floor":18.0,"turns":6.0},{"damage":2.0,"enemies":"3 Byrds","floor":21.0,"turns":7.0},{"damage":24.0,"enemies":"Snecko","floor":22.0,"turns":7.0},{"damage":15.0,"enemies":"Chosen and Byrds","floor":27.0,"turns":7.0},{"damage":35.0,"enemies":"Gremlin Leader","floor":28.0,"turns":8.0},{"damage":17.0,"enemies":"Snake Plant","floor":30.0,"turns":5.0},{"damage":27.0,"enemies":"Centurion and Healer","floor":31.0,"turns":6.0},{"damage":15,"enemies":"Automaton","floor":33,"turns":6}],"seed_played":"-4253860426142687184","potions_obtained":[{"floor":11.0,"key":"Block Potion"},{"floor":12.0,"key":"Dexterity Potion"},{"floor":13.0,"key":"BlessingOfTheForge"},{"floor":16.0,"key":"Energy Potion"},{"floor":18.0,"key":"PowerPotion"},{"floor":28.0,"key":"Weak Potion"},{"floor":30.0,"key":"BlessingOfTheForge"}],"is_trial":true,"path_per_floor":["M","?","?","M","$","E","R","M","T","$","M","M","M","?","R","B",null,"M","?","$","M","M","R","?","R","T","M","E","R","M","M","R","B"],"character_chosen":"THE_DEFAULT","items_purchased":["theMarked:EnhancedHearing","theMarked:WardOff","theMarked:Frustration","Block Potion"],"campfire_rested":5,"item_purchase_floors":[5,10,20,20],"current_hp_per_floor":[70,70,70,70,70,45,66,66,66,66,56,56,56,70,70,64,70,64,64,64,62,38,59,59,70,70,55,20,56,39,12,48,33,33],"gold":187,"neow_bonus":"","is_daily":false,"chose_seed":false,"campfire_upgraded":1,"win_rate":0.0,"timestamp":1609649916,"path_taken":["M","?","?","M","$","E","R","M","T","$","M","M","M","?","R","BOSS","M","?","$","M","M","R","?","R","T","?","E","R","M","M","R","BOSS"],"items_purchased_type":["Undefined","Card","Card","Potion"],"build_version":"2020-12-22","purchased_purges":1,"victory":false,"max_hp_per_floor":[70,70,70,70,70,70,70,70,70,70,70,70,70,70,70,70,70,70,70,70,70,70,70,70,70,70,70,70,70,70,70,70,70,70],"card_choices":[{"not_picked":["theMarked:ChainLightning","theMarked:Reabsorb"],"picked":"theMarked:ElectricStrings","floor":1.0},{"not_picked":["theMarked:RepellingDischarge","theMarked:Overthink"],"picked":"theMarked:WastefulDefense","floor":4.0},{"not_picked":["theMarked:SwordAndMagic","theMarked:HeightenedSenses"],"picked":"theMarked:UnarmedFury","floor":6.0},{"not_picked":["theMarked:Polarize","theMarked:TunnelVision"],"picked":"theMarked:TakeCover","floor":8.0},{"not_picked":["theMarked:ElectricStrings","theMarked:GodGivenPower"],"picked":"theMarked:ChainLightning","floor":11.0},{"not_picked":["theMarked:ElectricStrings","theMarked:Parkour"],"picked":"theMarked:HeightenedSenses","floor":12.0},{"not_picked":["theMarked:Parkour","theMarked:ParalyzingBlade"],"picked":"theMarked:RogueSparks","floor":13.0},{"not_picked":["theMarked:Challenge","theMarked:SoldierForm"],"picked":"theMarked:UnarmedFury","floor":16.0},{"not_picked":["theMarked:ElectricStrings","theMarked:Improvise"],"picked":"theMarked:HeritageOfTheMarked","floor":18.0},{"not_picked":["theMarked:LightningStrikesTwice","theMarked:TwofoldDefense"],"picked":"theMarked:Frustration+1","floor":21.0},{"not_picked":["theMarked:WastefulDefense","theMarked:Frustration"],"picked":"theMarked:TwofoldDefense","floor":22.0},{"not_picked":["theMarked:Aftermath","theMarked:PowerFlow+1"],"picked":"theMarked:MuscleMemory","floor":27.0},{"not_picked":["theMarked:WastefulDefense","theMarked:FavorableWinds"],"picked":"theMarked:WastefulAttack+1","floor":28.0},{"not_picked":["theMarked:Polarize","theMarked:ElectricStrings"],"picked":"theMarked:EmpowerWeapon","floor":30.0},{"not_picked":["theMarked:EmpowerWeapon+1","theMarked:Aftermath+1"],"picked":"theMarked:ComboAttacks","floor":31.0}],"player_experience":86670,"relics_obtained":[{"floor":6.0,"key":"Pen Nib"},{"floor":9.0,"key":"PreservedInsect"},{"floor":26.0,"key":"Regal Pillow"},{"floor":28.0,"key":"Du-Vu Doll"}],"event_choices":[{"cards_removed":["theMarked:Strike"],"damage_healed":0.0,"max_hp_gain":0.0,"max_hp_loss":0.0,"gold_gain":0.0,"event_name":"Living Wall","player_choice":"Forget","floor":2.0,"gold_loss":0.0,"damage_taken":0.0},{"damage_healed":0.0,"max_hp_gain":0.0,"max_hp_loss":0.0,"gold_gain":0.0,"event_name":"Golden Wing","player_choice":"Ignored","floor":3.0,"gold_loss":0.0,"damage_taken":0.0},{"damage_healed":17.0,"max_hp_gain":0.0,"max_hp_loss":0.0,"gold_gain":0.0,"event_name":"The Cleric","player_choice":"Healed","floor":14.0,"gold_loss":35.0,"damage_taken":0.0},{"damage_healed":0.0,"max_hp_gain":0.0,"max_hp_loss":0.0,"gold_gain":0.0,"event_name":"Ghosts","player_choice":"Ignored","floor":19.0,"gold_loss":0.0,"damage_taken":0.0},{"cards_removed":["theMarked:Strike"],"damage_healed":0.0,"max_hp_gain":0.0,"max_hp_loss":0.0,"gold_gain":0.0,"event_name":"Purifier","player_choice":"Purged","floor":24.0,"gold_loss":0.0,"damage_taken":0.0}],"is_beta":false,"boss_relics":[{"not_picked":["Philosopher\u0027s Stone","Astrolabe"],"picked":"theMarked:SpiritSword"}],"items_purged_floors":[5],"is_endless":false,"potions_floor_spawned":[11,12,13,16,18,28,30],"killed_by":"Automaton","ascension_level":0}}