{"host":"5wznv0010959mrmz","time":1609696568,"event":{"mods":["BaseMod","Highlight Path","Minty Spire (QoL Compilation)"],"gold_per_floor":[115,190,190,207,230,258,276,299,299,334,334,63,73,73,73,173,173,192,202,214,243,257,257,289,289,289,289,289],"floor_reached":27,"playtime":1002,"items_purged":["Regret"],"score":407,"play_id":"477636b6-3926-4657-a83e-ca4195d6c439","local_time":"20210103115608","is_ascension_mode":true,"campfire_choices":[{"data":"Ragnarok","floor":15,"key":"SMITH"},{"floor":23,"key":"REST"},{"data":"Vault","floor":25,"key":"SMITH"}],"circlet_count":0,"master_deck":["Strike_P","Strike_P","Strike_P","Defend_P","Eruption","Vigilance","MentalFortress","WreathOfFlame","FearNoEvil","EmptyBody","SashWhip","FlyingSleeves","EmptyFist","SpiritShield","Ragnarok+1","Scrawl","ReachHeaven+1","Scrawl+1","WheelKick+1","WheelKick+1","BowlingBash","SandsOfTime+1","ThirdEye+1","Sanctity+1","Vault+1"],"relics":["PureWater","NeowsBlessing","Pen Nib","Shuriken","Odd Mushroom","Bottled Flame","Art of War","Matryoshka","Astrolabe","Red Mask","StrikeDummy","Dream Catcher","Frozen Egg 2"],"acts_visited":["Exordium","TheCity"],"potions_floor_usage":[8,10,21,22,27,27],"damage_taken":[{"damage":0,"enemies":"2 Louse","floor":1,"turns":1},{"damage":0,"enemies":"Small Slimes","floor":4,"turns":2},{"damage":0,"enemies":"3 Sentries","floor":6,"turns":1},{"damage":0,"enemies":"Cultist","floor":7,"turns":4},{"damage":8,"enemies":"The Mushroom Lair","floor":8,"turns":4},{"damage":0,"enemies":"Gremlin Nob","floor":10,"turns":2},{"damage":16,"enemies":"Exordium Wildlife","floor":13,"turns":5},{"damage":18,"enemies":"The Guardian","floor":16,"turns":11},{"damage":4,"enemies":"2 Thieves","floor":18,"turns":3},{"damage":0,"enemies":"Chosen","floor":19,"turns":3},{"damage":17,"enemies":"Snake Plant","floor":20,"turns":3},{"damage":0,"enemies":"Masked Bandits","floor":21,"turns":2},{"damage":20,"enemies":"Shelled Parasite and Fungi","floor":22,"turns":4},{"damage":18,"enemies":"Slavers","floor":24,"turns":4},{"damage":38,"enemies":"Book of Stabbing","floor":27,"turns":4}],"seed_played":"5753851937241322523","potions_obtained":[{"floor":1,"key":"DuplicationPotion"},{"floor":6,"key":"DuplicationPotion"},{"floor":13,"key":"Explosive Potion"},{"floor":21,"key":"Ancient Potion"},{"floor":22,"key":"Fruit Juice"},{"floor":24,"key":"AttackPotion"}],"is_trial":false,"path_per_floor":["M","?","?","M","T","E","M","?","T","E","?","$","M","?","R","B",null,"M","M","M","?","M","R","E","R","T","E"],"character_chosen":"WATCHER","items_purchased":["EmptyFist","SpiritShield"],"campfire_rested":1,"item_purchase_floors":[12,12],"current_hp_per_floor":[65,54,54,54,54,54,54,46,46,46,46,46,30,30,30,12,57,53,53,36,36,16,37,19,19,19,0,0],"gold":289,"neow_bonus":"THREE_ENEMY_KILL","is_daily":false,"chose_seed":false,"campfire_upgraded":2,"win_rate":0.0,"timestamp":1609696568,"path_taken":["M","?","?","?","?","E","?","?","T","E","?","$","M","?","R","BOSS","M","M","M","?","M","R","E","R","T","E"],"items_purchased_type":["Card","Card"],"build_version":"2020-12-22","purchased_purges":1,"victory":false,"max_hp_per_floor":[72,72,72,72,72,72,72,72,72,72,72,72,72,72,72,72,72,72,72,72,72,72,72,72,72,72,77,77],"card_choices":[{"not_picked":["Worship","Halt"],"picked":"MentalFortress","floor":1},{"not_picked":["Prostrate","Consecrate"],"picked":"FearNoEvil","floor":4},{"not_picked":["PathToVictory","Evaluate"],"picked":"EmptyBody","floor":6},{"not_picked":["Swivel","FlurryOfBlows"],"picked":"SashWhip","floor":7},{"not_picked":["Collect","EmptyMind"],"picked":"FlyingSleeves","floor":10},{"not_picked":["Conclude","InnerPeace"],"picked":"Ragnarok","floor":13},{"not_picked":["SpiritShield","Judgement"],"picked":"Scrawl","floor":16},{"not_picked":["LikeWater","JustLucky"],"picked":"WheelKick+1","floor":18},{"not_picked":["EmptyBody","LikeWater"],"picked":"BowlingBash","floor":19},{"not_picked":["EmptyBody","Pray"],"picked":"SandsOfTime+1","floor":20},{"not_picked":["Protect","CutThroughFate"],"picked":"ThirdEye+1","floor":21},{"not_picked":["EmptyBody","Swivel"],"picked":"Sanctity+1","floor":22},{"not_picked":["WreathOfFlame","Evaluate"],"picked":"Vault","floor":24}],"player_experience":386290,"relics_obtained":[{"floor":5,"key":"Pen Nib"},{"floor":6,"key":"Shuriken"},{"floor":8,"key":"Odd Mushroom"},{"floor":9,"key":"Bottled Flame"},{"floor":10,"key":"Art of War"},{"floor":21,"key":"Red Mask"},{"floor":24,"key":"StrikeDummy"},{"floor":26,"key":"Dream Catcher"},{"floor":26,"key":"Frozen Egg 2"}],"event_choices":[{"damage_healed":0,"gold_gain":75,"player_choice":"Gather Gold","damage_taken":11,"max_hp_gain":0,"max_hp_loss":0,"event_name":"World of Goop","floor":2,"gold_loss":0},{"damage_healed":0,"gold_gain":0,"cards_transformed":["Defend_P"],"player_choice":"Transformed","damage_taken":0,"max_hp_gain":0,"max_hp_loss":0,"event_name":"Transmorgrifier","floor":3,"gold_loss":0,"cards_obtained":["WreathOfFlame"]},{"damage_healed":0,"gold_gain":0,"player_choice":"Fought Mushrooms","damage_taken":0,"max_hp_gain":0,"max_hp_loss":0,"event_name":"Mushrooms","floor":8,"gold_loss":0},{"damage_healed":0,"gold_gain":0,"player_choice":"Box","damage_taken":0,"relics_obtained":["Matryoshka"],"max_hp_gain":0,"max_hp_loss":0,"event_name":"Big Fish","floor":11,"gold_loss":0,"cards_obtained":["Regret"]},{"damage_healed":0,"gold_gain":0,"player_choice":"Ignored","damage_taken":0,"max_hp_gain":0,"max_hp_loss":0,"event_name":"Liars Game","floor":14,"gold_loss":0},{"damage_healed":0,"gold_gain":0,"player_choice":"Fought Bandits","damage_taken":0,"max_hp_gain":0,"max_hp_loss":0,"event_name":"Masked Bandits","floor":21,"gold_loss":0}],"is_beta":false,"boss_relics":[{"not_picked":["Runic Dome","Pandora\u0027s Box"],"picked":"Astrolabe"}],"items_purged_floors":[12],"is_endless":false,"potions_floor_spawned":[1,6,13,21,22,24],"killed_by":"Book of Stabbing","ascension_level":8}}