{"host":"9l4mw5jqza9qz9hr","time":1609666609,"event":{"mods":["AchievementEnabler","Always Whale","BaseMod","Colored Map","Minty Spire (QoL Compilation)","StSLib","SuperFastMode"],"gold_per_floor":[112,187,187,201,201,201,226,243,268,268,41,41,90,102,102,201,201,216,230,230,200,220,251,251,281,281,281,281,281],"floor_reached":28,"playtime":662,"items_purged":["Strike_R"],"score":411,"play_id":"f5daa5f1-f541-4684-8c87-2c7cd5214ea3","local_time":"20210103183649","is_ascension_mode":true,"campfire_choices":[{"data":"Blood for Blood","floor":6,"key":"SMITH"},{"data":"Carnage","floor":10,"key":"SMITH"},{"data":"Clothesline","floor":15,"key":"SMITH"},{"floor":24,"key":"REST"},{"data":"Immolate","floor":27,"key":"SMITH"}],"circlet_count":0,"master_deck":["Strike_R","Strike_R+1","Strike_R","Defend_R","Defend_R","Defend_R+1","Defend_R","Bash","Blood for Blood+1","Dropkick+1","Entrench+1","Carnage+1","Clothesline+1","Cleave","Immolate+1","Flame Barrier+1","Power Through+1","Evolve","Wild Strike+1"],"relics":["Burning Blood","NeowsBlessing","War Paint","Happy Flower","Medical Kit","Strawberry","Black Star","Red Skull","Shuriken","Juzu Bracelet","Pocketwatch","Meat on the Bone"],"acts_visited":["Exordium","TheCity"],"potions_floor_usage":[16,18,22,23,23,28],"damage_taken":[{"damage":0,"enemies":"Jaw Worm","floor":1,"turns":1},{"damage":0,"enemies":"2 Louse","floor":4,"turns":1},{"damage":0,"enemies":"Lagavulin","floor":7,"turns":1},{"damage":0,"enemies":"Cultist","floor":8,"turns":2},{"damage":0,"enemies":"Exordium Thugs","floor":14,"turns":4},{"damage":0,"enemies":"Slime Boss","floor":16,"turns":3},{"damage":28,"enemies":"3 Byrds","floor":18,"turns":4},{"damage":10,"enemies":"Spheric Guardian","floor":19,"turns":4},{"damage":13,"enemies":"Centurion and Healer","floor":22,"turns":5},{"damage":39,"enemies":"Slavers","floor":23,"turns":5},{"damage":28,"enemies":"Gremlin Leader","floor":25,"turns":7},{"damage":34,"enemies":"Book of Stabbing","floor":28,"turns":5}],"seed_played":"8518602623048159281","potions_obtained":[{"floor":1,"key":"Swift Potion"},{"floor":7,"key":"DuplicationPotion"},{"floor":14,"key":"FearPotion"},{"floor":18,"key":"PowerPotion"},{"floor":21,"key":"LiquidMemories"},{"floor":21,"key":"DuplicationPotion"},{"floor":22,"key":"Dexterity Potion"}],"is_trial":false,"path_per_floor":["M","?","?","M","?","R","E","M","T","R","$","?","T","M","R","B",null,"M","M","?","?","M","E","R","E","T","R","E"],"character_chosen":"IRONCLAD","items_purchased":["Medical Kit"],"campfire_rested":1,"item_purchase_floors":[11],"current_hp_per_floor":[80,69,74,80,80,80,85,85,85,85,85,68,75,81,81,87,91,69,65,65,65,58,25,52,30,30,30,0,0],"gold":281,"neow_bonus":"THREE_ENEMY_KILL","is_daily":false,"chose_seed":false,"campfire_upgraded":4,"win_rate":0.0,"timestamp":1609666609,"path_taken":["M","?","?","M","?","R","E","M","T","R","$","?","?","M","R","BOSS","M","M","?","?","M","E","R","E","T","R","E"],"items_purchased_type":["Relic"],"build_version":"2020-12-22","purchased_purges":1,"victory":false,"max_hp_per_floor":[80,80,85,85,85,85,85,85,85,85,85,85,92,92,92,92,92,92,92,92,92,92,92,92,92,92,92,92,92],"card_choices":[{"not_picked":["Intimidate","Twin Strike"],"picked":"Blood for Blood","floor":1},{"not_picked":["Thunderclap","Havoc"],"picked":"Dropkick","floor":4},{"not_picked":["Whirlwind","Rampage"],"picked":"Carnage","floor":7},{"not_picked":["Power Through","Thunderclap"],"picked":"Clothesline","floor":8},{"not_picked":["Wild Strike","Spot Weakness"],"picked":"Cleave","floor":14},{"not_picked":["Exhume","Berserk"],"picked":"Immolate","floor":16},{"not_picked":["Thunderclap","Havoc"],"picked":"Flame Barrier+1","floor":18},{"not_picked":["Clash+1","Dual Wield"],"picked":"Power Through+1","floor":19},{"not_picked":["Havoc","Anger"],"picked":"Evolve","floor":22},{"not_picked":["Clothesline","Dropkick+1"],"picked":"Wild Strike+1","floor":23},{"not_picked":["Bludgeon","Rage","Clothesline"],"picked":"SKIP","floor":25}],"player_experience":150615,"relics_obtained":[{"floor":7,"key":"War Paint"},{"floor":9,"key":"Happy Flower"},{"floor":13,"key":"Strawberry"},{"floor":23,"key":"Red Skull"},{"floor":23,"key":"Shuriken"},{"floor":25,"key":"Juzu Bracelet"},{"floor":25,"key":"Pocketwatch"},{"floor":26,"key":"Meat on the Bone"}],"event_choices":[{"damage_healed":0,"gold_gain":75,"player_choice":"Gather Gold","damage_taken":11,"max_hp_gain":0,"max_hp_loss":0,"event_name":"World of Goop","floor":2,"gold_loss":0},{"damage_healed":0,"gold_gain":0,"player_choice":"Donut","damage_taken":0,"max_hp_gain":5,"max_hp_loss":0,"event_name":"Big Fish","floor":3,"gold_loss":0},{"damage_healed":0,"gold_gain":0,"cards_transformed":["Strike_R"],"player_choice":"Change","damage_taken":0,"max_hp_gain":0,"max_hp_loss":0,"event_name":"Living Wall","floor":5,"gold_loss":0,"cards_obtained":["Entrench"]},{"damage_healed":0,"gold_gain":0,"player_choice":"Entered Light","damage_taken":17,"max_hp_gain":0,"max_hp_loss":0,"event_name":"Shining Light","floor":12,"gold_loss":0,"cards_upgraded":["Strike_R","Dropkick"]},{"damage_healed":0,"gold_gain":0,"player_choice":"Ignored","damage_taken":0,"max_hp_gain":0,"max_hp_loss":0,"event_name":"Vampires","floor":20,"gold_loss":0},{"damage_healed":0,"gold_gain":0,"player_choice":"Bought 2 Potions","damage_taken":0,"max_hp_gain":0,"max_hp_loss":0,"event_name":"The Woman in Blue","floor":21,"gold_loss":0}],"is_beta":false,"boss_relics":[{"not_picked":["Philosopher\u0027s Stone","Fusion Hammer"],"picked":"Black Star"}],"items_purged_floors":[11],"is_endless":false,"potions_floor_spawned":[1,7,14,18,22],"killed_by":"Book of Stabbing","ascension_level":5}}