{"host":"mg6qqnp83j5r6p2r","time":1609640832,"event":{"mods":["BaseMod","Colored Map","Colored Powertips","Highlight Path","Minty Spire (QoL Compilation)","Rare Cards Sparkle","Relic Sorter","Relic Stats","StSLib"],"gold_per_floor":[117,131,131,131,6,6,34,34,59,88,104,118,118,133,133,231,231,245,6,17,37,37,62,62,82,82,98,115,147,147,161,161,161,161],"floor_reached":33,"playtime":2480,"items_purged":["Strike_P"],"score":314,"play_id":"d863dece-301c-4ae3-9de2-a095160ff0b3","local_time":"20210102202712","is_ascension_mode":true,"campfire_choices":[{"data":"Eruption","floor":6,"key":"SMITH"},{"floor":8,"key":"RECALL"},{"data":"WaveOfTheHand","floor":15,"key":"SMITH"},{"floor":24,"key":"REST"},{"floor":30,"key":"REST"},{"floor":32,"key":"REST"}],"circlet_count":0,"master_deck":["Strike_P","Strike_P+1","Defend_P","Defend_P","Defend_P","Defend_P","Eruption+1","Vigilance","CutThroughFate","Protect","FollowUp+1","FearNoEvil","EmptyFist","WaveOfTheHand+1","ClearTheMind","Crescendo","DevaForm","Protect+1","FearNoEvil","EmptyBody","CutThroughFate","ClearTheMind+1","BattleHymn","Sanctity"],"relics":["PureWater","Centennial Puzzle","Whetstone","The Courier","VioletLotus","Mummified Hand","Omamori","Smiling Mask"],"acts_visited":["Exordium","TheCity"],"potions_floor_usage":[27,27,27,27,29,29,33],"damage_taken":[{"damage":2,"enemies":"2 Louse","floor":1,"turns":3},{"damage":0,"enemies":"Small Slimes","floor":2,"turns":2},{"damage":13,"enemies":"Gremlin Nob","floor":7,"turns":4},{"damage":9,"enemies":"3 Sentries","floor":10,"turns":7},{"damage":0,"enemies":"Jaw Worm","floor":11,"turns":1},{"damage":0,"enemies":"3 Louse","floor":12,"turns":2},{"damage":2,"enemies":"Lots of Slimes","floor":14,"turns":5},{"damage":26,"enemies":"Slime Boss","floor":16,"turns":9},{"damage":5,"enemies":"3 Byrds","floor":18,"turns":8},{"damage":15,"enemies":"Chosen","floor":20,"turns":9},{"damage":0,"enemies":"Centurion and Healer","floor":21,"turns":8},{"damage":22,"enemies":"Book of Stabbing","floor":23,"turns":7},{"damage":14,"enemies":"Cultist and Chosen","floor":25,"turns":6},{"damage":4,"enemies":"Snake Plant","floor":27,"turns":6},{"damage":8,"enemies":"Snecko","floor":28,"turns":5},{"damage":19,"enemies":"Gremlin Leader","floor":29,"turns":6},{"damage":12,"enemies":"Cultist and Chosen","floor":31,"turns":7},{"damage":40,"enemies":"Champ","floor":33,"turns":11}],"seed_played":"-7472594512328322940","potions_obtained":[{"floor":2,"key":"ColorlessPotion"},{"floor":11,"key":"EssenceOfSteel"},{"floor":13,"key":"Strength Potion"},{"floor":13,"key":"EntropicBrew"},{"floor":28,"key":"GamblersBrew"},{"floor":31,"key":"SkillPotion"}],"is_trial":false,"path_per_floor":["M","M","?","?","$","R","E","R","T","E","M","M","?","M","R","B",null,"M","$","M","M","$","E","R","M","T","M","M","E","R","M","R","B"],"character_chosen":"WATCHER","items_purchased":["FollowUp","Mummified Hand","FearNoEvil"],"campfire_rested":3,"item_purchase_floors":[5,19,19],"current_hp_per_floor":[70,70,70,63,63,63,50,50,50,41,41,41,41,39,39,13,72,67,67,52,52,52,30,51,37,37,33,25,6,27,15,36,0,0],"gold":161,"neow_bonus":"RANDOM_COMMON_RELIC","is_daily":false,"chose_seed":false,"campfire_upgraded":2,"win_rate":0.0,"timestamp":1609640832,"path_taken":["M","M","?","?","?","R","E","R","T","E","M","M","?","M","R","BOSS","M","$","M","M","?","E","R","M","T","M","M","E","R","M","R","BOSS"],"items_purchased_type":["Card","Relic","Card"],"build_version":"2020-12-22","purchased_purges":1,"victory":false,"max_hp_per_floor":[72,72,72,72,72,72,72,72,72,72,72,72,72,72,72,72,72,72,72,72,72,72,72,72,72,72,72,72,72,72,72,72,72,72],"relic_stats":{"Centennial Puzzle":[42],"counters":[18,106],"Mummified Hand":[12],"VioletLotus":[34],"Whetstone":["Strike_P","FollowUp"],"Smiling Mask":0,"obtain_stats":[{"Centennial Puzzle":0,"Mummified Hand":19,"The Courier":10,"VioletLotus":17,"Omamori":23,"Whetstone":7,"PureWater":0,"Smiling Mask":29},{"Centennial Puzzle":0,"Mummified Hand":9,"The Courier":4,"VioletLotus":8,"Omamori":12,"Whetstone":3,"PureWater":0,"Smiling Mask":16},{"Centennial Puzzle":0,"Mummified Hand":41,"The Courier":16,"VioletLotus":33,"Omamori":65,"Whetstone":9,"PureWater":0,"Smiling Mask":88}]},"card_choices":[{"not_picked":["Evaluate","Sanctity"],"picked":"CutThroughFate","floor":1},{"not_picked":["Crescendo","CrushJoints"],"picked":"Protect","floor":2},{"not_picked":["WaveOfTheHand","CrushJoints"],"picked":"FearNoEvil","floor":7},{"not_picked":["TalkToTheHand","Tantrum"],"picked":"EmptyFist","floor":10},{"not_picked":["LessonLearned","Evaluate"],"picked":"WaveOfTheHand","floor":11},{"not_picked":["CutThroughFate","JustLucky"],"picked":"ClearTheMind","floor":12},{"not_picked":["FlyingSleeves","ThirdEye"],"picked":"Crescendo","floor":14},{"not_picked":["LessonLearned","MasterReality"],"picked":"DevaForm","floor":16},{"not_picked":["Consecrate+1","ThirdEye"],"picked":"Protect+1","floor":18},{"not_picked":["Study+1","JustLucky"],"picked":"EmptyBody","floor":20},{"not_picked":["Protect","Evaluate"],"picked":"CutThroughFate","floor":21},{"not_picked":["WheelKick","EmptyMind"],"picked":"ClearTheMind+1","floor":23},{"not_picked":["BowlingBash","WreathOfFlame","PathToVictory"],"picked":"SKIP","floor":25},{"not_picked":["PathToVictory","Swivel","ReachHeaven"],"picked":"SKIP","floor":27},{"not_picked":["Prostrate","Consecrate"],"picked":"BattleHymn","floor":28},{"not_picked":["PathToVictory","Prostrate"],"picked":"Sanctity","floor":29},{"not_picked":["ConjureBlade","Study","WindmillStrike"],"picked":"SKIP","floor":31}],"player_experience":183596,"relics_obtained":[{"floor":7,"key":"Whetstone"},{"floor":10,"key":"The Courier"},{"floor":23,"key":"Omamori"},{"floor":29,"key":"Smiling Mask"}],"event_choices":[{"damage_healed":0,"gold_gain":0,"player_choice":"Ignored","damage_taken":0,"max_hp_gain":0,"max_hp_loss":0,"event_name":"Golden Idol","floor":3,"gold_loss":0},{"cards_removed":["Strike_P"],"damage_healed":0,"gold_gain":0,"player_choice":"Card Removal","damage_taken":7,"max_hp_gain":0,"max_hp_loss":0,"event_name":"Golden Wing","floor":4,"gold_loss":0},{"damage_healed":0,"gold_gain":0,"player_choice":"Got Potions","damage_taken":0,"max_hp_gain":0,"max_hp_loss":0,"event_name":"Lab","floor":13,"gold_loss":0}],"is_beta":false,"boss_relics":[{"not_picked":["Cursed Key","Snecko Eye"],"picked":"VioletLotus"}],"items_purged_floors":[5],"is_endless":false,"potions_floor_spawned":[2,11,14,16,18,21,25,28,31],"killed_by":"Champ","ascension_level":1}}