{"host":"qwttrqaysb380yri","time":1609674726,"event":{"mods":["BaseMod","Custom Start","Minty Spire (QoL Compilation)","Permanent Neow","Puzzle Mod","Relic Stats","StSLib","The Hierophant"],"gold_per_floor":[109,109,128,143,155,155,42,76,76,89,54,54,71,33,33,33,33],"floor_reached":16,"playtime":475,"items_purged":[],"score":179,"play_id":"7f728951-77ab-4b2f-9395-6bef0f6752b0","local_time":"20210103125206","is_ascension_mode":true,"campfire_choices":[{"floor":6.0,"key":"REST"},{"floor":12.0,"key":"REST"},{"data":"Acrobatics","floor":15.0,"key":"SMITH"}],"circlet_count":0,"master_deck":["AscendersBane","Strike_G","Strike_G","Strike_G","Strike_G","Strike_G","Defend_G","Defend_G","Defend_G","Defend_G","Survivor","Neutralize+1","Acrobatics+1","Poisoned Stab","Storm of Steel","Reflex","Masterful Stab","Dagger Throw","Masterful Stab","Tactician"],"relics":["Ring of the Snake","Potion Belt","Girya"],"acts_visited":["Exordium"],"potions_floor_usage":[],"damage_taken":[{"damage":0.0,"enemies":"Cultist","floor":1.0,"turns":4.0},{"damage":7.0,"enemies":"2 Louse","floor":3.0,"turns":4.0},{"damage":16.0,"enemies":"Jaw Worm","floor":4.0,"turns":4.0},{"damage":7.0,"enemies":"Red Slaver","floor":5.0,"turns":4.0},{"damage":41.0,"enemies":"Lagavulin","floor":8.0,"turns":6.0},{"damage":6.0,"enemies":"Exordium Thugs","floor":10.0,"turns":4.0},{"damage":6.0,"enemies":"Large Slime","floor":13.0,"turns":4.0},{"damage":20,"enemies":"Hexaghost","floor":16,"turns":7}],"seed_played":"56306004600453816","potions_obtained":[{"floor":3.0,"key":"Swift Potion"},{"floor":4.0,"key":"SmokeBomb"},{"floor":5.0,"key":"FearPotion"},{"floor":8.0,"key":"Energy Potion"}],"is_trial":false,"path_per_floor":["M","?","M","M","M","R","?","E","T","M","?","R","M","$","R","B"],"character_chosen":"THE_SILENT","items_purchased":["Tactician"],"campfire_rested":2,"item_purchase_floors":[14],"current_hp_per_floor":[59,59,52,36,29,48,48,7,7,1,17,36,30,30,30,10,10],"gold":33,"neow_bonus":"UPGRADE_CARD","is_daily":false,"chose_seed":false,"campfire_upgraded":1,"win_rate":0.0,"timestamp":1609674726,"path_taken":["M","?","M","M","?","R","?","E","T","?","?","R","M","$","R","BOSS"],"items_purchased_type":["Card"],"build_version":"2020-12-22","purchased_purges":0,"victory":false,"max_hp_per_floor":[66,66,66,66,66,66,66,66,66,66,66,66,66,66,66,66,66],"relic_stats":{"counters":[8,37],"obtain_stats":[{"Potion Belt":7,"Girya":8,"Ring of the Snake":0},{"Potion Belt":4,"Girya":5,"Ring of the Snake":0},{"Potion Belt":16,"Girya":22,"Ring of the Snake":0}],"Ring of the Snake":[16]},"card_choices":[{"not_picked":["PiercingWail","Prepared"],"picked":"Acrobatics","floor":1.0},{"not_picked":["Prepared","Cloak And Dagger"],"picked":"Poisoned Stab","floor":3.0},{"not_picked":["Cloak And Dagger","Dagger Throw"],"picked":"Storm of Steel","floor":4.0},{"not_picked":["Flechettes","PiercingWail"],"picked":"Reflex","floor":5.0},{"not_picked":["Well Laid Plans","Finisher"],"picked":"Masterful Stab","floor":8.0},{"not_picked":["PiercingWail","Quick Slash"],"picked":"Dagger Throw","floor":10.0},{"not_picked":["Flechettes","Cloak And Dagger"],"picked":"Masterful Stab","floor":13.0}],"player_experience":1993495,"relics_obtained":[{"floor":8.0,"key":"Girya"}],"event_choices":[{"cards_removed":["Defend_G"],"damage_healed":0.0,"max_hp_gain":0.0,"max_hp_loss":0.0,"gold_gain":0.0,"event_name":"Bonfire Elementals","player_choice":"Offered Basic","floor":2.0,"gold_loss":0.0,"damage_taken":0.0},{"damage_healed":0.0,"max_hp_gain":0.0,"max_hp_loss":0.0,"gold_gain":0.0,"event_name":"WeMeetAgain","player_choice":"Paid Gold","floor":7.0,"gold_loss":113.0,"damage_taken":0.0,"relics_obtained":["Potion Belt"]},{"damage_healed":16.0,"max_hp_gain":0.0,"max_hp_loss":0.0,"gold_gain":0.0,"event_name":"The Cleric","player_choice":"Healed","floor":11.0,"gold_loss":35.0,"damage_taken":0.0}],"is_beta":false,"boss_relics":[],"items_purged_floors":[],"is_endless":false,"potions_floor_spawned":[3,4,5,8],"killed_by":"Hexaghost","ascension_level":15}}