{"host":"88n6zaadp7apuxho","time":1609673916,"event":{"mods":["AchievementEnabler","BaseMod","CapriCore","Colored Map","Friendly Minions","KomeijiMod","Minty Spire (QoL Compilation)","StSLib","The Immortal"],"gold_per_floor":[109,119,44,55,55,55,86,86,113,128,157,457,474,51,51,51,51],"floor_reached":16,"playtime":690,"items_purged":["Defend_Komeiji"],"score":320,"play_id":"6abd7b0a-3939-4549-9b14-5a92afc7a9ec","local_time":"20210103203836","is_ascension_mode":true,"campfire_choices":[{"data":"Dash_Komeiji","floor":6,"key":"SMITH"},{"data":"SenseofElegance","floor":8,"key":"SMITH"},{"data":"SenseofElegance+1","floor":15,"key":"SMITH"}],"circlet_count":0,"master_deck":["AscendersBane","Strike_Komeiji","Strike_Komeiji","Defend_Komeiji","Defend_Komeiji","Dash_Komeiji+1","BlessingOfTime","HisouTensoku","Melting","SeekerWire+1","MakuraSeki","SenseofElegance+2","NingyouSousou+1","LunaticRedEyes","SuitokuNoKyoryu"],"relics":["KomeijisEye","SpellCardsRule","MusicBox","SteinsOfFate","MealTicket","Art of War","Ancient Tea Set","Old Coin","Pear"],"acts_visited":["Exordium"],"potions_floor_usage":[],"damage_taken":[{"damage":19,"enemies":"Jaw Worm","floor":1,"turns":5},{"damage":9,"enemies":"Small Slimes","floor":2,"turns":3},{"damage":0,"enemies":"2 Louse","floor":4,"turns":2},{"damage":0,"enemies":"Remiria","floor":5,"turns":10},{"damage":0,"enemies":"3 Sentries","floor":7,"turns":2},{"damage":0,"enemies":"Red Slaver","floor":10,"turns":3},{"damage":0,"enemies":"Gremlin Nob","floor":11,"turns":4},{"damage":0,"enemies":"Large Slime","floor":13,"turns":6},{"damage":54,"enemies":"The Guardian","floor":16,"turns":2}],"seed_played":"-1525729700055976762","potions_obtained":[{"floor":2,"key":"AttackPotion"},{"floor":4,"key":"EssenceOfSteel"}],"is_trial":false,"path_per_floor":["M","M","?","M","?","R","E","R","T","M","E","?","M","$","R","B"],"character_chosen":"KomeijiSatori","items_purchased":["Pear","SuitokuNoKyoryu"],"campfire_rested":0,"item_purchase_floors":[14,14],"current_hp_per_floor":[26,17,17,17,17,17,17,17,17,17,17,17,18,43,43,0,0],"gold":51,"neow_bonus":"ONE_RANDOM_RARE_CARD","is_daily":false,"chose_seed":false,"campfire_upgraded":3,"win_rate":0.0,"timestamp":1609673916,"path_taken":["M","M","?","M","?","R","E","R","T","M","E","?","M","$","R","BOSS"],"items_purchased_type":["Relic","Card"],"build_version":"2020-12-22","purchased_purges":1,"victory":false,"max_hp_per_floor":[50,50,50,50,50,50,50,50,50,50,50,50,50,60,60,60,60],"card_choices":[{"not_picked":["NarrowSpark","MusuNoYume"],"picked":"Melting","floor":1},{"not_picked":["HagoromoMizu","Sabishigari+1"],"picked":"SeekerWire+1","floor":2},{"not_picked":["Melting","HisouTensoku"],"picked":"MakuraSeki","floor":4},{"not_picked":["Mishyaguji+1","JyouchiJin+1"],"picked":"SenseofElegance","floor":5},{"not_picked":["JyouchiJin+1","NingyouYunhei+1"],"picked":"NingyouSousou+1","floor":7},{"not_picked":["KimairaNoYoku","Melting","SeishiRoten+1"],"picked":"SKIP","floor":10},{"not_picked":["SenseofElegance","OoedoNingyou+1"],"picked":"LunaticRedEyes","floor":11},{"not_picked":["Melting","EnMu+1","JyouchiJin+1"],"picked":"SKIP","floor":13}],"player_experience":491946,"relics_obtained":[{"floor":5,"key":"SteinsOfFate"},{"floor":7,"key":"MealTicket"},{"floor":9,"key":"Art of War"},{"floor":11,"key":"Ancient Tea Set"}],"event_choices":[{"cards_removed":["Strike_Komeiji"],"damage_healed":0,"gold_gain":0,"player_choice":"Card Removal","damage_taken":0,"max_hp_gain":0,"max_hp_loss":0,"event_name":"The Cleric","floor":3,"gold_loss":75},{"damage_healed":0,"gold_gain":0,"player_choice":"Gave Potion","damage_taken":0,"relics_obtained":["Old Coin"],"max_hp_gain":0,"max_hp_loss":0,"event_name":"WeMeetAgain","floor":12,"gold_loss":0}],"is_beta":false,"boss_relics":[],"items_purged_floors":[14],"is_endless":false,"potions_floor_spawned":[2,4,7,10],"killed_by":"The Guardian","ascension_level":20}}