{"host":"Charlie","time":1609647260,"event":{"mods":["Aspiration","BaseMod","Better Match","Better Skull","Better Third Choice","BetterRewards","ChefMod","Colored Map","Colored Powertips","Conspire","Curses Come First","Downfall","Ekko","Evolution","Friendly Minions","Halation","Hermit","Hubris","Infinite Spire","Luminous","Melee Mod","Minty Spire (QoL Compilation)","Quick Restart","Rare Cards Sparkle","Relic Stats","Robot Space Explorer","Shade Mod","Spicy Shops","StSLib","SuperFastMode","Synergy Search","The Animator","The Blue Laboratory","The Caster","The Cursed","The Dragon Tamer","The Factory","The Gatherer","The Jungle","The Marked","The Necromancer","Unceasing Turn Reminder","vexMod","??????REMEMod"],"gold_per_floor":[112,112,130,143,143,174,31,42,67,67,101,114,114,114,114,215,215,235,235,251,264,264,264,264],"floor_reached":23,"playtime":1204,"items_purged":["RobotSpaceExplorer:Strike"],"score":201,"play_id":"b7f68f12-f0c2-4078-b5df-c9f545889421","local_time":"20210102201420","is_ascension_mode":false,"campfire_choices":[{"data":"RobotSpaceExplorer:LuckyStrike","floor":13,"key":"SMITH"},{"data":"RobotSpaceExplorer:DroneSwarm","floor":15,"key":"SMITH"}],"circlet_count":0,"master_deck":["RobotSpaceExplorer:Strike","RobotSpaceExplorer:Defend","RobotSpaceExplorer:Defend","RobotSpaceExplorer:Scan","RobotSpaceExplorer:MiniLasers","RobotSpaceExplorer:ScrapShield","RobotSpaceExplorer:LuckyStrike+1","RobotSpaceExplorer:PowerGlove","RobotSpaceExplorer:PowerGlove","RobotSpaceExplorer:HighVoltage","RobotSpaceExplorer:DroneSwarm+1","RobotSpaceExplorer:Electropulse","RobotSpaceExplorer:Asteroid","RobotSpaceExplorer:Exploration"],"relics":["RobotSpaceExplorer:RoboCore","EVO:Axolotl","REME_ComplimentaryCards","WingedGreaves","infinitespire:FocusingShard","REME_LimitBreaker","Dream Catcher","Black Star","Regal Pillow"],"acts_visited":["Exordium","TheCity"],"potions_floor_usage":[18,18,23,23],"damage_taken":[{"damage":0,"enemies":"conspire:RoseBush","floor":1,"turns":4},{"damage":1,"enemies":"Jaw Worm","floor":3,"turns":5},{"damage":0,"enemies":"Small Slimes","floor":4,"turns":4},{"damage":6,"enemies":"3 Sentries","floor":6,"turns":10},{"damage":0,"enemies":"Exordium Thugs","floor":8,"turns":4},{"damage":14,"enemies":"Gremlin Nob","floor":11,"turns":3},{"damage":12,"enemies":"Exordium Wildlife","floor":12,"turns":2},{"damage":7,"enemies":"Hexaghost","floor":16,"turns":8},{"damage":10,"enemies":"3 Byrds","floor":18,"turns":3},{"damage":18,"enemies":"Spheric Guardian","floor":20,"turns":4},{"damage":11,"enemies":"Shelled Parasite and Fungi","floor":21,"turns":8},{"damage":43,"enemies":"Gremlin Leader","floor":23,"turns":6}],"seed_played":"-927555326367320925","potions_obtained":[{"floor":1,"key":"conspire:TimeTravelPotion"},{"floor":6,"key":"blueLaboratory:PyrophylliteBrew"},{"floor":12,"key":"champ:CounterPotion"},{"floor":21,"key":"Ancient Potion"}],"is_trial":false,"path_per_floor":["M","?","M","M","?","E","$","M","T","T","E","M","R","?","R","B",null,"M","?","M","M","T","E"],"character_chosen":"RobotSpaceExplorer","items_purchased":["RobotSpaceExplorer:PowerGlove"],"campfire_rested":0,"item_purchase_floors":[7],"current_hp_per_floor":[75,75,74,74,62,56,56,56,56,56,42,30,30,30,30,23,75,65,65,47,36,36,0,0],"gold":264,"neow_bonus":"REMOVE_CARD","is_daily":false,"chose_seed":false,"campfire_upgraded":2,"win_rate":0.0,"timestamp":1609647260,"path_taken":["M","?","M","M","?","E","$","M","T","?","E","?","R","?","R","BOSS","M","?","M","M","?","E"],"items_purchased_type":["Card"],"build_version":"2020-12-18","purchased_purges":1,"victory":false,"max_hp_per_floor":[75,75,75,75,75,75,75,75,75,75,75,75,75,75,75,75,75,75,75,75,75,75,75,75],"relic_stats":{"Dream Catcher":0,"Regal Pillow":0,"counters":[12,61],"Black Star":0,"obtain_stats":[{"Dream Catcher":11,"Regal Pillow":22,"RobotSpaceExplorer:RoboCore":0,"WingedGreaves":5,"infinitespire:FocusingShard":6,"Black Star":17,"EVO:Axolotl":0,"REME_LimitBreaker":10,"REME_ComplimentaryCards":0},{"Dream Catcher":6,"Regal Pillow":11,"RobotSpaceExplorer:RoboCore":0,"WingedGreaves":3,"infinitespire:FocusingShard":4,"Black Star":8,"EVO:Axolotl":0,"REME_LimitBreaker":5,"REME_ComplimentaryCards":0},{"Dream Catcher":30,"Regal Pillow":55,"RobotSpaceExplorer:RoboCore":0,"WingedGreaves":13,"infinitespire:FocusingShard":23,"Black Star":40,"EVO:Axolotl":0,"REME_LimitBreaker":27,"REME_ComplimentaryCards":0}]},"card_choices":[{"not_picked":["RobotSpaceExplorer:StunGrenade","RobotSpaceExplorer:MetalStrike","RobotSpaceExplorer:ShockKick"],"picked":"SKIP","floor":1},{"not_picked":["RobotSpaceExplorer:MiniDrones","RobotSpaceExplorer:MetalStrike"],"picked":"RobotSpaceExplorer:ScrapShield","floor":3},{"not_picked":["RobotSpaceExplorer:PlasmaMissile","RobotSpaceExplorer:MetalStrike"],"picked":"RobotSpaceExplorer:LuckyStrike","floor":4},{"not_picked":["RobotSpaceExplorer:Reload","RobotSpaceExplorer:PowerGlove","RobotSpaceExplorer:MiniDrones"],"picked":"SKIP","floor":6},{"not_picked":["RobotSpaceExplorer:Reload","RobotSpaceExplorer:MiniDrones"],"picked":"RobotSpaceExplorer:PowerGlove","floor":6},{"not_picked":["RobotSpaceExplorer:FranticSearch","RobotSpaceExplorer:MetalStrike"],"picked":"RobotSpaceExplorer:HighVoltage","floor":8},{"not_picked":["RobotSpaceExplorer:PlasmaMissile","RobotSpaceExplorer:FrostMissile"],"picked":"RobotSpaceExplorer:DroneSwarm","floor":11},{"not_picked":["RobotSpaceExplorer:ScrapToss","RobotSpaceExplorer:Pulsar","RobotSpaceExplorer:Probe"],"picked":"SKIP","floor":12},{"not_picked":["RobotSpaceExplorer:Comet","RobotSpaceExplorer:Autoloader"],"picked":"RobotSpaceExplorer:Asteroid","floor":16},{"not_picked":["RobotSpaceExplorer:MakeshiftVolley","RobotSpaceExplorer:SwiftStep+1","RobotSpaceExplorer:FranticSearch+1"],"picked":"SKIP","floor":18},{"not_picked":["RobotSpaceExplorer:ScrapToss","RobotSpaceExplorer:ShockKick"],"picked":"RobotSpaceExplorer:Exploration","floor":20},{"not_picked":["RobotSpaceExplorer:SurgingShield","RobotSpaceExplorer:FrostMissile","RobotSpaceExplorer:MiniDrones"],"picked":"SKIP","floor":21}],"player_experience":459288,"relics_obtained":[{"floor":6,"key":"infinitespire:FocusingShard"},{"floor":10,"key":"REME_LimitBreaker"},{"floor":11,"key":"Dream Catcher"},{"floor":22,"key":"Regal Pillow"}],"event_choices":[{"cards_removed":["RobotSpaceExplorer:Defend"],"damage_healed":0,"gold_gain":0,"player_choice":"Forget","damage_taken":0,"max_hp_gain":0,"max_hp_loss":0,"event_name":"Living Wall","floor":2,"gold_loss":0},{"damage_healed":0,"gold_gain":0,"player_choice":"Relic ","damage_taken":12,"max_hp_gain":0,"max_hp_loss":0,"event_name":"betterThird:BetterScrap","floor":5,"gold_loss":0,"cards_obtained":["Self Repair"]},{"damage_healed":0,"gold_gain":0,"cards_transformed":["RobotSpaceExplorer:Defend"],"player_choice":"Transformed","damage_taken":0,"max_hp_gain":0,"max_hp_loss":0,"event_name":"Transmorgrifier","floor":14,"gold_loss":0,"cards_obtained":["RobotSpaceExplorer:Electropulse"]},{"cards_removed":["RobotSpaceExplorer:Strike"],"damage_healed":0,"gold_gain":0,"player_choice":"Elegance","damage_taken":0,"max_hp_gain":0,"max_hp_loss":0,"event_name":"betterThird:BetterWriting","floor":19,"gold_loss":0}],"is_beta":true,"boss_relics":[{"not_picked":["Astrolabe","conspire:SpecialSausage"],"picked":"Black Star"}],"items_purged_floors":[7],"is_endless":false,"potions_floor_spawned":[1,6,12,21],"killed_by":"Gremlin Leader","ascension_level":0}}