{"host":"udyc8f81k2jocuhg","time":1609698643,"event":{"mods":["2.2 Compatiblity","BaseMod","Better Third Choice","Colored Powertips","Conspire","Custom Start","GifTheSpireLib","Hermit","Minty Spire (QoL Compilation)","Permanent Neow","Quick Restart","Relic Filter","Relic Stats","Replay The Spire","Shop Mod","Spikes Relics","StSLib","Stuff the Spire"],"gold_per_floor":[110,123,141,33,52,52,52,83,83,93,122,143,176,189,189,266,266,286,299,0,14,27,59,76,76,76],"floor_reached":25,"playtime":1698,"items_purged":["Regret"],"score":476,"play_id":"abdd8499-dfba-45d6-8d48-7ec5ea7cce1f","local_time":"20210103193043","is_ascension_mode":true,"campfire_choices":[{"data":"Dagger Spray","floor":6.0,"key":"SMITH"},{"data":"A Thousand Cuts","floor":15.0,"key":"SMITH"}],"circlet_count":0,"master_deck":["AscendersBane","Strike_G","Strike_G","Strike_G","Strike_G","Strike_G","Defend_G","Defend_G","Defend_G","Defend_G+1","Survivor+1","Neutralize","Die Die Die","Blade Dance","Dagger Spray+1","Dash","Footwork+1","Cloak And Dagger","PiercingWail","Leg Sweep","A Thousand Cuts+1","Leg Sweep","Dodge and Roll","Adrenaline","Doubt","CommonCold","Prepared","Footwork","StuffTheSpire:Sprint","Infinite Blades","Cloak And Dagger","Footwork+1"],"relics":["Ring of the Snake","Matryoshka","Replay:Baseball","Blue Candle","Kunai","Odd Mushroom","Bottled Lightning","Replay:Ancient Bell","War Paint","StuffTheSpire:Rhapsscallions","CrustySpines","ClockworkSouvenir","Question Card"],"acts_visited":["Exordium","TheCity"],"potions_floor_usage":[24,25],"damage_taken":[{"damage":2.0,"enemies":"conspire:RoseBush","floor":1.0,"turns":5.0},{"damage":0.0,"enemies":"Small Slimes","floor":2.0,"turns":3.0},{"damage":0.0,"enemies":"Cultist","floor":3.0,"turns":3.0},{"damage":0.0,"enemies":"Lots of Slimes","floor":5.0,"turns":1.0},{"damage":10.0,"enemies":"3 Sentries","floor":8.0,"turns":5.0},{"damage":0.0,"enemies":"Exordium Wildlife","floor":10.0,"turns":1.0},{"damage":6.0,"enemies":"Lagavulin","floor":11.0,"turns":9.0},{"damage":0.0,"enemies":"The Mushroom Lair","floor":12.0,"turns":4.0},{"damage":16.0,"enemies":"3 Sentries","floor":13.0,"turns":6.0},{"damage":0.0,"enemies":"Looter","floor":14.0,"turns":3.0},{"damage":21.0,"enemies":"The Guardian","floor":16.0,"turns":14.0},{"damage":17.0,"enemies":"3 Byrds","floor":18.0,"turns":5.0},{"damage":1.0,"enemies":"Shell Parasite","floor":19.0,"turns":10.0},{"damage":21.0,"enemies":"Shelled Parasite and Fungi","floor":21.0,"turns":9.0},{"damage":10.0,"enemies":"Centurion and Healer","floor":22.0,"turns":11.0},{"damage":0.0,"enemies":"Slavers","floor":23.0,"turns":9.0},{"damage":0,"enemies":"conspire:HollyBat","floor":24,"turns":8},{"damage":4,"enemies":"conspire:SneckoGhost","floor":25,"turns":7}],"seed_played":"-2919733727069386123","potions_obtained":[{"floor":5.0,"key":"SpeedPotion"},{"floor":10.0,"key":"Strength Potion"},{"floor":11.0,"key":"Energy Potion"},{"floor":12.0,"key":"Elixir"},{"floor":16.0,"key":"GamblersBrew"},{"floor":23.0,"key":"SpeedPotion"},{"floor":24,"key":"Languid Potion"}],"is_trial":false,"path_per_floor":["M","M","M","$","M","R","$","E","T","M","E","?","E","M","R","B",null,"M","M","$","M","M","E","M","E"],"character_chosen":"THE_SILENT","items_purchased":["Footwork+1","Cloak And Dagger","Footwork","ClockworkSouvenir"],"campfire_rested":0,"item_purchase_floors":[4,4,20,20],"current_hp_per_floor":[57,57,57,57,57,57,57,47,47,47,41,41,25,25,25,4,53,36,35,35,14,4,4,4,0,0],"gold":76,"neow_bonus":"ONE_RANDOM_RARE_CARD","is_daily":false,"chose_seed":false,"campfire_upgraded":2,"win_rate":0.0,"timestamp":1609698643,"path_taken":["M","M","M","$","M","R","$","E","T","M","E","?","E","M","R","BOSS","M","M","$","M","M","E","M","E"],"items_purchased_type":["Card","Card","Card","Relic"],"build_version":"2020-12-22","purchased_purges":1,"victory":false,"max_hp_per_floor":[66,66,66,66,66,66,66,66,66,66,66,66,66,66,66,66,68,68,68,68,68,68,68,68,68,68],"relic_stats":{"counters":[18,113],"Blue Candle":[2],"Kunai":[29],"War Paint":["Defend_G","Survivor"],"Question Card":1,"obtain_stats":[{"StuffTheSpire:Rhapsscallions":17,"Blue Candle":9,"Replay:Ancient Bell":17,"Odd Mushroom":12,"War Paint":17,"Question Card":23,"ClockworkSouvenir":20,"Replay:Baseball":9,"Matryoshka":8,"Kunai":11,"Bottled Lightning":13,"CrustySpines":17,"Ring of the Snake":0},{"StuffTheSpire:Rhapsscallions":11,"Blue Candle":5,"Replay:Ancient Bell":11,"Odd Mushroom":8,"War Paint":11,"Question Card":16,"ClockworkSouvenir":13,"Replay:Baseball":5,"Matryoshka":5,"Kunai":7,"Bottled Lightning":9,"CrustySpines":11,"Ring of the Snake":0},{"StuffTheSpire:Rhapsscallions":54,"Blue Candle":17,"Replay:Ancient Bell":54,"Odd Mushroom":31,"War Paint":54,"Question Card":98,"ClockworkSouvenir":69,"Replay:Baseball":17,"Matryoshka":17,"Kunai":27,"Bottled Lightning":37,"CrustySpines":54,"Ring of the Snake":0}],"Ring of the Snake":[36]},"card_choices":[{"not_picked":["Flying Knee","Slice"],"picked":"Blade Dance","floor":1.0},{"not_picked":["Slice","Deadly Poison"],"picked":"Dagger Spray","floor":2.0},{"not_picked":["PiercingWail","Outmaneuver"],"picked":"Dash","floor":3.0},{"not_picked":["Underhanded Strike","StuffTheSpire:ClusterCrunch"],"picked":"PiercingWail","floor":5.0},{"not_picked":["Sneak Up","StuffTheSpire:ClusterCrunch","Underhanded Strike"],"picked":"SKIP","floor":8.0},{"not_picked":["Slice","ReplayTheSpireMod:Exploit Weakness","Dagger Throw"],"picked":"SKIP","floor":10.0},{"not_picked":["Escape Plan","StuffTheSpire:Incursion"],"picked":"Leg Sweep","floor":11.0},{"not_picked":["Bane","Dagger Spray"],"picked":"A Thousand Cuts","floor":12.0},{"not_picked":["Poisoned Stab","Bane"],"picked":"Leg Sweep","floor":13.0},{"not_picked":["Prepared","StuffTheSpire:ClusterCrunch"],"picked":"Dodge and Roll","floor":14.0},{"not_picked":["Burst","Glass Knife"],"picked":"Adrenaline","floor":16.0},{"not_picked":["Regret","conspire:NecroticWound"],"picked":"Doubt","floor":17.0},{"not_picked":["Pain","Parasite"],"picked":"Regret","floor":17.0},{"not_picked":["Doubt","ReplayTheSpireMod:Faulty Equipment"],"picked":"CommonCold","floor":17.0},{"not_picked":["Sucker Punch","Outmaneuver+1"],"picked":"Prepared","floor":18.0},{"not_picked":["Poisoned Stab","Deadly Poison","Outmaneuver"],"picked":"SKIP","floor":19.0},{"not_picked":["Reflex","Sucker Punch"],"picked":"StuffTheSpire:Sprint","floor":21.0},{"not_picked":["Tactician","ReplayTheSpireMod:From All Sides"],"picked":"Infinite Blades","floor":22.0},{"not_picked":["Wraith Form v2","Choke"],"picked":"Cloak And Dagger","floor":23.0},{"not_picked":["Flying Knee+1","Riddle With Holes","Endless Agony"],"picked":"Footwork+1","floor":24}],"player_experience":1939963,"relics_obtained":[{"floor":8.0,"key":"Matryoshka"},{"floor":9.0,"key":"Replay:Baseball"},{"floor":9.0,"key":"Blue Candle"},{"floor":11.0,"key":"Kunai"},{"floor":12.0,"key":"Odd Mushroom"},{"floor":13.0,"key":"Bottled Lightning"},{"floor":23.0,"key":"Question Card"}],"event_choices":[{"damage_healed":0.0,"max_hp_gain":0.0,"max_hp_loss":0.0,"gold_gain":0.0,"event_name":"Mushrooms","player_choice":"Fought Mushrooms","floor":12.0,"gold_loss":0.0,"damage_taken":0.0}],"is_beta":false,"boss_relics":[{"not_picked":["Busted Crown","Empty Cage"],"picked":"Replay:Ancient Bell"},{"not_picked":["Anchor","Boot"],"picked":"War Paint"},{"not_picked":["Pear","ShockBauble"],"picked":"StuffTheSpire:Rhapsscallions"},{"not_picked":["CherryCoatedStake","Peace Pipe"],"picked":"CrustySpines"}],"items_purged_floors":[20],"is_endless":false,"potions_floor_spawned":[5,10,11,12,16,19,23,24],"killed_by":"conspire:SneckoGhost","ascension_level":15}}