{"host":"867cnhxguf2bzj4x","time":1609715702,"event":{"mods":["BaseMod","GifTheSpireLib","Lobotomy","Minty Spire (QoL Compilation)","StSLib","The Bug Knight","The Cursed","The Necromancer"],"gold_per_floor":[119,43,43,43,59,59,89,89,115,115,115,126,126,137,137,235,235,255,92,109,35,35,35,54,54,81,6,16,28,28,28,28],"floor_reached":31,"playtime":966,"items_purged":[],"score":308,"play_id":"6cc68083-37b7-4739-8ab9-075bfe04a2e0","local_time":"20210104001502","is_ascension_mode":false,"campfire_choices":[{"data":"Distraction","floor":6,"key":"SMITH"},{"floor":8,"key":"REST"},{"data":"Noxious Fumes","floor":10,"key":"SMITH"},{"data":"Prepared","floor":15,"key":"SMITH"},{"floor":23,"key":"REST"},{"floor":25,"key":"REST"}],"circlet_count":0,"master_deck":["Defend_G","Defend_G","Defend_G","Defend_G","Survivor","Neutralize","Scorched","Poisoned Stab","Noxious Fumes+1","SingingMachine","Distraction+1","Prepared+1","Bane","Envenom","Distraction","Mayhem","Catalyst","Bite","Bite","Bite","Bite","Bite","Backstab","Bane+1"],"relics":["Ring of the Snake","CogitoBucket","Potion Belt","Boot","Bag of Marbles"],"acts_visited":["Exordium","TheCity"],"potions_floor_usage":[29,31,31,31,31,31,31,31,31,31,31],"damage_taken":[{"damage":1,"enemies":"Cultist","floor":1,"turns":4},{"damage":0,"enemies":"2 Louse","floor":5,"turns":1},{"damage":26,"enemies":"Gremlin Nob","floor":7,"turns":4},{"damage":3,"enemies":"Small Slimes","floor":12,"turns":3},{"damage":12,"enemies":"Exordium Thugs","floor":14,"turns":3},{"damage":4,"enemies":"Slime Boss","floor":16,"turns":5},{"damage":57,"enemies":"Shell Parasite","floor":18,"turns":4},{"damage":2,"enemies":"3 Byrds","floor":20,"turns":4},{"damage":12,"enemies":"Snecko","floor":24,"turns":4},{"damage":20,"enemies":"Chosen and Byrds","floor":28,"turns":5},{"damage":26,"enemies":"Snake Plant","floor":29,"turns":5},{"damage":9,"enemies":"Centurion and Healer","floor":31,"turns":2}],"seed_played":"6163801339906926564","potions_obtained":[{"floor":5,"key":"Swift Potion"},{"floor":12,"key":"Weak Potion"},{"floor":28,"key":"BlessingOfTheForge"},{"floor":30,"key":"Poison Potion"},{"floor":30,"key":"EntropicBrew"},{"floor":30,"key":"Swift Potion"}],"is_trial":false,"path_per_floor":["M","$","?","?","M","R","E","R","T","R","$","M","?","M","R","B",null,"M","$","M","$","?","R","M","R","T","?","M","M","?","M"],"character_chosen":"THE_SILENT","items_purchased":["Noxious Fumes","Mayhem","Catalyst"],"campfire_rested":3,"item_purchase_floors":[2,19,21],"current_hp_per_floor":[69,69,69,69,69,69,43,64,64,64,64,61,66,54,54,50,75,18,18,16,16,16,31,21,36,36,36,28,6,6,0,0],"gold":28,"neow_bonus":"","is_daily":false,"chose_seed":false,"campfire_upgraded":3,"win_rate":0.0,"timestamp":1609715702,"path_taken":["M","?","?","?","?","R","E","R","T","R","$","M","?","M","R","BOSS","M","$","M","$","?","R","M","R","T","?","M","M","?","?"],"items_purchased_type":["Card","Card","Card"],"build_version":"2020-12-22","purchased_purges":0,"victory":false,"max_hp_per_floor":[70,70,70,70,70,70,70,70,70,70,70,70,75,75,75,75,75,75,75,75,75,52,52,52,52,52,52,52,52,52,52,52],"card_choices":[{"not_picked":["PunishingBird","BeautyBeast"],"picked":"Scorched","floor":1},{"not_picked":["Quick Slash","PiercingWail"],"picked":"Poisoned Stab","floor":1},{"not_picked":["GalaxyChild","Wellcheers"],"picked":"SingingMachine","floor":5},{"not_picked":["Backflip","Dash"],"picked":"Distraction","floor":5},{"not_picked":["Dagger Throw","Terror","Footwork"],"picked":"SKIP","floor":7},{"not_picked":["Poisoned Stab","PiercingWail"],"picked":"Prepared","floor":12},{"not_picked":["Finisher","Heel Hook"],"picked":"Bane","floor":14},{"not_picked":["Corpse Explosion","Grand Finale"],"picked":"Envenom","floor":16},{"not_picked":["Backflip","Deadly Poison"],"picked":"Distraction","floor":18},{"not_picked":["Slice+1","Quick Slash+1","Deadly Poison"],"picked":"SKIP","floor":20},{"not_picked":["Dagger Throw+1","Dash"],"picked":"Backstab","floor":24},{"not_picked":["Slice","Riddle With Holes+1","Tools of the Trade"],"picked":"SKIP","floor":28},{"not_picked":["Deadly Poison","Escape Plan"],"picked":"Bane+1","floor":29}],"player_experience":88290,"relics_obtained":[{"floor":7,"key":"Potion Belt"},{"floor":9,"key":"Boot"},{"floor":26,"key":"Bag of Marbles"}],"event_choices":[{"damage_healed":0,"gold_gain":0,"player_choice":"Ignored","damage_taken":0,"max_hp_gain":0,"max_hp_loss":0,"event_name":"Golden Idol","floor":3,"gold_loss":0},{"damage_healed":0,"gold_gain":0,"player_choice":"Ignored","damage_taken":0,"max_hp_gain":0,"max_hp_loss":0,"event_name":"Liars Game","floor":4,"gold_loss":0},{"damage_healed":0,"gold_gain":0,"player_choice":"Donut","damage_taken":0,"max_hp_gain":5,"max_hp_loss":0,"event_name":"Big Fish","floor":13,"gold_loss":0},{"damage_healed":0,"gold_gain":0,"player_choice":"Became a vampire","damage_taken":0,"max_hp_gain":0,"max_hp_loss":23,"event_name":"Vampires","floor":22,"gold_loss":0,"cards_obtained":["Bite","Bite","Bite","Bite","Bite"]},{"cards_removed":["Defend_G"],"damage_healed":0,"gold_gain":0,"player_choice":"Gave Gold","damage_taken":0,"max_hp_gain":0,"max_hp_loss":0,"event_name":"Beggar","floor":27,"gold_loss":75},{"damage_healed":0,"gold_gain":0,"player_choice":"Got Potions","damage_taken":0,"max_hp_gain":0,"max_hp_loss":0,"event_name":"Lab","floor":30,"gold_loss":0}],"is_beta":false,"boss_relics":[{"not_picked":["Coffee Dripper","Busted Crown","Pandora\u0027s Box"]}],"items_purged_floors":[],"is_endless":false,"potions_floor_spawned":[5,12,28],"killed_by":"Centurion and Healer","ascension_level":0}}