{"host":"8u7tvcybuv0u72fd","time":1609655844,"event":{"mods":["BaseMod","BetterRewards","Colored Map","Colored Powertips","Minty Spire (QoL Compilation)","Quick Restart","Shop Mod"],"gold_per_floor":[110,110,130,148,166,196,196,50,73,88,136,155,155,183,183,283,283,298,264,224,236,52,52,77,96,96,130,130,148,148,162,162,260,260,276,83,94,111,211,211,221,239,266,283,299,299,79,96,96,96,96,96,17,43,43,43],"floor_reached":55,"playtime":3099,"items_purged":["Strike_R","Defend_R","Strike_R"],"score":953,"play_id":"cab2f866-e5a9-4ae5-82e1-8178c743c38a","local_time":"20210103013724","is_ascension_mode":false,"campfire_choices":[{"data":"Body Slam","floor":7.0,"key":"SMITH"},{"data":"Bash","floor":13.0,"key":"SMITH"},{"data":"Feed","floor":15.0,"key":"SMITH"},{"data":"Rage","floor":23.0,"key":"SMITH"},{"data":"Shrug It Off","floor":28.0,"key":"SMITH"},{"data":"Pummel","floor":30.0,"key":"SMITH"},{"data":"Flex","floor":32.0,"key":"SMITH"},{"data":"Barricade","floor":40.0,"key":"SMITH"},{"data":"Defend_R","floor":46.0,"key":"SMITH"},{"floor":49.0,"key":"RECALL"},{"data":"Second Wind","floor":52,"key":"SMITH"}],"circlet_count":0,"master_deck":["Strike_R+1","Strike_R+1","Defend_R+1","Defend_R+1","Defend_R+1","Bash+1","Flex+1","Iron Wave+1","Body Slam+1","Pummel+1","Feed+1","Double Tap+1","Shrug It Off+1","Inflame+1","Rage+1","Heavy Blade+1","Barricade+1","Twin Strike+1","Pommel Strike+1","Second Wind+1","Seeing Red","Madness","Dropkick"],"relics":["Burning Blood","Oddly Smooth Stone","Incense Burner","PreservedInsect","Red Skull","MerchantsRug","Boot","Ancient Tea Set","Black Star","Toy Ornithopter","Bag of Marbles","Mummified Hand","Mark of Pain","Membership Card","White Beast Statue","Whetstone","Bottled Tornado"],"acts_visited":["Exordium","TheCity","TheBeyond","TheEnding"],"potions_floor_usage":[50,54,55,55,55],"damage_taken":[{"damage":0.0,"enemies":"Small Slimes","floor":1.0,"turns":3.0},{"damage":3.0,"enemies":"Jaw Worm","floor":3.0,"turns":5.0},{"damage":0.0,"enemies":"2 Louse","floor":4.0,"turns":3.0},{"damage":4.0,"enemies":"Exordium Thugs","floor":5.0,"turns":6.0},{"damage":18.0,"enemies":"Lagavulin","floor":6.0,"turns":6.0},{"damage":0.0,"enemies":"Lots of Slimes","floor":10.0,"turns":4.0},{"damage":4.0,"enemies":"Looter","floor":12.0,"turns":3.0},{"damage":6.0,"enemies":"3 Sentries","floor":14.0,"turns":7.0},{"damage":84.0,"enemies":"Slime Boss","floor":16.0,"turns":15.0},{"damage":0.0,"enemies":"Chosen","floor":18.0,"turns":4.0},{"damage":13.0,"enemies":"2 Thieves","floor":21.0,"turns":5.0},{"damage":0.0,"enemies":"Gremlin Leader","floor":24.0,"turns":4.0},{"damage":5.0,"enemies":"Snake Plant","floor":25.0,"turns":5.0},{"damage":0.0,"enemies":"Cultist and Chosen","floor":29.0,"turns":4.0},{"damage":5.0,"enemies":"Snecko","floor":31.0,"turns":4.0},{"damage":52.0,"enemies":"Automaton","floor":33.0,"turns":12.0},{"damage":27.0,"enemies":"3 Darklings","floor":35.0,"turns":10.0},{"damage":1.0,"enemies":"Orb Walker","floor":37.0,"turns":3.0},{"damage":0.0,"enemies":"Maw","floor":38.0,"turns":7.0},{"damage":3.0,"enemies":"3 Darklings","floor":41.0,"turns":6.0},{"damage":25.0,"enemies":"Transient","floor":42.0,"turns":5.0},{"damage":13.0,"enemies":"Jaw Worm Horde","floor":44.0,"turns":4.0},{"damage":0.0,"enemies":"Spire Growth","floor":45.0,"turns":4.0},{"damage":5.0,"enemies":"4 Shapes","floor":48.0,"turns":5.0},{"damage":25,"enemies":"Awakened One","floor":50,"turns":12},{"damage":10,"enemies":"Shield and Spear","floor":54,"turns":5},{"damage":137,"enemies":"The Heart","floor":55,"turns":9}],"seed_played":"1963309398124265219","potions_obtained":[{"floor":5.0,"key":"AttackPotion"},{"floor":6.0,"key":"CultistPotion"},{"floor":10.0,"key":"LiquidMemories"},{"floor":14.0,"key":"Weak Potion"},{"floor":24.0,"key":"ColorlessPotion"},{"floor":25.0,"key":"FairyPotion"},{"floor":31.0,"key":"DistilledChaos"},{"floor":33.0,"key":"ColorlessPotion"},{"floor":37.0,"key":"GamblersBrew"},{"floor":41.0,"key":"SpeedPotion"},{"floor":48.0,"key":"EssenceOfSteel"},{"floor":54,"key":"SteroidPotion"}],"is_trial":false,"path_per_floor":["M","?","M","M","M","E","R","$","T","M","T","M","R","E","R","B",null,"M","$","?","M","$","R","E","M","T","$","R","M","R","M","R","B",null,"M","$","M","M","?","R","M","M","T","M","M","R","$","M","R","B",null,"R","$","E","B"],"character_chosen":"IRONCLAD","items_purchased":["Oddly Smooth Stone","Incense Burner","Lee\u0027s Waffle","PreservedInsect","MerchantsRug","Toy Ornithopter","Rage","War Paint","Membership Card","Fruit Juice","Regen Potion","White Beast Statue","AttackPotion","Madness"],"campfire_rested":0,"item_purchase_floors":[0,0,0,0,8,22,22,36,47,47,47,53,53,53],"current_hp_per_floor":[87,80,83,87,87,75,75,75,75,81,81,83,83,83,83,9,91,91,91,91,88,88,88,95,95,95,95,95,95,95,95,95,65,99,82,82,87,93,93,93,101,82,82,79,89,89,99,104,104,94,124,124,124,120,0,0],"gold":43,"neow_bonus":"","is_daily":false,"chose_seed":false,"campfire_upgraded":10,"win_rate":0.0,"timestamp":1609655844,"path_taken":["M","?","M","M","M","E","R","$","T","M","?","M","R","E","R","BOSS","BOSS","M","$","?","M","?","R","E","M","T","$","R","?","R","M","R","BOSS","M","$","M","?","?","R","?","?","T","M","M","R","$","M","R","BOSS","R","$","E","BOSS"],"items_purchased_type":["Relic","Relic","Relic","Relic","Relic","Relic","Card","Relic","Relic","Potion","Potion","Relic","Potion","Card"],"build_version":"2020-12-22","purchased_purges":3,"victory":false,"max_hp_per_floor":[87,87,87,87,87,87,87,87,87,87,87,87,87,87,87,91,91,91,91,91,95,95,95,95,95,95,95,95,95,95,95,95,99,99,103,103,103,103,103,103,103,103,103,107,111,111,116,120,120,124,124,124,124,124,124,124],"card_choices":[{"not_picked":["Ghostly Armor","Pummel","Hemokinesis"],"picked":"SKIP","floor":1.0},{"not_picked":["Havoc","Bloodletting"],"picked":"Flex","floor":3.0},{"not_picked":["Fire Breathing","Wild Strike"],"picked":"Iron Wave","floor":4.0},{"not_picked":["Sword Boomerang","Armaments"],"picked":"Body Slam","floor":5.0},{"not_picked":["Second Wind","Sentinel"],"picked":"Pummel","floor":6.0},{"not_picked":["Carnage","Immolate","Evolve"],"picked":"SKIP","floor":10.0},{"not_picked":["Heavy Blade","Perfected Strike","Shockwave"],"picked":"SKIP","floor":12.0},{"not_picked":["Flex","Seeing Red"],"picked":"Feed","floor":14.0},{"not_picked":["Limit Break","Bludgeon"],"picked":"Double Tap","floor":16.0},{"not_picked":["Sentinel","Twin Strike"],"picked":"Shrug It Off","floor":18.0},{"not_picked":["Sword Boomerang","Twin Strike"],"picked":"Inflame+1","floor":21.0},{"not_picked":["Fire Breathing","Cleave","Infernal Blade"],"picked":"SKIP","floor":24.0},{"not_picked":["Inflame+1","Searing Blow","Flex"],"picked":"SKIP","floor":25.0},{"not_picked":["Rage","Twin Strike"],"picked":"Heavy Blade+1","floor":29.0},{"not_picked":["Warcry","Armaments","Fire Breathing"],"picked":"SKIP","floor":31.0},{"not_picked":["Limit Break","Juggernaut"],"picked":"Barricade","floor":33.0},{"not_picked":["Flex+1","Twin Strike+1","Anger+1"],"picked":"SKIP","floor":35.0},{"not_picked":["Flex+1","Anger+1"],"picked":"Twin Strike+1","floor":35.0},{"not_picked":["Thunderclap","Clothesline+1","Intimidate+1"],"picked":"SKIP","floor":37.0},{"not_picked":["Heavy Blade+1","Feel No Pain+1","Warcry"],"picked":"SKIP","floor":38.0},{"not_picked":["Armaments+1","Shockwave+1"],"picked":"Pommel Strike+1","floor":41.0},{"not_picked":["Bludgeon","Dark Embrace+1","Perfected Strike"],"picked":"SKIP","floor":42.0},{"not_picked":["Havoc+1","Clothesline+1","Power Through+1"],"picked":"SKIP","floor":44.0},{"not_picked":["Sever Soul+1","Pummel+1"],"picked":"Second Wind","floor":45.0},{"not_picked":["Feel No Pain+1","Whirlwind"],"picked":"Seeing Red","floor":48.0},{"not_picked":["Second Wind+1","Carnage"],"picked":"Dropkick","floor":54}],"player_experience":1253243,"relics_obtained":[{"floor":6.0,"key":"Red Skull"},{"floor":9.0,"key":"Boot"},{"floor":11.0,"key":"Smiling Mask"},{"floor":14.0,"key":"Ancient Tea Set"},{"floor":24.0,"key":"Bag of Marbles"},{"floor":24.0,"key":"Mummified Hand"},{"floor":26.0,"key":"Meat on the Bone"},{"floor":54,"key":"Whetstone"},{"floor":54,"key":"Bottled Tornado"}],"event_choices":[{"cards_removed":["Strike_R"],"damage_healed":0.0,"max_hp_gain":0.0,"max_hp_loss":0.0,"gold_gain":0.0,"event_name":"Golden Wing","player_choice":"Card Removal","floor":2.0,"gold_loss":0.0,"damage_taken":7.0},{"damage_healed":0.0,"max_hp_gain":0.0,"max_hp_loss":0.0,"gold_gain":0.0,"event_name":"Designer","player_choice":"Upgraded Two","floor":20.0,"gold_loss":40.0,"damage_taken":0.0,"cards_upgraded":["Double Tap","Iron Wave"]},{"damage_healed":0.0,"max_hp_gain":0.0,"max_hp_loss":0.0,"gold_gain":100.0,"event_name":"Golden Shrine","player_choice":"Pray","floor":39.0,"gold_loss":0.0,"damage_taken":0.0}],"is_beta":false,"boss_relics":[{"not_picked":["Runic Pyramid","Runic Cube"],"picked":"Black Star"},{"not_picked":["Coffee Dripper","Sozu"],"picked":"Mark of Pain"}],"items_purged_floors":[0,19,36],"is_endless":false,"potions_floor_spawned":[5,6,10,14,24,25,31,33,37,41,48,54],"killed_by":"The Heart","ascension_level":0}}