{"host":"tl8jdqk9pnwb74j1","time":1609673605,"event":{"mods":["BaseMod","BetterRewards","Custom Start","Minty Spire (QoL Compilation)","Shop Mod","StSLib","SuperFastMode"],"gold_per_floor":[111,61,12,12,26,62,62,62,114,140,175,203,67,67,67,191,191,211,310,335,335,61,61,94,94,117,138,138,138,151,0,0,130,130,155,55,79,79,142,142,162,162,188,188,63,63,97,113,113,113,113],"floor_reached":50,"playtime":1438,"items_purged":["Slice","Decay","Regret"],"score":566,"play_id":"02f20226-2157-4c38-8374-ead6119dbf79","local_time":"20210103193325","is_ascension_mode":false,"campfire_choices":[{"data":"Catalyst","floor":7,"key":"SMITH"},{"data":"Corpse Explosion","floor":15,"key":"SMITH"},{"data":"Burst","floor":23,"key":"SMITH"},{"data":"Backflip","floor":25,"key":"SMITH"},{"data":"Noxious Fumes","floor":29,"key":"SMITH"},{"data":"Neutralize","floor":32,"key":"SMITH"},{"data":"Discovery","floor":40,"key":"SMITH"},{"data":"Burst","floor":44,"key":"SMITH"},{"data":"Well Laid Plans","floor":46,"key":"SMITH"},{"data":"Catalyst","floor":49,"key":"SMITH"}],"circlet_count":0,"master_deck":["Strike_G+1","Strike_G+1","Strike_G+1","Strike_G+1","Defend_G+1","Defend_G+1","Defend_G+1","Defend_G+1","Survivor+1","Neutralize+1","Catalyst+1","Poisoned Stab","Poisoned Stab","Corpse Explosion+1","Well Laid Plans+1","Infinite Blades","Burst+1","All Out Attack","Backflip+1","Caltrops+1","Noxious Fumes+1","Catalyst+1","Burst+1","Acrobatics+1","Discovery+1","Acrobatics+1","Catalyst+1","Caltrops+1","Catalyst+1"],"relics":["Ring of the Snake","NeowsBlessing","Golden Idol","MealTicket","TwistedFunnel","Cursed Key","MerchantsRug","Vajra","Red Mask","War Paint","Strawberry","DollysMirror","Sozu","Pocketwatch","Happy Flower","Gremlin Horn"],"acts_visited":["Exordium","TheCity","TheBeyond"],"potions_floor_usage":[],"damage_taken":[{"damage":0,"enemies":"Jaw Worm","floor":1,"turns":1},{"damage":0,"enemies":"Small Slimes","floor":5,"turns":1},{"damage":0,"enemies":"Lagavulin","floor":6,"turns":1},{"damage":0,"enemies":"2 Louse","floor":10,"turns":3},{"damage":9,"enemies":"Blue Slaver","floor":11,"turns":3},{"damage":0,"enemies":"Large Slime","floor":12,"turns":5},{"damage":24,"enemies":"The Guardian","floor":16,"turns":7},{"damage":5,"enemies":"3 Byrds","floor":18,"turns":2},{"damage":2,"enemies":"Shell Parasite","floor":20,"turns":2},{"damage":20,"enemies":"Masked Bandits","floor":24,"turns":3},{"damage":0,"enemies":"Centurion and Healer","floor":27,"turns":3},{"damage":0,"enemies":"Shelled Parasite and Fungi","floor":30,"turns":3},{"damage":16,"enemies":"Automaton","floor":33,"turns":6},{"damage":1,"enemies":"Orb Walker","floor":35,"turns":2},{"damage":8,"enemies":"3 Shapes","floor":37,"turns":3},{"damage":0,"enemies":"Mind Bloom Boss Battle","floor":39,"turns":2},{"damage":0,"enemies":"Maw","floor":41,"turns":4},{"damage":11,"enemies":"Giant Head","floor":47,"turns":5},{"damage":4,"enemies":"Spire Growth","floor":48,"turns":3},{"damage":63,"enemies":"Awakened One","floor":50,"turns":6}],"seed_played":"3237641460108142802","potions_obtained":[{"floor":1,"key":"Dexterity Potion"},{"floor":5,"key":"Fire Potion"},{"floor":11,"key":"GamblersBrew"},{"floor":24,"key":"LiquidBronze"}],"is_trial":false,"path_per_floor":["M","?","$","?","M","E","R","$","T","M","M","M","$","?","R","B",null,"M","?","M","?","$","R","?","R","T","M","?","R","M","$","R","B",null,"M","$","M","?","?","R","M","?","T","R","$","R","E","M","R","B"],"character_chosen":"THE_SILENT","items_purchased":["Poisoned Stab","TwistedFunnel","MerchantsRug","Vajra","DollysMirror"],"campfire_rested":0,"item_purchase_floors":[3,13,22,22,31],"current_hp_per_floor":[70,70,70,65,65,65,65,65,65,65,56,56,65,70,70,46,70,65,65,63,63,70,70,50,50,50,50,57,57,57,72,72,56,77,76,77,69,69,69,69,69,69,69,69,77,77,66,62,62,0,0],"gold":113,"neow_bonus":"THREE_ENEMY_KILL","is_daily":false,"chose_seed":false,"campfire_upgraded":10,"win_rate":0.0,"timestamp":1609673605,"path_taken":["M","?","$","?","M","E","R","$","T","M","M","M","$","?","R","BOSS","M","?","M","?","$","R","?","R","T","M","?","R","M","$","R","BOSS","M","$","M","?","?","R","M","?","T","R","$","R","E","?","R","BOSS"],"items_purchased_type":["Card","Relic","Relic","Relic","Relic"],"build_version":"2020-12-22","purchased_purges":3,"victory":false,"max_hp_per_floor":[70,70,70,65,65,65,65,65,65,65,65,65,65,70,70,70,70,70,70,70,70,70,70,70,70,70,70,77,77,77,77,77,77,77,77,77,77,77,77,77,77,77,77,77,77,77,77,77,77,77,77],"card_choices":[{"not_picked":["Sucker Punch","Endless Agony"],"picked":"Catalyst","floor":1},{"not_picked":["Deflect","PiercingWail"],"picked":"Poisoned Stab","floor":5},{"not_picked":["Flying Knee","Outmaneuver"],"picked":"Slice","floor":6},{"not_picked":["Prepared","Bane"],"picked":"Corpse Explosion","floor":10},{"not_picked":["Footwork","Masterful Stab"],"picked":"Well Laid Plans","floor":11},{"not_picked":["Slice","Dagger Throw"],"picked":"Infinite Blades","floor":12},{"not_picked":["Glass Knife","Malaise"],"picked":"Burst","floor":16},{"not_picked":["Riddle With Holes+1","Quick Slash"],"picked":"All Out Attack","floor":18},{"not_picked":["Dagger Throw+1","Backflip","Skewer"],"picked":"SKIP","floor":20},{"not_picked":["Dagger Throw+1","Skewer"],"picked":"Backflip","floor":20},{"not_picked":["Dagger Throw","Escape Plan"],"picked":"Caltrops+1","floor":24},{"not_picked":["Underhanded Strike+1","PiercingWail"],"picked":"Noxious Fumes","floor":27},{"not_picked":["All Out Attack","Escape Plan+1","Underhanded Strike+1"],"picked":"SKIP","floor":30},{"not_picked":["Night Terror","Unload"],"picked":"Burst","floor":33},{"not_picked":["Infinite Blades+1","Slice"],"picked":"Acrobatics+1","floor":35},{"not_picked":["Choke","Bane","Dagger Spray"],"picked":"SKIP","floor":37},{"not_picked":["Metamorphosis","Purity"],"picked":"Discovery","floor":38},{"not_picked":["Prepared","Skewer+1"],"picked":"Acrobatics+1","floor":39},{"not_picked":["Poisoned Stab+1","Acrobatics"],"picked":"Catalyst+1","floor":41},{"not_picked":["Footwork","Backflip"],"picked":"Caltrops+1","floor":47},{"not_picked":["Calculated Gamble","Dodge and Roll+1"],"picked":"Catalyst","floor":48}],"player_experience":957097,"relics_obtained":[{"floor":6,"key":"MealTicket"},{"floor":9,"key":"MawBank"},{"floor":24,"key":"Red Mask"},{"floor":26,"key":"War Paint"},{"floor":39,"key":"Pocketwatch"},{"floor":43,"key":"Happy Flower"},{"floor":47,"key":"Gremlin Horn"}],"event_choices":[{"cards_removed":["Defend_G"],"damage_healed":0,"gold_gain":0,"player_choice":"Card Removal","damage_taken":0,"max_hp_gain":0,"max_hp_loss":0,"event_name":"The Cleric","floor":2,"gold_loss":50},{"damage_healed":0,"gold_gain":0,"player_choice":"Lose Max HP","damage_taken":0,"relics_obtained":["Golden Idol"],"max_hp_gain":0,"max_hp_loss":5,"event_name":"Golden Idol","floor":4,"gold_loss":0},{"damage_healed":0,"gold_gain":0,"player_choice":"Donut","damage_taken":0,"max_hp_gain":5,"max_hp_loss":0,"event_name":"Big Fish","floor":14,"gold_loss":0},{"damage_healed":0,"gold_gain":99,"player_choice":"Stole From Cult","damage_taken":0,"max_hp_gain":0,"max_hp_loss":0,"event_name":"Nest","floor":19,"gold_loss":0},{"damage_healed":0,"gold_gain":0,"player_choice":"Simplicity","damage_taken":0,"max_hp_gain":0,"max_hp_loss":0,"event_name":"Back to Basics","floor":21,"gold_loss":0,"cards_upgraded":["Strike_G","Strike_G","Strike_G","Strike_G","Strike_G","Defend_G","Defend_G","Defend_G","Defend_G"]},{"damage_healed":0,"gold_gain":0,"player_choice":"Fought Bandits","damage_taken":0,"max_hp_gain":0,"max_hp_loss":0,"event_name":"Masked Bandits","floor":24,"gold_loss":0},{"damage_healed":0,"gold_gain":0,"player_choice":"Opened","damage_taken":0,"relics_obtained":["Strawberry"],"max_hp_gain":0,"max_hp_loss":0,"event_name":"The Mausoleum","floor":28,"gold_loss":0},{"damage_healed":0,"gold_gain":0,"player_choice":"Memory 1","damage_taken":0,"max_hp_gain":0,"max_hp_loss":0,"event_name":"SensoryStone","floor":38,"gold_loss":0},{"damage_healed":0,"gold_gain":0,"player_choice":"Fight","damage_taken":0,"max_hp_gain":0,"max_hp_loss":0,"event_name":"MindBloom","floor":39,"gold_loss":0},{"cards_removed":["Strike_G"],"damage_healed":0,"gold_gain":0,"player_choice":"Offered Basic","damage_taken":0,"max_hp_gain":0,"max_hp_loss":0,"event_name":"Bonfire Elementals","floor":42,"gold_loss":0}],"is_beta":false,"boss_relics":[{"not_picked":["SlaversCollar","Tiny House"],"picked":"Cursed Key"},{"not_picked":["Philosopher\u0027s Stone","Empty Cage"],"picked":"Sozu"}],"items_purged_floors":[22,36,45],"is_endless":false,"potions_floor_spawned":[1,5,11,18,24,35,39,48],"killed_by":"Awakened One","ascension_level":0}}