{"host":"a1u4jo6xlg3w0wsm","time":1609671008,"event":{"mods":["BaseMod","Better Third Choice","DeckTracker","Downfall","Hermit","Hubris","Minty Spire (QoL Compilation)","Replay The Spire","StSLib"],"gold_per_floor":[113,16,16,16,30,30,62,62,116,146,146,71,81,116,116,219,219,235,235,150,150,120,120],"floor_reached":22,"playtime":1185,"items_purged":[],"score":281,"play_id":"262298d6-da1e-4974-b777-46265ca5acf8","local_time":"20210103235007","is_ascension_mode":true,"campfire_choices":[{"data":"hermit:Showdown","floor":6,"key":"SMITH"},{"data":"hermit:Reprieve","floor":8,"key":"SMITH"},{"floor":11,"key":"REST"},{"floor":15,"key":"REST"}],"circlet_count":0,"master_deck":["hermit:Strike_Hermit","hermit:Strike_Hermit","hermit:Strike_Hermit","hermit:Strike_Hermit","hermit:Defend_Hermit","hermit:Defend_Hermit","hermit:Defend_Hermit","hermit:Defend_Hermit","hermit:Snapshot","hermit:Covet","hermit:DeadMansHand","hermit:Glare","Burn","hermit:Showdown+1","hermit:Reprieve+1","hermit:HighNoon","hermit:Gestalt","hermit:FullyLoaded","hermit:Deadeye+1"],"relics":["hermit:Momento","NeowsBlessing","hubris:ToyBattleship","PreservedInsect","hubris:BottledRain","Juzu Bracelet","Cursed Key","Mirror"],"acts_visited":["Exordium","TheCity"],"potions_floor_usage":[2,10,14,18],"damage_taken":[{"damage":0,"enemies":"Cultist","floor":1,"turns":1},{"damage":0,"enemies":"Small Slimes","floor":5,"turns":1},{"damage":0,"enemies":"3 Sentries","floor":7,"turns":1},{"damage":38,"enemies":"Lagavulin","floor":10,"turns":6},{"damage":2,"enemies":"2 Louse","floor":13,"turns":3},{"damage":17,"enemies":"Gremlin Nob","floor":14,"turns":4},{"damage":47,"enemies":"Slime Boss","floor":16,"turns":17},{"damage":7,"enemies":"Chosen","floor":18,"turns":6},{"damage":2,"enemies":"2 Thieves","floor":22,"turns":2}],"seed_played":"6568037023504438740","potions_obtained":[{"floor":7,"key":"LiquidBronze"},{"floor":13,"key":"SkillPotion"},{"floor":16,"key":"champ:CounterPotion"},{"floor":18,"key":"Slimebound:ThreeZeroPotion"}],"is_trial":false,"path_per_floor":["M","$","?","?","M","R","E","R","T","E","R","$","M","E","R","B",null,"M","?","?","?","M"],"character_chosen":"HERMIT","items_purchased":["Fruit Juice","hermit:Gestalt"],"campfire_rested":2,"item_purchase_floors":[2,12],"current_hp_per_floor":[75,80,80,80,80,80,80,80,80,42,66,66,64,47,71,24,80,73,90,90,90,88,88],"gold":120,"neow_bonus":"THREE_ENEMY_KILL","is_daily":false,"chose_seed":false,"campfire_upgraded":2,"win_rate":0.0,"timestamp":1609671007,"path_taken":["M","?","?","?","M","R","E","R","T","E","R","?","M","E","R","BOSS","M","?","?","?","M"],"items_purchased_type":["Potion","Card"],"build_version":"2020-12-13","purchased_purges":0,"victory":false,"max_hp_per_floor":[75,80,80,80,80,80,80,80,80,80,80,80,80,80,80,80,80,80,90,90,90,90,90],"card_choices":[{"not_picked":["hermit:ItchyTrigger","hermit:Misfire"],"picked":"hermit:DeadMansHand","floor":1},{"not_picked":["hermit:Ricochet","hermit:Glare"],"picked":"hermit:Showdown","floor":5},{"not_picked":["hermit:PistolWhip","hermit:Manifest"],"picked":"hermit:Reprieve","floor":7},{"not_picked":["hermit:Scavenge","hermit:Feint"],"picked":"hermit:HighNoon","floor":10},{"not_picked":["hermit:Headshot","hermit:TrackingShot","hermit:Snipe"],"picked":"SKIP","floor":13},{"not_picked":["hermit:Manifest","hermit:Quickdraw"],"picked":"hermit:FullyLoaded","floor":14},{"not_picked":["hermit:DeadOrAlive","hermit:RoundhouseKick"],"picked":"hermit:HighNoon","floor":16},{"not_picked":["hermit:ItchyTrigger","hermit:Horror"],"picked":"hermit:Deadeye+1","floor":18}],"player_experience":291634,"relics_obtained":[{"floor":7,"key":"hubris:ToyBattleship"},{"floor":9,"key":"PreservedInsect"},{"floor":10,"key":"hubris:BottledRain"},{"floor":14,"key":"Juzu Bracelet"}],"event_choices":[{"damage_healed":80,"gold_gain":0,"player_choice":"Embrace Burn","damage_taken":0,"max_hp_gain":0,"max_hp_loss":80,"event_name":"betterThird:BetterShining","floor":4,"gold_loss":0},{"cards_removed":["hermit:HighNoon"],"damage_healed":7,"gold_gain":0,"player_choice":"Offered Rare","damage_taken":0,"max_hp_gain":10,"max_hp_loss":0,"event_name":"Bonfire Elementals","floor":19,"gold_loss":0},{"damage_healed":0,"gold_gain":0,"player_choice":"Obtained Relic","damage_taken":0,"relics_obtained":["Mirror"],"max_hp_gain":0,"max_hp_loss":0,"event_name":"Addict","floor":20,"gold_loss":85}],"is_beta":false,"boss_relics":[{"not_picked":["Snecko Eye","Runic Pyramid"],"picked":"Cursed Key"}],"items_purged_floors":[],"is_endless":false,"potions_floor_spawned":[7,13,16,18],"killed_by":"2 Thieves","ascension_level":3}}