{"host":"o7ymgqw1bx1zbjaa","time":1609682511,"event":{"mods":["2.2 Compatiblity","AchievementEnabler","Act Like it!","Aspiration","BaseMod","Better Altar","Better Match","Better Note","Better Sensory Stone","Better Skull","Better Third Choice","Colored Map","Conspire","Energized Spire","Highlight Path","Hubris","Infinite Spire","Jedi Mod","Marked Mod","Minty Spire (QoL Compilation)","Pale of the Ancients","Permanent Neow","Quick Restart","Random Character Button","Rare Cards Sparkle","Replay The Spire","Spicy Shops","Spikes Relics","StSLib","The Blue Laboratory","Wandering Minibosses"],"gold_per_floor":[114,114,114,114,130,171,186,12,12,26,69,83,122,22,22,142,142,165,165,165,924,924,962,978,1017,1017,1017,1017,1017,1058,973,973,1102,1102,1115,1184,1207,1225,1225,1259,443,443,468,468,22,58,81,94,94,94,94,94,45,76,76],"floor_reached":56,"playtime":8045,"items_purged":["Burn","Languid","Parasite","Parasite"],"score":1590,"play_id":"a12cdd00-3771-4471-b53f-c3fab6f2317d","local_time":"20210103080151","is_ascension_mode":true,"campfire_choices":[{"data":"TalkToTheHand","floor":15.0,"key":"SMITH"},{"data":"Blasphemy","floor":27.0,"key":"SMITH"},{"data":"Eruption","floor":32.0,"key":"SMITH"},{"floor":42.0,"key":"RECALL"},{"data":"Thinking Ahead","floor":49.0,"key":"SMITH"},{"data":"LikeWater","floor":52,"key":"SMITH"}],"circlet_count":1,"master_deck":["Strike_P+1","Strike_P+1","Strike_P+1","Strike_P+1","Defend_P+1","Defend_P+1","Defend_P+1","Defend_P+1","Eruption+1","Vigilance+1","Uppercut+1","Phantasmal Killer+1","Vengeance+1","Headbutt+1","Wireheading+1","Infernal Blade+1","FlurryOfBlows+1","Replay:ManipulateFuture+1","TalkToTheHand+1","ClearTheMind+1","Ghostly+1","Wish+1","DeceiveReality+1","infinitespire:Gouge+1","Blasphemy+1","FearNoEvil+1","Replay:ManipulateFuture+1","ClearTheMind+1","Ragnarok+1","TalkToTheHand+1","Vengeance+1","ThirdEye+1","TalkToTheHand+1","LikeWater+1","Deep Breath","Thinking Ahead+1","ReplayTheSpireMod:Private Reserves","FlyingSleeves+1","Weave","Replay:Cycle+1"],"relics":["PureWater","aspiration:Nostalgia","Replay:M_SmolderingBlood","ReplayTheSpireMod:TigerMarble","Golden Idol","infinitespire:EmpoweringShard","hubris:CrystalStatue","Pocketwatch","Juzu Bracelet","Replay:Ancient Bell","hubris:ToyBattleship","jedi:archwizardhat","Calipers","infinitespire:PuzzleCube","Sandwich","wanderingMiniBosses:MasterThiefsPresence","Replay:Bottled Flurry","conspire:Boomerang","Blood Vial","hubris:Towel","conspire:BottledYoYo","Replay:Baseball","ReplayTheSpireMod:DimensionalGlitch","Ginger","Mark of the Bloom","Lantern","RollingBoulder","MiniBlackHole","Circlet","aspiration:Lifesprig","infinitespire:Lucky Rock","SnailShell","Chameleon Ring","Strawberry"],"acts_visited":["Exordium","TheCity","TheBeyond","TheEnding"],"potions_floor_usage":[55,55,55],"damage_taken":[{"damage":4.0,"enemies":"Cultist","floor":1.0,"turns":4.0},{"damage":0.0,"enemies":"2 Louse","floor":5.0,"turns":3.0},{"damage":0.0,"enemies":"Lagavulin","floor":6.0,"turns":4.0},{"damage":0.0,"enemies":"conspire:RoseBush","floor":7.0,"turns":3.0},{"damage":0.0,"enemies":"Large Slime","floor":10.0,"turns":2.0},{"damage":0.0,"enemies":"Gremlin Nob","floor":11.0,"turns":2.0},{"damage":0.0,"enemies":"Looter","floor":12.0,"turns":1.0},{"damage":11.0,"enemies":"Lagavulin","floor":13.0,"turns":3.0},{"damage":0.0,"enemies":"Fading Forest","floor":16.0,"turns":11.0},{"damage":20.0,"enemies":"conspire:FuzzyDice","floor":18.0,"turns":8.0},{"damage":33.0,"enemies":"Shell Parasite","floor":21.0,"turns":5.0},{"damage":0.0,"enemies":"Slavers","floor":23.0,"turns":2.0},{"damage":0.0,"enemies":"Snecko","floor":24.0,"turns":2.0},{"damage":3.0,"enemies":"Replay:Snechameleon","floor":25.0,"turns":3.0},{"damage":4.0,"enemies":"conspire:SneckoGhost","floor":30.0,"turns":3.0},{"damage":14.0,"enemies":"hubris:MusketHawk","floor":33.0,"turns":4.0},{"damage":0.0,"enemies":"3 Shapes","floor":35.0,"turns":2.0},{"damage":0.0,"enemies":"2 Orb Walkers","floor":36.0,"turns":2.0},{"damage":0.0,"enemies":"Orb Walker","floor":37.0,"turns":2.0},{"damage":0.0,"enemies":"4 Shapes","floor":38.0,"turns":2.0},{"damage":0.0,"enemies":"R_Hoarder","floor":40.0,"turns":4.0},{"damage":0.0,"enemies":"Reptomancer","floor":46.0,"turns":3.0},{"damage":0.0,"enemies":"Maw","floor":47.0,"turns":2.0},{"damage":0.0,"enemies":"Jaw Worm Horde","floor":48.0,"turns":1.0},{"damage":3,"enemies":"Time Eater","floor":50,"turns":6},{"damage":0,"enemies":"Shield and Spear","floor":54,"turns":1},{"damage":8,"enemies":"The Heart","floor":55,"turns":6}],"seed_played":"-6747337325235950882","potions_obtained":[{"floor":5.0,"key":"Fire Potion"},{"floor":7.0,"key":"blueLaboratory:AbyssPotion"},{"floor":10.0,"key":"blueLaboratory:AlphaPotion"},{"floor":13.0,"key":"blueLaboratory:BottleOfVodka"},{"floor":16.0,"key":"blueLaboratory:FruitPreserves"},{"floor":18.0,"key":"blueLaboratory:BottleOfVodka"},{"floor":19.0,"key":"Milkshake"},{"floor":24.0,"key":"ColorlessPotion"},{"floor":30.0,"key":"Regen Potion"},{"floor":33.0,"key":"Flashbang"}],"is_trial":false,"path_per_floor":["M","?","?","?","M","E","M","$","T","M","E","M","E","?","R","B",null,"M","?","AVR","M","?","E","M","E","T","R","?","?","E","?","R","B",null,"M","?","M","M","?","E","$","R","T","?","$","E","M","M","R","B",null,"R","$","E","B",null],"character_chosen":"WATCHER","items_purchased":["Infernal Blade","FlurryOfBlows","Dead Branch","RollingBoulder","MiniBlackHole","LikeWater","ReplayTheSpireMod:Private Reserves","infinitespire:Lucky Rock","SnailShell","blueLaboratory:Moonshine"],"campfire_rested":0,"item_purchase_floors":[8,8,41,41,41,41,45,45,45,53],"current_hp_per_floor":[68,68,54,36,36,36,36,36,36,36,36,36,25,25,25,35,72,52,52,52,36,36,72,72,69,69,69,69,69,67,67,67,55,72,72,72,72,72,72,72,69,69,69,69,66,66,66,66,66,63,63,63,63,63,55],"gold":76,"neow_bonus":"NOSTALGIA","is_daily":false,"chose_seed":false,"campfire_upgraded":5,"win_rate":0.0,"timestamp":1609682511,"path_taken":["M","?","?","?","M","E","M","?","T","M","E","M","E","?","R","BOSS","M","?","AVR","M","?","E","M","E","T","R","?","?","E","?","R","BOSS","M","?","M","M","?","E","$","R","T","?","$","E","M","M","R","BOSS","R","$","E","BOSS"],"items_purchased_type":["Card","Card","Relic","Relic","Relic","Card","Card","Relic","Relic","Potion"],"build_version":"2020-12-22","purchased_purges":4,"victory":true,"max_hp_per_floor":[72,72,72,72,72,72,72,72,72,72,72,72,72,72,72,72,72,72,72,72,72,72,72,72,72,72,72,72,72,72,72,72,72,72,72,72,72,72,72,72,69,69,69,69,66,66,66,66,66,66,66,66,66,73,73],"card_choices":[{"not_picked":["Replay:Battleflow","FlyingSleeves"],"picked":"Uppercut","floor":1.0},{"not_picked":["CrushJoints","CutThroughFate"],"picked":"Vengeance","floor":5.0},{"not_picked":["Indignation","Conclude"],"picked":"Headbutt","floor":6.0},{"not_picked":["MarkedMod:Acupuncture","CrushJoints"],"picked":"Wireheading","floor":7.0},{"not_picked":["ReachHeaven","MarkedMod:GentlePulse"],"picked":"Replay:ManipulateFuture","floor":10.0},{"not_picked":["Headbutt","MarkedMod:NorthStar","Crescendo"],"picked":"SKIP","floor":11.0},{"not_picked":["Replay:AtTheReady","CarveReality"],"picked":"TalkToTheHand","floor":12.0},{"not_picked":["MarkedMod:FirstStrike","Weave"],"picked":"ClearTheMind","floor":13.0},{"not_picked":["Omniscience","MarkedMod:SlowDance"],"picked":"Wish","floor":16.0},{"not_picked":["Amnesia","infinitespire:Pacifist"],"picked":"Parasite","floor":17.0},{"not_picked":["ReplayTheSpireMod:Restless Dread","infinitespire:Pacifist"],"picked":"Parasite","floor":17.0},{"not_picked":["ReplayTheSpireMod:Doomed","Normality"],"picked":"Languid","floor":17.0},{"not_picked":["BowlingBash","Vengeance+1"],"picked":"DeceiveReality","floor":18.0},{"not_picked":["FollowUp","JustLucky"],"picked":"Blasphemy","floor":21.0},{"not_picked":["MarkedMod:GentlePulse+1","Nirvana"],"picked":"FearNoEvil","floor":23.0},{"not_picked":["MarkedMod:PinPointDefense","Protect"],"picked":"Replay:ManipulateFuture","floor":24.0},{"not_picked":["Wireheading+1","MarkedMod:FirstStrike+1","SignatureMove"],"picked":"SKIP","floor":25.0},{"not_picked":["ForeignInfluence","MarkedMod:SlowDance"],"picked":"ClearTheMind","floor":30.0},{"not_picked":["MarkedMod:SlowDance","Omniscience"],"picked":"Ragnarok","floor":33.0},{"not_picked":["MarkedMod:FirstStrike+1","Adaptation+1"],"picked":"TalkToTheHand","floor":35.0},{"not_picked":["FollowUp","Judgement"],"picked":"Vengeance+1","floor":36.0},{"not_picked":["PathToVictory","FlyingSleeves"],"picked":"ThirdEye+1","floor":37.0},{"not_picked":["Fasting2+1","Ragnarok"],"picked":"TalkToTheHand","floor":38.0},{"not_picked":["JustLucky","FollowUp","Wireheading"],"picked":"SKIP","floor":40.0},{"not_picked":["Midas Touch","Replay:Sssssssssshield"],"picked":"Deep Breath","floor":44.0},{"not_picked":["Purity","Madness"],"picked":"Thinking Ahead","floor":44.0},{"not_picked":["MarkedMod:GentlePulse","Evaluate"],"picked":"FlyingSleeves+1","floor":46.0},{"not_picked":["MarkedMod:FirstStrike+1","Nirvana"],"picked":"Weave","floor":47.0},{"not_picked":["CrushJoints+1","Crescendo","FollowUp+1"],"picked":"SKIP","floor":48.0},{"not_picked":["FlyingSleeves","Replay:ManipulateFuture"],"picked":"Replay:Cycle+1","floor":54}],"player_experience":252527,"relics_obtained":[{"floor":6.0,"key":"infinitespire:EmpoweringShard"},{"floor":9.0,"key":"hubris:CrystalStatue"},{"floor":11.0,"key":"Pocketwatch"},{"floor":13.0,"key":"Juzu Bracelet"},{"floor":21.0,"key":"wanderingMiniBosses:MasterThiefsPresence"},{"floor":23.0,"key":"conspire:Boomerang"},{"floor":25.0,"key":"Blood Vial"},{"floor":30.0,"key":"conspire:BottledYoYo"},{"floor":36.0,"key":"Ginger"},{"floor":40.0,"key":"Lantern"},{"floor":43.0,"key":"aspiration:Lifesprig"},{"floor":46.0,"key":"Chameleon Ring"},{"floor":54,"key":"Strawberry"}],"event_choices":[{"damage_healed":68.0,"max_hp_gain":0.0,"max_hp_loss":72.0,"gold_gain":0.0,"event_name":"betterThird:BetterShining","player_choice":"Embrace Burn","floor":2.0,"gold_loss":0.0,"damage_taken":0.0},{"damage_healed":0.0,"max_hp_gain":0.0,"max_hp_loss":0.0,"gold_gain":0.0,"event_name":"Golden Idol","player_choice":"Take Damage","floor":4.0,"gold_loss":0.0,"damage_taken":18.0,"relics_obtained":["Golden Idol"]},{"damage_healed":0.0,"max_hp_gain":0.0,"max_hp_loss":0.0,"gold_gain":0.0,"event_name":"conspire:LoneGhost","player_choice":"Argue","floor":14.0,"gold_loss":0.0,"damage_taken":0.0},{"damage_healed":0.0,"max_hp_gain":0.0,"max_hp_loss":0.0,"gold_gain":0.0,"event_name":"Lab","player_choice":"Got Potions","floor":19.0,"gold_loss":0.0,"damage_taken":0.0},{"damage_healed":0.0,"max_hp_gain":0.0,"max_hp_loss":0.0,"gold_gain":0.0,"event_name":"Addict","player_choice":"Obtained Relic","floor":31.0,"gold_loss":85.0,"damage_taken":0.0,"relics_obtained":["Replay:Baseball"]},{"damage_healed":0.0,"max_hp_gain":0.0,"max_hp_loss":0.0,"gold_gain":0.0,"event_name":"Mysterious Sphere","player_choice":"Fight","floor":36.0,"gold_loss":0.0,"damage_taken":0.0},{"damage_healed":0.0,"max_hp_gain":0.0,"max_hp_loss":0.0,"gold_gain":0.0,"event_name":"MindBloom","player_choice":"Upgrade","floor":39.0,"gold_loss":0.0,"damage_taken":0.0,"cards_upgraded":["Strike_P","Strike_P","Strike_P","Strike_P","Defend_P","Defend_P","Defend_P","Defend_P","Vigilance","Uppercut","Vengeance","Wireheading","Infernal Blade","FlurryOfBlows","Replay:ManipulateFuture","ClearTheMind","Ghostly","DeceiveReality","infinitespire:Gouge","FearNoEvil","Replay:ManipulateFuture","ClearTheMind","Ragnarok","TalkToTheHand","TalkToTheHand"],"relics_obtained":["Mark of the Bloom"]},{"damage_healed":0.0,"max_hp_gain":0.0,"max_hp_loss":0.0,"gold_gain":3.0,"event_name":"betterStone:BetterStone","player_choice":"1","floor":44.0,"gold_loss":0.0,"damage_taken":0.0}],"is_beta":false,"boss_relics":[{"not_picked":["energizedSpire:NeverEndingSparkler","ChewingGum"],"picked":"Replay:Ancient Bell"},{"not_picked":["Boot","aspiration:TomeofQuesting"],"picked":"hubris:ToyBattleship"},{"not_picked":["infinitespire:Eraser","Snack Pack"],"picked":"jedi:archwizardhat"},{"not_picked":["Peace Pipe","infinitespire:CursedDice"],"picked":"Calipers"},{"not_picked":["jedi:hotpepper","aspiration:PoetsPen_weak"],"picked":"ReplayTheSpireMod:DimensionalGlitch"}],"items_purged_floors":[8,20,41,45],"is_endless":false,"potions_floor_spawned":[5,7,10,13,16,18,24,30,33,35,38],"ascension_level":1}}