{"host":"8hy8aczuekhxmmq8","time":1609670528,"event":{"mods":["Act Like it!","BaseMod","Colored Map","Colored Powertips","DeckTracker","Gensokyo","Marisa£¨Ùöéë¡¡Øª×âÞÞ£©","Minty Spire (QoL Compilation)","Quick Restart","StSLib","SuperFastMode"],"gold_per_floor":[362,20,20,20,20,20,61,73,108,120,144,156,194,216,228,341,353,393,425,456,87,105,105,105,105],"floor_reached":24,"playtime":1019,"items_purged":["Strike_MRS"],"score":232,"play_id":"9be95303-d0c0-4839-9d67-9fa24bd0f6c0","local_time":"20210103194208","is_ascension_mode":true,"campfire_choices":[{"data":"ChargingUp","floor":6,"key":"SMITH"},{"data":"Gensokyo:SevenSchoolMysteries","floor":8,"key":"SMITH"},{"data":"OrrerysSun","floor":10,"key":"SMITH"},{"floor":12,"key":"REST"},{"data":"PropBag","floor":15,"key":"SMITH"},{"floor":23,"key":"REST"}],"circlet_count":0,"master_deck":["Strike_MRS","Strike_MRS","Strike_MRS","Defend_MRS","Defend_MRS","Defend_MRS","Defend_MRS","UpSweep","OrrerysSun+1","Gensokyo:SevenSchoolMysteries+1","DoubleSpark","ChargingUp+1","ChargeUpSpray","PropBag+1","EscapeVelocity"],"relics":["MiniHakkero","Gensokyo:MarisaPhilosophersStone","Happy Flower","MawBank","Centennial Puzzle","MagicBroom","ExperimentalFamiliar","Peace Pipe","Sundial"],"acts_visited":["Exordium","Gensokyo:Gensokyo"],"potions_floor_usage":[4,4,4,4,18,18,22,22,22,24],"damage_taken":[{"damage":5,"enemies":"Gensokyo:2_Kodama","floor":1,"turns":4},{"damage":33,"enemies":"Gensokyo:2_Kodama","floor":4,"turns":11},{"damage":24,"enemies":"Gensokyo:Cirno","floor":7,"turns":7},{"damage":0,"enemies":"Gensokyo:3_Fairies","floor":11,"turns":4},{"damage":3,"enemies":"Gensokyo:Gryphon","floor":13,"turns":3},{"damage":0,"enemies":"Gensokyo:2_Rabbits","floor":14,"turns":2},{"damage":15,"enemies":"Gensokyo:Yukari","floor":16,"turns":8},{"damage":0,"enemies":"Gensokyo:Chomper","floor":18,"turns":4},{"damage":14,"enemies":"Gensokyo:CosmicMonolith","floor":19,"turns":3},{"damage":33,"enemies":"Gensokyo:Mirror_and_Dog","floor":20,"turns":4},{"damage":12,"enemies":"Gensokyo:Slime_Group","floor":22,"turns":2},{"damage":38,"enemies":"Gensokyo:Tenshi","floor":24,"turns":3}],"seed_played":"-3174132380306189712","potions_obtained":[{"floor":1,"key":"EntropicBrew"},{"floor":7,"key":"Explosive Potion"},{"floor":7,"key":"Block Potion"},{"floor":13,"key":"SneckoOil"},{"floor":19,"key":"AttackPotion"},{"floor":20,"key":"StarNLove"},{"floor":22,"key":"SneckoOil"}],"is_trial":false,"path_per_floor":["M","COS","?","?","?","R","E","R","T","R","M","R","M","M","R","B",null,"M","M","M","$","M","R","E"],"character_chosen":"MARISA","items_purchased":["Peace Pipe"],"campfire_rested":2,"item_purchase_floors":[21],"current_hp_per_floor":[49,49,49,31,31,31,7,7,7,7,7,29,26,26,26,11,75,75,61,28,28,16,38,0,0],"gold":105,"neow_bonus":"TWO_FIFTY_GOLD","is_daily":false,"chose_seed":false,"campfire_upgraded":4,"win_rate":0.0,"timestamp":1609670528,"path_taken":["M","COS","?","?","?","R","E","R","T","R","?","R","M","M","R","BOSS","M","?","M","$","M","R","E"],"items_purchased_type":["Relic"],"build_version":"2020-12-22","purchased_purges":1,"victory":false,"max_hp_per_floor":[75,75,75,75,75,75,75,75,75,75,75,75,75,75,75,75,75,75,75,75,75,75,75,75,75],"card_choices":[{"not_picked":["OneTimeOff","GrandCross"],"picked":"OrrerysSun","floor":1},{"not_picked":["MagicAbsorber","PowerUp"],"picked":"DoubleSpark","floor":3},{"not_picked":["6A","SuperPerseids"],"picked":"ChargingUp","floor":3},{"not_picked":["BlazeAway","DC","6A"],"picked":"SKIP","floor":7},{"not_picked":["AsteroidBelt","UnstableBomb"],"picked":"PropBag","floor":11},{"not_picked":["DarkMatter","MaximisePower","IllusionStar"],"picked":"SKIP","floor":13},{"not_picked":["WitchLeyline","LuminesStrike","UnstableBomb"],"picked":"SKIP","floor":14},{"not_picked":["UltimateShortwave","SuperNova"],"picked":"EscapeVelocity","floor":16},{"not_picked":["6A","PowerUp","OpenUniverse"],"picked":"SKIP","floor":18},{"not_picked":["Occultation","LuminesStrike+1","WitchOfGreed"],"picked":"SKIP","floor":19},{"not_picked":["6A+1","Singularity","EventHorizon"],"picked":"SKIP","floor":20},{"not_picked":["EventHorizon","GravityBeat","SuperPerseids+1"],"picked":"SKIP","floor":22}],"player_experience":65599,"relics_obtained":[{"floor":4,"key":"Gensokyo:MarisaPhilosophersStone"},{"floor":7,"key":"Centennial Puzzle"}],"event_choices":[],"is_beta":false,"boss_relics":[{"not_picked":["Sozu","Cursed Key"],"picked":"ExperimentalFamiliar"}],"items_purged_floors":[21],"is_endless":false,"potions_floor_spawned":[1,7,13,14,19,20,22],"killed_by":"Gensokyo:Tenshi","ascension_level":1}}