{"host":"c3lc60y5x60jlt1y","time":1609696877,"event":{"mods":["AchievementEnabler","BaseMod","Colored Map","Minty Spire (QoL Compilation)","Quick Restart","StSLib"],"gold_per_floor":[119,194,194,206,219,250,250,83,83,94,105,140,156,182,182,182,182],"floor_reached":16,"playtime":2173,"items_purged":[],"score":244,"play_id":"8b61702f-e06c-4ab7-a162-5095e5a8333a","local_time":"20210103200117","is_ascension_mode":true,"campfire_choices":[{"data":"Venomology","floor":7,"key":"SMITH"},{"data":"Blade Dance","floor":15,"key":"SMITH"}],"circlet_count":0,"master_deck":["AscendersBane","Strike_G","Strike_G","Strike_G","Strike_G","Strike_G","Defend_G","Defend_G","Defend_G","Defend_G","Defend_G","Survivor","Neutralize","Venomology+1","Flying Knee","Quick Slash","Dagger Throw","Backstab","Cloak And Dagger","PiercingWail","Tactician","Outmaneuver","Blade Dance+1"],"relics":["Ring of the Snake","White Beast Statue","TungstenRod","Lee\u0027s Waffle","Gremlin Horn","Ornamental Fan","Blue Candle"],"acts_visited":["Exordium"],"potions_floor_usage":[4,4,5,6,6,6,11,12,12,12,13,14,16],"damage_taken":[{"damage":6,"enemies":"2 Louse","floor":1,"turns":5},{"damage":0,"enemies":"Small Slimes","floor":4,"turns":2},{"damage":4,"enemies":"Jaw Worm","floor":5,"turns":7},{"damage":6,"enemies":"Lagavulin","floor":6,"turns":7},{"damage":0,"enemies":"2 Fungi Beasts","floor":10,"turns":3},{"damage":1,"enemies":"Blue Slaver","floor":11,"turns":2},{"damage":24,"enemies":"3 Sentries","floor":12,"turns":10},{"damage":0,"enemies":"Gremlin Gang","floor":13,"turns":4},{"damage":21,"enemies":"Gremlin Nob","floor":14,"turns":4},{"damage":43,"enemies":"Hexaghost","floor":16,"turns":14}],"seed_played":"2669663162790955278","potions_obtained":[{"floor":4,"key":"LiquidMemories"},{"floor":5,"key":"GhostInAJar"},{"floor":6,"key":"GamblersBrew"},{"floor":10,"key":"Explosive Potion"},{"floor":11,"key":"EssenceOfSteel"},{"floor":12,"key":"Block Potion"},{"floor":13,"key":"DistilledChaos"},{"floor":14,"key":"Energy Potion"}],"is_trial":false,"path_per_floor":["M","?","?","M","M","E","R","$","T","M","M","E","M","E","R","B"],"character_chosen":"THE_SILENT","items_purchased":["Lee\u0027s Waffle"],"campfire_rested":0,"item_purchase_floors":[8],"current_hp_per_floor":[53,42,31,36,32,26,26,73,73,73,72,59,59,38,38,0,0],"gold":182,"neow_bonus":"ONE_RANDOM_RARE_CARD","is_daily":false,"chose_seed":false,"campfire_upgraded":2,"win_rate":0.0,"timestamp":1609696877,"path_taken":["M","?","?","M","M","E","R","$","T","M","M","E","M","E","R","BOSS"],"items_purchased_type":["Relic"],"build_version":"2020-12-22","purchased_purges":0,"victory":false,"max_hp_per_floor":[66,66,66,66,66,66,66,73,73,73,73,73,73,73,73,73,73],"card_choices":[{"not_picked":["Escape Plan","Noxious Fumes"],"picked":"Flying Knee","floor":1},{"not_picked":["Calculated Gamble","Setup"],"picked":"Quick Slash","floor":4},{"not_picked":["Deadly Poison","Outmaneuver"],"picked":"Dagger Throw","floor":5},{"not_picked":["Deflect","Quick Slash"],"picked":"Backstab","floor":6},{"not_picked":["Dodge and Roll","Backflip"],"picked":"Cloak And Dagger","floor":10},{"not_picked":["Dodge and Roll","Flying Knee"],"picked":"PiercingWail","floor":11},{"not_picked":["A Thousand Cuts","Outmaneuver"],"picked":"Tactician","floor":12},{"not_picked":["Choke","Deflect"],"picked":"Outmaneuver","floor":13},{"not_picked":["Finisher","Choke"],"picked":"Blade Dance","floor":14}],"player_experience":7443720,"relics_obtained":[{"floor":6,"key":"TungstenRod"},{"floor":9,"key":"Gremlin Horn"},{"floor":12,"key":"Ornamental Fan"},{"floor":14,"key":"Blue Candle"}],"event_choices":[{"damage_healed":0,"gold_gain":75,"player_choice":"Gather Gold","damage_taken":11,"max_hp_gain":0,"max_hp_loss":0,"event_name":"World of Goop","floor":2,"gold_loss":0},{"damage_healed":0,"gold_gain":0,"player_choice":"Success","damage_taken":11,"relics_obtained":["White Beast Statue"],"max_hp_gain":0,"max_hp_loss":0,"event_name":"Scrap Ooze","floor":3,"gold_loss":0}],"is_beta":false,"boss_relics":[],"items_purged_floors":[],"is_endless":false,"potions_floor_spawned":[4,5,6,10,11,12,13,14],"killed_by":"Hexaghost","ascension_level":20}}