{"host":"gsmj583br51y3r1c","time":1609717500,"event":{"mods":["A Magickal Journey","AchievementEnabler","BaseMod","Better Note","Colored Map","Dio Mod","Downfall","Hermit","Highlight Path","Hubris","Infinite Spire","Marisa????????","Minty Spire (QoL Compilation)","Permanent Neow","Quick Restart","StSLib","The Alterego","The Bug Knight","The Cursed","The Disciple","The Elementalist","The Marked","The Mystic","The Runesmith","The Servant 0.9.4","Unceasing Turn Reminder","everything is the same but u backflip on backflip"],"gold_per_floor":[111,111,130,130,157,157,76,101,125,212,224,236,267,299,311,323,323],"floor_reached":16,"playtime":1051,"items_purged":[],"score":98,"play_id":"b99d0f69-1d6d-4655-a84c-1a49fbe179f5","local_time":"20210104014500","is_ascension_mode":false,"campfire_choices":[{"floor":6,"key":"RECALL"},{"floor":12,"key":"REST"},{"data":"hermit:Dive","floor":15,"key":"SMITH"}],"circlet_count":0,"master_deck":["hermit:Strike_Hermit","hermit:Strike_Hermit","hermit:Strike_Hermit","hermit:Defend_Hermit","hermit:Defend_Hermit","hermit:Defend_Hermit","hermit:Defend_Hermit","hermit:Snapshot","hermit:Covet","hubris:EnhanceAbility","hermit:CalledShot+1","hermit:Ricochet","hermit:Brawl","hermit:Cheat","hermit:Desperado","hermit:SprayPray","hermit:LuckOfTheDraw","hermit:Enervate","hermit:TakeAim","hermit:Deadeye","hermit:Dive+1"],"relics":["hermit:Momento","Bronze Scales","Bag of Marbles","MawBank"],"acts_visited":["Exordium"],"potions_floor_usage":[],"damage_taken":[{"damage":0,"enemies":"Small Slimes","floor":1,"turns":3},{"damage":2,"enemies":"2 Louse","floor":3,"turns":2},{"damage":35,"enemies":"Gremlin Nob","floor":8,"turns":5},{"damage":0,"enemies":"Jaw Worm","floor":13,"turns":1},{"damage":0,"enemies":"3 Louse","floor":14,"turns":1},{"damage":0,"enemies":"Hexaghost","floor":16,"turns":1}],"seed_played":"-5833408257857036143","potions_obtained":[{"floor":14,"key":"sneckomod:MuddlingPotion"}],"is_trial":false,"path_per_floor":["M","?","M","?","T","R","$","E","T","?","?","R","M","M","R","B"],"character_chosen":"HERMIT","items_purchased":["hermit:Brawl"],"campfire_rested":1,"item_purchase_floors":[7],"current_hp_per_floor":[68,68,66,66,66,66,66,31,31,20,20,40,40,40,40,40,40],"gold":323,"neow_bonus":"RANDOM_COLORLESS_2","is_daily":false,"chose_seed":false,"campfire_upgraded":1,"win_rate":0.0,"timestamp":1609717500,"path_taken":["M","?","M","?","?","R","$","E","T","?","?","R","M","M","R","BOSS"],"items_purchased_type":["Card"],"build_version":"2020-12-22","purchased_purges":0,"victory":false,"max_hp_per_floor":[68,68,68,68,68,68,68,68,68,68,68,68,68,68,68,68,68],"card_choices":[{"not_picked":["Apotheosis","Master of Strategy"],"picked":"hubris:EnhanceAbility","floor":0},{"not_picked":["hermit:FlashPowder","hermit:HighCaliber"],"picked":"hermit:CalledShot","floor":1},{"not_picked":["hermit:BodyArmor","hermit:Spite"],"picked":"hermit:Ricochet","floor":3},{"not_picked":["hermit:Snipe","hermit:Gambit"],"picked":"hermit:Cheat","floor":8},{"not_picked":["hermit:Glare","hermit:Snipe"],"picked":"hermit:Deadeye","floor":13},{"not_picked":["hermit:HighCaliber","hermit:Feint"],"picked":"hermit:Dive","floor":14}],"player_experience":296821,"relics_obtained":[{"floor":5,"key":"Bronze Scales"},{"floor":8,"key":"Bag of Marbles"},{"floor":9,"key":"MawBank"}],"event_choices":[{"damage_healed":0,"gold_gain":75,"player_choice":"Gather Gold","damage_taken":11,"max_hp_gain":0,"max_hp_loss":0,"event_name":"World of Goop","floor":10,"gold_loss":0}],"is_beta":false,"boss_relics":[],"items_purged_floors":[],"is_endless":false,"potions_floor_spawned":[14],"killed_by":"Hexaghost","ascension_level":0}}