{"host":"hm3ikmf8oxbtqms2","time":1609715317,"event":{"mods":["BaseMod","Best Route Mod","Bestiary","Better Vampires","Block Reminder","Colored Map","Colored Powertips","Curses Come First","DeckTracker","Displayed Cursed Tome","Highlight Path","Minty Spire (QoL Compilation)","Quick Restart","StSLib"],"gold_per_floor":[112,187,205,170,186,186,186],"floor_reached":6,"playtime":518,"items_purged":[],"score":43,"play_id":"49144c2e-2555-47ac-be6c-ff3983489242","local_time":"20210103180837","is_ascension_mode":true,"campfire_choices":[],"circlet_count":0,"master_deck":["Strike_G","Strike_G","Strike_G","Strike_G","Strike_G","Defend_G","Defend_G","Defend_G","Defend_G","Defend_G","Survivor","Neutralize","Tools of the Trade","Flying Knee","Tactician","Quick Slash"],"relics":["Ring of the Snake"],"acts_visited":["Exordium"],"potions_floor_usage":[],"damage_taken":[{"damage":1.0,"enemies":"Small Slimes","floor":1.0,"turns":5.0},{"damage":1.0,"enemies":"Jaw Worm","floor":3.0,"turns":5.0},{"damage":3.0,"enemies":"2 Louse","floor":5.0,"turns":4.0},{"damage":34,"enemies":"Lagavulin","floor":6,"turns":7}],"seed_played":"-2128313747628871141","potions_obtained":[],"is_trial":false,"path_per_floor":["M","?","M","?","M","E"],"character_chosen":"THE_SILENT","items_purchased":[],"campfire_rested":0,"item_purchase_floors":[],"current_hp_per_floor":[48,37,36,53,50,16,16],"gold":186,"neow_bonus":"THREE_RARE_CARDS","is_daily":false,"chose_seed":false,"campfire_upgraded":0,"win_rate":0.0,"timestamp":1609715317,"path_taken":["M","?","M","?","?","E"],"items_purchased_type":[],"build_version":"2020-12-22","purchased_purges":0,"victory":false,"max_hp_per_floor":[70,70,70,70,70,70,70],"card_choices":[{"not_picked":["Grand Finale","Night Terror"],"picked":"Tools of the Trade","floor":0.0},{"not_picked":["Deflect","Poisoned Stab"],"picked":"Flying Knee","floor":1.0},{"not_picked":["Eviscerate","Cloak And Dagger"],"picked":"Tactician","floor":3.0},{"not_picked":["Blade Dance","Cloak And Dagger"],"picked":"Quick Slash","floor":5.0}],"player_experience":287632,"relics_obtained":[],"event_choices":[{"damage_healed":0.0,"max_hp_gain":0.0,"max_hp_loss":0.0,"gold_gain":75.0,"event_name":"World of Goop","player_choice":"Gather Gold","floor":2.0,"gold_loss":0.0,"damage_taken":11.0},{"damage_healed":17.0,"max_hp_gain":0.0,"max_hp_loss":0.0,"gold_gain":0.0,"event_name":"The Cleric","player_choice":"Healed","floor":4.0,"gold_loss":35.0,"damage_taken":0.0}],"is_beta":false,"boss_relics":[],"items_purged_floors":[],"is_endless":false,"potions_floor_spawned":[],"killed_by":"Lagavulin","ascension_level":4}}