{"host":"b4oqa93y40rb9616","time":1609639775,"event":{"mods":["BaseMod","Colored Map","Custom Start","DeckTracker","Keyboard Shortcuts","Minty Spire (QoL Compilation)","Permanent Neow","Quick Restart","StSLib","SuperFastMode","everything is the same but u backflip on backflip"],"gold_per_floor":[16,33,48,48,59,59,89,89,89,89,89,14,57,73,73,162,162,187,112,12,12,33,76,76,76,76,76,76,111,111,131,131,227,227,251,276,276,276],"floor_reached":37,"playtime":770,"items_purged":["Defend_P","Defend_P+1"],"score":1034,"play_id":"61273992-66d5-48f6-a1e9-3e1d58c5b688","local_time":"20210103110935","is_ascension_mode":true,"campfire_choices":[{"data":"Ragnarok","floor":6.0,"key":"SMITH"},{"data":"Collect","floor":8.0,"key":"SMITH"},{"data":"EmptyFist","floor":11.0,"key":"SMITH"},{"floor":15.0,"key":"REST"},{"data":"Vault","floor":25,"key":"SMITH"},{"data":"Vault","floor":27,"key":"SMITH"},{"data":"Scrawl","floor":30,"key":"SMITH"},{"data":"BattleHymn","floor":32,"key":"SMITH"}],"circlet_count":0,"master_deck":["AscendersBane","Strike_P+1","Strike_P+1","Eruption+1","Vigilance+1","LessonLearned+1","EmptyFist+1","Ragnarok+1","Collect+1","Vault+1","Worship+1","Vault+1","EmptyMind+1","Scrawl+1","BattleHymn+1"],"relics":["PureWater","Toy Ornithopter","Golden Idol","Du-Vu Doll","Empty Cage","Torii","Pear","Turnip","Fusion Hammer"],"acts_visited":["Exordium","TheCity","TheBeyond"],"potions_floor_usage":[16,24,33],"damage_taken":[{"damage":3.0,"enemies":"2 Louse","floor":1.0,"turns":4.0},{"damage":0.0,"enemies":"Small Slimes","floor":2.0,"turns":2.0},{"damage":1.0,"enemies":"Cultist","floor":3.0,"turns":4.0},{"damage":6.0,"enemies":"3 Louse","floor":5.0,"turns":3.0},{"damage":0.0,"enemies":"Lagavulin","floor":7.0,"turns":2.0},{"damage":16.0,"enemies":"Gremlin Nob","floor":13.0,"turns":3.0},{"damage":0.0,"enemies":"Large Slime","floor":14.0,"turns":3.0},{"damage":0,"enemies":"Slime Boss","floor":16,"turns":5},{"damage":0,"enemies":"Chosen","floor":18,"turns":2},{"damage":0,"enemies":"Spheric Guardian","floor":22,"turns":3},{"damage":14,"enemies":"Book of Stabbing","floor":23,"turns":3},{"damage":0,"enemies":"Shelled Parasite and Fungi","floor":24,"turns":1},{"damage":0,"enemies":"Gremlin Leader","floor":29,"turns":5},{"damage":0,"enemies":"Snecko","floor":31,"turns":3},{"damage":48,"enemies":"Automaton","floor":33,"turns":7},{"damage":43,"enemies":"3 Shapes","floor":35,"turns":4},{"damage":0,"enemies":"Orb Walker","floor":36,"turns":3},{"damage":7,"enemies":"Sphere and 2 Shapes","floor":37,"turns":3}],"seed_played":"-955228640492314910","potions_obtained":[{"floor":3.0,"key":"Energy Potion"},{"floor":5.0,"key":"SmokeBomb"},{"floor":13.0,"key":"ColorlessPotion"},{"floor":16,"key":"LiquidMemories"},{"floor":31,"key":"Weak Potion"},{"floor":33,"key":"Energy Potion"}],"is_trial":false,"path_per_floor":["M","M","M","?","M","R","E","R","T","?","R","$","E","M","R","B",null,"M","?","$","?","M","E","M","R","T","R","$","E","R","M","R","B",null,"M","M","M"],"character_chosen":"WATCHER","items_purchased":[],"campfire_rested":1,"item_purchase_floors":[],"current_hp_per_floor":[58,58,57,50,44,44,44,44,44,44,44,44,28,28,46,51,59,59,59,59,59,59,45,50,50,60,60,60,60,60,60,60,17,58,15,15,8,8],"gold":276,"neow_bonus":"THREE_RARE_CARDS","is_daily":false,"chose_seed":false,"campfire_upgraded":7,"win_rate":0.0,"timestamp":1609639775,"path_taken":["M","M","M","?","M","R","E","R","T","?","R","$","E","M","R","BOSS","M","?","$","?","?","E","M","R","T","R","$","E","R","M","R","BOSS","M","M","M"],"items_purchased_type":[],"build_version":"2020-12-22","purchased_purges":2,"victory":false,"max_hp_per_floor":[68,68,68,68,68,68,68,68,68,62,62,62,62,62,62,62,62,62,62,62,62,62,62,62,62,72,72,72,72,72,72,72,72,72,72,72,72,72],"card_choices":[{"not_picked":["Vault","Wish"],"picked":"LessonLearned","floor":0.0},{"not_picked":["FlyingSleeves","ForeignInfluence"],"picked":"EmptyFist","floor":1.0},{"not_picked":["SignatureMove","ThirdEye","Swivel"],"picked":"SKIP","floor":2.0},{"not_picked":["SignatureMove","Nirvana","JustLucky"],"picked":"SKIP","floor":3.0},{"not_picked":["Wallop","FlurryOfBlows"],"picked":"Ragnarok","floor":5.0},{"not_picked":["WindmillStrike","SpiritShield"],"picked":"Collect","floor":7.0},{"not_picked":["FlurryOfBlows","SashWhip","Pray"],"picked":"SKIP","floor":13.0},{"not_picked":["FlyingSleeves","EmptyBody","CarveReality"],"picked":"SKIP","floor":14.0},{"not_picked":["DevaForm","Scrawl"],"picked":"Vault","floor":16},{"not_picked":["Consecrate","EmptyFist"],"picked":"Worship+1","floor":18},{"not_picked":["ForeignInfluence","Protect"],"picked":"EmptyMind","floor":22},{"not_picked":["Prostrate","FlurryOfBlows"],"picked":"Scrawl","floor":23},{"not_picked":["Perseverance","FlyingSleeves","Devotion"],"picked":"SKIP","floor":29},{"not_picked":["JustLucky","BowlingBash"],"picked":"BattleHymn","floor":31},{"not_picked":["Collect","Prostrate","ReachHeaven+1"],"picked":"SKIP","floor":35},{"not_picked":["Weave","ClearTheMind","Halt"],"picked":"SKIP","floor":36}],"player_experience":416489,"relics_obtained":[{"floor":7.0,"key":"Toy Ornithopter"},{"floor":13.0,"key":"Du-Vu Doll"},{"floor":23,"key":"Torii"},{"floor":26,"key":"Pear"},{"floor":29,"key":"Turnip"}],"event_choices":[{"cards_removed":["Defend_P"],"damage_healed":0.0,"max_hp_gain":0.0,"max_hp_loss":0.0,"gold_gain":0.0,"event_name":"Golden Wing","player_choice":"Card Removal","floor":4.0,"gold_loss":0.0,"damage_taken":7.0},{"damage_healed":0.0,"max_hp_gain":0.0,"max_hp_loss":6.0,"gold_gain":0.0,"event_name":"Golden Idol","player_choice":"Lose Max HP","floor":10.0,"gold_loss":0.0,"damage_taken":0.0,"relics_obtained":["Golden Idol"]},{"cards_removed":["Strike_P"],"damage_healed":0,"gold_gain":0,"player_choice":"Gave Gold","damage_taken":0,"max_hp_gain":0,"max_hp_loss":0,"event_name":"Beggar","floor":19,"gold_loss":75},{"damage_healed":0,"gold_gain":0,"player_choice":"Copied","damage_taken":0,"max_hp_gain":0,"max_hp_loss":0,"event_name":"Duplicator","floor":21,"gold_loss":0,"cards_obtained":["Vault"]}],"is_beta":false,"boss_relics":[{"not_picked":["Black Star","Tiny House"],"picked":"Empty Cage"},{"not_picked":["HolyWater","Runic Pyramid"],"picked":"Fusion Hammer"}],"items_purged_floors":[12,20],"is_endless":false,"potions_floor_spawned":[3,5,13,16,18,24,31,33],"killed_by":"Sphere and 2 Shapes","ascension_level":20}}