{"host":"cyiefo55v5hz1ih5","time":1609633368,"event":{"mods":["2.2 Compatiblity","AchievementEnabler","BaseMod","GifTheSpireLib","Hubris","Minty Spire (QoL Compilation)","Replay The Spire","Spicy Shops","StSLib","The Animator"],"gold_per_floor":[119,119,133,133,145,191,191,219,219,231,231,231],"floor_reached":11,"playtime":624,"items_purged":[],"score":85,"play_id":"4eb33075-a1a9-4e26-8603-7065dbdf99a4","local_time":"20210102192248","is_ascension_mode":true,"campfire_choices":[{"floor":7,"key":"REST"},{"floor":10,"key":"REST"}],"circlet_count":0,"master_deck":["animator:Strike_Fate","animator:Defend_Fate","animator:Strike","animator:Strike","animator:Strike","animator:Defend","animator:Defend","animator:Defend","animator:Alexander","animator:Rider","animator:Caster","animator:Millim","animator:Tatsumaki"],"relics":["animator:LivingPicture","animator:TheMissingPiece","NeowsBlessing","Juzu Bracelet","Dream Catcher","Boot"],"acts_visited":["Exordium"],"potions_floor_usage":[6,6],"damage_taken":[{"damage":0,"enemies":"2 Louse","floor":1,"turns":1},{"damage":0,"enemies":"Cultist","floor":3,"turns":1},{"damage":0,"enemies":"Jaw Worm","floor":5,"turns":1},{"damage":19,"enemies":"3 Sentries","floor":6,"turns":11},{"damage":40,"enemies":"Lagavulin","floor":8,"turns":8},{"damage":70,"enemies":"Gremlin Nob","floor":11,"turns":5}],"seed_played":"453293290536731726","potions_obtained":[{"floor":1,"key":"Cursed Concoction"},{"floor":5,"key":"BlessingOfTheForge"}],"is_trial":false,"path_per_floor":["M","?","M","?","M","E","R","E","T","R","E"],"character_chosen":"THE_ANIMATOR","items_purchased":[],"campfire_rested":2,"item_purchase_floors":[],"current_hp_per_floor":[66,66,66,66,66,47,66,26,26,45,0,0],"gold":231,"neow_bonus":"THREE_ENEMY_KILL","is_daily":false,"chose_seed":false,"campfire_upgraded":0,"win_rate":0.0,"timestamp":1609633368,"path_taken":["M","?","?","?","?","E","R","E","T","R","E"],"items_purchased_type":[],"build_version":"2020-12-22","purchased_purges":0,"victory":false,"max_hp_per_floor":[66,66,66,66,66,66,66,66,66,66,66,66],"card_choices":[{"not_picked":["animator:MaesHughes","animator:SilverFang","animator:Melzalgald"],"picked":"SKIP","floor":1},{"not_picked":["animator:UneriGinkaku","animator:Rider","animator:Sonic"],"picked":"SKIP","floor":3},{"not_picked":["animator:Millim","animator:Souei","animator:Gillette"],"picked":"SKIP","floor":5},{"not_picked":["animator:Alexander","animator:Assassin"],"picked":"animator:Caster","floor":6},{"not_picked":["animator:Konayuki","animator:TsurugaMeisai"],"picked":"animator:Millim","floor":8},{"not_picked":["animator:Hakurou","animator:NarberalGamma"],"picked":"animator:Tatsumaki","floor":10}],"player_experience":674399,"relics_obtained":[{"floor":6,"key":"Juzu Bracelet"},{"floor":8,"key":"Dream Catcher"},{"floor":9,"key":"Boot"}],"event_choices":[{"damage_healed":0,"gold_gain":0,"player_choice":"Full Heal","damage_taken":0,"max_hp_gain":0,"max_hp_loss":0,"event_name":"Wheel of Change","floor":2,"gold_loss":0},{"damage_healed":0,"gold_gain":0,"player_choice":"Ignored","damage_taken":0,"max_hp_gain":0,"max_hp_loss":0,"event_name":"NoteForYourself","floor":4,"gold_loss":0}],"is_beta":false,"boss_relics":[],"items_purged_floors":[],"is_endless":false,"potions_floor_spawned":[1,5],"killed_by":"Gremlin Nob","ascension_level":1}}