{"host":"8z6cx8b9r5qs18cp","time":1609696786,"event":{"mods":["AchievementEnabler","Act Like it!","Bard","BaseMod","GifTheSpireLib","Googly Eyes","Hermit","Hubris","Infinite Spire","Marked Mod","Minty Spire (QoL Compilation)","Permanent Neow","Rare Cards Sparkle","Relic Stats","Replay The Spire","StSLib","Stuff the Spire","The Animator","The Bug Knight","The Cursed","The Servant 0.9.4"],"gold_per_floor":[115,115,115,131,131,131,170,170,216,216,236,236,17,61,61,190,190,208,224,240,263,71,71,111,132,155,155,194,40,40,63,63,209,209,254,198,198,198,249,249,323,223,223,223,223,267,69,125,125,125,125],"floor_reached":50,"playtime":2842,"items_purged":["hubris:Greed","hubris:Greed"],"score":871,"play_id":"3dedb90f-9b24-4136-9432-a0e2d8d8ad62","local_time":"20210103115946","is_ascension_mode":false,"campfire_choices":[{"floor":6,"key":"REST"},{"data":"hubris:InfiniteBlow","floor":10,"key":"SMITH"},{"data":"Armaments","floor":12,"key":"SMITH"},{"data":"hubris:InfiniteBlow+1","floor":15,"key":"SMITH"},{"floor":23,"key":"REST"},{"floor":32,"key":"REST"},{"floor":40,"key":"REST"},{"floor":45,"key":"REST"}],"circlet_count":0,"master_deck":["Strike_R","Defend_R","Defend_R","Bash","infinitespire:OneForAll+1","Uppercut+1","Berserk+1","Replay:Undeath\u0027s Touch+1","hubris:InfiniteBlow+2","Cleave","Shockwave+1","Impervious","Armaments+1","Metallicize","Sadistic Nature","Replay:Undeath\u0027s Touch","Impervious+1","Dropkick","Rage","Inflame","Fire Breathing","Flex","StuffTheSpire:WarGroove","Clash+1","ReplayTheSpireMod:LeadingStrike+1","hubris:Greed","Spot Weakness+1","hubris:Greed","Barricade","Shame","hubris:Wrath","hubris:Greed","hubris:Greed","Anger","infinitespire:DeathsTouch","hubris:Rewind","hubris:Greed","ReplayTheSpireMod:Stacked+1","ReplayTheSpireMod:LeadingStrike","Flame Barrier","Metallicize","Anger+1","hubris:Greed","hubris:Greed","hubris:Greed","hubris:Greed","hubris:Greed","hubris:Greed"],"relics":["Astrolabe","Golden Idol","StuffTheSpire:Rhapsscallions","hubris:OldNail","Ice Cream","Replay:Grab Bag","hubris:VirtuousBlindfold","ChewingGum","hubris:ScarierMask","Membership Card","Onion Ring","infinitespire:PuzzleCube","Question Card","Bottled Tornado","Gremlin Food","Replay:Ancient Bell","Replay:Rubber Ducky","hubris:Metronome","Lizard Tail","StuffTheSpire:SapphireSignet","PreservedInsect","Mirror","infinitespire:EmpoweringShard","Blood Vial","hubris:Towel"],"acts_visited":["Exordium","TheCity","TheBeyond"],"potions_floor_usage":[16,19,33,50,50,50],"damage_taken":[{"damage":6,"enemies":"Jaw Worm","floor":1,"turns":4},{"damage":4,"enemies":"2 Louse","floor":4,"turns":3},{"damage":9,"enemies":"Replay:BlueRogue","floor":7,"turns":4},{"damage":1,"enemies":"Cultist","floor":11,"turns":3},{"damage":0,"enemies":"Lagavulin","floor":14,"turns":5},{"damage":32,"enemies":"The Guardian","floor":16,"turns":7},{"damage":0,"enemies":"Shell Parasite","floor":18,"turns":4},{"damage":15,"enemies":"Spheric Guardian","floor":19,"turns":3},{"damage":7,"enemies":"Snecko","floor":20,"turns":4},{"damage":22,"enemies":"Snake Plant","floor":21,"turns":3},{"damage":11,"enemies":"Slavers","floor":24,"turns":4},{"damage":0,"enemies":"Sentry and Sphere","floor":25,"turns":2},{"damage":0,"enemies":"Nightmare","floor":28,"turns":5},{"damage":0,"enemies":"Centurion and Healer","floor":31,"turns":1},{"damage":22,"enemies":"Collector","floor":33,"turns":9},{"damage":37,"enemies":"3 Darklings","floor":35,"turns":4},{"damage":19,"enemies":"Orb Walker","floor":36,"turns":5},{"damage":0,"enemies":"Spire Growth","floor":39,"turns":2},{"damage":0,"enemies":"Nemesis","floor":41,"turns":1},{"damage":35,"enemies":"4 Shapes","floor":46,"turns":3},{"damage":0,"enemies":"Reptomancer","floor":48,"turns":1},{"damage":161,"enemies":"hubris:GrandSnecko","floor":50,"turns":13}],"seed_played":"-632113410429526760","potions_obtained":[{"floor":1,"key":"ElixirPotion"},{"floor":7,"key":"Fire Potion"},{"floor":11,"key":"Weak Potion"},{"floor":20,"key":"Elixir"},{"floor":21,"key":"BlessingOfTheForge"},{"floor":31,"key":"Regen Potion"},{"floor":41,"key":"GamblersBrew"},{"floor":48,"key":"Adrenaline Potion"}],"is_trial":false,"path_per_floor":["M","?","?","M","?","R","E","?","T","R","M","R","$","E","R","B",null,"M","M","M","M","$","R","E","M","T","?","NM","$","?","M","R","B",null,"M","M","AVR","?","M","R","E","NS","T","?","R","M","$","E","R","B"],"character_chosen":"IRONCLAD","items_purchased":["Metallicize","Sadistic Nature","Membership Card","Fire Breathing","Bottled Tornado","ReplayTheSpireMod:LeadingStrike+1","Metallicize","infinitespire:EmpoweringShard"],"campfire_rested":5,"item_purchase_floors":[13,13,22,22,29,29,47,47],"current_hp_per_floor":[74,55,55,51,51,75,70,70,70,70,69,69,69,69,69,37,84,84,69,62,40,40,65,54,54,54,34,34,34,34,34,59,52,84,47,28,28,28,28,53,53,53,53,53,78,43,43,43,43,0,0],"gold":125,"neow_bonus":"BOSS_RELIC","is_daily":false,"chose_seed":false,"campfire_upgraded":3,"win_rate":0.0,"timestamp":1609696786,"path_taken":["M","?","?","M","?","R","E","?","T","R","?","R","$","E","R","BOSS","M","M","M","M","?","R","E","M","T","?","NM","$","?","M","R","BOSS","M","M","AVR","?","?","R","E","NS","T","?","R","?","$","E","R","BOSS"],"items_purchased_type":["Card","Card","Relic","Card","Relic","Card","Card","Relic"],"build_version":"2020-12-22","purchased_purges":2,"victory":false,"max_hp_per_floor":[80,80,80,80,80,80,84,84,84,84,84,84,84,84,84,84,84,84,84,84,84,84,84,84,84,84,84,84,84,84,84,84,84,84,84,84,84,84,84,84,84,84,84,84,84,84,84,84,84,84,84],"relic_stats":{"Blood Vial":2,"Lizard Tail":42,"counters":[22,90],"Golden Idol":330,"Astrolabe":["infinitespire:OneForAll","Uppercut","Berserk"],"PreservedInsect":59,"Question Card":14,"obtain_stats":[{"Ice Cream":14,"hubris:Metronome":34,"StuffTheSpire:Rhapsscallions":7,"hubris:VirtuousBlindfold":17,"Bottled Tornado":29,"Burning Blood":0,"Replay:Rubber Ducky":34,"StuffTheSpire:SapphireSignet":37,"Blood Vial":48,"Lizard Tail":34,"hubris:ScarierMask":17,"Gremlin Food":30,"Golden Idol":3,"Astrolabe":0,"Replay:Grab Bag":17,"PreservedInsect":41,"Replay:Ancient Bell":34,"hubris:Towel":49,"Question Card":28,"ChewingGum":17,"Onion Ring":24,"infinitespire:EmpoweringShard":47,"Membership Card":22,"Mirror":43,"hubris:OldNail":9,"infinitespire:PuzzleCube":26},{"Ice Cream":5,"hubris:Metronome":15,"StuffTheSpire:Rhapsscallions":3,"hubris:VirtuousBlindfold":6,"Bottled Tornado":13,"Burning Blood":0,"Replay:Rubber Ducky":15,"StuffTheSpire:SapphireSignet":17,"Blood Vial":21,"Lizard Tail":15,"hubris:ScarierMask":6,"Gremlin Food":13,"Golden Idol":1,"Astrolabe":0,"Replay:Grab Bag":6,"PreservedInsect":19,"Replay:Ancient Bell":15,"hubris:Towel":21,"Question Card":13,"ChewingGum":6,"Onion Ring":11,"infinitespire:EmpoweringShard":20,"Membership Card":10,"Mirror":19,"hubris:OldNail":3,"infinitespire:PuzzleCube":12},{"Ice Cream":19,"hubris:Metronome":61,"StuffTheSpire:Rhapsscallions":11,"hubris:VirtuousBlindfold":26,"Bottled Tornado":51,"Burning Blood":0,"Replay:Rubber Ducky":61,"StuffTheSpire:SapphireSignet":70,"Blood Vial":77,"Lizard Tail":61,"hubris:ScarierMask":26,"Gremlin Food":51,"Golden Idol":4,"Astrolabe":0,"Replay:Grab Bag":26,"PreservedInsect":73,"Replay:Ancient Bell":61,"hubris:Towel":77,"Question Card":51,"ChewingGum":26,"Onion Ring":44,"infinitespire:EmpoweringShard":76,"Membership Card":40,"Mirror":73,"hubris:OldNail":11,"infinitespire:PuzzleCube":46}]},"card_choices":[{"not_picked":["True Grit","hubris:ReadiedAction"],"picked":"Replay:Undeath\u0027s Touch","floor":1},{"not_picked":["ReplayTheSpireMod:Echoes of Time","infinitespire:SealOfDarkness+"],"picked":"hubris:InfiniteBlow","floor":2},{"not_picked":["StuffTheSpire:TitanForm","Second Wind"],"picked":"Cleave","floor":4},{"not_picked":["ReplayTheSpireMod:Strike From Hell","Bloodletting"],"picked":"Impervious","floor":7},{"not_picked":["Warcry","Hemokinesis"],"picked":"Armaments","floor":11},{"not_picked":["Clothesline","Power Through"],"picked":"Replay:Undeath\u0027s Touch","floor":14},{"not_picked":["Corruption","Limit Break"],"picked":"Impervious","floor":16},{"not_picked":["Wild Strike","Run Through+1"],"picked":"Dropkick","floor":18},{"not_picked":["Clothesline","Perfected Strike","StuffTheSpire:BloodClot"],"picked":"SKIP","floor":19},{"not_picked":["Sword Boomerang","StuffTheSpire:BloodClot"],"picked":"Rage","floor":20},{"not_picked":["Body Slam","StuffTheSpire:Slingshot"],"picked":"Inflame","floor":21},{"not_picked":["Replay:Undeath\u0027s Touch","Carnage"],"picked":"Flex","floor":24},{"not_picked":["Run Through","Havoc+1"],"picked":"Headbutt+1","floor":25},{"not_picked":["hubris:CleavingFinish","Battle Trance"],"picked":"Clash+1","floor":28},{"not_picked":["Body Slam","Shrug It Off","Flex"],"picked":"Spot Weakness+1","floor":31},{"not_picked":["Impervious","Reaper","Berserk"],"picked":"Barricade","floor":33},{"not_picked":["hubris:Disease","ReplayTheSpireMod:Doomed","hubris:Gluttony"],"picked":"Shame","floor":34},{"not_picked":["hubris:Gluttony","animator:Curse_GriefSeed","TheCursedMod:Dregs"],"picked":"ReplayTheSpireMod:IOU","floor":34},{"not_picked":["infinitespire:Pacifist","Overencumbered","Spreading Infection"],"picked":"hubris:Wrath","floor":34},{"not_picked":["Wild Strike","Headbutt","Clash","StuffTheSpire:RockThrow"],"picked":"SKIP","floor":35},{"not_picked":["StuffTheSpire:RockThrow","StuffTheSpire:Incineration","Rage+1"],"picked":"Anger","floor":36},{"not_picked":["Pommel Strike","Sword Boomerang","Clash"],"picked":"ReplayTheSpireMod:Stacked+1","floor":39},{"not_picked":["Barricade","True Grit","Flex+1"],"picked":"ReplayTheSpireMod:LeadingStrike","floor":41},{"not_picked":["Feel No Pain+1","Iron Wave+1","hubris:ReadiedAction"],"picked":"Flame Barrier","floor":46},{"not_picked":["Massacre","Uppercut","Rampage"],"picked":"Anger+1","floor":48}],"player_experience":189987,"relics_obtained":[{"floor":7,"key":"StuffTheSpire:Rhapsscallions"},{"floor":9,"key":"hubris:OldNail"},{"floor":14,"key":"Ice Cream"},{"floor":24,"key":"Onion Ring"},{"floor":26,"key":"infinitespire:PuzzleCube"},{"floor":28,"key":"Question Card"},{"floor":41,"key":"PreservedInsect"},{"floor":43,"key":"Mirror"},{"floor":48,"key":"Blood Vial"}],"event_choices":[{"damage_healed":0,"gold_gain":0,"player_choice":"Take Wound","damage_taken":0,"relics_obtained":["Golden Idol"],"max_hp_gain":0,"max_hp_loss":0,"event_name":"Golden Idol","floor":3,"gold_loss":0,"cards_obtained":["Injury"]},{"cards_removed":["Strike_R"],"damage_healed":0,"gold_gain":0,"player_choice":"Offered Basic","damage_taken":0,"max_hp_gain":0,"max_hp_loss":0,"event_name":"Bonfire Elementals","floor":8,"gold_loss":0},{"damage_healed":0,"gold_gain":0,"player_choice":"Ignored","damage_taken":0,"max_hp_gain":0,"max_hp_loss":0,"event_name":"SecretPortal","floor":38,"gold_loss":0},{"damage_healed":0,"gold_gain":0,"player_choice":"Ignored","damage_taken":0,"max_hp_gain":0,"max_hp_loss":0,"event_name":"NoteForYourself","floor":44,"gold_loss":0}],"is_beta":false,"boss_relics":[{"not_picked":["Ring of Chaos","Empty Cage"],"picked":"Replay:Grab Bag"},{"not_picked":["Electric Blood","hubris:GrandSneckoEye"],"picked":"hubris:VirtuousBlindfold"},{"not_picked":["Painkiller Herb","Ectoplasm"],"picked":"ChewingGum"},{"not_picked":["Kintsugi","Runic Cube"],"picked":"hubris:ScarierMask"},{"not_picked":["StuffTheSpire:Kangaroo","Black Star"],"picked":"Replay:Ancient Bell"},{"not_picked":["Toy Ornithopter","Replay:Mystery Machine"],"picked":"Replay:Rubber Ducky"},{"not_picked":["Replay:Accelerometer","ReplayTheSpireMod:Shallot"],"picked":"hubris:Metronome"},{"not_picked":["StuffTheSpire:Nightcore","Replay:Kaleidoscope"],"picked":"Lizard Tail"}],"items_purged_floors":[37,47],"is_endless":true,"potions_floor_spawned":[1,7,11,20,21,28,31,41,46,48],"killed_by":"hubris:GrandSnecko","ascension_level":0}}