{"host":"my77oq6kb6j47rwl","time":1609704039,"event":{"mods":["BaseMod","Better Third Choice","Colored Map","Curses Come First","Displayed Cursed Tome","Emptier Cage","Hermit","Ironclad Rager","Minty Spire (QoL Compilation)","Quick Restart","Rare Cards Sparkle","StSLib"],"gold_per_floor":[110,126,126,151,128,128,160,181,181,181,181,208,258,281,281,401,401,421,38,60,92,142,193,193,223,249,70,96,146,146,196,196,304,304,328,385,385],"floor_reached":36,"playtime":7654,"items_purged":["hermit:Strike_Hermit","hermit:Strike_Hermit"],"score":386,"play_id":"a3b62d6a-9344-4735-99a7-b84e5a569afa","local_time":"20210103150039","is_ascension_mode":false,"campfire_choices":[{"data":"hermit:Scavenge","floor":6,"key":"SMITH"},{"floor":10,"key":"REST"},{"floor":15,"key":"REST"},{"floor":24,"key":"REST"},{"floor":30,"key":"REST"},{"data":"hermit:Vantage","floor":32,"key":"SMITH"}],"circlet_count":0,"master_deck":["hermit:Strike_Hermit","hermit:Strike_Hermit","hermit:Defend_Hermit","hermit:Defend_Hermit","hermit:Defend_Hermit","hermit:Defend_Hermit","hermit:Snapshot","hermit:Covet","hermit:Scavenge+1","hermit:Enervate","hermit:LowProfile","hermit:Deadeye","hermit:Enervate","hermit:Determination","hermit:ShadowCloak","hermit:FromBeyond","hermit:Deadeye","hermit:Vantage+1","hermit:FlashPowder","hermit:Ricochet+1","hermit:Feint+1","hermit:Combo+1","hermit:FatalDesire+1","hermit:HoleUp+1"],"relics":["hermit:Momento","NeowsBlessing","Bloody Idol","betterThird:SlimedRelic","Incense Burner","SsserpentHead","Torii","SlaversCollar","Frozen Egg 2","Pocketwatch","Toy Ornithopter","Potion Belt","Fusion Hammer"],"acts_visited":["Exordium","TheCity","TheBeyond"],"potions_floor_usage":[16,16,33,36],"damage_taken":[{"damage":0,"enemies":"Jaw Worm","floor":1,"turns":1},{"damage":0,"enemies":"2 Louse","floor":2,"turns":1},{"damage":0,"enemies":"Small Slimes","floor":4,"turns":1},{"damage":22,"enemies":"Exordium Thugs","floor":7,"turns":8},{"damage":16,"enemies":"Exordium Wildlife","floor":8,"turns":6},{"damage":0,"enemies":"Blue Slaver","floor":12,"turns":4},{"damage":15,"enemies":"Lagavulin","floor":13,"turns":6},{"damage":0,"enemies":"2 Fungi Beasts","floor":14,"turns":4},{"damage":1,"enemies":"Hexaghost","floor":16,"turns":15},{"damage":10,"enemies":"Shell Parasite","floor":18,"turns":7},{"damage":22,"enemies":"3 Byrds","floor":20,"turns":10},{"damage":1,"enemies":"Centurion and Healer","floor":21,"turns":9},{"damage":17,"enemies":"Book of Stabbing","floor":23,"turns":7},{"damage":0,"enemies":"Shelled Parasite and Fungi","floor":25,"turns":7},{"damage":18,"enemies":"Sentry and Sphere","floor":28,"turns":8},{"damage":35,"enemies":"Collector","floor":33,"turns":10},{"damage":16,"enemies":"3 Darklings","floor":35,"turns":8},{"damage":76,"enemies":"2 Orb Walkers","floor":36,"turns":9}],"seed_played":"-8463886700224233163","potions_obtained":[{"floor":1,"key":"DuplicationPotion"},{"floor":2,"key":"SmokeBomb"},{"floor":7,"key":"SteroidPotion"},{"floor":14,"key":"Weak Potion"},{"floor":20,"key":"Explosive Potion"},{"floor":21,"key":"Explosive Potion"},{"floor":33,"key":"ColorlessPotion"}],"is_trial":false,"path_per_floor":["M","M","?","M","?","R","M","M","T","R","?","M","E","M","R","B",null,"M","$","M","M","?","E","R","M","T","$","M","?","R","?","R","B",null,"M","?"],"character_chosen":"HERMIT","items_purchased":["Frozen Egg 2","hermit:Vantage","hermit:Combo+1"],"campfire_rested":4,"item_purchase_floors":[19,19,27],"current_hp_per_floor":[75,75,57,57,46,46,24,8,8,30,30,30,15,15,37,36,75,65,65,43,42,42,25,47,47,47,47,29,29,51,51,51,31,75,64,0,0],"gold":385,"neow_bonus":"THREE_ENEMY_KILL","is_daily":false,"chose_seed":false,"campfire_upgraded":2,"win_rate":0.0,"timestamp":1609704039,"path_taken":["M","M","?","M","?","R","M","M","T","R","?","M","E","M","R","BOSS","M","$","M","M","?","E","R","M","T","$","M","?","R","?","R","BOSS","M","?"],"items_purchased_type":["Relic","Card","Card"],"build_version":"2020-12-22","purchased_purges":2,"victory":false,"max_hp_per_floor":[75,75,75,75,75,75,75,75,75,75,75,75,75,75,75,75,75,75,75,75,75,75,75,75,75,75,75,75,75,75,75,75,75,75,75,75,75],"card_choices":[{"not_picked":["hermit:CursedWeapon","hermit:LoneWolf"],"picked":"hermit:Scavenge","floor":1},{"not_picked":["hermit:WideOpen","hermit:SprayPray"],"picked":"hermit:Enervate","floor":2},{"not_picked":["hermit:Grudge","hermit:HoleUp"],"picked":"hermit:LowProfile","floor":4},{"not_picked":["hermit:SprayPray","hermit:Ricochet"],"picked":"hermit:Deadeye","floor":7},{"not_picked":["hermit:Coalescence","hermit:CalledShot"],"picked":"hermit:Enervate","floor":8},{"not_picked":["hermit:Dissolve","hermit:Headshot"],"picked":"hermit:Determination","floor":12},{"not_picked":["hermit:DeadMansHand","hermit:Deadeye"],"picked":"hermit:ShadowCloak","floor":13},{"not_picked":["hermit:Roulette","hermit:Manifest","hermit:CalledShot"],"picked":"SKIP","floor":14},{"not_picked":["hermit:Adapt","hermit:HighNoon"],"picked":"hermit:FromBeyond","floor":16},{"not_picked":["hermit:HoleUp+1","hermit:Manifest"],"picked":"hermit:Deadeye","floor":18},{"not_picked":["hermit:Cheat+1","hermit:Coalescence"],"picked":"hermit:FlashPowder","floor":20},{"not_picked":["hermit:Feint","hermit:Roulette"],"picked":"hermit:Ricochet+1","floor":21},{"not_picked":["hermit:Roulette","hermit:Headshot"],"picked":"hermit:Feint+1","floor":23},{"not_picked":["hermit:Malice","hermit:Snipe+1","hermit:Grudge"],"picked":"SKIP","floor":25},{"not_picked":["hermit:PistolWhip","hermit:SprayPray","hermit:WideOpen"],"picked":"SKIP","floor":28},{"not_picked":["hermit:EternalForm+1","hermit:Gambit"],"picked":"hermit:FatalDesire+1","floor":33},{"not_picked":["hermit:Ricochet","hermit:WideOpen+1"],"picked":"hermit:HoleUp+1","floor":35}],"player_experience":1044082,"relics_obtained":[{"floor":9,"key":"Incense Burner"},{"floor":13,"key":"Torii"},{"floor":23,"key":"Toy Ornithopter"},{"floor":26,"key":"Potion Belt"}],"event_choices":[{"damage_healed":0,"gold_gain":0,"player_choice":"Take Damage","damage_taken":18,"relics_obtained":["Golden Idol"],"max_hp_gain":0,"max_hp_loss":0,"event_name":"Golden Idol","floor":3,"gold_loss":0},{"damage_healed":0,"gold_gain":0,"player_choice":"Slimed","damage_taken":11,"max_hp_gain":0,"max_hp_loss":0,"event_name":"betterThird:BetterGoop","floor":5,"gold_loss":23},{"damage_healed":0,"gold_gain":0,"player_choice":"Trade","damage_taken":0,"relics_obtained":["SsserpentHead"],"max_hp_gain":0,"max_hp_loss":0,"event_name":"FaceTrader","floor":11,"gold_loss":0},{"damage_healed":0,"gold_gain":0,"player_choice":"Opened","damage_taken":0,"relics_obtained":["Pocketwatch"],"max_hp_gain":0,"max_hp_loss":0,"event_name":"The Mausoleum","floor":22,"gold_loss":0},{"damage_healed":0,"gold_gain":0,"player_choice":"Ignored","damage_taken":0,"max_hp_gain":0,"max_hp_loss":0,"event_name":"Vampires","floor":29,"gold_loss":0},{"damage_healed":0,"gold_gain":0,"player_choice":"Gave Idol","damage_taken":0,"relics_obtained":["Bloody Idol"],"max_hp_gain":0,"max_hp_loss":0,"event_name":"Forgotten Altar","floor":31,"relics_lost":["Golden Idol"],"gold_loss":0},{"damage_healed":0,"gold_gain":0,"player_choice":"Fight","damage_taken":0,"max_hp_gain":0,"max_hp_loss":0,"event_name":"Mysterious Sphere","floor":36,"gold_loss":0}],"is_beta":false,"boss_relics":[{"not_picked":["hermit:BartenderGlass","Velvet Choker"],"picked":"SlaversCollar"},{"not_picked":["Tiny House","SacredBark"],"picked":"Fusion Hammer"}],"items_purged_floors":[19,27],"is_endless":false,"potions_floor_spawned":[1,2,7,8,14,20,21,33],"killed_by":"2 Orb Walkers","ascension_level":0}}