{"host":"91blwi3hgehj6ch9","time":1609699427,"event":{"mods":["2.2 Compatiblity","AchievementEnabler","BaseMod","Colored Map","DeckTracker","Keyboard Shortcuts","Minty Spire (QoL Compilation)","Permanent Neow","Quick Restart","StSLib","SuperFastMode"],"gold_per_floor":[113,38,52,67,67,67,97,97,97,97,112,142,142,42,42,139,139,150,161,161,181,191,223,223,252,277,306,335,352,352,352,352,453,453,471,119,119,66,111,111,60,60,60,60,60,71,82,97,97,97,97,97,27,52,52,52],"floor_reached":55,"playtime":5354,"items_purged":["Defend_G","Strike_G","Strike_G"],"score":1023,"play_id":"4c1f82b5-8424-40be-91ed-3431b3cf3f8b","local_time":"20210104034347","is_ascension_mode":true,"campfire_choices":[{"data":"Blade Dance","floor":6.0,"key":"SMITH"},{"data":"Sucker Punch","floor":8.0,"key":"SMITH"},{"data":"Infinite Blades","floor":13.0,"key":"SMITH"},{"floor":15.0,"key":"REST"},{"data":"Cloak And Dagger","floor":24.0,"key":"SMITH"},{"floor":32.0,"key":"REST"},{"data":"Accuracy","floor":40.0,"key":"SMITH"},{"floor":42.0,"key":"RECALL"},{"data":"A Thousand Cuts","floor":44.0,"key":"SMITH"},{"floor":49.0,"key":"REST"},{"data":"Calculated Gamble","floor":52.0,"key":"SMITH"}],"circlet_count":0,"master_deck":["Defend_G","Defend_G","Survivor+1","Neutralize+1","Sucker Punch+1","Dagger Throw","Blade Dance+1","Die Die Die","Footwork","Infinite Blades+1","Storm of Steel+1","Storm of Steel+1","Quick Slash+1","Flying Knee+1","Cloak And Dagger+1","Cloak And Dagger+1","Finisher","Masterful Stab+1","Backflip","A Thousand Cuts+1","Accuracy+1","PiercingWail","Flechettes+1","Blade Dance","Blade Dance+1","Calculated Gamble+1","Tactician","After Image"],"relics":["Ring of the Snake","Ornamental Fan","Shuriken","Regal Pillow","Astrolabe","Kunai","Anchor","Akabeko","Red Mask","Blood Vial","MutagenicStrength","Runic Pyramid","War Paint","Tingsha","Vajra"],"acts_visited":["Exordium","TheCity","TheBeyond","TheEnding"],"potions_floor_usage":[55],"damage_taken":[{"damage":7.0,"enemies":"Jaw Worm","floor":1.0,"turns":4.0},{"damage":3.0,"enemies":"2 Louse","floor":3.0,"turns":3.0},{"damage":6.0,"enemies":"Cultist","floor":4.0,"turns":4.0},{"damage":27.0,"enemies":"3 Sentries","floor":7.0,"turns":10.0},{"damage":0.0,"enemies":"Blue Slaver","floor":11.0,"turns":2.0},{"damage":0.0,"enemies":"Lagavulin","floor":12.0,"turns":5.0},{"damage":11.0,"enemies":"Slime Boss","floor":16.0,"turns":6.0},{"damage":0.0,"enemies":"Shell Parasite","floor":18.0,"turns":4.0},{"damage":0.0,"enemies":"Spheric Guardian","floor":19.0,"turns":3.0},{"damage":0.0,"enemies":"Cultist and Chosen","floor":21.0,"turns":4.0},{"damage":24.0,"enemies":"Snake Plant","floor":22.0,"turns":5.0},{"damage":8.0,"enemies":"Gremlin Leader","floor":23.0,"turns":6.0},{"damage":3.0,"enemies":"Book of Stabbing","floor":25.0,"turns":5.0},{"damage":0.0,"enemies":"Masked Bandits","floor":27.0,"turns":3.0},{"damage":0.0,"enemies":"Gremlin Leader","floor":28.0,"turns":5.0},{"damage":0.0,"enemies":"Centurion and Healer","floor":29.0,"turns":3.0},{"damage":13.0,"enemies":"Collector","floor":33.0,"turns":6.0},{"damage":8.0,"enemies":"3 Shapes","floor":35.0,"turns":5.0},{"damage":8.0,"enemies":"2 Orb Walkers","floor":39.0,"turns":5.0},{"damage":0.0,"enemies":"Orb Walker","floor":46.0,"turns":2.0},{"damage":17.0,"enemies":"Maw","floor":47.0,"turns":4.0},{"damage":0.0,"enemies":"4 Shapes","floor":48.0,"turns":2.0},{"damage":58.0,"enemies":"Time Eater","floor":50.0,"turns":5.0},{"damage":22.0,"enemies":"Shield and Spear","floor":54.0,"turns":5.0},{"damage":48,"enemies":"The Heart","floor":55,"turns":5}],"seed_played":"-6374169005223571775","potions_obtained":[{"floor":1.0,"key":"EssenceOfSteel"},{"floor":4.0,"key":"DuplicationPotion"},{"floor":12.0,"key":"Energy Potion"},{"floor":21.0,"key":"Fire Potion"},{"floor":23.0,"key":"FearPotion"},{"floor":28.0,"key":"DuplicationPotion"},{"floor":33.0,"key":"Strength Potion"},{"floor":46.0,"key":"Swift Potion"},{"floor":47.0,"key":"Block Potion"},{"floor":48.0,"key":"GhostInAJar"}],"is_trial":false,"path_per_floor":["M","$","M","M","?","R","E","R","T","?","M","E","R","$","R","B",null,"M","M","?","M","M","E","R","E","T","?","E","M","?","?","R","B",null,"M","$","?","$","?","R","$","R","T","R","?","M","M","M","R","B",null,"R","$","E","B"],"character_chosen":"THE_SILENT","items_purchased":["Accuracy","War Paint","PiercingWail","Blade Dance","Tactician"],"campfire_rested":3,"item_purchase_floors":[36,36,38,41,53],"current_hp_per_floor":[56,56,53,47,52,52,25,25,25,25,25,25,25,25,62,51,69,69,69,55,55,31,23,23,20,20,20,20,22,22,22,61,50,73,67,67,67,67,61,61,61,61,61,61,61,63,48,50,80,22,66,66,66,46,0,0],"gold":52,"neow_bonus":"UPGRADE_CARD","is_daily":false,"chose_seed":false,"campfire_upgraded":7,"win_rate":0.0,"timestamp":1609699427,"path_taken":["M","$","M","M","?","R","E","R","T","?","M","E","R","$","R","BOSS","M","?","?","M","M","E","R","E","T","?","E","M","?","?","R","BOSS","M","?","?","$","?","R","$","R","T","R","?","M","M","M","R","BOSS","R","$","E","BOSS"],"items_purchased_type":["Card","Relic","Card","Card","Card"],"build_version":"2020-12-22","purchased_purges":3,"victory":false,"max_hp_per_floor":[70,70,70,70,75,75,75,75,75,75,75,75,75,75,75,75,75,75,75,80,80,80,80,80,80,80,80,80,80,80,80,80,80,80,80,80,80,80,80,80,80,80,80,80,80,80,80,80,80,80,80,80,80,80,80,80],"card_choices":[{"not_picked":["Flechettes","Slice"],"picked":"Sucker Punch","floor":1.0},{"not_picked":["PiercingWail","Deflect"],"picked":"Dagger Throw","floor":3.0},{"not_picked":["Dodge and Roll","Poisoned Stab"],"picked":"Blade Dance","floor":4.0},{"not_picked":["Deflect","Acrobatics"],"picked":"Die Die Die","floor":7.0},{"not_picked":["Dagger Spray","Well Laid Plans"],"picked":"Footwork","floor":11.0},{"not_picked":["Distraction","Prepared"],"picked":"Infinite Blades","floor":12.0},{"not_picked":["Night Terror","Wraith Form v2"],"picked":"Storm of Steel","floor":16.0},{"not_picked":["Slice","Sucker Punch","Crippling Poison+1"],"picked":"SKIP","floor":18.0},{"not_picked":["Sucker Punch","Setup","All Out Attack+1"],"picked":"SKIP","floor":19.0},{"not_picked":["Bouncing Flask","Acrobatics"],"picked":"Cloak And Dagger+1","floor":21.0},{"not_picked":["Deflect","Poisoned Stab"],"picked":"Cloak And Dagger","floor":22.0},{"not_picked":["Expertise","Catalyst","Storm of Steel"],"picked":"SKIP","floor":23.0},{"not_picked":["Slice","Acrobatics+1"],"picked":"Finisher","floor":25.0},{"not_picked":["Prepared","Reflex"],"picked":"Masterful Stab+1","floor":28.0},{"not_picked":["Dagger Spray","Deadly Poison+1"],"picked":"Backflip","floor":29.0},{"not_picked":["Bullet Time","Night Terror"],"picked":"A Thousand Cuts","floor":33.0},{"not_picked":["Acrobatics","All Out Attack","Reflex"],"picked":"SKIP","floor":35.0},{"not_picked":["Tactician+1","Leg Sweep"],"picked":"Flechettes+1","floor":39.0},{"not_picked":["Infinite Blades","Backflip+1"],"picked":"Blade Dance+1","floor":46.0},{"not_picked":["Poisoned Stab","Acrobatics+1"],"picked":"Calculated Gamble","floor":47.0},{"not_picked":["Poisoned Stab","Bane","Deflect+1"],"picked":"SKIP","floor":48.0},{"not_picked":["Acrobatics","Sucker Punch+1"],"picked":"After Image","floor":54.0}],"player_experience":136377,"relics_obtained":[{"floor":7.0,"key":"Ornamental Fan"},{"floor":9.0,"key":"Shuriken"},{"floor":12.0,"key":"Regal Pillow"},{"floor":23.0,"key":"Kunai"},{"floor":25.0,"key":"Anchor"},{"floor":26.0,"key":"Akabeko"},{"floor":27.0,"key":"Red Mask"},{"floor":28.0,"key":"Blood Vial"},{"floor":39.0,"key":"Tingsha"},{"floor":54.0,"key":"Vajra"}],"event_choices":[{"damage_healed":0.0,"max_hp_gain":5.0,"max_hp_loss":0.0,"gold_gain":0.0,"event_name":"Big Fish","player_choice":"Donut","floor":5.0,"gold_loss":0.0,"damage_taken":0.0},{"cards_removed":["Strike_G"],"damage_healed":0.0,"max_hp_gain":0.0,"max_hp_loss":0.0,"gold_gain":0.0,"event_name":"Wheel of Change","player_choice":"Card Removal","floor":10.0,"gold_loss":0.0,"damage_taken":0.0},{"damage_healed":0.0,"max_hp_gain":5.0,"max_hp_loss":0.0,"gold_gain":0.0,"event_name":"Forgotten Altar","player_choice":"Shed Blood","floor":20.0,"gold_loss":0.0,"damage_taken":19.0},{"damage_healed":0.0,"max_hp_gain":0.0,"max_hp_loss":0.0,"gold_gain":0.0,"event_name":"Masked Bandits","player_choice":"Fought Bandits","floor":27.0,"gold_loss":0.0,"damage_taken":0.0},{"damage_healed":0.0,"max_hp_gain":0.0,"max_hp_loss":0.0,"gold_gain":0.0,"event_name":"Drug Dealer","player_choice":"Inject Mutagens","floor":30.0,"gold_loss":0.0,"damage_taken":0.0,"relics_obtained":["MutagenicStrength"]},{"damage_healed":0.0,"max_hp_gain":0.0,"max_hp_loss":0.0,"gold_gain":0.0,"event_name":"The Woman in Blue","player_choice":"Bought 0 Potions","floor":31.0,"gold_loss":0.0,"damage_taken":0.0},{"cards_removed":["Defend_G"],"damage_healed":0.0,"max_hp_gain":0.0,"max_hp_loss":0.0,"gold_gain":0.0,"event_name":"Falling","player_choice":"Removed Skill","floor":37.0,"gold_loss":0.0,"damage_taken":0.0},{"damage_healed":0.0,"max_hp_gain":0.0,"max_hp_loss":0.0,"gold_gain":0.0,"event_name":"Mysterious Sphere","player_choice":"Fight","floor":39.0,"gold_loss":0.0,"damage_taken":0.0},{"damage_healed":0.0,"max_hp_gain":0.0,"max_hp_loss":0.0,"gold_gain":0.0,"event_name":"SensoryStone","player_choice":"Memory 1","floor":45.0,"gold_loss":0.0,"damage_taken":0.0}],"is_beta":false,"boss_relics":[{"not_picked":["Pandora\u0027s Box","Velvet Choker"],"picked":"Astrolabe"},{"not_picked":["SacredBark","Runic Dome"],"picked":"Runic Pyramid"}],"items_purged_floors":[2,14,36],"is_endless":false,"potions_floor_spawned":[1,4,12,21,23,28,33,46,47,48],"killed_by":"The Heart","ascension_level":8}}