{"host":"6pgtslebjnyv5xmi","time":1609680189,"event":{"mods":["AchievementEnabler","BaseMod","Colored Map","Minty Spire (QoL Compilation)","Rare Cards Sparkle","StSLib","SuperFastMode","everything is the same but u backflip on backflip"],"gold_per_floor":[118,118,137,62,79,79,108,208,208,220,220,235,265,265,265,364,364,383,383,398,409,427,427,269,269,324,350,350,367,367,380,380,485,485,504,504,520,377,394,394,408,35,35,48,48,48],"floor_reached":45,"playtime":1809,"items_purged":["Strike_R"],"score":437,"play_id":"55fbb9aa-5e6a-42f9-86b8-50d2def5325a","local_time":"20210103222309","is_ascension_mode":false,"campfire_choices":[{"data":"Feel No Pain","floor":6,"key":"SMITH"},{"data":"Spot Weakness","floor":15,"key":"SMITH"},{"data":"Double Tap","floor":23,"key":"SMITH"},{"data":"Limit Break","floor":25,"key":"SMITH"},{"data":"Offering","floor":28,"key":"SMITH"},{"floor":32,"key":"REST"},{"data":"Limit Break","floor":40,"key":"SMITH"}],"circlet_count":0,"master_deck":["Strike_R","Strike_R","Strike_R","Defend_R","Defend_R","Defend_R","Defend_R","Bash","Corruption+1","Shockwave","Feel No Pain+1","Spot Weakness+1","Offering+1","Metallicize+1","Double Tap+1","Metallicize+1","Feel No Pain+1","Limit Break+1","Rupture+1","Limit Break+1","Berserk+1","Apotheosis"],"relics":["Black Blood","Frozen Egg 2","Shuriken","Bronze Scales","Question Card","Runic Pyramid","Membership Card","Gremlin Horn","Sundial"],"acts_visited":["Exordium","TheCity","TheBeyond"],"potions_floor_usage":[7,16,16,27,33,41,45,45],"damage_taken":[{"damage":2,"enemies":"2 Louse","floor":1,"turns":3},{"damage":1,"enemies":"Cultist","floor":3,"turns":4},{"damage":6,"enemies":"Jaw Worm","floor":5,"turns":5},{"damage":28,"enemies":"Gremlin Nob","floor":7,"turns":5},{"damage":0,"enemies":"Red Slaver","floor":10,"turns":3},{"damage":6,"enemies":"Looter","floor":12,"turns":2},{"damage":20,"enemies":"Hexaghost","floor":16,"turns":8},{"damage":12,"enemies":"Spheric Guardian","floor":18,"turns":5},{"damage":9,"enemies":"3 Byrds","floor":20,"turns":7},{"damage":6,"enemies":"Snake Plant","floor":21,"turns":6},{"damage":23,"enemies":"Shelled Parasite and Fungi","floor":22,"turns":7},{"damage":18,"enemies":"Gremlin Leader","floor":27,"turns":5},{"damage":15,"enemies":"Centurion and Healer","floor":29,"turns":6},{"damage":27,"enemies":"Snake Plant","floor":31,"turns":5},{"damage":34,"enemies":"Champ","floor":33,"turns":8},{"damage":20,"enemies":"3 Darklings","floor":35,"turns":6},{"damage":12,"enemies":"3 Shapes","floor":37,"turns":6},{"damage":6,"enemies":"Maw","floor":39,"turns":5},{"damage":35,"enemies":"4 Shapes","floor":41,"turns":5},{"damage":39,"enemies":"Jaw Worm Horde","floor":44,"turns":4},{"damage":30,"enemies":"3 Darklings","floor":45,"turns":3}],"seed_played":"-7921955996308064096","potions_obtained":[{"floor":1,"key":"ColorlessPotion"},{"floor":10,"key":"DistilledChaos"},{"floor":12,"key":"LiquidBronze"},{"floor":22,"key":"SkillPotion"},{"floor":31,"key":"Swift Potion"},{"floor":37,"key":"SkillPotion"},{"floor":41,"key":"SpeedPotion"},{"floor":44,"key":"Swift Potion"}],"is_trial":false,"path_per_floor":["M","?","M","$","M","R","E","?","T","M","$","M","?","$","R","B",null,"M","?","M","M","M","R","$","R","T","E","R","M","$","M","R","B",null,"M","?","M","$","M","R","M","$","T","M","M"],"character_chosen":"IRONCLAD","items_purchased":["Feel No Pain","Limit Break","Berserk+1","Membership Card","Apotheosis","Gremlin Horn"],"campfire_rested":1,"item_purchase_floors":[4,24,38,42,42,42],"current_hp_per_floor":[80,80,80,80,80,80,58,58,58,64,64,64,64,64,64,50,80,80,80,80,80,69,69,69,69,69,63,63,60,60,45,69,47,80,72,72,72,72,78,78,55,55,55,28,0,0],"gold":48,"neow_bonus":"ONE_RANDOM_RARE_CARD","is_daily":false,"chose_seed":false,"campfire_upgraded":6,"win_rate":0.0,"timestamp":1609680189,"path_taken":["M","?","M","?","M","R","E","?","T","M","$","?","?","$","R","BOSS","M","?","M","M","M","R","$","R","T","E","R","?","$","M","R","BOSS","M","?","M","$","M","R","?","$","T","M","M"],"items_purchased_type":["Card","Card","Card","Relic","Card","Relic"],"build_version":"2020-12-22","purchased_purges":1,"victory":false,"max_hp_per_floor":[80,80,80,80,80,80,80,80,80,80,80,80,80,80,80,80,80,80,80,80,80,80,80,80,80,80,80,80,80,80,80,80,80,80,80,80,80,80,80,80,80,80,80,80,80,80],"card_choices":[{"not_picked":["Burning Pact","Iron Wave","Havoc"],"picked":"SKIP","floor":1},{"not_picked":["True Grit","Entrench"],"picked":"Shockwave","floor":3},{"not_picked":["Perfected Strike","Pommel Strike","Shrug It Off"],"picked":"SKIP","floor":5},{"not_picked":["Twin Strike","Evolve+1"],"picked":"Spot Weakness","floor":7},{"not_picked":["Hemokinesis","Intimidate"],"picked":"Offering","floor":10},{"not_picked":["True Grit","Anger"],"picked":"Metallicize+1","floor":12},{"not_picked":["Immolate","Fiend Fire"],"picked":"Double Tap","floor":16},{"not_picked":["Body Slam","Spot Weakness"],"picked":"Metallicize+1","floor":18},{"not_picked":["Clash+1","True Grit+1","Body Slam+1"],"picked":"SKIP","floor":20},{"not_picked":["Headbutt","Flex","Twin Strike+1"],"picked":"SKIP","floor":21},{"not_picked":["Warcry","Bloodletting","Uppercut+1"],"picked":"SKIP","floor":22},{"not_picked":["Shockwave","Metallicize+1","Rampage"],"picked":"SKIP","floor":27},{"not_picked":["Havoc+1","Heavy Blade","Clothesline+1"],"picked":"Rupture+1","floor":29},{"not_picked":["Thunderclap","Pommel Strike","Perfected Strike","Metallicize+1"],"picked":"SKIP","floor":31},{"not_picked":["Offering","Immolate","Fiend Fire"],"picked":"Limit Break","floor":33},{"not_picked":["Dropkick+1","Thunderclap+1","Searing Blow+1","Whirlwind+1"],"picked":"SKIP","floor":35},{"not_picked":["Clothesline+1","Body Slam","Battle Trance+1","True Grit+1"],"picked":"SKIP","floor":37},{"not_picked":["Havoc+1","Twin Strike","Rupture+1","Warcry"],"picked":"SKIP","floor":39},{"not_picked":["Bloodletting+1","Rampage+1","Iron Wave+1","Shockwave"],"picked":"SKIP","floor":41},{"not_picked":["Searing Blow","Perfected Strike","Havoc+1","True Grit"],"picked":"SKIP","floor":44}],"player_experience":674960,"relics_obtained":[{"floor":7,"key":"Frozen Egg 2"},{"floor":9,"key":"Shuriken"},{"floor":26,"key":"Bronze Scales"},{"floor":27,"key":"Question Card"},{"floor":43,"key":"Sundial"}],"event_choices":[{"damage_healed":0,"gold_gain":0,"player_choice":"Upgraded","damage_taken":0,"max_hp_gain":0,"max_hp_loss":0,"event_name":"Upgrade Shrine","floor":2,"gold_loss":0,"cards_upgraded":["Corruption"]},{"damage_healed":0,"gold_gain":100,"player_choice":"Pray","damage_taken":0,"max_hp_gain":0,"max_hp_loss":0,"event_name":"Golden Shrine","floor":8,"gold_loss":0},{"damage_healed":0,"gold_gain":30,"player_choice":"Searched \u00272\u0027 times","damage_taken":0,"max_hp_gain":0,"max_hp_loss":0,"event_name":"Dead Adventurer","floor":13,"gold_loss":0},{"damage_healed":0,"gold_gain":0,"player_choice":"Copied","damage_taken":0,"max_hp_gain":0,"max_hp_loss":0,"event_name":"Duplicator","floor":19,"gold_loss":0,"cards_obtained":["Feel No Pain"]},{"cards_removed":["Strike_R"],"damage_healed":0,"gold_gain":0,"player_choice":"Purged","damage_taken":0,"max_hp_gain":0,"max_hp_loss":0,"event_name":"Purifier","floor":36,"gold_loss":0}],"is_beta":false,"boss_relics":[{"not_picked":["Philosopher\u0027s Stone","Astrolabe"],"picked":"Black Blood"},{"not_picked":["Velvet Choker","Coffee Dripper"],"picked":"Runic Pyramid"}],"items_purged_floors":[38],"is_endless":false,"potions_floor_spawned":[1,10,12,22,31,37,41,44],"killed_by":"3 Darklings","ascension_level":0}}