{"host":"KYO","time":1609644872,"event":{"mods":["BaseMod","BetterRewards","Minty Spire (QoL Compilation)","Remove Card Discount Mod","Shop Mod","StSLib","SuperFastMode","[IsaacMod]ÒÔÈö¼âËþ"],"gold_per_floor":[101,108,108,127,140,168,183,183,183,198,214,251,265,290,290,364,364,378,378,395,419,438,464,464,477,523,553,553,579,579,597,597,669,669,687,694,714,507,557,586,586,619,619,648,859,869,896,789,789,789,789,789,710,738,738],"floor_reached":56,"playtime":1491,"items_purged":["Strike_P","DoctorFetus","Defend_P","Defend_P","Defend_P","Defend_P","Strike_P","Madness","Strike_P+1"],"score":3928,"play_id":"414152b8-86ef-4990-a5d6-b83a8c0af199","local_time":"20210103113432","is_ascension_mode":true,"campfire_choices":[{"data":"Eruption","floor":8,"key":"SMITH"},{"data":"FlurryOfBlows","floor":15,"key":"SMITH"},{"data":"Vigilance","floor":24,"key":"SMITH"},{"floor":32,"key":"RECALL"},{"data":"Madness","floor":41,"key":"SMITH"},{"data":"MentalFortress","floor":49,"key":"SMITH"},{"floor":52,"key":"REST"}],"circlet_count":0,"master_deck":["AscendersBane","Eruption+1","Vigilance+1","FlurryOfBlows+1","Madness+1","MentalFortress+1","LikeWater+1"],"relics":["HushsDoor","SalivaCoin","MerchantsRug","SatanicBible","Incense Burner","TheAbacus","PillsDrop","Membership Card","MoneyPower","Anchor","Medical Kit","FossilizedHelix","HowToJump","TheBible","DeadEye","Oddly Smooth Stone","Black Star","GuppysCollar","Bronze Scales","Boot","Shuriken","White Beast Statue","Mummified Hand","BelialBook","DoctorsRemote","VioletLotus","GuppysPaw","GuppysHairball","BookOfRevelations","BFFS","HornCleat","Ice Cream","Orichalcum","Mercury Hourglass","Kunai","Pen Nib","Bag of Preparation","OrangePellets","Centennial Puzzle","Damaru","Bag of Marbles"],"acts_visited":["Exordium","TheCity","TheBeyond","TheEnding"],"potions_floor_usage":[55,55],"damage_taken":[{"damage":0,"enemies":"Jaw Worm","floor":1,"turns":2},{"damage":0,"enemies":"Small Slimes","floor":4,"turns":2},{"damage":0,"enemies":"Cultist","floor":5,"turns":2},{"damage":0,"enemies":"Gremlin Nob","floor":6,"turns":2},{"damage":0,"enemies":"Gremlin Gang","floor":7,"turns":2},{"damage":0,"enemies":"Red Slaver","floor":10,"turns":1},{"damage":0,"enemies":"Exordium Thugs","floor":11,"turns":2},{"damage":0,"enemies":"3 Sentries","floor":12,"turns":3},{"damage":0,"enemies":"2 Fungi Beasts","floor":13,"turns":1},{"damage":0,"enemies":"Gremlin Nob","floor":14,"turns":1},{"damage":0,"enemies":"Hexaghost","floor":16,"turns":3},{"damage":0,"enemies":"3 Byrds","floor":18,"turns":2},{"damage":0,"enemies":"Shell Parasite","floor":20,"turns":1},{"damage":0,"enemies":"Shelled Parasite and Fungi","floor":22,"turns":1},{"damage":0,"enemies":"Gremlin Leader","floor":23,"turns":2},{"damage":0,"enemies":"3 Cultists","floor":25,"turns":2},{"damage":0,"enemies":"Slavers","floor":27,"turns":2},{"damage":0,"enemies":"Book of Stabbing","floor":29,"turns":1},{"damage":0,"enemies":"Cultist and Chosen","floor":31,"turns":2},{"damage":0,"enemies":"Collector","floor":33,"turns":2},{"damage":0,"enemies":"3 Shapes","floor":35,"turns":1},{"damage":0,"enemies":"3 Darklings","floor":37,"turns":2},{"damage":0,"enemies":"2 Orb Walkers","floor":39,"turns":3},{"damage":0,"enemies":"Reptomancer","floor":40,"turns":2},{"damage":0,"enemies":"Nemesis","floor":42,"turns":3},{"damage":0,"enemies":"Giant Head","floor":44,"turns":2},{"damage":0,"enemies":"Sphere and 2 Shapes","floor":46,"turns":1},{"damage":0,"enemies":"Nemesis","floor":47,"turns":1},{"damage":0,"enemies":"Donu and Deca","floor":50,"turns":3},{"damage":0,"enemies":"Shield and Spear","floor":54,"turns":2},{"damage":0,"enemies":"The Heart","floor":55,"turns":5}],"seed_played":"-635777468439915400","potions_obtained":[{"floor":5,"key":"Block Potion"},{"floor":7,"key":"LiquidBronze"},{"floor":10,"key":"ColorlessPotion"},{"floor":11,"key":"SteroidPotion"},{"floor":31,"key":"AttackPotion"},{"floor":39,"key":"Strength Potion"}],"is_trial":false,"path_per_floor":["M","?","$","M","M","E","M","R","T","M","M","E","M","E","R","B",null,"M","?","M","T","M","E","R","M","T","E","?","E","?","M","R","B",null,"M","?","M","$","?","E","R","E","T","E","$","M","E","$","R","B",null,"R","$","E","B",null],"character_chosen":"WATCHER","items_purchased":["MerchantsRug","SatanicBible","Incense Burner","TheAbacus","PillsDrop","Membership Card","MoneyPower","Anchor","Medical Kit","FossilizedHelix","HowToJump","TheBible","GuppysCollar","GuppysPaw","GuppysHairball","BookOfRevelations","BFFS","HornCleat","OrangePellets","MentalFortress","Centennial Puzzle"],"campfire_rested":1,"item_purchase_floors":[0,0,0,0,0,0,0,0,0,0,0,0,17,34,34,38,38,38,48,48,53],"current_hp_per_floor":[61,54,54,54,54,54,57,57,57,57,57,57,57,57,57,56,43,43,43,43,43,46,46,46,49,49,52,52,52,52,52,52,55,35,35,29,29,29,29,36,36,36,36,36,36,36,36,36,36,36,37,37,37,37,37],"gold":738,"neow_bonus":"","is_daily":false,"chose_seed":false,"campfire_upgraded":5,"win_rate":0.0,"timestamp":1609644872,"path_taken":["M","?","$","M","M","E","M","R","T","M","M","E","M","E","R","BOSS","M","?","?","?","?","E","R","M","T","E","?","E","?","M","R","BOSS","M","?","M","$","?","E","R","E","T","E","$","M","E","?","R","BOSS","R","$","E","BOSS"],"items_purchased_type":["Relic","Relic","Relic","Relic","Relic","Relic","Relic","Relic","Relic","Relic","Relic","Relic","Relic","Relic","Relic","Relic","Relic","Relic","Relic","Card","Relic"],"build_version":"2020-12-18","purchased_purges":9,"victory":true,"max_hp_per_floor":[68,68,68,68,68,68,71,71,71,71,66,66,61,61,61,56,43,43,43,43,43,46,46,46,49,49,52,52,52,52,52,52,55,35,35,35,35,35,35,42,42,42,42,42,42,37,37,37,37,37,37,37,37,37,37],"card_choices":[{"not_picked":[],"picked":"DoctorFetus","floor":0.0},{"not_picked":["Protect","ForeignInfluence","Prostrate"],"picked":"SKIP","floor":1},{"not_picked":["Wireheading","FlyingSleeves"],"picked":"FlurryOfBlows","floor":4},{"not_picked":["Brilliance","Halt","Evaluate"],"picked":"SKIP","floor":5},{"not_picked":["PathToVictory","WreathOfFlame","EmptyBody"],"picked":"SKIP","floor":6},{"not_picked":["ThirdEye","SashWhip","PathToVictory"],"picked":"SKIP","floor":7},{"not_picked":["Prostrate","Vengeance","CutThroughFate"],"picked":"SKIP","floor":10},{"not_picked":["FlyingSleeves","Protect","Study"],"picked":"SKIP","floor":11},{"not_picked":["SignatureMove","Wireheading","ThirdEye"],"picked":"SKIP","floor":12},{"not_picked":["ClearTheMind","DevaForm","EmptyMind"],"picked":"SKIP","floor":13},{"not_picked":["SignatureMove","Devotion","SashWhip"],"picked":"SKIP","floor":14},{"not_picked":["PathToVictory","JustLucky","FollowUp"],"picked":"SKIP","floor":18},{"not_picked":["Halt","CutThroughFate","PathToVictory+1"],"picked":"SKIP","floor":20},{"not_picked":["CutThroughFate","ClearTheMind","BowlingBash"],"picked":"SKIP","floor":22},{"not_picked":["JustLucky","Halt","ClearTheMind"],"picked":"SKIP","floor":23},{"not_picked":["ForeignInfluence+1","Prostrate","Worship"],"picked":"SKIP","floor":25},{"not_picked":["EmptyFist","ClearTheMind","Prostrate"],"picked":"SKIP","floor":27},{"not_picked":["ThirdEye","Prostrate","WreathOfFlame"],"picked":"SKIP","floor":29},{"not_picked":["PathToVictory","FollowUp","CrushJoints"],"picked":"SKIP","floor":31},{"not_picked":["FollowUp","EmptyFist","DeceiveReality"],"picked":"SKIP","floor":35},{"not_picked":["Sanctity+1","JustLucky+1","EmptyFist"],"picked":"SKIP","floor":37},{"not_picked":["ClearTheMind","BowlingBash","FollowUp+1"],"picked":"SKIP","floor":40},{"not_picked":["Halt+1","EmptyMind","Adaptation"],"picked":"SKIP","floor":42},{"not_picked":["Consecrate","CarveReality+1","WaveOfTheHand+1"],"picked":"SKIP","floor":44},{"not_picked":["Protect","ClearTheMind+1","Scrawl"],"picked":"SKIP","floor":46},{"not_picked":["SignatureMove","EmptyBody","WindmillStrike+1"],"picked":"SKIP","floor":47},{"not_picked":["FollowUp","JustLucky"],"picked":"LikeWater+1","floor":54}],"player_experience":591701,"relics_obtained":[{"floor":6,"key":"Lantern"},{"floor":12,"key":"DeadEye"},{"floor":14,"key":"Oddly Smooth Stone"},{"floor":21,"key":"Bronze Scales"},{"floor":23,"key":"Whetstone"},{"floor":23,"key":"Art of War"},{"floor":26,"key":"Boot"},{"floor":27,"key":"Shuriken"},{"floor":27,"key":"White Beast Statue"},{"floor":29,"key":"BelialBook"},{"floor":29,"key":"DoctorsRemote"},{"floor":39,"key":"D4"},{"floor":40,"key":"Strawberry"},{"floor":40,"key":"TuHaoJin"},{"floor":42,"key":"Ice Cream"},{"floor":42,"key":"Orichalcum"},{"floor":43,"key":"Mercury Hourglass"},{"floor":44,"key":"Regal Pillow"},{"floor":44,"key":"Kunai"},{"floor":47,"key":"Pen Nib"},{"floor":47,"key":"Bag of Preparation"},{"floor":54,"key":"Damaru"},{"floor":54,"key":"Bag of Marbles"}],"event_choices":[{"cards_removed":["Strike_P"],"damage_healed":0,"gold_gain":0,"player_choice":"Card Removal","damage_taken":7,"max_hp_gain":0,"max_hp_loss":0,"event_name":"Golden Wing","floor":2,"gold_loss":0},{"damage_healed":0,"gold_gain":0,"player_choice":"Gave Potion","damage_taken":0,"relics_obtained":["Mummified Hand"],"max_hp_gain":0,"max_hp_loss":0,"event_name":"WeMeetAgain","floor":28,"gold_loss":0},{"damage_healed":0,"gold_gain":0,"player_choice":"Ignored","damage_taken":0,"max_hp_gain":0,"max_hp_loss":0,"event_name":"Beggar","floor":30,"gold_loss":0},{"damage_healed":0,"gold_gain":0,"player_choice":"Embrace Madness","damage_taken":6,"max_hp_gain":0,"max_hp_loss":0,"event_name":"Winding Halls","floor":36,"gold_loss":0,"cards_obtained":["Madness","Madness"]},{"damage_healed":0,"gold_gain":0,"player_choice":"Fight","damage_taken":0,"max_hp_gain":0,"max_hp_loss":0,"event_name":"Mysterious Sphere","floor":39,"gold_loss":0}],"is_beta":true,"boss_relics":[{"not_picked":["Empty Cage","Cursed Key"],"picked":"Black Star"},{"not_picked":[]},{"not_picked":["Coffee Dripper","Velvet Choker"],"picked":"VioletLotus"},{"not_picked":[]}],"items_purged_floors":[0,0,0,0,0,0,0,45,45],"is_endless":false,"potions_floor_spawned":[5,7,10,11,20,22,25,31,33,35,37,39,44,46],"ascension_level":19}}