{"host":"h0xw20cia6ppa69g","time":1609670850,"event":{"mods":["AchievementEnabler","BaseMod","Colored Map","Filter the Spire","Googly Eyes","Minty Spire (QoL Compilation)","Relic Stats","StSLib","The Awakened One except there are too many feathers","everything is the same but u backflip on backflip"],"gold_per_floor":[116,126,146,158,173,173,203,203,203,238,250,261,323,350,350,453,453,466,466,466,466,479,509,509,519,519,549,568,601,410,3,3,108,108,118,164,164,184,184,218,218,231,231,266,278,278,328,49,49,49,49,49,14,41,41],"floor_reached":56,"playtime":3259,"items_purged":["Writhe","Clumsy"],"score":1643,"play_id":"4eaf8834-4475-4c78-8ca0-9dbc2f05913d","local_time":"20210103044730","is_ascension_mode":true,"campfire_choices":[{"data":"Anger","floor":6.0,"key":"SMITH"},{"data":"Demon Form","floor":8.0,"key":"SMITH"},{"data":"Feed","floor":15.0,"key":"SMITH"},{"data":"Feed","floor":24.0,"key":"SMITH"},{"data":"Dual Wield","floor":32.0,"key":"SMITH"},{"floor":41,"key":"RECALL"},{"data":"Ghostly","floor":46,"key":"SMITH"},{"data":"Battle Trance","floor":49,"key":"SMITH"},{"data":"Panacea","floor":52,"key":"SMITH"}],"circlet_count":0,"master_deck":["Bash","Twin Strike","Carnage","Cleave","Anger+1","Fire Breathing","Demon Form+1","Feed+1","Spot Weakness","Corruption","Heavy Blade","Wild Strike","Rampage","Clothesline","Thunderclap","Feed+1","Barricade","Ghostly","Ghostly+1","Ghostly","Ghostly","Ghostly","Battle Trance+1","Metallicize","Shrug It Off+1","Metallicize+1","Dual Wield+1","Dark Shackles","Fiend Fire","Dark Embrace+1","Second Wind","Panacea+1","Discovery","Forethought","Bloodletting+1","Metallicize+1","Entrench+1","Shockwave+1","True Grit","Offering","Feel No Pain"],"relics":["Burning Blood","Ice Cream","Pear","Dream Catcher","Calipers","Self Forming Clay","Pandora\u0027s Box","White Beast Statue","Sundial","Orichalcum","Pantograph","Ginger","Membership Card","ClockworkSouvenir","Mummified Hand","Centennial Puzzle","SacredBark","Charon\u0027s Ashes","Vajra","Ancient Tea Set","Dead Branch","PreservedInsect","Letter Opener","HandDrill","Toy Ornithopter"],"acts_visited":["Exordium","TheCity","TheBeyond","TheEnding"],"potions_floor_usage":[38,55,55,55],"damage_taken":[{"damage":6.0,"enemies":"Cultist","floor":1.0,"turns":3.0},{"damage":5.0,"enemies":"Small Slimes","floor":2.0,"turns":3.0},{"damage":1.0,"enemies":"2 Louse","floor":3.0,"turns":2.0},{"damage":5.0,"enemies":"Looter","floor":4.0,"turns":2.0},{"damage":10.0,"enemies":"3 Louse","floor":5.0,"turns":2.0},{"damage":14.0,"enemies":"Gremlin Nob","floor":7.0,"turns":3.0},{"damage":13.0,"enemies":"Lagavulin","floor":10.0,"turns":5.0},{"damage":12.0,"enemies":"Blue Slaver","floor":11.0,"turns":3.0},{"damage":12.0,"enemies":"Exordium Wildlife","floor":12.0,"turns":3.0},{"damage":32.0,"enemies":"Lagavulin Event","floor":13.0,"turns":5.0},{"damage":22.0,"enemies":"3 Sentries","floor":14.0,"turns":4.0},{"damage":0.0,"enemies":"Slime Boss","floor":16.0,"turns":5.0},{"damage":31.0,"enemies":"Spheric Guardian","floor":18.0,"turns":5.0},{"damage":2.0,"enemies":"2 Thieves","floor":22.0,"turns":3.0},{"damage":33.0,"enemies":"Slavers","floor":23.0,"turns":9.0},{"damage":3.0,"enemies":"Centurion and Healer","floor":25.0,"turns":8.0},{"damage":0.0,"enemies":"Gremlin Leader","floor":27.0,"turns":8.0},{"damage":0.0,"enemies":"3 Cultists","floor":28.0,"turns":6.0},{"damage":41.0,"enemies":"Book of Stabbing","floor":29.0,"turns":9.0},{"damage":38.0,"enemies":"Automaton","floor":33.0,"turns":10.0},{"damage":0.0,"enemies":"Orb Walker","floor":35.0,"turns":4.0},{"damage":52.0,"enemies":"2 Orb Walkers","floor":36.0,"turns":8.0},{"damage":1,"enemies":"3 Shapes","floor":38,"turns":3},{"damage":36,"enemies":"Giant Head","floor":40,"turns":9},{"damage":5,"enemies":"Writhing Mass","floor":42,"turns":9},{"damage":13,"enemies":"Nemesis","floor":44,"turns":15},{"damage":1,"enemies":"4 Shapes","floor":45,"turns":6},{"damage":1,"enemies":"Mind Bloom Boss Battle","floor":47,"turns":10},{"damage":57,"enemies":"Awakened One","floor":50,"turns":21},{"damage":2,"enemies":"Shield and Spear","floor":54,"turns":3},{"damage":8,"enemies":"The Heart","floor":55,"turns":6}],"seed_played":"-3488349615627147479","potions_obtained":[{"floor":3.0,"key":"SteroidPotion"},{"floor":5.0,"key":"EntropicBrew"},{"floor":10.0,"key":"Ancient Potion"},{"floor":13.0,"key":"DuplicationPotion"},{"floor":22.0,"key":"AttackPotion"},{"floor":23.0,"key":"DistilledChaos"},{"floor":25.0,"key":"Swift Potion"},{"floor":28.0,"key":"BloodPotion"},{"floor":29.0,"key":"SkillPotion"},{"floor":36.0,"key":"Explosive Potion"},{"floor":38,"key":"CultistPotion"},{"floor":40,"key":"PowerPotion"},{"floor":42,"key":"FairyPotion"}],"is_trial":false,"path_per_floor":["M","M","M","M","M","R","E","R","T","E","M","M","?","E","R","B",null,"M","?","?","?","M","E","R","M","T","E","M","E","$","$","R","B",null,"M","?","?","M","?","E","R","M","T","E","M","R","?","$","R","B",null,"R","$","E","B",null],"character_chosen":"IRONCLAD","items_purchased":["Membership Card","ClockworkSouvenir","Mummified Hand","Dual Wield","Centennial Puzzle","Dark Shackles","PreservedInsect","True Grit","Letter Opener","HandDrill","Offering"],"campfire_rested":0,"item_purchase_floors":[30,31,31,31,31,31,48,48,48,48,53],"current_hp_per_floor":[80,80,80,80,76,76,68,68,78,71,65,59,33,20,20,30,97,75,75,55,52,56,36,36,47,47,57,71,57,57,57,57,54,91,95,53,53,66,56,30,30,35,35,32,45,45,79,79,79,57,130,130,130,134,132],"gold":41,"neow_bonus":"TRANSFORM_TWO_CARDS","is_daily":false,"chose_seed":false,"campfire_upgraded":8,"win_rate":0.0,"timestamp":1609670850,"path_taken":["M","M","M","M","M","R","E","R","T","E","?","M","?","E","R","BOSS","BOSS","M","?","?","?","M","E","R","M","T","E","M","E","?","$","R","BOSS","M","?","?","M","?","E","R","M","T","E","M","R","?","?","R","BOSS","R","$","E","BOSS"],"items_purchased_type":["Relic","Relic","Relic","Card","Relic","Card","Relic","Card","Relic","Relic","Card"],"build_version":"2020-12-22","purchased_purges":2,"victory":true,"max_hp_per_floor":[80,80,80,80,80,80,80,80,90,90,90,90,90,93,93,97,97,100,100,105,52,56,63,63,71,71,75,83,87,87,87,87,91,91,95,99,94,102,102,106,106,110,110,114,122,122,126,126,126,130,130,130,130,134,134],"relic_stats":{"counters":[31,192],"Self Forming Clay":[171],"Dead Branch":[99],"Charon\u0027s Ashes":[625],"PreservedInsect":68,"Ginger":[10],"Letter Opener":[160],"Orichalcum":[252],"Burning Blood":165,"Dream Catcher":0,"Centennial Puzzle":[30],"Sundial":[14],"Mummified Hand":[129],"Pantograph":75,"Pandora\u0027s Box":["Heavy Blade","Wild Strike","Rampage","Clothesline","Thunderclap","Feed","Barricade"],"HandDrill":[0],"obtain_stats":[{"Ice Cream":7,"Calipers":13,"SacredBark":34,"Vajra":40,"Ginger":29,"Ancient Tea Set":44,"Burning Blood":0,"ClockworkSouvenir":31,"Dream Catcher":10,"Centennial Puzzle":31,"Sundial":23,"Mummified Hand":31,"Pantograph":27,"HandDrill":48,"Pear":9,"Self Forming Clay":14,"Dead Branch":47,"Charon\u0027s Ashes":36,"PreservedInsect":48,"Letter Opener":48,"Orichalcum":26,"White Beast Statue":19,"Pandora\u0027s Box":17,"Membership Card":30,"Toy Ornithopter":54},{"Ice Cream":6,"Calipers":10,"SacredBark":20,"Vajra":24,"Ginger":19,"Ancient Tea Set":26,"Burning Blood":0,"ClockworkSouvenir":19,"Dream Catcher":7,"Centennial Puzzle":19,"Sundial":15,"Mummified Hand":19,"Pantograph":17,"HandDrill":28,"Pear":6,"Self Forming Clay":11,"Dead Branch":28,"Charon\u0027s Ashes":22,"PreservedInsect":28,"Letter Opener":28,"Orichalcum":16,"White Beast Statue":13,"Pandora\u0027s Box":12,"Membership Card":19,"Toy Ornithopter":30},{"Ice Cream":15,"Calipers":31,"SacredBark":98,"Vajra":122,"Ginger":88,"Ancient Tea Set":146,"Burning Blood":0,"ClockworkSouvenir":88,"Dream Catcher":20,"Centennial Puzzle":88,"Sundial":57,"Mummified Hand":88,"Pantograph":73,"HandDrill":162,"Pear":15,"Self Forming Clay":35,"Dead Branch":162,"Charon\u0027s Ashes":110,"PreservedInsect":162,"Letter Opener":162,"Orichalcum":65,"White Beast Statue":45,"Pandora\u0027s Box":40,"Membership Card":88,"Toy Ornithopter":186}],"Toy Ornithopter":0},"card_choices":[{"not_picked":["Warcry","Perfected Strike","Body Slam"],"picked":"SKIP","floor":1.0},{"not_picked":["Thunderclap","Burning Pact"],"picked":"Cleave","floor":2.0},{"not_picked":["Shrug It Off","Thunderclap"],"picked":"Anger","floor":3.0},{"not_picked":["Shrug It Off","Searing Blow"],"picked":"Fire Breathing","floor":4.0},{"not_picked":["Heavy Blade","Dark Embrace","Entrench"],"picked":"SKIP","floor":5.0},{"not_picked":["Seeing Red","Shockwave"],"picked":"Demon Form","floor":7.0},{"not_picked":["Carnage","Combust","Anger"],"picked":"SKIP","floor":10.0},{"not_picked":["Combust","Sentinel","Cleave"],"picked":"SKIP","floor":11.0},{"not_picked":["Headbutt","Warcry"],"picked":"Feed","floor":12.0},{"not_picked":["Armaments","Dropkick"],"picked":"Spot Weakness","floor":13.0},{"not_picked":["Clothesline","Reckless Charge","Inflame"],"picked":"SKIP","floor":14.0},{"not_picked":["Bludgeon","Barricade"],"picked":"Corruption","floor":16.0},{"not_picked":["Seeing Red+1","Clothesline","Clash+1"],"picked":"SKIP","floor":18.0},{"not_picked":["Twin Strike+1","Burning Pact"],"picked":"Battle Trance","floor":22.0},{"not_picked":["Pummel+1","Thunderclap+1"],"picked":"Metallicize","floor":23.0},{"not_picked":["Clothesline","Sword Boomerang","Flex"],"picked":"SKIP","floor":25.0},{"not_picked":["Pommel Strike","Cleave","Pummel"],"picked":"SKIP","floor":27.0},{"not_picked":["Spot Weakness+1","Thunderclap"],"picked":"Shrug It Off+1","floor":28.0},{"not_picked":["Searing Blow+1","Warcry"],"picked":"Metallicize+1","floor":29.0},{"not_picked":["Barricade","Feed"],"picked":"Fiend Fire","floor":33.0},{"not_picked":["Anger","Thunderclap"],"picked":"Dark Embrace+1","floor":35.0},{"not_picked":["Perfected Strike","Intimidate"],"picked":"Second Wind","floor":36.0},{"not_picked":["Cleave","Wild Strike","Second Wind"],"picked":"SKIP","floor":38},{"not_picked":["Dark Shackles","Blind"],"picked":"Panacea","floor":39},{"not_picked":["Trip","Enlightenment"],"picked":"Discovery","floor":39},{"not_picked":["Sadistic Nature","Dark Shackles"],"picked":"Forethought","floor":39},{"not_picked":["Thunderclap","Twin Strike+1"],"picked":"Bloodletting+1","floor":40},{"not_picked":["Hemokinesis+1","Warcry"],"picked":"Metallicize+1","floor":42},{"not_picked":["Whirlwind+1","Spot Weakness"],"picked":"Entrench+1","floor":44},{"not_picked":["Armaments","Blood for Blood","Dropkick"],"picked":"SKIP","floor":45},{"not_picked":["Sentinel","Headbutt+1"],"picked":"Shockwave+1","floor":47},{"not_picked":["Metallicize","Burning Pact+1"],"picked":"Feel No Pain","floor":54}],"player_experience":3596107,"relics_obtained":[{"floor":7.0,"key":"Ice Cream"},{"floor":9.0,"key":"Pear"},{"floor":10.0,"key":"Dream Catcher"},{"floor":13.0,"key":"Calipers"},{"floor":14.0,"key":"Self Forming Clay"},{"floor":23.0,"key":"Sundial"},{"floor":26.0,"key":"Orichalcum"},{"floor":27.0,"key":"Pantograph"},{"floor":29.0,"key":"Ginger"},{"floor":36.0,"key":"Charon\u0027s Ashes"},{"floor":40,"key":"Vajra"},{"floor":44,"key":"Ancient Tea Set"},{"floor":47,"key":"Dead Branch"},{"floor":54,"key":"Toy Ornithopter"}],"event_choices":[{"damage_healed":0.0,"max_hp_gain":0.0,"max_hp_loss":0.0,"gold_gain":0.0,"event_name":"Dead Adventurer","player_choice":"Searched \u00271\u0027 times","floor":13.0,"gold_loss":0.0,"damage_taken":0.0},{"damage_healed":0.0,"max_hp_gain":0.0,"max_hp_loss":0.0,"gold_gain":0.0,"event_name":"The Mausoleum","player_choice":"Opened","floor":19.0,"gold_loss":0.0,"damage_taken":0.0,"relics_obtained":["White Beast Statue"],"cards_obtained":["Writhe"]},{"damage_healed":0.0,"max_hp_gain":5.0,"max_hp_loss":0.0,"gold_gain":0.0,"event_name":"Forgotten Altar","player_choice":"Shed Blood","floor":20.0,"gold_loss":0.0,"damage_taken":25.0},{"damage_healed":0.0,"max_hp_gain":0.0,"max_hp_loss":53.0,"gold_gain":0.0,"event_name":"Ghosts","player_choice":"Became a Ghost","floor":21.0,"gold_loss":0.0,"damage_taken":0.0,"cards_obtained":["Ghostly","Ghostly","Ghostly","Ghostly","Ghostly"]},{"damage_healed":0.0,"max_hp_gain":0.0,"max_hp_loss":0.0,"gold_gain":0.0,"event_name":"Mysterious Sphere","player_choice":"Fight","floor":36.0,"gold_loss":0.0,"damage_taken":0.0},{"damage_healed":0.0,"max_hp_gain":0.0,"max_hp_loss":5.0,"gold_gain":0.0,"event_name":"Winding Halls","player_choice":"Max HP","floor":37.0,"gold_loss":0.0,"damage_taken":0.0},{"damage_healed":0,"gold_gain":0,"player_choice":"Memory 3","damage_taken":10,"max_hp_gain":0,"max_hp_loss":0,"event_name":"SensoryStone","floor":39,"gold_loss":0},{"damage_healed":0,"gold_gain":0,"player_choice":"Fight","damage_taken":0,"max_hp_gain":0,"max_hp_loss":0,"event_name":"MindBloom","floor":47,"gold_loss":0}],"is_beta":false,"boss_relics":[{"not_picked":["Tiny House","Runic Cube"],"picked":"Pandora\u0027s Box"},{"not_picked":["Sozu","Empty Cage"],"picked":"SacredBark"}],"items_purged_floors":[30,31],"is_endless":false,"potions_floor_spawned":[3,5,10,13,14,22,23,25,27,28,29,33,35,36,38,40,42,44,45,47,54],"ascension_level":1}}