{"host":"os9owiyb0rak6c8n","time":1609699590,"event":{"mods":["AchievementEnabler","Astrologer","BaseMod","Beaked The Cultist","Better Third Choice","Block Reminder","Colored Map","Colored Powertips","Dio Mod","Minty Spire (QoL Compilation)","Robot Space Explorer","Spicy Shops","StSLib","The Death Knight","The Necromancer"],"gold_per_floor":[111,111,131,131,148,148,181,199,279,279,295,305,320,345,345,448,448,464,141,159,159,173,173,173,173],"floor_reached":24,"playtime":876,"items_purged":["Strike_R","Strike_R"],"score":284,"play_id":"916f2326-7fd7-46fd-9fc2-006de0923f4a","local_time":"20210103194630","is_ascension_mode":true,"campfire_choices":[{"data":"Armaments","floor":6,"key":"SMITH"},{"data":"Whirlwind","floor":15,"key":"SMITH"},{"floor":23,"key":"REST"}],"circlet_count":0,"master_deck":["Strike_R","Strike_R","Strike_R","Defend_R","Defend_R","Defend_R","Bash","Fire Breathing","Armaments+1","Seeing Red","Ghostly Armor","Spot Weakness","Thunderclap","Whirlwind+1","Limit Break","Barricade","CurseOfTheBell","Insight"],"relics":["Burning Blood","Boot","Unceasing Top","DeathKnight:SindragosasSkull","Singing Bowl","Shovel","Calling Bell","Ancient Tea Set","Gremlin Horn","Incense Burner","PreservedInsect"],"acts_visited":["Exordium","TheCity"],"potions_floor_usage":[11,13,14,18,18,20,24],"damage_taken":[{"damage":1,"enemies":"Cultist","floor":1,"turns":4},{"damage":9,"enemies":"Jaw Worm","floor":3,"turns":4},{"damage":2,"enemies":"Small Slimes","floor":5,"turns":4},{"damage":25,"enemies":"3 Sentries","floor":7,"turns":5},{"damage":16,"enemies":"Exordium Wildlife","floor":8,"turns":4},{"damage":0,"enemies":"Exordium Thugs","floor":11,"turns":4},{"damage":1,"enemies":"Red Slaver","floor":12,"turns":4},{"damage":6,"enemies":"Blue Slaver","floor":13,"turns":4},{"damage":15,"enemies":"Gremlin Nob","floor":14,"turns":4},{"damage":33,"enemies":"Slime Boss","floor":16,"turns":7},{"damage":9,"enemies":"Chosen","floor":18,"turns":6},{"damage":33,"enemies":"Shell Parasite","floor":20,"turns":6},{"damage":38,"enemies":"Shelled Parasite and Fungi","floor":22,"turns":7},{"damage":44,"enemies":"Slavers","floor":24,"turns":3}],"seed_played":"7831151011756787259","potions_obtained":[{"floor":1,"key":"EssenceOfSteel"},{"floor":8,"key":"GamblersBrew"},{"floor":10,"key":"DeathKnight:RimePotion"},{"floor":10,"key":"Weak Potion"},{"floor":10,"key":"SneckoOil"},{"floor":11,"key":"BloodPotion"},{"floor":13,"key":"Block Potion"},{"floor":16,"key":"Block Potion"},{"floor":22,"key":"SpeedPotion"}],"is_trial":false,"path_per_floor":["M","T","M","?","M","R","E","M","T","?","M","M","M","E","R","B",null,"M","$","M","?","M","R","E"],"character_chosen":"IRONCLAD","items_purchased":["PreservedInsect"],"campfire_rested":1,"item_purchase_floors":[19],"current_hp_per_floor":[77,77,74,74,78,78,59,49,49,49,57,62,78,69,69,42,72,71,71,46,46,16,42,0,0],"gold":173,"neow_bonus":"RANDOM_COMMON_RELIC","is_daily":false,"chose_seed":false,"campfire_upgraded":2,"win_rate":0.0,"timestamp":1609699590,"path_taken":["M","?","?","?","?","R","E","M","T","?","?","M","M","E","R","BOSS","M","$","M","?","M","R","E"],"items_purchased_type":["Relic"],"build_version":"2020-12-22","purchased_purges":2,"victory":false,"max_hp_per_floor":[80,80,80,80,80,80,80,80,80,80,82,82,82,82,82,82,82,84,84,86,86,88,88,88,88],"card_choices":[{"not_picked":["Warcry","Clash"],"picked":"Fire Breathing","floor":1},{"not_picked":["True Grit","Sever Soul"],"picked":"Armaments","floor":3},{"not_picked":["Armaments","Pummel"],"picked":"Seeing Red","floor":5},{"not_picked":["Havoc","Fire Breathing"],"picked":"Ghostly Armor","floor":7},{"not_picked":["Dual Wield","Clothesline"],"picked":"Spot Weakness","floor":8},{"not_picked":["Warcry","Brutality","Perfected Strike"],"picked":"Singing Bowl","floor":11},{"not_picked":["Rage","Disarm"],"picked":"Thunderclap","floor":12},{"not_picked":["Warcry","True Grit"],"picked":"Whirlwind","floor":13},{"not_picked":["Sentinel","Power Through"],"picked":"Limit Break","floor":14},{"not_picked":["Feed","Brutality"],"picked":"Barricade","floor":16},{"not_picked":["Warcry","Body Slam","Twin Strike"],"picked":"Singing Bowl","floor":18},{"not_picked":["Body Slam","Carnage","Pummel"],"picked":"Singing Bowl","floor":20},{"not_picked":["Thunderclap","Shrug It Off","Blood for Blood"],"picked":"Singing Bowl","floor":22}],"player_experience":583012,"relics_obtained":[{"floor":2,"key":"Unceasing Top"},{"floor":7,"key":"DeathKnight:SindragosasSkull"},{"floor":9,"key":"Singing Bowl"},{"floor":14,"key":"Shovel"},{"floor":17,"key":"Ancient Tea Set"},{"floor":17,"key":"Gremlin Horn"},{"floor":17,"key":"Incense Burner"}],"event_choices":[{"cards_removed":["Defend_R"],"damage_healed":0,"gold_gain":0,"player_choice":"Offered Basic","damage_taken":0,"max_hp_gain":0,"max_hp_loss":0,"event_name":"Bonfire Elementals","floor":4,"gold_loss":0},{"damage_healed":0,"gold_gain":0,"player_choice":"Got Potions","damage_taken":0,"max_hp_gain":0,"max_hp_loss":0,"event_name":"Lab","floor":10,"gold_loss":0},{"damage_healed":0,"gold_gain":0,"player_choice":"Insight","damage_taken":0,"max_hp_gain":0,"max_hp_loss":0,"event_name":"betterThird:BetterWriting","floor":21,"gold_loss":0,"cards_obtained":["Insight"]}],"is_beta":false,"boss_relics":[{"not_picked":["Fusion Hammer","Velvet Choker"],"picked":"Calling Bell"}],"items_purged_floors":[19,19],"is_endless":false,"potions_floor_spawned":[1,8,11,13,16,22],"killed_by":"Slavers","ascension_level":7}}