{"host":"cwp0xoxch9uxtnfk","time":1609633423,"event":{"mods":["AchievementEnabler","BaseMod","Bestiary","Colored Map","Colored Powertips","DeckTracker","Highlight Path","Minty Spire (QoL Compilation)","Rare Cards Sparkle","Relic Sorter","Relic Stats"],"gold_per_floor":[116,134,148,98,98,133,33,33,57,78,78,78,96,120,120,240,240,263,263,163,163,173,173,272,290,290,290,306,306,26,46,46,150,150,164,176,176,176,176,176],"floor_reached":39,"playtime":3277,"items_purged":["Defend_B","Defend_B","Strike_B"],"score":381,"play_id":"98373b70-0756-4480-8233-3cf22a9831ff","local_time":"20210103002343","is_ascension_mode":false,"campfire_choices":[{"floor":8.0,"key":"REST"},{"floor":12.0,"key":"RECALL"},{"data":"Dualcast","floor":15.0,"key":"SMITH"},{"floor":23.0,"key":"REST"},{"data":"Echo Form","floor":27.0,"key":"SMITH"},{"data":"Capacitor","floor":29.0,"key":"SMITH"},{"data":"Hologram","floor":32.0,"key":"SMITH"}],"circlet_count":0,"master_deck":["Strike_B","Defend_B","Zap","Dualcast+1","Glacier","Cold Snap","Capacitor+1","Ball Lightning","Hologram+1","Compile Driver","Auto Shields","Echo Form+1","Barrage+1","Sweeping Beam","Ball Lightning","Thunder Strike"],"relics":["Cracked Core","Bloody Idol","Toy Ornithopter","SlaversCollar","Eternal Feather","Oddly Smooth Stone","Busted Crown"],"acts_visited":["Exordium","TheCity","TheBeyond"],"potions_floor_usage":[],"damage_taken":[{"damage":2.0,"enemies":"2 Louse","floor":1.0,"turns":3.0},{"damage":0.0,"enemies":"Jaw Worm","floor":2.0,"turns":4.0},{"damage":0.0,"enemies":"Cultist","floor":3.0,"turns":3.0},{"damage":25.0,"enemies":"Lagavulin","floor":6.0,"turns":16.0},{"damage":2.0,"enemies":"Red Slaver","floor":10.0,"turns":3.0},{"damage":7.0,"enemies":"Exordium Thugs","floor":13.0,"turns":4.0},{"damage":17.0,"enemies":"Lots of Slimes","floor":14.0,"turns":7.0},{"damage":31.0,"enemies":"The Guardian","floor":16.0,"turns":14.0},{"damage":25.0,"enemies":"3 Byrds","floor":18.0,"turns":8.0},{"damage":19.0,"enemies":"2 Thieves","floor":22.0,"turns":4.0},{"damage":23.0,"enemies":"Snake Plant","floor":25.0,"turns":5.0},{"damage":10.0,"enemies":"Shelled Parasite and Fungi","floor":28.0,"turns":8.0},{"damage":4.0,"enemies":"Chosen and Byrds","floor":31.0,"turns":7.0},{"damage":15.0,"enemies":"Champ","floor":33.0,"turns":8.0},{"damage":39.0,"enemies":"3 Darklings","floor":35.0,"turns":6.0},{"damage":8.0,"enemies":"Orb Walker","floor":36.0,"turns":4.0},{"damage":0,"enemies":"Jaw Worm Horde","floor":39,"turns":1}],"seed_played":"7888384911704125077","potions_obtained":[{"floor":2.0,"key":"EssenceOfSteel"},{"floor":6.0,"key":"FocusPotion"},{"floor":10.0,"key":"Fire Potion"},{"floor":13.0,"key":"AttackPotion"},{"floor":25.0,"key":"Energy Potion"},{"floor":31.0,"key":"CultistPotion"},{"floor":33.0,"key":"BlessingOfTheForge"},{"floor":35.0,"key":"Weak Potion"}],"is_trial":false,"path_per_floor":["M","M","M","?","?","E","$","R","T","M","?","R","M","M","R","B",null,"M","?","$","?","M","R","?","M","T","R","M","R","$","M","R","B",null,"M","M","?","?","M"],"character_chosen":"DEFECT","items_purchased":["Ball Lightning","Oddly Smooth Stone"],"campfire_rested":2,"item_purchase_floors":[7,30],"current_hp_per_floor":[80,80,80,80,60,35,35,59,59,57,82,82,80,63,63,37,82,57,57,57,57,48,72,77,59,59,68,63,72,72,73,82,72,82,48,45,45,45,45,45],"gold":176,"neow_bonus":"TEN_PERCENT_HP_BONUS","is_daily":false,"chose_seed":false,"campfire_upgraded":4,"win_rate":0.0,"timestamp":1609633423,"path_taken":["M","M","M","?","?","E","$","R","T","M","?","R","M","M","R","BOSS","M","?","$","?","M","R","?","M","T","R","M","R","$","M","R","BOSS","M","M","?","?","?"],"items_purchased_type":["Card","Relic"],"build_version":"2020-12-22","purchased_purges":3,"victory":false,"max_hp_per_floor":[82,82,82,82,82,82,82,82,82,82,82,82,82,82,82,82,82,82,82,82,82,82,82,82,82,82,82,82,82,82,82,82,82,82,82,82,82,82,82,82],"relic_stats":{"Busted Crown":4,"counters":[17,104],"Bloody Idol":45,"Eternal Feather":27,"obtain_stats":[{"SlaversCollar":17,"Busted Crown":34,"Golden Idol":5,"Bloody Idol":19,"Oddly Smooth Stone":30,"Eternal Feather":26,"Cracked Core":0,"Toy Ornithopter":6},{"SlaversCollar":8,"Busted Crown":14,"Golden Idol":3,"Bloody Idol":9,"Oddly Smooth Stone":12,"Eternal Feather":11,"Cracked Core":0,"Toy Ornithopter":4},{"SlaversCollar":54,"Busted Crown":94,"Golden Idol":10,"Bloody Idol":62,"Oddly Smooth Stone":79,"Eternal Feather":71,"Cracked Core":0,"Toy Ornithopter":26}],"Toy Ornithopter":10},"card_choices":[{"not_picked":["Compile Driver","Sweeping Beam"],"picked":"Glacier","floor":1.0},{"not_picked":["Heatsinks","Storm"],"picked":"Cold Snap","floor":2.0},{"not_picked":["Steam","Lockon","Turbo"],"picked":"SKIP","floor":3.0},{"not_picked":["White Noise","Auto Shields"],"picked":"Capacitor","floor":6.0},{"not_picked":["Aggregate","Beam Cell"],"picked":"Hologram","floor":10.0},{"not_picked":["Stack","Reprogram"],"picked":"Compile Driver","floor":13.0},{"not_picked":["Fusion","Creative AI"],"picked":"Auto Shields","floor":14.0},{"not_picked":["All For One","Meteor Strike"],"picked":"Echo Form","floor":16.0},{"not_picked":["Hologram","Sweeping Beam"],"picked":"Barrage+1","floor":18.0},{"not_picked":["Self Repair+1","Streamline","Doom and Gloom"],"picked":"SKIP","floor":22.0},{"not_picked":["Chaos","Conserve Battery"],"picked":"Sweeping Beam","floor":25.0},{"not_picked":["Hello World","Beam Cell","Turbo"],"picked":"SKIP","floor":28.0},{"not_picked":["Go for the Eyes","FTL"],"picked":"Ball Lightning","floor":31.0},{"not_picked":["Multi-Cast","All For One"],"picked":"Thunder Strike","floor":33.0},{"not_picked":["Beam Cell+1"],"picked":"SKIP","floor":35.0},{"not_picked":["Beam Cell+1"],"picked":"SKIP","floor":36.0}],"player_experience":146769,"relics_obtained":[{"floor":6.0,"key":"Toy Ornithopter"},{"floor":26.0,"key":"Eternal Feather"}],"event_choices":[{"cards_removed":["Strike_B"],"damage_healed":0.0,"max_hp_gain":0.0,"max_hp_loss":0.0,"gold_gain":0.0,"event_name":"The Cleric","player_choice":"Card Removal","floor":4.0,"gold_loss":50.0,"damage_taken":0.0},{"damage_healed":0.0,"max_hp_gain":0.0,"max_hp_loss":0.0,"gold_gain":0.0,"event_name":"Golden Idol","player_choice":"Take Damage","floor":5.0,"gold_loss":0.0,"damage_taken":20.0,"relics_obtained":["Golden Idol"]},{"damage_healed":27.0,"max_hp_gain":0.0,"max_hp_loss":0.0,"gold_gain":0.0,"event_name":"Big Fish","player_choice":"Banana","floor":11.0,"gold_loss":0.0,"damage_taken":0.0},{"damage_healed":0.0,"max_hp_gain":0.0,"max_hp_loss":0.0,"gold_gain":0.0,"event_name":"Forgotten Altar","player_choice":"Gave Idol","floor":19.0,"relics_lost":["Golden Idol"],"gold_loss":0.0,"damage_taken":0.0,"relics_obtained":["Bloody Idol"]},{"cards_removed":["Strike_B"],"damage_healed":0.0,"max_hp_gain":0.0,"max_hp_loss":0.0,"gold_gain":0.0,"event_name":"Back to Basics","player_choice":"Elegance","floor":21.0,"gold_loss":0.0,"damage_taken":0.0},{"damage_healed":0.0,"max_hp_gain":0.0,"max_hp_loss":0.0,"gold_gain":99.0,"event_name":"Nest","player_choice":"Stole From Cult","floor":24.0,"gold_loss":0.0,"damage_taken":0.0},{"damage_healed":0.0,"max_hp_gain":0.0,"max_hp_loss":0.0,"gold_gain":0.0,"event_name":"Mysterious Sphere","player_choice":"Ignored","floor":37.0,"gold_loss":0.0,"damage_taken":0.0},{"cards_removed":["Defend_B"],"damage_healed":0.0,"max_hp_gain":0.0,"max_hp_loss":0.0,"gold_gain":0.0,"event_name":"Purifier","player_choice":"Purged","floor":38.0,"gold_loss":0.0,"damage_taken":0.0}],"is_beta":false,"boss_relics":[{"not_picked":["Coffee Dripper","Fusion Hammer"],"picked":"SlaversCollar"},{"not_picked":["Nuclear Battery","Empty Cage"],"picked":"Busted Crown"}],"items_purged_floors":[7,20,30],"is_endless":false,"potions_floor_spawned":[2,6,10,13,25,31,33,35],"killed_by":"Jaw Worm Horde","ascension_level":0}}