{"host":"v9ordiuf4xzdpttp","time":1609645232,"event":{"mods":["AchievementEnabler","Act Like it!","AlwaysNeverKeys","Aspiration","Bartender","BaseMod","Better Third Choice","Better Vampires","BetterRewards","Colored Map","Conspire","Downfall","Energized Spire","Gold Saver","GungeonMod","Halation","Hubris","Infinite Spire","Ironclad Rager","Jedi Mod","Marked Mod","Melee Mod","Minty Spire (QoL Compilation)","Pale of the Ancients","Remove Card Discount Mod","Replay The Spire","Robot Space Explorer","SOS???????","Shop Mod","Small Relic Pack","Somnambulant","Spicy Shops","StSLib","The Bladedancer","The Bug Knight","The Construct","The Death Knight","The Exalted","The Hayseed","The Hierophant","The Jungle","The Mystic","The Runesmith","The Senshi","The Servant 0.9.4","The Wild Card","TheBandit","vexMod","??????REMEMod"],"gold_per_floor":[320,337,363,363,390,466,481,481,507,536,612,674,639,658,658,770,770,788,788,394,394,309,309,196,196,196,81,103,121,70,70,143,118,118,61,81,71,76,76,78,78,114,137,137,14,33,33,69,69,168,168,72,92,92,92,92,108,108,108,108,13,13],"floor_reached":61,"playtime":4763,"items_purged":["REME_Flogging","Shoot","Shoot","Defend_Dante","Injury","Stinger","Defend_Dante","Attack_b","Blueorb","LucifercomboC","GilgameshcomboA+1","jedi:RedIncense","LucifercomboD+1"],"score":1552,"play_id":"44f27653-74a8-491a-862a-df1bfbd377a7","local_time":"20210102224032","is_ascension_mode":true,"campfire_choices":[{"floor":8.0,"key":"REST"},{"data":"Gunstinger","floor":15.0,"key":"SMITH"},{"floor":23,"key":"REST"},{"floor":25,"key":"REST"},{"floor":47,"key":"REST"},{"data":"infinitespire:UltimateForm","floor":49,"key":"SMITH"},{"floor":56,"key":"RECALL"},{"data":"Stylechange","floor":58,"key":"SMITH"}],"circlet_count":0,"master_deck":["Attack_a","Attack_a","Provocation","Defend_Dante","Defend_Dante","Redorb","Royaldefend","Gunstinger+1","LucifercomboA","Doubleshoot+1","VitalstarM","LucifercomboA+1","Swordmaster","Lucifer+1","Royaldefend+1","Trickster","Lucifer","Dash1","Stylechange+1","LucifercomboA+1","Royaldefend","infinitespire:Starlight","infinitespire:Execution","ReplayTheSpireMod:??????????????????????","infinitespire:Gouge+1","Hightime+1","infinitespire:UltimateForm+1","LucifercomboA+1","infinitespire:Gouge+1","hubris:SharpeningStone","Hemokinesis+1","Purpleorb","vexMod:StairwayStrike+1","REME_ProfessionalPlagiarism","hubris:Rewind"],"relics":["SSS","Combocheck","REME_ComplimentaryCards","REME_CardOfGreed","MerchantsRug","Molten Egg 2","Lantern","Runesmith:AutoHammer","aspiration:SeaSaltIceCream","energizedSpire:RedRose","aspiration:RitualDagger","REME_ChargedStone","Bromod:ArcanePulse","DemoMod:ClearGuonStone","infinitespire:CursedDice","PreservedInsect","Chameleon Ring","Cauldron","aspiration:SecretTechniqueScroll","Strawberry","hubris:DisguiseKit","hubris:PeanutButter","REME_LowDesire","Replay:Mystery Machine","CeramicFish","paleoftheancients:Timepiece","paleoftheancients:KeyRelic","Bronze Scales","CultistMask","paleoftheancients:SoulOfTheWatcher","hubris:Icosahedron","Ice Cream"],"acts_visited":["Exordium","TheCity","TheBeyond","paleoftheancients:PaleOfTheAncients"],"potions_floor_usage":[24,28,28,33,36,46,46,53,61,61],"damage_taken":[{"damage":3.0,"enemies":"Small Slimes","floor":1.0,"turns":3.0},{"damage":1.0,"enemies":"Jaw Worm","floor":2.0,"turns":2.0},{"damage":0.0,"enemies":"Cultist","floor":3.0,"turns":2.0},{"damage":0.0,"enemies":"2 Fungi Beasts","floor":5.0,"turns":2.0},{"damage":18.0,"enemies":"Lagavulin","floor":6.0,"turns":4.0},{"damage":2.0,"enemies":"Large Slime","floor":7.0,"turns":3.0},{"damage":0.0,"enemies":"Blue Slaver","floor":10.0,"turns":2.0},{"damage":0.0,"enemies":"Exordium Wildlife","floor":12.0,"turns":1.0},{"damage":0.0,"enemies":"3 Louse","floor":14.0,"turns":2.0},{"damage":47.0,"enemies":"Hexaghost","floor":16.0,"turns":6.0},{"damage":17.0,"enemies":"Chosen","floor":18.0,"turns":2.0},{"damage":31.0,"enemies":"2 Thieves","floor":22.0,"turns":3.0},{"damage":29,"enemies":"Shelled Parasite and Fungi","floor":24,"turns":3},{"damage":22,"enemies":"Snake Plant","floor":27,"turns":2},{"damage":63,"enemies":"Nightmare","floor":28,"turns":3},{"damage":18,"enemies":"Chosen and Byrds","floor":29,"turns":3},{"damage":35,"enemies":"Slavers","floor":30,"turns":3},{"damage":27,"enemies":"Collector","floor":33,"turns":4},{"damage":8,"enemies":"Orb Walker","floor":35,"turns":2},{"damage":46,"enemies":"3 Shapes","floor":36,"turns":3},{"damage":17,"enemies":"Jaw Worm Horde","floor":38,"turns":3},{"damage":34,"enemies":"Nightmare","floor":40,"turns":3},{"damage":90,"enemies":"Reptomancer","floor":42,"turns":3},{"damage":1,"enemies":"Maw","floor":46,"turns":3},{"damage":6,"enemies":"Transient","floor":48,"turns":4},{"damage":34,"enemies":"Replay:Hell Engine","floor":50,"turns":4},{"damage":14,"enemies":"Replay:Hell Engine","floor":52,"turns":4},{"damage":10,"enemies":"Replay:Hell Engine","floor":53,"turns":2},{"damage":9,"enemies":"Replay:Hell Engine","floor":57,"turns":3},{"damage":350,"enemies":"paleoftheancients:N","floor":61,"turns":7}],"seed_played":"3848460648407642442","potions_obtained":[{"floor":2.0,"key":"GamblersBrew"},{"floor":3.0,"key":"REME_GoldPotion"},{"floor":6.0,"key":"SteroidPotion"},{"floor":16.0,"key":"FearPotion"},{"floor":24,"key":"Elixir"},{"floor":27,"key":"PowerPotion"},{"floor":30,"key":"Explosive Potion"},{"floor":33,"key":"Milkshake"},{"floor":35,"key":"AttackPotion"},{"floor":39,"key":"infinitespire:BlackPotion"},{"floor":39,"key":"Flashbang"},{"floor":42,"key":"jedi:wingpotion"},{"floor":48,"key":"Venom Potion"},{"floor":50,"key":"Adrenaline Potion"},{"floor":53,"key":"jedi:StrikingPotion"}],"is_trial":false,"path_per_floor":["M","M","M","?","M","E","M","R","T","M","T","M","?","M","R","B",null,"M","?","$","?","M","R","M","R","T","M","NM","M","E","$","R_BF","B",null,"M","M","$","M","AVR","NM","?","E","T","?","$","M","R","M","R","B",null,"M","M","?","T","R","M","R","$","?","B"],"character_chosen":"DANTE","items_purchased":["Royaldefend","Gunstinger","REME_CardOfGreed","MerchantsRug","Swordmaster","GilgameshcomboA+1","jedi:RedIncense","Bromod:ArcanePulse","DemoMod:ClearGuonStone","hubris:PeanutButter"],"campfire_rested":4,"item_purchase_floors":[0,0,0,0,20,20,20,20,20,45],"current_hp_per_floor":[60,59,59,59,59,41,39,63,63,63,63,63,80,80,80,43,80,63,48,48,48,28,57,39,71,71,60,8,1,91,91,91,130,135,138,111,111,132,132,136,100,37,37,37,37,86,132,151,151,151,152,152,152,152,152,152,152,152,152,152,124,124],"gold":13,"neow_bonus":"","is_daily":false,"chose_seed":false,"campfire_upgraded":3,"win_rate":0.0,"timestamp":1609645232,"path_taken":["M","M","M","?","M","E","M","R","T","M","?","?","?","M","R","BOSS","M","?","$","?","M","R","M","R","T","M","NM","?","E","$","R_BF","BOSS","M","M","$","M","AVR","NM","?","E","T","?","?","M","R","M","R","BOSS","M","M","?","T","R","M","R","$","?","BOSS"],"items_purchased_type":["Card","Card","Relic","Relic","Card","Card","Card","Relic","Relic","Relic"],"build_version":"2020-12-22","purchased_purges":13,"victory":false,"max_hp_per_floor":[80,80,80,80,80,80,80,80,80,80,80,80,80,80,80,80,80,80,85,85,85,95,95,105,105,105,115,115,115,125,125,125,135,135,145,145,145,145,145,152,152,152,152,152,152,152,152,152,152,152,152,152,152,152,152,152,152,152,152,152,152,152],"card_choices":[{"not_picked":["Shock","DevilstarS"],"picked":"LucifercomboC","floor":1.0},{"not_picked":["Weaponchange","VitalstarL"],"picked":"LucifercomboA","floor":2.0},{"not_picked":["LucifercomboC","Hightime"],"picked":"Stinger","floor":3.0},{"not_picked":["Gunstinger+1","Pandora"],"picked":"Doubleshoot+1","floor":5.0},{"not_picked":["Trickster","Weaponupgrade","Ecstasy"],"picked":"SKIP","floor":6.0},{"not_picked":["Gunstinger+1","Airhike"],"picked":"LucifercomboD+1","floor":7.0},{"not_picked":["Honeycombofire","Chargeshoot2+1"],"picked":"VitalstarM","floor":10.0},{"not_picked":["BeastUppercut+1","Weaponchange"],"picked":"LucifercomboA+1","floor":12.0},{"not_picked":["Splesh+1","Shock+1","Rebellion"],"picked":"SKIP","floor":14.0},{"not_picked":["Airtrick","DevilstarL"],"picked":"Blueorb","floor":16.0},{"not_picked":["Honeycombofire","LucifercomboD+1","DevilstarS"],"picked":"SKIP","floor":18.0},{"not_picked":["Dash1","Rebellion+1"],"picked":"Lucifer+1","floor":22.0},{"not_picked":["Doubleshoot+1","Chargeshoot+1"],"picked":"Royaldefend+1","floor":24},{"not_picked":["Doubleshoot+1","Chargeshoot2+1"],"picked":"Trickster","floor":27},{"not_picked":["Trickster","Holywater+1","LucifercomboD+1"],"picked":"SKIP","floor":28},{"not_picked":["Trickster","Holywater+1","LucifercomboD+1"],"picked":"SKIP","floor":28},{"not_picked":["LucifercomboD+1","Gilgamesh+1"],"picked":"Lucifer","floor":29},{"not_picked":["EbonyIvory","DevilstarL"],"picked":"Dash1","floor":30},{"not_picked":["Swordcombo+1","DevilstarL"],"picked":"Stylechange","floor":33},{"not_picked":["VitalstarM+1","DevilstarS+1"],"picked":"LucifercomboA+1","floor":35},{"not_picked":["Lucifer","Rebellion","LucifercomboD+1"],"picked":"SKIP","floor":36},{"not_picked":["Doubleshoot+1","Weaponchange+1"],"picked":"Royaldefend","floor":38},{"not_picked":["infinitespire:NeuralNetwork","hubris:InfiniteBlow+2"],"picked":"infinitespire:Gouge","floor":40},{"not_picked":["Straight+1","Millionkick+1"],"picked":"Hightime+1","floor":40},{"not_picked":["infinitespire:Gouge","ReplayTheSpireMod:Echoes of Time"],"picked":"infinitespire:UltimateForm","floor":41},{"not_picked":["Royaldefend","DevilstarL"],"picked":"LucifercomboA+1","floor":42},{"not_picked":["LucifercomboC+1","Whiteorb","Gilgamesh"],"picked":"hubris:SharpeningStone","floor":46},{"not_picked":["Straight+1","CoyoteA","Weaponchange"],"picked":"Hemokinesis","floor":48},{"not_picked":["Royalguard","Darkslayer","Hemogenesis"],"picked":"Purpleorb","floor":50},{"not_picked":["Unrisingdragon+1","Chargeshoot2+1","Airhike","Clothesline"],"picked":"vexMod:StairwayStrike+1","floor":52},{"not_picked":["CoyoteA+1","Millionkick+1","GilgameshcomboA+1","Warcry"],"picked":"REME_ProfessionalPlagiarism","floor":53},{"not_picked":["Ecstasy","Hightime+1","Weaponupgrade+1","expansioncontent:Collect","Body Slam"],"picked":"SKIP","floor":57},{"not_picked":["infinitespire:NeuralNetwork","infinitespire:Starlight"],"picked":"hubris:Rewind","floor":61}],"player_experience":229572,"relics_obtained":[{"floor":6.0,"key":"Lantern"},{"floor":9.0,"key":"Runesmith:AutoHammer"},{"floor":11.0,"key":"aspiration:SeaSaltIceCream"},{"floor":26,"key":"infinitespire:CursedDice"},{"floor":28,"key":"PreservedInsect"},{"floor":30,"key":"Chameleon Ring"},{"floor":40,"key":"Strawberry"},{"floor":42,"key":"hubris:DisguiseKit"},{"floor":51,"key":"Replay:Mystery Machine"},{"floor":51,"key":"CeramicFish"},{"floor":52,"key":"paleoftheancients:SoulOfTheWatcher"},{"floor":55,"key":"Ice Cream"},{"floor":57,"key":"paleoftheancients:SoulOfTheVixen"}],"event_choices":[{"damage_healed":20.0,"max_hp_gain":0.0,"max_hp_loss":0.0,"gold_gain":0.0,"event_name":"The Cleric","player_choice":"Healed","floor":13.0,"gold_loss":35.0,"damage_taken":0.0},{"damage_healed":0.0,"max_hp_gain":5.0,"max_hp_loss":0.0,"gold_gain":0.0,"event_name":"Forgotten Altar","player_choice":"Shed Blood","floor":19.0,"gold_loss":0.0,"damage_taken":20.0},{"damage_healed":0.0,"max_hp_gain":0.0,"max_hp_loss":0.0,"gold_gain":0.0,"event_name":"conspire:Investor","player_choice":"Leave","floor":21.0,"gold_loss":0.0,"damage_taken":0.0}],"is_beta":false,"boss_relics":[{"not_picked":["construct:ClawGrip","hubris:TerracottaHorce"],"picked":"Replay:Grab Bag"},{"not_picked":["ChewingGum","halation:ForbiddenBikini"],"picked":"conspire:RoyalGoblet"},{"not_picked":["Replay:Wanted Poster","energizedSpire:SpiderWeb"],"picked":"energizedSpire:RedRose"},{"not_picked":["Kintsugi","Silver_Glasses"],"picked":"aspiration:RitualDagger"},{"not_picked":["halation:Prosthetics","relicPack:StarArrow"],"picked":"REME_ChargedStone"},{"not_picked":["Painkiller Herb","energizedSpire:MagnifyingGlass","jedi:paperlyon"]},{"not_picked":["hubris:HollowSoul","energizedSpire:OgreHead"],"picked":"REME_LowDesire"}],"items_purged_floors":[0,0,0,0,20,20,20,20,37,37,37,37,37],"is_endless":true,"potions_floor_spawned":[2,3,6,14,16,24,27,30,33,35,42,48,50,53],"killed_by":"paleoftheancients:N","ascension_level":1}}