{"host":"ftkwaqka4srqnjt4","time":1609698812,"event":{"mods":["AchievementEnabler","BaseMod","Downfall","Minty Spire (QoL Compilation)","Permanent Neow","Relic Stats","StSLib"],"gold_per_floor":[109,284,297,29,104,104,119,119,146,74,89,89,132,152,152,277,277,292,305,305,84,102,102,102],"floor_reached":23,"playtime":984,"items_purged":["Doubt"],"score":267,"play_id":"3ef04d6e-df48-470b-b0da-d736bea5ee3c","local_time":"20210103193332","is_ascension_mode":true,"campfire_choices":[{"floor":6,"key":"REST"},{"floor":12,"key":"REST"},{"floor":15,"key":"REST"}],"circlet_count":0,"master_deck":["Strike_R","Strike_R","Strike_R","Strike_R","Strike_R","Defend_R","Defend_R","Defend_R","Defend_R","Bash","Fiend Fire","Inflame","expansioncontent:QuickStudy","Spot Weakness","Cleave","Immolate","Battle Trance","Seeing Red","Sword Boomerang"],"relics":["Burning Blood","Golden Idol","WingedGreaves","Busted Crown","MutagenicStrength","Akabeko"],"acts_visited":["Exordium","TheCity"],"potions_floor_usage":[13,16,23],"damage_taken":[{"damage":12,"enemies":"Small Slimes","floor":1,"turns":3},{"damage":7,"enemies":"2 Louse","floor":3,"turns":3},{"damage":2,"enemies":"Jaw Worm","floor":7,"turns":4},{"damage":16,"enemies":"Lots of Slimes","floor":11,"turns":4},{"damage":58,"enemies":"3 Sentries","floor":13,"turns":7},{"damage":0,"enemies":"2 Fungi Beasts","floor":14,"turns":2},{"damage":35,"enemies":"Hexaghost","floor":16,"turns":8},{"damage":22,"enemies":"2 Thieves","floor":18,"turns":2},{"damage":6,"enemies":"Spheric Guardian","floor":19,"turns":3},{"damage":0,"enemies":"Centurion and Healer","floor":22,"turns":3},{"damage":59,"enemies":"Book of Stabbing","floor":23,"turns":4}],"seed_played":"6293705824606746500","potions_obtained":[{"floor":11,"key":"SmokeBomb"},{"floor":13,"key":"SmokeBomb"},{"floor":14,"key":"Energy Potion"},{"floor":16,"key":"sneckomod:MuddlingPotion"},{"floor":19,"key":"AttackPotion"}],"is_trial":false,"path_per_floor":["M","?","M","$","?","R","M","?","T","$","M","R","E","M","R","B",null,"M","M","?","$","M","E"],"character_chosen":"IRONCLAD","items_purchased":["expansioncontent:QuickStudy","Regen Potion","Akabeko","Seeing Red"],"campfire_rested":3,"item_purchase_floors":[4,10,21,21],"current_hp_per_floor":[45,45,44,44,33,57,61,41,41,41,31,55,18,24,48,19,65,49,49,49,49,55,0,0],"gold":102,"neow_bonus":"THREE_RARE_CARDS","is_daily":false,"chose_seed":false,"campfire_upgraded":0,"win_rate":0.0,"timestamp":1609698812,"path_taken":["M","?","M","$","?","R","M","?","T","?","M","R","E","?","R","BOSS","M","M","?","$","M","E"],"items_purchased_type":["Card","Potion","Relic","Card"],"build_version":"2020-12-22","purchased_purges":1,"victory":false,"max_hp_per_floor":[80,80,80,80,80,80,80,80,80,80,80,80,80,80,80,80,80,80,80,80,80,80,80,80],"relic_stats":{"Busted Crown":6,"counters":[11,43],"Golden Idol":51,"obtain_stats":[{"Busted Crown":17,"Golden Idol":8,"MutagenicStrength":20,"WingedGreaves":13,"Burning Blood":0,"Akabeko":21},{"Busted Crown":7,"Golden Idol":3,"MutagenicStrength":9,"WingedGreaves":5,"Burning Blood":0,"Akabeko":9},{"Busted Crown":31,"Golden Idol":10,"MutagenicStrength":36,"WingedGreaves":21,"Burning Blood":0,"Akabeko":36}],"Burning Blood":60},"card_choices":[{"not_picked":["Exhume","Limit Break"],"picked":"Fiend Fire","floor":0},{"not_picked":["Twin Strike","Clothesline"],"picked":"Inflame","floor":1},{"not_picked":["Perfected Strike","Shrug It Off","Evolve"],"picked":"SKIP","floor":3},{"not_picked":["Sword Boomerang","Armaments"],"picked":"Spot Weakness","floor":7},{"not_picked":["Iron Wave","Blood for Blood","Havoc"],"picked":"SKIP","floor":11},{"not_picked":["Thunderclap","Body Slam"],"picked":"Cleave","floor":13},{"not_picked":["Headbutt","Evolve","Armaments"],"picked":"SKIP","floor":14},{"not_picked":["Fiend Fire","Berserk"],"picked":"Immolate","floor":16},{"not_picked":[],"picked":"Battle Trance","floor":18},{"not_picked":["Carnage"],"picked":"SKIP","floor":19},{"not_picked":[],"picked":"Sword Boomerang","floor":22}],"player_experience":546240,"relics_obtained":[{"floor":13,"key":"WingedGreaves"}],"event_choices":[{"damage_healed":0,"gold_gain":175,"player_choice":"AGREE","damage_taken":0,"max_hp_gain":0,"max_hp_loss":0,"event_name":"Liars Game","floor":2,"gold_loss":0,"cards_obtained":["Doubt"]},{"damage_healed":0,"gold_gain":75,"player_choice":"Gather Gold","damage_taken":11,"max_hp_gain":0,"max_hp_loss":0,"event_name":"World of Goop","floor":5,"gold_loss":0},{"damage_healed":0,"gold_gain":0,"player_choice":"Take Damage","damage_taken":20,"relics_obtained":["Golden Idol"],"max_hp_gain":0,"max_hp_loss":0,"event_name":"Golden Idol","floor":8,"gold_loss":0},{"damage_healed":0,"gold_gain":0,"player_choice":"Inject Mutagens","damage_taken":0,"relics_obtained":["MutagenicStrength"],"max_hp_gain":0,"max_hp_loss":0,"event_name":"Drug Dealer","floor":20,"gold_loss":0}],"is_beta":false,"boss_relics":[{"not_picked":["Coffee Dripper","Ectoplasm"],"picked":"Busted Crown"}],"items_purged_floors":[4],"is_endless":false,"potions_floor_spawned":[11,13,14,16,19],"killed_by":"Book of Stabbing","ascension_level":8}}