{"host":"n3pcl7mteoua0i12","time":1609635079,"event":{"mods":["BaseMod","Bestiary","Curses Come First","Googly Eyes","Minty Spire (QoL Compilation)","StSLib","The Bug Knight"],"gold_per_floor":[115,115,115,130,146,146,165,200,200,119,119,134,134,162,162,259,259,276,276,292,217,232,262,262,273,273,273,273,303,56,56,56,156,156,173,173,190,190,201,201,233,248,248,266,11,36,53,70,70,70],"floor_reached":51,"playtime":2731,"items_purged":["HollowMod:VoidDash"],"score":882,"play_id":"38a8f1f1-9d50-4af0-a3b5-3b3e243c5474","local_time":"20210102165119","is_ascension_mode":false,"campfire_choices":[{"data":"HollowMod:HowlingWraiths","floor":6,"key":"SMITH"},{"data":"HollowMod:MothsMistake","floor":11,"key":"SMITH"},{"floor":13,"key":"REST"},{"data":"HollowMod:HeavyBlow","floor":15,"key":"SMITH"},{"data":"HollowMod:Weaversong","floor":24,"key":"SMITH"},{"data":"HollowMod:LifebloodCocoon","floor":27,"key":"SMITH"},{"floor":32,"key":"REST"},{"data":"HollowMod:PogoStrike","floor":40,"key":"SMITH"},{"floor":49,"key":"REST"}],"circlet_count":0,"master_deck":["HollowMod:NailStrikeStart+1","HollowMod:NailStrikeStart+1","HollowMod:NailStrikeStart+1","HollowMod:NailStrikeStart+1","HollowMod:QuickDashStart+1","HollowMod:QuickDashStart+1","HollowMod:QuickDashStart+1","HollowMod:QuickDashStart+1","HollowMod:FocusHealStart+1","HollowMod:PogoStrike+1","HollowMod:DashSlash+1","HollowMod:HowlingWraiths+1","HollowMod:MothsMistake+1","HollowMod:HeavyBlow+1","HollowMod:LifebloodCocoon+1","HollowMod:Weaversong+1","HollowMod:SoulStrike+1","HollowMod:CloakDash+1","HollowMod:CornifersMapStart+1","HollowMod:MantisMark+1"],"relics":["HollowMod:VesselMask","NeowsBlessing","Shuriken","Incense Burner","Mango","Runic Pyramid","Darkstone Periapt","Pear","Ornamental Fan","Eternal Feather","Busted Crown","Girya","Singing Bowl","Mercury Hourglass","Lantern"],"acts_visited":["Exordium","TheCity","TheBeyond"],"potions_floor_usage":[29,50,50,50],"damage_taken":[{"damage":0,"enemies":"Small Slimes","floor":1,"turns":1},{"damage":0,"enemies":"2 Louse","floor":4,"turns":1},{"damage":0,"enemies":"Cultist","floor":5,"turns":1},{"damage":1,"enemies":"3 Louse","floor":7,"turns":2},{"damage":46,"enemies":"Lagavulin","floor":8,"turns":8},{"damage":6,"enemies":"Looter","floor":12,"turns":4},{"damage":11,"enemies":"3 Sentries","floor":14,"turns":6},{"damage":20,"enemies":"Slime Boss","floor":16,"turns":8},{"damage":21,"enemies":"Shell Parasite","floor":18,"turns":6},{"damage":16,"enemies":"Spheric Guardian","floor":20,"turns":7},{"damage":20,"enemies":"Centurion and Healer","floor":22,"turns":6},{"damage":13,"enemies":"HollowMod:Nosk","floor":23,"turns":9},{"damage":13,"enemies":"Snecko","floor":25,"turns":4},{"damage":16,"enemies":"Book of Stabbing","floor":29,"turns":5},{"damage":63,"enemies":"Collector","floor":33,"turns":9},{"damage":0,"enemies":"Orb Walker","floor":35,"turns":3},{"damage":33,"enemies":"3 Darklings","floor":37,"turns":4},{"damage":4,"enemies":"Sphere and 2 Shapes","floor":39,"turns":5},{"damage":17,"enemies":"Nemesis","floor":41,"turns":7},{"damage":1,"enemies":"Spire Growth","floor":42,"turns":4},{"damage":8,"enemies":"4 Shapes","floor":44,"turns":4},{"damage":33,"enemies":"Reptomancer","floor":46,"turns":6},{"damage":12,"enemies":"Writhing Mass","floor":47,"turns":6},{"damage":0,"enemies":"Transient","floor":48,"turns":5},{"damage":8,"enemies":"HollowMod:Radiance","floor":50,"turns":11}],"seed_played":"4840579777204057283","potions_obtained":[{"floor":4,"key":"Swift Potion"},{"floor":12,"key":"SmokeBomb"},{"floor":16,"key":"CultistPotion"},{"floor":29,"key":"Explosive Potion"},{"floor":35,"key":"Block Potion"},{"floor":41,"key":"AttackPotion"}],"is_trial":false,"path_per_floor":["M","?","?","M","M","R","M","E","T","$","R","M","R","E","R","B",null,"M","?","M","$","M","E","R","M","T","R","?","E","$","?","R","B",null,"M","?","M","?","M","R","E","M","T","M","$","E","M","M","R","B",null],"character_chosen":"THE_BUGKNIGHT","items_purchased":["HollowMod:GreatSlash","Eternal Feather","Mercury Hourglass"],"campfire_rested":3,"item_purchase_floors":[10,30,45],"current_hp_per_floor":[75,75,75,75,75,75,74,34,34,34,34,38,60,63,63,49,89,74,74,68,68,58,55,55,42,52,52,52,36,36,36,77,20,99,99,99,72,99,99,99,92,99,99,99,99,74,74,86,107,105],"gold":70,"neow_bonus":"THREE_ENEMY_KILL","is_daily":false,"chose_seed":false,"campfire_upgraded":6,"win_rate":0.0,"timestamp":1609635079,"path_taken":["M","?","?","?","M","R","M","E","T","$","R","M","R","E","R","BOSS","M","?","M","$","M","E","R","M","T","R","?","E","?","?","R","BOSS","M","?","M","?","M","R","E","M","T","M","$","E","M","M","R","BOSS"],"items_purchased_type":["Card","Relic","Relic"],"build_version":"2020-12-22","purchased_purges":1,"victory":true,"max_hp_per_floor":[75,75,75,75,75,75,75,75,75,75,75,75,75,89,89,89,89,89,89,89,89,89,89,89,89,99,99,99,99,99,99,99,99,99,99,99,99,99,99,99,99,99,99,101,101,103,105,107,107,107],"card_choices":[{"not_picked":["HollowMod:InfectedCysts","HollowMod:DoubleDash"],"picked":"HollowMod:DashSlash","floor":1},{"not_picked":["HollowMod:NewLittleFool","HollowMod:WraithStrike"],"picked":"HollowMod:HowlingWraiths","floor":4},{"not_picked":["HollowMod:PureNailStrike","HollowMod:ShadowDash","HollowMod:DoubleDash"],"picked":"SKIP","floor":5},{"not_picked":["HollowMod:NewJinnsSoul","HollowMod:SoulSplash"],"picked":"HollowMod:VoidDash","floor":7},{"not_picked":["HollowMod:SoulShaman","HollowMod:TaintedHusks"],"picked":"HollowMod:MothsMistake","floor":8},{"not_picked":["HollowMod:InfectedCysts","HollowMod:VengefulSpirit"],"picked":"HollowMod:HeavyBlow","floor":12},{"not_picked":["HollowMod:ShadowDash","HollowMod:SharpenedNail"],"picked":"HollowMod:LifebloodCocoon","floor":14},{"not_picked":["HollowMod:theNailsmith","HollowMod:ElderbugsWisdom"],"picked":"HollowMod:Weaversong","floor":16},{"not_picked":["HollowMod:SharpenedNail","HollowMod:HowlingWraiths+1"],"picked":"HollowMod:SoulStrike+1","floor":18},{"not_picked":["HollowMod:SoulEater","HollowMod:VengefulSpirit"],"picked":"HollowMod:CloakDash+1","floor":20},{"not_picked":["HollowMod:MonarchWings","HollowMod:CoiledNail+1","HollowMod:NewGlowingWomb"],"picked":"SKIP","floor":22},{"not_picked":["HollowMod:ElderbugsWisdom","HollowMod:SharpenedShadows","HollowMod:VengefulVoid"],"picked":"SKIP","floor":23},{"not_picked":["HollowMod:GrimmsGift","HollowMod:CoiledNail"],"picked":"HollowMod:CornifersMapStart+1","floor":25},{"not_picked":["HollowMod:InfectionAssault","HollowMod:LifebloodCocoon","HollowMod:SiblingsShadow"],"picked":"SKIP","floor":29},{"not_picked":["HollowMod:PerfectDash"],"picked":"SKIP","floor":35},{"not_picked":["HollowMod:BlackTendrils"],"picked":"SKIP","floor":37},{"not_picked":[],"picked":"HollowMod:MantisMark+1","floor":39},{"not_picked":["HollowMod:SoulStrike"],"picked":"SKIP","floor":41},{"not_picked":["HollowMod:NewLittleFool"],"picked":"SKIP","floor":42},{"not_picked":["HollowMod:GreatSlash+1"],"picked":"Singing Bowl","floor":44},{"not_picked":["HollowMod:NewLittleFool+1"],"picked":"Singing Bowl","floor":46},{"not_picked":["HollowMod:SharpenedNail+1"],"picked":"Singing Bowl","floor":47},{"not_picked":["HollowMod:ShadowDash"],"picked":"Singing Bowl","floor":48}],"player_experience":409329,"relics_obtained":[{"floor":8,"key":"Shuriken"},{"floor":9,"key":"Incense Burner"},{"floor":14,"key":"Mango"},{"floor":23,"key":"Darkstone Periapt"},{"floor":26,"key":"Pear"},{"floor":29,"key":"Ornamental Fan"},{"floor":41,"key":"Girya"},{"floor":43,"key":"Singing Bowl"},{"floor":46,"key":"Lantern"}],"event_choices":[{"damage_healed":0,"gold_gain":0,"player_choice":"Grow","damage_taken":0,"max_hp_gain":0,"max_hp_loss":0,"event_name":"Living Wall","floor":2,"gold_loss":0,"cards_upgraded":["HollowMod:DashSlash"]},{"damage_healed":0,"gold_gain":0,"player_choice":"Forge","damage_taken":0,"max_hp_gain":0,"max_hp_loss":0,"event_name":"Accursed Blacksmith","floor":3,"gold_loss":0,"cards_upgraded":["HollowMod:FocusHealStart"]},{"damage_healed":0,"gold_gain":0,"player_choice":"Simplicity","damage_taken":0,"max_hp_gain":0,"max_hp_loss":0,"event_name":"Back to Basics","floor":19,"gold_loss":0,"cards_upgraded":["HollowMod:NailStrikeStart","HollowMod:NailStrikeStart","HollowMod:NailStrikeStart","HollowMod:NailStrikeStart","HollowMod:QuickDashStart","HollowMod:QuickDashStart","HollowMod:QuickDashStart","HollowMod:QuickDashStart"]},{"damage_healed":0,"gold_gain":0,"player_choice":"Ignored","damage_taken":0,"max_hp_gain":0,"max_hp_loss":0,"event_name":"Cursed Tome","floor":28,"gold_loss":0},{"damage_healed":0,"gold_gain":0,"player_choice":"Ignored","damage_taken":0,"max_hp_gain":0,"max_hp_loss":0,"event_name":"Vampires","floor":31,"gold_loss":0},{"damage_healed":0,"gold_gain":0,"player_choice":"Ignored","damage_taken":0,"max_hp_gain":0,"max_hp_loss":0,"event_name":"Mysterious Sphere","floor":36,"gold_loss":0},{"cards_removed":["HollowMod:GreatSlash"],"damage_healed":27,"gold_gain":0,"player_choice":"Offered Uncommon","damage_taken":0,"max_hp_gain":0,"max_hp_loss":0,"event_name":"Bonfire Elementals","floor":38,"gold_loss":0}],"is_beta":false,"boss_relics":[{"not_picked":["Calling Bell","Astrolabe"],"picked":"Runic Pyramid"},{"not_picked":["Snecko Eye","Black Star"],"picked":"Busted Crown"}],"items_purged_floors":[21],"is_endless":false,"potions_floor_spawned":[4,12,16,18,22,29,35,41,44,46],"ascension_level":0}}