{"host":"dhyczjm99amxd3qx","time":1609649030,"event":{"mods":["BaseMod","Colored Map","Googly Eyes","Highlight Path","Minty Spire (QoL Compilation)","Quick Restart","StSLib"],"gold_per_floor":[115,115,190,44,44,75,87,118,167,181,201,211,239,265,265,367,367,385,9,29,47,60,80,80,111,111,111,136,136,171,201,201,304,304,319,97,117,117,133,165,115,115,115,140,154,174,192,211,211,211],"floor_reached":51,"playtime":3855,"items_purged":["Strike_G","Strike_G","Decay"],"score":1099,"play_id":"468844e2-f07e-483c-bba1-56cde17f0080","local_time":"20210102234350","is_ascension_mode":true,"campfire_choices":[{"floor":15.0,"key":"REST"},{"data":"Envenom","floor":24.0,"key":"SMITH"},{"floor":27.0,"key":"REST"},{"data":"Leg Sweep","floor":29.0,"key":"SMITH"},{"data":"Catalyst","floor":32.0,"key":"SMITH"},{"floor":42.0,"key":"DIG"},{"floor":49.0,"key":"DIG"}],"circlet_count":0,"master_deck":["Strike_G","Strike_G","Strike_G","Defend_G","Defend_G","Defend_G","Defend_G","Defend_G","Survivor","Neutralize","Sucker Punch","Bouncing Flask","Catalyst+1","Cloak And Dagger","Heel Hook","Blade Dance","Crippling Poison","Envenom+1","Prepared","Leg Sweep+1","Blade Dance","Corpse Explosion","A Thousand Cuts","Cloak And Dagger","Poisoned Stab","Adrenaline+1","Expertise+1","Poisoned Stab+1","Bouncing Flask+1"],"relics":["Ring of the Snake","NeowsBlessing","MealTicket","Oddly Smooth Stone","Meat on the Bone","The Specimen","Regal Pillow","Odd Mushroom","Shovel","Sozu","Happy Flower","HandDrill","Pantograph","FossilizedHelix","PreservedInsect","Smiling Mask","Red Mask","Fusion Hammer","ClockworkSouvenir","Toxic Egg 2","Pear","Eternal Feather","The Courier","Bag of Preparation"],"acts_visited":["Exordium","TheCity","TheBeyond"],"potions_floor_usage":[],"damage_taken":[{"damage":0.0,"enemies":"2 Louse","floor":1.0,"turns":1.0},{"damage":0.0,"enemies":"Gremlin Nob","floor":6.0,"turns":1.0},{"damage":0.0,"enemies":"Small Slimes","floor":7.0,"turns":1.0},{"damage":0.0,"enemies":"Lagavulin","floor":8.0,"turns":5.0},{"damage":0.0,"enemies":"Jaw Worm","floor":10.0,"turns":3.0},{"damage":0.0,"enemies":"2 Fungi Beasts","floor":11.0,"turns":3.0},{"damage":0.0,"enemies":"Red Slaver","floor":12.0,"turns":3.0},{"damage":21.0,"enemies":"The Mushroom Lair","floor":13.0,"turns":3.0},{"damage":38.0,"enemies":"Gremlin Nob","floor":14.0,"turns":6.0},{"damage":25.0,"enemies":"The Guardian","floor":16.0,"turns":10.0},{"damage":0.0,"enemies":"Chosen","floor":18.0,"turns":4.0},{"damage":13.0,"enemies":"Spheric Guardian","floor":20.0,"turns":4.0},{"damage":25.0,"enemies":"Chosen and Byrds","floor":21.0,"turns":7.0},{"damage":12.0,"enemies":"Centurion and Healer","floor":22.0,"turns":9.0},{"damage":24.0,"enemies":"Snecko","floor":23.0,"turns":6.0},{"damage":46.0,"enemies":"Book of Stabbing","floor":25.0,"turns":6.0},{"damage":10.0,"enemies":"Gremlin Leader","floor":28.0,"turns":6.0},{"damage":5.0,"enemies":"Book of Stabbing","floor":30.0,"turns":5.0},{"damage":21.0,"enemies":"Masked Bandits","floor":31.0,"turns":5.0},{"damage":32.0,"enemies":"Collector","floor":33.0,"turns":10.0},{"damage":21.0,"enemies":"3 Darklings","floor":35.0,"turns":5.0},{"damage":0.0,"enemies":"3 Shapes","floor":37.0,"turns":3.0},{"damage":0.0,"enemies":"3 Darklings","floor":39.0,"turns":2.0},{"damage":34.0,"enemies":"Reptomancer","floor":40.0,"turns":4.0},{"damage":46.0,"enemies":"Nemesis","floor":44.0,"turns":7.0},{"damage":0.0,"enemies":"Maw","floor":45.0,"turns":6.0},{"damage":0.0,"enemies":"Spire Growth","floor":46.0,"turns":4.0},{"damage":8.0,"enemies":"Jaw Worm Horde","floor":47.0,"turns":3.0},{"damage":8.0,"enemies":"Sphere and 2 Shapes","floor":48.0,"turns":5.0},{"damage":69,"enemies":"Donu and Deca","floor":50,"turns":7}],"seed_played":"-2423468399654447099","potions_obtained":[{"floor":10.0,"key":"Strength Potion"},{"floor":11.0,"key":"Explosive Potion"},{"floor":16.0,"key":"FairyPotion"}],"is_trial":false,"path_per_floor":["M","?","?","$","?","E","M","E","T","M","M","M","?","E","R","B",null,"M","$","M","M","M","M","R","E","T","R","E","R","E","?","R","B",null,"M","$","M","?","M","E","$","R","T","E","M","M","M","M","R","B",null],"character_chosen":"THE_SILENT","items_purchased":["Oddly Smooth Stone","Happy Flower","HandDrill","ClockworkSouvenir","Poisoned Stab"],"campfire_rested":2,"item_purchase_floors":[4,19,19,36,36],"current_hp_per_floor":[63,51,40,55,70,70,70,70,70,70,70,70,49,23,59,46,64,64,70,57,44,44,32,32,33,33,69,59,59,54,45,45,38,62,41,56,56,56,56,34,49,59,59,25,37,49,41,45,60,23],"gold":211,"neow_bonus":"THREE_ENEMY_KILL","is_daily":false,"chose_seed":false,"campfire_upgraded":3,"win_rate":0.0,"timestamp":1609649030,"path_taken":["M","?","?","?","?","E","M","E","T","M","M","?","?","E","R","BOSS","M","$","M","M","M","M","R","E","T","R","E","R","E","?","R","BOSS","M","$","M","?","M","E","$","R","T","E","?","M","M","M","R","BOSS"],"items_purchased_type":["Relic","Relic","Relic","Relic","Card"],"build_version":"2020-12-22","purchased_purges":3,"victory":true,"max_hp_per_floor":[70,70,70,70,70,70,70,70,70,70,70,70,70,70,70,70,70,70,70,70,70,70,70,70,70,70,70,70,70,70,70,70,70,70,70,70,70,70,70,70,70,80,80,80,80,80,80,80,80,80],"card_choices":[{"not_picked":["Heel Hook","Flying Knee"],"picked":"Sucker Punch","floor":1.0},{"not_picked":["Backflip","Blur"],"picked":"Bouncing Flask","floor":6.0},{"not_picked":["Cloak And Dagger","Quick Slash"],"picked":"Catalyst","floor":7.0},{"not_picked":["Distraction","All Out Attack"],"picked":"Cloak And Dagger","floor":8.0},{"not_picked":["Dagger Spray","Acrobatics"],"picked":"Heel Hook","floor":10.0},{"not_picked":["Predator","Distraction"],"picked":"Blade Dance","floor":11.0},{"not_picked":["Dodge and Roll","Quick Slash","Predator"],"picked":"SKIP","floor":12.0},{"not_picked":["Blade Dance","Blur"],"picked":"Crippling Poison","floor":14.0},{"not_picked":["Bullet Time","Tools of the Trade"],"picked":"Envenom","floor":16.0},{"not_picked":["Endless Agony+1","Underhanded Strike"],"picked":"Prepared","floor":18.0},{"not_picked":["Flying Knee","Crippling Poison","Riddle With Holes"],"picked":"SKIP","floor":20.0},{"not_picked":["All Out Attack","Dodge and Roll"],"picked":"Leg Sweep","floor":21.0},{"not_picked":["Prepared","Sucker Punch","Deflect"],"picked":"SKIP","floor":22.0},{"not_picked":["Sucker Punch","Flechettes"],"picked":"Blade Dance","floor":23.0},{"not_picked":["Caltrops","Deflect","Dagger Throw"],"picked":"SKIP","floor":25.0},{"not_picked":["Acrobatics+1","Bane","Crippling Poison"],"picked":"SKIP","floor":28.0},{"not_picked":["Underhanded Strike+1","PiercingWail","Setup"],"picked":"SKIP","floor":30.0},{"not_picked":["Flechettes","Bouncing Flask"],"picked":"Corpse Explosion","floor":31.0},{"not_picked":["Unload","Phantasmal Killer"],"picked":"A Thousand Cuts","floor":33.0},{"not_picked":["Dagger Spray+1","Setup+1"],"picked":"Cloak And Dagger","floor":35.0},{"not_picked":["Dodge and Roll+1","Acrobatics+1","Dagger Throw"],"picked":"SKIP","floor":37.0},{"not_picked":["Dagger Throw+1","Bane+1","Accuracy"],"picked":"SKIP","floor":39.0},{"not_picked":["Riddle With Holes+1","Backflip+1","Slice"],"picked":"SKIP","floor":40.0},{"not_picked":["Cloak And Dagger+1","Die Die Die"],"picked":"Adrenaline+1","floor":44.0},{"not_picked":["Expertise+1","Skewer+1","PiercingWail+1"],"picked":"SKIP","floor":45.0},{"not_picked":["Blade Dance+1","Outmaneuver+1"],"picked":"Expertise+1","floor":46.0},{"not_picked":["Masterful Stab","Riddle With Holes+1"],"picked":"Poisoned Stab+1","floor":47.0},{"not_picked":["Cloak And Dagger+1","Bane+1"],"picked":"Bouncing Flask+1","floor":48.0}],"player_experience":293232,"relics_obtained":[{"floor":6.0,"key":"Meat on the Bone"},{"floor":8.0,"key":"The Specimen"},{"floor":9.0,"key":"Regal Pillow"},{"floor":13.0,"key":"Odd Mushroom"},{"floor":14.0,"key":"Shovel"},{"floor":25.0,"key":"Pantograph"},{"floor":26.0,"key":"FossilizedHelix"},{"floor":28.0,"key":"PreservedInsect"},{"floor":30.0,"key":"Smiling Mask"},{"floor":31.0,"key":"Red Mask"},{"floor":40.0,"key":"Toxic Egg 2"},{"floor":42.0,"key":"Pear"},{"floor":43.0,"key":"Eternal Feather"},{"floor":44.0,"key":"The Courier"},{"floor":49.0,"key":"Bag of Preparation"}],"event_choices":[{"damage_healed":0.0,"max_hp_gain":0.0,"max_hp_loss":0.0,"gold_gain":0.0,"event_name":"Scrap Ooze","player_choice":"Success","floor":2.0,"gold_loss":0.0,"damage_taken":12.0,"relics_obtained":["MealTicket"]},{"damage_healed":0.0,"max_hp_gain":0.0,"max_hp_loss":0.0,"gold_gain":75.0,"event_name":"World of Goop","player_choice":"Gather Gold","floor":3.0,"gold_loss":0.0,"damage_taken":11.0},{"damage_healed":15.0,"max_hp_gain":0.0,"max_hp_loss":0.0,"gold_gain":0.0,"event_name":"Wheel of Change","player_choice":"Full Heal","floor":5.0,"gold_loss":0.0,"damage_taken":0.0},{"damage_healed":0.0,"max_hp_gain":0.0,"max_hp_loss":0.0,"gold_gain":0.0,"event_name":"Mushrooms","player_choice":"Fought Mushrooms","floor":13.0,"gold_loss":0.0,"damage_taken":0.0},{"damage_healed":0.0,"max_hp_gain":0.0,"max_hp_loss":0.0,"gold_gain":0.0,"event_name":"Masked Bandits","player_choice":"Fought Bandits","floor":31.0,"gold_loss":0.0,"damage_taken":0.0},{"damage_healed":0.0,"max_hp_gain":0.0,"max_hp_loss":0.0,"gold_gain":0.0,"event_name":"Wheel of Change","player_choice":"Cursed","floor":38.0,"gold_loss":0.0,"damage_taken":0.0,"cards_obtained":["Decay"]}],"is_beta":false,"boss_relics":[{"not_picked":["Astrolabe","Black Star"],"picked":"Sozu"},{"not_picked":["SacredBark","Runic Dome"],"picked":"Fusion Hammer"}],"items_purged_floors":[19,36,41],"is_endless":false,"potions_floor_spawned":[10,11,16,18,21,25,31,44,45,46,48],"ascension_level":7}}