{"host":"p08oqmr389b4tgxi","time":1609675506,"event":{"mods":["Act Like it!","BaseMod","CapriCore","Colored Powertips","Gensokyo","Hallownest","Luminous","Minty Spire (QoL Compilation)","Quick Restart","Relic Stats","StSLib","The Immortal","UnlockEverythingMod","Yakumo Yukari mod","¡¾ÒÅÎï¿¨ÅÆ¡¿REMEMod"],"gold_per_floor":[119,119,135,150,229,229,11,29,53,79,96,96,112,131,131,236,236,255,270,19,332,332,365,365,391,416,416,428,428,428,439,439,535,535,545,564,576,587,606,633,650,665,690,719,719,731,201,220,220,220,220,220,9,35,35],"floor_reached":56,"playtime":5415,"items_purged":["MokouMod:Strike","MokouMod:Strike","MokouMod:SearingShot"],"score":1357,"play_id":"c0a644dd-6655-4146-b746-46a1e07ccf45","local_time":"20210103200506","is_ascension_mode":false,"campfire_choices":[{"data":"REME_EyeOfCthun","floor":6.0,"key":"SMITH"},{"data":"MokouMod:Wildfire","floor":12.0,"key":"SMITH"},{"data":"MokouMod:Extinguish","floor":15.0,"key":"SMITH"},{"data":"MokouMod:Firecracker","floor":27.0,"key":"SMITH"},{"data":"MokouMod:Firecracker","floor":32.0,"key":"SMITH"},{"data":"MokouMod:Sear","floor":45,"key":"SMITH"},{"floor":49,"key":"RECALL"},{"data":"MokouMod:BurningDraft","floor":52,"key":"SMITH"}],"circlet_count":0,"master_deck":["MokouMod:Strike","MokouMod:Strike","MokouMod:Strike","MokouMod:Defend","MokouMod:Defend","MokouMod:Defend+1","MokouMod:Defend","MokouMod:HeatSpark","REME_EyeOfCthun+1","MokouMod:Extinguish+1","MokouMod:ResonanceReactor+1","MokouMod:ResoluteFlare","MokouMod:RetainTemperature+1","MokouMod:Burn","MokouMod:Wildfire+1","MokouMod:EnchantingBambooForest+1","MokouMod:ExplosiveFlame+1","CurseOfTheBell","MokouMod:Sear+1","MokouMod:Firecracker+1","MokouMod:IgnitionBarrier","MokouMod:Stoke","MokouMod:IndiscriminateIgnition","MokouMod:Rebirth+1","MokouMod:Firecracker+1","MokouMod:IgnitionBlast+1","MokouMod:BurningDraft+1","MokouMod:Stoke","Clumsy","MokouMod:HouraiForge+1","MokouMod:BurningDraft+1","MokouMod:DanceofFlames","MokouMod:Meltdown+1","MokouMod:EnchantingBambooForest+1","MokouMod:BurningDraft","MokouMod:PhoenixFeathers","MokouMod:RisingSunBarrier+1","MokouMod:Firecracker","MokouMod:Extinguish"],"relics":["MokouMod:PhoenixFeather","REME_ComplimentaryCards","NeowsBlessing","Hallownest:DreamNailRelic","Frozen Egg 2","Orrery","PreservedInsect","Strawberry","Mango","Dead Branch","Calling Bell","Tiny Chest","Pantograph","Torii","REME_IWantAll","War Paint","Old Coin","Red Mask","Du-Vu Doll","Mercury Hourglass","Bronze Scales","REME_PuzzleBoxRelic","Bottled Tornado","Turnip","FossilizedHelix","Frozen Eye","Ice Cream","Philosopher\u0027s Stone","Thread and Needle","OrangePellets","Blood Vial","Question Card","Lizard Tail","Chemical X","DollysMirror","Oddly Smooth Stone","Akabeko","Letter Opener"],"acts_visited":["Exordium","Hallownest:Greenpath","Hallownest:CityofTears","TheEnding"],"potions_floor_usage":[39],"damage_taken":[{"damage":0.0,"enemies":"Hallownest:2_Baldur","floor":1.0,"turns":1.0},{"damage":0.0,"enemies":"Hallownest:2_Tiktiks_and_1_Crawlid","floor":3.0,"turns":1.0},{"damage":0.0,"enemies":"Hallownest:2_MossCreeps","floor":4.0,"turns":1.0},{"damage":5.0,"enemies":"Hallownest:monsterAspidMother","floor":8.0,"turns":4.0},{"damage":13.0,"enemies":"Hallownest:eliteCrystalGuardian","floor":10.0,"turns":3.0},{"damage":35.0,"enemies":"Hallownest:Guard_and_Warrior","floor":11.0,"turns":5.0},{"damage":16.0,"enemies":"Hallownest:MossCreep_and_Mosskin","floor":13.0,"turns":5.0},{"damage":14.0,"enemies":"Hallownest:2_Tiktiks_1_Baldur_1_Crawlid","floor":14.0,"turns":7.0},{"damage":9.0,"enemies":"Hallownest:BossBrokenVessel","floor":16.0,"turns":3.0},{"damage":3.0,"enemies":"Hallownest:Guard_and_Sentry","floor":18.0,"turns":5.0},{"damage":5.0,"enemies":"Hallownest:2_Mistakes","floor":19.0,"turns":5.0},{"damage":23.0,"enemies":"Hallownest:2_Husk_Sentries","floor":21.0,"turns":8.0},{"damage":16.0,"enemies":"Hallownest:Nosk","floor":23.0,"turns":8.0},{"damage":2.0,"enemies":"Hallownest:eliteSoulWarrior","floor":25.0,"turns":4.0},{"damage":6.0,"enemies":"Hallownest:2_Flukemon","floor":28.0,"turns":5.0},{"damage":0.0,"enemies":"Hallownest:monsterMisterMushroom","floor":31.0,"turns":5.0},{"damage":27.0,"enemies":"Hallownest:BossSoulMaster","floor":33.0,"turns":6.0},{"damage":1,"enemies":"Hallownest:2_Littles","floor":35,"turns":3},{"damage":6,"enemies":"Hallownest:3_Siblings","floor":36,"turns":5},{"damage":3,"enemies":"Hallownest:2_Soldiers_and_1_Guardian","floor":37,"turns":5},{"damage":0,"enemies":"Hallownest:2_Wing_and_1_Kings","floor":38,"turns":5},{"damage":37,"enemies":"Hallownest:monsterPrimalAspid","floor":39,"turns":5},{"damage":1,"enemies":"Hallownest:eliteCollector","floor":40,"turns":5},{"damage":0,"enemies":"Hallownest:Shield_Sturdy","floor":41,"turns":3},{"damage":2,"enemies":"Hallownest:2_Wandering_and_1_Horned","floor":42,"turns":4},{"damage":2,"enemies":"Hallownest:StalkingDevout","floor":44,"turns":5},{"damage":30,"enemies":"Hallownest:Xero_Hu_Marmu","floor":46,"turns":6},{"damage":16,"enemies":"Hallownest:Shield_Sturdy","floor":48,"turns":4},{"damage":8152013,"enemies":"Hallownest:BossGreyPrinceZote","floor":50,"turns":6},{"damage":12,"enemies":"Shield and Spear","floor":54,"turns":2},{"damage":15,"enemies":"The Heart","floor":55,"turns":4}],"seed_played":"5107515681470427971","potions_obtained":[{"floor":1.0,"key":"BlessingOfTheForge"},{"floor":4.0,"key":"SkillPotion"},{"floor":8.0,"key":"CultistPotion"},{"floor":10.0,"key":"FearPotion"},{"floor":16.0,"key":"Block Potion"},{"floor":19.0,"key":"PowerPotion"},{"floor":23.0,"key":"Swift Potion"},{"floor":42,"key":"Strength Potion"}],"is_trial":false,"path_per_floor":["M","?","M","M","T","R","$","M","T","E","M","R","M","M","R","B",null,"M","M","$","M","?","E","?","E","T","R","M","?","T","M","R","B",null,"M","M","M","M","M","E","M","M","T","E","R","M","$","M","R","B",null,"R","$","E","B",null],"character_chosen":"MKU","items_purchased":["Orrery","War Paint","DollysMirror","Oddly Smooth Stone","MokouMod:BurningDraft","MokouMod:PhoenixFeathers","Akabeko","MokouMod:RisingSunBarrier+1","MokouMod:Firecracker"],"campfire_rested":0,"item_purchase_floors":[7,20,47,47,47,47,47,53,53],"current_hp_per_floor":[75,75,75,75,75,75,75,70,70,64,29,29,13,33,33,24,96,93,91,91,71,71,55,55,53,53,53,50,50,50,50,50,48,105,104,98,95,95,58,57,59,59,59,63,63,35,35,21,21,47,105,105,105,93,95],"gold":35,"neow_bonus":"THREE_ENEMY_KILL","is_daily":false,"chose_seed":false,"campfire_upgraded":7,"win_rate":0.0,"timestamp":1609675506,"path_taken":["M","?","?","M","?","R","?","M","T","E","M","R","?","M","R","BOSS","BOSS","M","M","$","M","?","E","?","E","T","R","M","?","?","?","R","BOSS","M","M","M","M","M","E","M","M","T","E","R","M","$","M","R","BOSS","R","$","E","BOSS"],"items_purchased_type":["Relic","Relic","Relic","Relic","Card","Card","Relic","Card","Card"],"build_version":"2020-12-22","purchased_purges":3,"victory":true,"max_hp_per_floor":[75,75,75,75,75,75,75,75,75,82,82,82,82,96,96,96,96,96,99,99,102,102,102,102,102,102,102,105,105,105,105,105,105,105,105,105,105,105,105,105,105,105,105,105,105,105,105,105,105,105,105,105,105,105,105],"relic_stats":{"Torii":62,"counters":[31,138],"Dead Branch":[506],"PreservedInsect":270,"Letter Opener":[30],"War Paint":["MokouMod:RetainTemperature","MokouMod:Defend"],"Question Card":3,"Mercury Hourglass":[340],"Blood Vial":14,"OrangePellets":[15],"Lizard Tail":52,"Pantograph":60,"Bronze Scales":[289],"Tiny Chest":1,"Turnip":[8],"Chemical X":[2],"obtain_stats":[{"Ice Cream":33,"Torii":17,"Mango":14,"Hallownest:DreamNailRelic":2,"Bottled Tornado":29,"REME_IWantAll":19,"Old Coin":21,"Blood Vial":40,"Frozen Eye":31,"Lizard Tail":46,"DollysMirror":47,"Strawberry":10,"Pantograph":17,"Tiny Chest":17,"Philosopher\u0027s Stone":34,"Red Mask":22,"Chemical X":46,"NeowsBlessing":0,"Dead Branch":16,"Oddly Smooth Stone":47,"Thread and Needle":37,"PreservedInsect":9,"Letter Opener":54,"Frozen Egg 2":5,"War Paint":20,"Question Card":44,"Akabeko":47,"Mercury Hourglass":23,"Calling Bell":17,"Du-Vu Doll":23,"OrangePellets":37,"Bronze Scales":25,"MokouMod:PhoenixFeather":0,"Orrery":7,"Turnip":30,"REME_PuzzleBoxRelic":26,"FossilizedHelix":31,"REME_ComplimentaryCards":0},{"Ice Cream":17,"Torii":9,"Mango":8,"Hallownest:DreamNailRelic":1,"Bottled Tornado":15,"REME_IWantAll":11,"Old Coin":12,"Blood Vial":23,"Frozen Eye":16,"Lizard Tail":27,"DollysMirror":27,"Strawberry":5,"Pantograph":9,"Tiny Chest":9,"Philosopher\u0027s Stone":17,"Red Mask":12,"Chemical X":27,"NeowsBlessing":0,"Dead Branch":9,"Oddly Smooth Stone":27,"Thread and Needle":20,"PreservedInsect":4,"Letter Opener":30,"Frozen Egg 2":3,"War Paint":11,"Question Card":26,"Akabeko":27,"Mercury Hourglass":13,"Calling Bell":9,"Du-Vu Doll":13,"OrangePellets":20,"Bronze Scales":14,"MokouMod:PhoenixFeather":0,"Orrery":3,"Turnip":15,"REME_PuzzleBoxRelic":14,"FossilizedHelix":16,"REME_ComplimentaryCards":0},{"Ice Cream":76,"Torii":30,"Mango":27,"Hallownest:DreamNailRelic":1,"Bottled Tornado":65,"REME_IWantAll":40,"Old Coin":48,"Blood Vial":104,"Frozen Eye":70,"Lizard Tail":122,"DollysMirror":122,"Strawberry":10,"Pantograph":30,"Tiny Chest":30,"Philosopher\u0027s Stone":76,"Red Mask":48,"Chemical X":122,"NeowsBlessing":0,"Dead Branch":30,"Oddly Smooth Stone":122,"Thread and Needle":89,"PreservedInsect":7,"Letter Opener":134,"Frozen Egg 2":3,"War Paint":40,"Question Card":116,"Akabeko":122,"Mercury Hourglass":56,"Calling Bell":30,"Du-Vu Doll":56,"OrangePellets":89,"Bronze Scales":60,"MokouMod:PhoenixFeather":0,"Orrery":3,"Turnip":65,"REME_PuzzleBoxRelic":60,"FossilizedHelix":70,"REME_ComplimentaryCards":0}]},"card_choices":[{"not_picked":["MokouMod:TemporalFireSeal","MokouMod:Ember","MokouMod:ScorchingColumn"],"picked":"SKIP","floor":1.0},{"not_picked":["MokouMod:Trailblazer","MokouMod:Ember"],"picked":"MokouMod:Extinguish","floor":3.0},{"not_picked":["MokouMod:UncontrollableSolarReaction","MokouMod:Singe","MokouMod:RoaringFlare"],"picked":"SKIP","floor":4.0},{"not_picked":["MokouMod:IgnitionBarrier","MokouMod:RoaringFlare"],"picked":"MokouMod:ResonanceReactor+1","floor":7.0},{"not_picked":["MokouMod:FlickeringFlame","MokouMod:AdaptivePyromancy"],"picked":"MokouMod:ResoluteFlare","floor":7.0},{"not_picked":["MokouMod:Sear","MokouMod:IndiscriminateIgnition"],"picked":"MokouMod:RetainTemperature","floor":7.0},{"not_picked":["MokouMod:Wildfire","MokouMod:CrimsonArmoury"],"picked":"MokouMod:Burn","floor":8.0},{"not_picked":["MokouMod:RoaringFlare","MokouMod:DanceofFlames","MokouMod:Singe"],"picked":"SKIP","floor":10.0},{"not_picked":["MokouMod:RoaringFlare","MokouMod:TemporalFireSeal"],"picked":"MokouMod:Wildfire","floor":11.0},{"not_picked":["MokouMod:ThermalPressure","MokouMod:Firecracker"],"picked":"MokouMod:EnchantingBambooForest+1","floor":13.0},{"not_picked":["MokouMod:EternalBurstReactor","MokouMod:WarmUp","MokouMod:InfernalWave"],"picked":"SKIP","floor":14.0},{"not_picked":["MokouMod:Geothermal","MokouMod:Rebirth+1"],"picked":"MokouMod:ExplosiveFlame+1","floor":16.0},{"not_picked":["MokouMod:Refresh","MokouMod:FlickeringFlame","MokouMod:Scorch"],"picked":"SKIP","floor":18.0},{"not_picked":["MokouMod:SearingShot","MokouMod:Sear","MokouMod:Firecracker"],"picked":"Singing Bowl","floor":19.0},{"not_picked":["MokouMod:IgnitionBarrier","MokouMod:Stoke","MokouMod:IndiscriminateIgnition"],"picked":"Singing Bowl","floor":21.0},{"not_picked":["MokouMod:ResoluteFlare","MokouMod:TemporalFireSeal"],"picked":"MokouMod:Rebirth+1","floor":23.0},{"not_picked":["MokouMod:UncontrollableSolarReaction+1","MokouMod:SearingShot"],"picked":"MokouMod:Firecracker","floor":24.0},{"not_picked":["MokouMod:ScorchedEarth+1","MokouMod:ResoluteFlare","MokouMod:IndiscriminateIgnition"],"picked":"SKIP","floor":25.0},{"not_picked":["MokouMod:IgnitionBlast+1","MokouMod:BurningDraft","MokouMod:Stoke"],"picked":"Singing Bowl","floor":28.0},{"not_picked":["MokouMod:CrimsonFlare","MokouMod:ScorchingColumn","MokouMod:BlazingComet"],"picked":"SKIP","floor":31.0},{"not_picked":["MokouMod:SearingBlow","MokouMod:Geothermal"],"picked":"MokouMod:HouraiForge+1","floor":33.0},{"not_picked":["MokouMod:Sear","MokouMod:UncontrollableSolarReaction+1","MokouMod:IgnitionBlast+1"],"picked":"SKIP","floor":35},{"not_picked":["MokouMod:Trailblazer","MokouMod:AdaptivePyromancy"],"picked":"MokouMod:BurningDraft+1","floor":36},{"not_picked":["MokouMod:EternalBurstReactor","MokouMod:FujiyamaVolcano","MokouMod:InfernalWave+1"],"picked":"SKIP","floor":37},{"not_picked":["MokouMod:InfernalWave","MokouMod:FlamingFireTalons+1","MokouMod:FujiyamaVolcano"],"picked":"SKIP","floor":38},{"not_picked":["MokouMod:UncontrollableSolarReaction","MokouMod:Singe","MokouMod:Afterburner+1"],"picked":"SKIP","floor":39},{"not_picked":["MokouMod:SearingShot+1","MokouMod:ProfanedFlare"],"picked":"MokouMod:DanceofFlames","floor":40},{"not_picked":["MokouMod:FusionFlare+1","MokouMod:EternalBurstReactor","MokouMod:ThermalPressure+1"],"picked":"SKIP","floor":41},{"not_picked":["MokouMod:FlareStarter","MokouMod:FlamingFireTalons","MokouMod:WarmUp"],"picked":"SKIP","floor":42},{"not_picked":["MokouMod:Cataclysm","MokouMod:ScorchingColumn","MokouMod:GuidingSmoke"],"picked":"MokouMod:Meltdown+1","floor":44},{"not_picked":["MokouMod:InfernalWave","MokouMod:GuidingSmoke+1","MokouMod:SearingShot+1","MokouMod:Singe"],"picked":"SKIP","floor":46},{"not_picked":["MokouMod:FlamingFireTalons","MokouMod:HeatTransfer+1","MokouMod:Ember","MokouMod:HouraiForge+1"],"picked":"SKIP","floor":48},{"not_picked":["MokouMod:FlareStarter+1","MokouMod:Ember","MokouMod:ResoluteFlare"],"picked":"MokouMod:Extinguish","floor":54}],"player_experience":21036,"relics_obtained":[{"floor":5.0,"key":"Frozen Egg 2"},{"floor":9.0,"key":"PreservedInsect"},{"floor":10.0,"key":"Strawberry"},{"floor":14.0,"key":"Mango"},{"floor":16.0,"key":"Dead Branch"},{"floor":17.0,"key":"Tiny Chest"},{"floor":17.0,"key":"Pantograph"},{"floor":17.0,"key":"Torii"},{"floor":19.0,"key":"REME_IWantAll"},{"floor":21.0,"key":"Old Coin"},{"floor":23.0,"key":"Du-Vu Doll"},{"floor":23.0,"key":"Mercury Hourglass"},{"floor":25.0,"key":"Bronze Scales"},{"floor":26.0,"key":"REME_PuzzleBoxRelic"},{"floor":30.0,"key":"Turnip"},{"floor":31.0,"key":"FossilizedHelix"},{"floor":31.0,"key":"Frozen Eye"},{"floor":33.0,"key":"Ice Cream"},{"floor":37,"key":"Thread and Needle"},{"floor":37,"key":"OrangePellets"},{"floor":40,"key":"Blood Vial"},{"floor":44,"key":"Question Card"},{"floor":46,"key":"Lizard Tail"},{"floor":46,"key":"Chemical X"},{"floor":54,"key":"Letter Opener"}],"event_choices":[],"is_beta":false,"boss_relics":[{"not_picked":["REME_DemonsWealth","Coffee Dripper"],"picked":"Calling Bell"},{"not_picked":["SacredBark","Pandora\u0027s Box"],"picked":"Philosopher\u0027s Stone"}],"items_purged_floors":[7,20,53],"is_endless":false,"potions_floor_spawned":[1,4,8,10,16,19,23,28,31,35,38,40,42,44,48],"ascension_level":0}}