{"host":"8i4doyxqctgl5qb0","time":1609709482,"event":{"mods":["AchievementEnabler","BaseMod","Block Reminder","Colored Powertips","Downfall","Marisa£®ÏF”Í°°ƒß¿Ì…≥£©","Minty Spire (QoL Compilation)","Permanent Neow","Potion Indicator Mod","Rare Cards Sparkle","StSLib","SuperFastMode"],"gold_per_floor":[114,289,307,3,18,36,63,63,118,118,118,152,152,172,172,293,293,306,306,306],"floor_reached":19,"playtime":522,"items_purged":[],"score":204,"play_id":"77ed5540-5d90-467a-a6df-be6680cfb6d1","local_time":"20210104053122","is_ascension_mode":true,"campfire_choices":[{"data":"Reaper","floor":8.0,"key":"SMITH"},{"floor":13.0,"key":"REST"},{"floor":15.0,"key":"REST"}],"circlet_count":0,"master_deck":["Strike_R","Strike_R","Strike_R","Strike_R","Strike_R","Defend_R","Defend_R","Defend_R","Defend_R+1","Bash","Doubt","Flex","Reaper+1","Flex+1","Combust","Flex","Injury","Heavy Blade","Double Tap","Armaments"],"relics":["Burning Blood","Bronze Scales","Paper Frog","Regal Pillow","Golden Idol","Strawberry","Philosopher\u0027s Stone"],"acts_visited":["Exordium","TheCity"],"potions_floor_usage":[19],"damage_taken":[{"damage":7.0,"enemies":"Small Slimes","floor":1.0,"turns":4.0},{"damage":7.0,"enemies":"2 Louse","floor":3.0,"turns":3.0},{"damage":7.0,"enemies":"Jaw Worm","floor":5.0,"turns":3.0},{"damage":16.0,"enemies":"2 Fungi Beasts","floor":6.0,"turns":3.0},{"damage":35.0,"enemies":"3 Sentries","floor":7.0,"turns":6.0},{"damage":45.0,"enemies":"Lagavulin","floor":12.0,"turns":7.0},{"damage":26.0,"enemies":"Looter","floor":14.0,"turns":4.0},{"damage":76.0,"enemies":"Hexaghost","floor":16.0,"turns":9.0},{"damage":68.0,"enemies":"Shell Parasite","floor":18.0,"turns":5.0},{"damage":30,"enemies":"Masked Bandits","floor":19,"turns":3}],"seed_played":"-7701222681446574029","potions_obtained":[{"floor":0.0,"key":"LiquidBronze"},{"floor":0.0,"key":"EssenceOfSteel"},{"floor":0.0,"key":"DuplicationPotion"},{"floor":7.0,"key":"BlessingOfTheForge"}],"is_trial":false,"path_per_floor":["M","?","M","$","M","M","E","R","T","?","?","E","R","M","R","B",null,"M","?"],"character_chosen":"IRONCLAD","items_purchased":["Bronze Scales","Reaper"],"campfire_rested":2,"item_purchase_floors":[4,4],"current_hp_per_floor":[79,79,78,78,77,71,60,60,60,60,44,27,68,48,87,28,87,25,0,0],"gold":306,"neow_bonus":"THREE_SMALL_POTIONS","is_daily":false,"chose_seed":false,"campfire_upgraded":1,"win_rate":0.0,"timestamp":1609709482,"path_taken":["M","?","M","$","M","M","E","R","T","?","?","E","R","M","R","BOSS","M","?"],"items_purchased_type":["Relic","Card"],"build_version":"2020-12-22","purchased_purges":0,"victory":false,"max_hp_per_floor":[80,80,80,80,80,80,80,80,80,80,80,87,87,87,87,87,87,87,87,87],"card_choices":[{"not_picked":["Wild Strike","Warcry","Fire Breathing"],"picked":"SKIP","floor":1.0},{"not_picked":["Whirlwind","Shockwave"],"picked":"Flex","floor":3.0},{"not_picked":["Carnage","Cleave"],"picked":"Flex","floor":5.0},{"not_picked":["Reckless Charge","Carnage"],"picked":"Combust","floor":6.0},{"not_picked":["Disarm","Impervious"],"picked":"Flex","floor":7.0},{"not_picked":["Feel No Pain","Warcry","Corruption"],"picked":"SKIP","floor":12.0},{"not_picked":["Blood for Blood","Twin Strike"],"picked":"Heavy Blade","floor":14.0},{"not_picked":["Bludgeon","Brutality"],"picked":"Double Tap","floor":16.0},{"not_picked":["Warcry","Feel No Pain"],"picked":"Armaments","floor":18.0}],"player_experience":53145,"relics_obtained":[{"floor":7.0,"key":"Paper Frog"},{"floor":9.0,"key":"Regal Pillow"},{"floor":12.0,"key":"Strawberry"}],"event_choices":[{"damage_healed":0.0,"max_hp_gain":0.0,"max_hp_loss":0.0,"gold_gain":175.0,"event_name":"Liars Game","player_choice":"AGREE","floor":2.0,"gold_loss":0.0,"damage_taken":0.0,"cards_obtained":["Doubt"]},{"damage_healed":0.0,"max_hp_gain":0.0,"max_hp_loss":0.0,"gold_gain":0.0,"event_name":"Golden Idol","player_choice":"Take Wound","floor":10.0,"gold_loss":0.0,"damage_taken":0.0,"relics_obtained":["Golden Idol"],"cards_obtained":["Injury"]},{"damage_healed":0.0,"max_hp_gain":0.0,"max_hp_loss":0.0,"gold_gain":0.0,"event_name":"Shining Light","player_choice":"Entered Light","floor":11.0,"gold_loss":0.0,"damage_taken":16.0,"cards_upgraded":["Defend_R","Flex"]},{"damage_healed":0,"gold_gain":0,"player_choice":"Fought Bandits","damage_taken":0,"max_hp_gain":0,"max_hp_loss":0,"event_name":"Masked Bandits","floor":19,"gold_loss":0}],"is_beta":false,"boss_relics":[{"not_picked":["Fusion Hammer","Empty Cage"],"picked":"Philosopher\u0027s Stone"}],"items_purged_floors":[],"is_endless":false,"potions_floor_spawned":[1,3,6,7],"killed_by":"Masked Bandits","ascension_level":3}}