{"host":"s6t38s6k4widkzbu","time":1609695743,"event":{"mods":["ATMod(°¢èªMod)","Aspiration","BaseMod","Conspire","Downfall","Googly Eyes","Hermit","Highlight Path","Hunter ÁÔÈË","KinomotoSakuraMod(Ä¾Ö®±¾Ó£)","KomeijiMod","Marisa£¨ìFÓê¡¡Ä§ÀíÉ³£©","Minty Spire (QoL Compilation)","Permanent Neow","Prisma Mod","Quick Restart","READ ME - Guardian Mod","Reimu£¨²©ÀöÁéÃÎ£©","Remilia£¨ÀÙÃ×ÀòÑÇ£©","Replay The Spire","RumiaBox-Â¶Ã×æ«µÄÉñÃØºÐ×Ó","StSLib","The Animator","The Bladedancer","The Bug Knight","The Cursed","The Gatherer","The Jungle","The Mystic","The Runesmith","The Servant 0.9.4","Youmu£¨»êÆÇÑýÃÎ£©","Yuyuko","¡¾ÒÅÎï¿¨ÅÆ¡¿REMEMod","óô»ðÖ¸ÄÏ"],"gold_per_floor":[110,110,122,138,138,138,69,69,96,96,96,140,140,151,151,250,250,293,306,306,317,317,317],"floor_reached":22,"playtime":3089,"items_purged":[],"score":176,"play_id":"35e3eb3c-d67c-4541-8503-c5606d377cc5","local_time":"20210104014223","is_ascension_mode":false,"campfire_choices":[{"data":"DemonKingCradle","floor":6.0,"key":"SMITH"},{"data":"mysticmod:EbbAndFlow","floor":8.0,"key":"SMITH"},{"data":"mysticmod:Shield","floor":10.0,"key":"SMITH"},{"data":"mysticmod:PowerAttack","floor":13.0,"key":"SMITH"}],"circlet_count":0,"master_deck":["conspire:GhostlyStrike","conspire:GhostlyStrike","conspire:GhostlyStrike","conspire:GhostlyDefend","conspire:GhostlyDefend","conspire:GhostlyDefend","mysticmod:ArcaneDodge","mysticmod:ShockingGrasp","DemonKingCradle+1","mysticmod:KeenEdge+1","mysticmod:CureLightWounds","mysticmod:Shield+1","mysticmod:ChargedParry","mysticmod:EbbAndFlow+1","mysticmod:PowerAttack+1","mysticmod:CorrosiveTouch","mysticmod:SpontaneousCaster","mysticmod:Flourish+1","mysticmod:ComponentsPouch","mysticmod:TomeOfSpells"],"relics":["mysticmod:SpellBook","REME_ComplimentaryCards","AT_ATBox","Boot","Cursed Key"],"acts_visited":["Exordium","TheCity"],"potions_floor_usage":[21,21,22],"damage_taken":[{"damage":0.0,"enemies":"Cultist","floor":1.0,"turns":4.0},{"damage":1.0,"enemies":"Jaw Worm","floor":3.0,"turns":4.0},{"damage":2.0,"enemies":"conspire:RoseBush","floor":4.0,"turns":3.0},{"damage":3.0,"enemies":"Lots of Slimes","floor":12.0,"turns":9.0},{"damage":14.0,"enemies":"3 Louse","floor":14.0,"turns":3.0},{"damage":1.0,"enemies":"Fading Forest","floor":16.0,"turns":11.0},{"damage":25.0,"enemies":"Spheric Guardian","floor":18.0,"turns":6.0},{"damage":10.0,"enemies":"Shell Parasite","floor":19.0,"turns":6.0},{"damage":41,"enemies":"Sentry and Sphere","floor":21,"turns":9},{"damage":17,"enemies":"Snake Plant","floor":22,"turns":3}],"seed_played":"8410347266850431814","potions_obtained":[{"floor":4.0,"key":"REME_GoldPotion"},{"floor":11.0,"key":"Reflective Coating"},{"floor":11.0,"key":"Ancient Potion"},{"floor":12.0,"key":"LiquidBronze"},{"floor":14.0,"key":"REME_GoldPotion"},{"floor":18.0,"key":"Weak Potion"},{"floor":21,"key":"Fruit Juice"}],"is_trial":false,"path_per_floor":["M","?","M","M","?","R","$","R","T","R","?","M","R","M","R","B",null,"M","M","?","M","M"],"character_chosen":"MYSTIC_CLASS","items_purchased":["mysticmod:EbbAndFlow"],"campfire_rested":0,"item_purchase_floors":[7],"current_hp_per_floor":[77,77,77,75,75,75,75,75,75,75,75,75,75,61,77,76,77,52,45,45,7,0,0],"gold":317,"neow_bonus":"TRANSFORM_CARD","is_daily":false,"chose_seed":false,"campfire_upgraded":4,"win_rate":0.0,"timestamp":1609695743,"path_taken":["M","?","?","M","?","R","$","R","T","R","?","M","R","?","R","BOSS","M","M","?","?","M"],"items_purchased_type":["Card"],"build_version":"2020-12-22","purchased_purges":0,"victory":false,"max_hp_per_floor":[77,77,77,77,77,77,77,77,77,77,77,77,77,77,77,77,77,77,77,77,77,82,82],"card_choices":[{"not_picked":["mysticmod:Alacrity","mysticmod:DiviningBlow"],"picked":"mysticmod:CureLightWounds","floor":1.0},{"not_picked":["mysticmod:CureLightWounds","mysticmod:Probe"],"picked":"mysticmod:Shield","floor":3.0},{"not_picked":["mysticmod:ComponentsPouch","mysticmod:DiviningBlow"],"picked":"mysticmod:ChargedParry","floor":4.0},{"not_picked":["mysticmod:Disengage","mysticmod:Riposte"],"picked":"mysticmod:PowerAttack","floor":12.0},{"not_picked":["mysticmod:Probe","mysticmod:SuddenClarity"],"picked":"mysticmod:CorrosiveTouch","floor":14.0},{"not_picked":["mysticmod:SpellRecall","mysticmod:Lunge"],"picked":"mysticmod:SpontaneousCaster","floor":16.0},{"not_picked":["mysticmod:Disengage","mysticmod:Sideswipe"],"picked":"mysticmod:Flourish+1","floor":18.0},{"not_picked":["mysticmod:Alacrity","mysticmod:DiviningBlow"],"picked":"mysticmod:ComponentsPouch","floor":19.0},{"not_picked":["mysticmod:Flourish","mysticmod:ComponentsPouch"],"picked":"mysticmod:TomeOfSpells","floor":21}],"player_experience":419113,"relics_obtained":[{"floor":9.0,"key":"Boot"}],"event_choices":[{"cards_removed":["mysticmod:Defend_Mystic"],"damage_healed":0.0,"max_hp_gain":0.0,"max_hp_loss":0.0,"gold_gain":0.0,"event_name":"Purifier","player_choice":"Purged","floor":2.0,"gold_loss":0.0,"damage_taken":0.0},{"damage_healed":0.0,"max_hp_gain":0.0,"max_hp_loss":0.0,"gold_gain":0.0,"event_name":"conspire:LoneGhost","player_choice":"Agree","floor":5.0,"gold_loss":0.0,"damage_taken":0.0},{"damage_healed":0.0,"max_hp_gain":0.0,"max_hp_loss":0.0,"gold_gain":0.0,"event_name":"Lab","player_choice":"Got Potions","floor":11.0,"gold_loss":0.0,"damage_taken":0.0},{"damage_healed":0,"gold_gain":0,"player_choice":"Ignored","damage_taken":0,"max_hp_gain":0,"max_hp_loss":0,"event_name":"Purifier","floor":20,"gold_loss":0}],"is_beta":false,"boss_relics":[{"not_picked":["Honey Jar","Fusion Hammer"],"picked":"Cursed Key"}],"items_purged_floors":[],"is_endless":false,"potions_floor_spawned":[4,12,14,18,21],"killed_by":"Snake Plant","ascension_level":0}}