{"host":"t75twhtg6c476ygg","time":1609714873,"event":{"mods":["AchievementEnabler","BaseMod","Colored Powertips","Minty Spire (QoL Compilation)","Quick Restart","Relic Stats","StSLib","SuperFastMode"],"gold_per_floor":[119,119,137,62,62,87,87,87,156,188,198,217,249,266,266,365,365,377,377,397,93,111,111,139,139,139,170,170,182,196,216,216,311,311,328,180,193,37,56,91,141,174,174,188,188,204,216,226,226,226],"floor_reached":51,"playtime":1570,"items_purged":["Strike_R"],"score":1129,"play_id":"790bffc2-ed08-41f2-9732-4837eea6daae","local_time":"20210103230113","is_ascension_mode":true,"campfire_choices":[{"data":"Bash","floor":7.0,"key":"SMITH"},{"floor":15.0,"key":"REST"},{"floor":23.0,"key":"REST"},{"data":"Flex","floor":25.0,"key":"SMITH"},{"data":"Flex","floor":28.0,"key":"SMITH"},{"floor":32.0,"key":"REST"},{"data":"Limit Break","floor":45.0,"key":"SMITH"},{"data":"Inflame","floor":49.0,"key":"SMITH"}],"circlet_count":0,"master_deck":["Defend_R","Bash+1","Armaments","Sword Boomerang","Inflame+1","Flex+1","Immolate","Flex+1","Rupture+1","Whirlwind+1","Flex","Bloodletting","Shrug It Off","Limit Break+1","Offering+1"],"relics":["Burning Blood","NeowsBlessing","Potion Belt","Question Card","Pantograph","Eternal Feather","Bronze Scales","Red Skull","SlaversCollar","Chemical X","Lantern","Art of War","Ice Cream","Molten Egg 2","Empty Cage","Pen Nib","Happy Flower","Blood Vial","CaptainsWheel","Vajra","Toxic Egg 2"],"acts_visited":["Exordium","TheCity","TheBeyond"],"potions_floor_usage":[50,50,50],"damage_taken":[{"damage":0.0,"enemies":"2 Louse","floor":1.0,"turns":1.0},{"damage":0.0,"enemies":"Cultist","floor":3.0,"turns":1.0},{"damage":0.0,"enemies":"Lagavulin","floor":6.0,"turns":1.0},{"damage":33.0,"enemies":"Gremlin Nob","floor":10.0,"turns":5.0},{"damage":0.0,"enemies":"Small Slimes","floor":11.0,"turns":3.0},{"damage":17.0,"enemies":"Looter","floor":12.0,"turns":3.0},{"damage":12.0,"enemies":"3 Sentries","floor":13.0,"turns":3.0},{"damage":7.0,"enemies":"Large Slime","floor":14.0,"turns":4.0},{"damage":28.0,"enemies":"Slime Boss","floor":16.0,"turns":10.0},{"damage":12.0,"enemies":"Chosen","floor":18.0,"turns":3.0},{"damage":30.0,"enemies":"Spheric Guardian","floor":20.0,"turns":4.0},{"damage":32.0,"enemies":"Snecko","floor":22.0,"turns":4.0},{"damage":24.0,"enemies":"Gremlin Leader","floor":24.0,"turns":4.0},{"damage":79.0,"enemies":"Book of Stabbing","floor":27.0,"turns":6.0},{"damage":27.0,"enemies":"Snake Plant","floor":29.0,"turns":2.0},{"damage":0.0,"enemies":"3 Cultists","floor":30.0,"turns":1.0},{"damage":20.0,"enemies":"Centurion and Healer","floor":31.0,"turns":3.0},{"damage":8.0,"enemies":"Collector","floor":33.0,"turns":6.0},{"damage":19.0,"enemies":"3 Shapes","floor":35.0,"turns":1.0},{"damage":22.0,"enemies":"Orb Walker","floor":37.0,"turns":3.0},{"damage":3.0,"enemies":"Writhing Mass","floor":39.0,"turns":2.0},{"damage":16.0,"enemies":"Nemesis","floor":40.0,"turns":3.0},{"damage":0.0,"enemies":"Mind Bloom Boss Battle","floor":41.0,"turns":3.0},{"damage":67.0,"enemies":"Reptomancer","floor":42.0,"turns":5.0},{"damage":41.0,"enemies":"4 Shapes","floor":44.0,"turns":4.0},{"damage":3.0,"enemies":"Sphere and 2 Shapes","floor":46.0,"turns":2.0},{"damage":18.0,"enemies":"Writhing Mass","floor":47.0,"turns":2.0},{"damage":38.0,"enemies":"Transient","floor":48.0,"turns":5.0},{"damage":22,"enemies":"Time Eater","floor":50,"turns":4}],"seed_played":"3261884596709078505","potions_obtained":[{"floor":1.0,"key":"LiquidBronze"},{"floor":10.0,"key":"BloodPotion"},{"floor":12.0,"key":"PowerPotion"},{"floor":13.0,"key":"Energy Potion"},{"floor":16.0,"key":"ElixirPotion"},{"floor":18.0,"key":"Strength Potion"},{"floor":29.0,"key":"BloodPotion"},{"floor":46.0,"key":"PowerPotion"}],"is_trial":false,"path_per_floor":["M","?","M","$","?","E","R","?","T","E","M","M","E","M","R","B",null,"M","?","M","$","M","R","E","R","T","E","R","M","M","M","R","B",null,"M","$","M","$","M","E","?","E","T","M","R","M","M","M","R","B",null],"character_chosen":"IRONCLAD","items_purchased":["Chemical X","Lantern","Pen Nib","Happy Flower"],"campfire_rested":3,"item_purchase_floors":[21,21,36,38],"current_hp_per_floor":[78,78,80,80,55,61,61,61,61,34,40,29,23,22,55,58,75,69,69,45,45,19,55,37,49,49,43,55,34,40,26,59,78,80,67,67,51,51,54,44,77,18,18,17,23,28,18,74,80,64],"gold":226,"neow_bonus":"THREE_ENEMY_KILL","is_daily":false,"chose_seed":false,"campfire_upgraded":5,"win_rate":0.0,"timestamp":1609714873,"path_taken":["M","?","?","$","?","E","R","?","T","E","M","M","E","M","R","BOSS","M","?","?","$","?","R","E","R","T","E","R","?","M","M","R","BOSS","M","$","M","$","M","E","?","E","T","M","R","M","M","M","R","BOSS"],"items_purchased_type":["Relic","Relic","Relic","Relic"],"build_version":"2020-12-22","purchased_purges":1,"victory":true,"max_hp_per_floor":[80,80,80,80,80,80,80,80,80,80,80,80,80,80,80,80,80,80,80,80,80,80,80,80,80,80,80,80,80,80,80,80,80,80,80,80,80,80,80,80,80,80,80,80,80,80,80,80,80,80],"relic_stats":{"Blood Vial":12,"Happy Flower":[10],"counters":[29,98],"Pantograph":71,"Bronze Scales":[207],"Eternal Feather":66,"Pen Nib":[3],"Art of War":[10],"Chemical X":[21],"Question Card":25,"obtain_stats":[{"Potion Belt":5,"Ice Cream":26,"Lantern":21,"NeowsBlessing":0,"Happy Flower":38,"Vajra":42,"Eternal Feather":9,"Pen Nib":36,"Question Card":6,"Empty Cage":34,"Burning Blood":0,"Blood Vial":40,"SlaversCollar":17,"CaptainsWheel":41,"Pantograph":8,"Bronze Scales":10,"Molten Egg 2":27,"Art of War":24,"Chemical X":21,"Toxic Egg 2":43,"Red Skull":13},{"Potion Belt":2,"Ice Cream":13,"Lantern":11,"NeowsBlessing":0,"Happy Flower":20,"Vajra":24,"Eternal Feather":3,"Pen Nib":19,"Question Card":3,"Empty Cage":18,"Burning Blood":0,"Blood Vial":22,"SlaversCollar":9,"CaptainsWheel":23,"Pantograph":3,"Bronze Scales":4,"Molten Egg 2":14,"Art of War":13,"Chemical X":11,"Toxic Egg 2":24,"Red Skull":7},{"Potion Belt":2,"Ice Cream":46,"Lantern":38,"NeowsBlessing":0,"Happy Flower":68,"Vajra":81,"Eternal Feather":3,"Pen Nib":65,"Question Card":3,"Empty Cage":64,"Burning Blood":0,"Blood Vial":73,"SlaversCollar":31,"CaptainsWheel":76,"Pantograph":3,"Bronze Scales":8,"Molten Egg 2":52,"Art of War":46,"Chemical X":38,"Toxic Egg 2":81,"Red Skull":17}],"Burning Blood":170},"card_choices":[{"not_picked":["Disarm","Havoc","Fire Breathing"],"picked":"SKIP","floor":1.0},{"not_picked":["Heavy Blade","Clash"],"picked":"Shrug It Off","floor":3.0},{"not_picked":["Dark Embrace","Disarm"],"picked":"Armaments","floor":6.0},{"not_picked":["Sentinel","Warcry","Searing Blow"],"picked":"Sword Boomerang","floor":10.0},{"not_picked":["Bloodletting","Sword Boomerang","Blood for Blood"],"picked":"Inflame","floor":11.0},{"not_picked":["Rampage","Armaments","Feel No Pain"],"picked":"Infernal Blade","floor":12.0},{"not_picked":["Clothesline","Dark Embrace","Bludgeon"],"picked":"Flex","floor":13.0},{"not_picked":["Armaments","Disarm","Anger","Blood for Blood"],"picked":"SKIP","floor":14.0},{"not_picked":["Juggernaut","Offering","Reaper"],"picked":"Immolate","floor":16.0},{"not_picked":["Dropkick","Cleave","Heavy Blade","Clothesline"],"picked":"SKIP","floor":18.0},{"not_picked":["Thunderclap","Uppercut+1","Wild Strike"],"picked":"Rupture+1","floor":20.0},{"not_picked":["Clothesline","Whirlwind","Pummel"],"picked":"Flex","floor":22.0},{"not_picked":["Wild Strike+1","Battle Trance","Clash"],"picked":"Bloodletting","floor":24.0},{"not_picked":["Perfected Strike+1","Twin Strike+1","Intimidate+1","Havoc"],"picked":"SKIP","floor":27.0},{"not_picked":["Body Slam+1","Juggernaut","Pommel Strike+1","Warcry"],"picked":"SKIP","floor":29.0},{"not_picked":["Pommel Strike+1","Metallicize+1","Rampage+1"],"picked":"Shrug It Off","floor":30.0},{"not_picked":["Thunderclap+1","Clothesline+1","Rupture","Dark Embrace"],"picked":"SKIP","floor":31.0},{"not_picked":["Barricade","Impervious","Berserk"],"picked":"Limit Break","floor":33.0},{"not_picked":["Dual Wield","Wild Strike+1","Evolve","Havoc"],"picked":"SKIP","floor":35.0},{"not_picked":["Havoc+1","Pommel Strike+1","Heavy Blade+1","Metallicize+1"],"picked":"SKIP","floor":37.0},{"not_picked":["Thunderclap+1","Warcry+1","Whirlwind+1","Rampage+1"],"picked":"SKIP","floor":39.0},{"not_picked":["Pummel+1","Shockwave+1","Entrench","Thunderclap+1"],"picked":"SKIP","floor":40.0},{"not_picked":["Second Wind+1","Dark Embrace","Havoc+1","Perfected Strike+1"],"picked":"SKIP","floor":42.0},{"not_picked":["Perfected Strike+1","Cleave+1","Battle Trance+1","Bloodletting+1"],"picked":"SKIP","floor":44.0},{"not_picked":["Dual Wield+1","Power Through+1","True Grit+1"],"picked":"Offering+1","floor":46.0},{"not_picked":["Warcry+1","Twin Strike+1","Sword Boomerang+1","Combust+1"],"picked":"SKIP","floor":47.0},{"not_picked":["Thunderclap+1","Wild Strike+1","Cleave+1","Perfected Strike+1"],"picked":"SKIP","floor":48.0}],"player_experience":213478,"relics_obtained":[{"floor":6.0,"key":"Question Card"},{"floor":9.0,"key":"Eternal Feather"},{"floor":10.0,"key":"Bronze Scales"},{"floor":13.0,"key":"Red Skull"},{"floor":24.0,"key":"Art of War"},{"floor":26.0,"key":"Ice Cream"},{"floor":27.0,"key":"Molten Egg 2"},{"floor":40.0,"key":"Blood Vial"},{"floor":41.0,"key":"CaptainsWheel"},{"floor":42.0,"key":"Vajra"},{"floor":43.0,"key":"Toxic Egg 2"}],"event_choices":[{"damage_healed":0.0,"max_hp_gain":0.0,"max_hp_loss":0.0,"gold_gain":0.0,"event_name":"The Woman in Blue","player_choice":"Bought 0 Potions","floor":2.0,"gold_loss":0.0,"damage_taken":0.0},{"damage_healed":0.0,"max_hp_gain":0.0,"max_hp_loss":0.0,"gold_gain":0.0,"event_name":"Scrap Ooze","player_choice":"Success","floor":5.0,"gold_loss":0.0,"damage_taken":25.0,"relics_obtained":["Potion Belt"]},{"damage_healed":0.0,"max_hp_gain":0.0,"max_hp_loss":0.0,"gold_gain":0.0,"event_name":"Dead Adventurer","player_choice":"Searched \u00271\u0027 times","floor":8.0,"gold_loss":0.0,"damage_taken":0.0,"relics_obtained":["Pantograph"]},{"damage_healed":0.0,"max_hp_gain":0.0,"max_hp_loss":0.0,"gold_gain":0.0,"event_name":"Duplicator","player_choice":"Copied","floor":19.0,"gold_loss":0.0,"damage_taken":0.0,"cards_obtained":["Flex"]},{"damage_healed":0.0,"max_hp_gain":0.0,"max_hp_loss":0.0,"gold_gain":0.0,"event_name":"MindBloom","player_choice":"Fight","floor":41.0,"gold_loss":0.0,"damage_taken":0.0}],"is_beta":false,"boss_relics":[{"not_picked":["Ectoplasm","Black Blood"],"picked":"SlaversCollar"},{"not_picked":["Tiny House","Mark of Pain"],"picked":"Empty Cage"}],"items_purged_floors":[4],"is_endless":false,"potions_floor_spawned":[1,10,12,13,16,18,20,29,35,37,41,46],"ascension_level":8}}