{"host":"51fyd6gkml7xavq8","time":1609705104,"event":{"mods":["BaseMod","BetterRewards","Colored Map","Energized Spire","Infinite Spire","Minty Spire (QoL Compilation)","Replay The Spire","Shop Mod","Spicy Shops","StSLib","The Blue Laboratory","[IsaacMod]????"],"gold_per_floor":[111,111,121,141,141,166,166,192,219,219,19,77,93,112,112,210,210,221,284,109,128,145,180,180,199,301,301,347,272,307,341,341,466,466,474,474],"floor_reached":35,"playtime":1564,"items_purged":["Strike_R","ReplayTheSpireMod:Splinters"],"score":467,"play_id":"d580a6c1-c6db-414f-9cdf-0766e5ad9197","local_time":"20210103171824","is_ascension_mode":true,"campfire_choices":[{"data":"Bash","floor":7.0,"key":"SMITH"},{"data":"Strike_R","floor":10.0,"key":"SMITH"},{"data":"Pummel","floor":15.0,"key":"SMITH"},{"data":"Limit Break","floor":24,"key":"SMITH"},{"data":"ReplayTheSpireMod:Muscle Training","floor":32,"key":"SMITH"}],"circlet_count":0,"master_deck":["Strike_R","Strike_R","Defend_R","Defend_R","Defend_R","Defend_R","Bash+1","Self Repair+1","Iron Wave","Pummel+1","Limit Break+1","Berserk","ReplayTheSpireMod:Muscle Training+1","Cold Snap+1","Berserk"],"relics":["HushsDoor","DoctorsRemote","Iron Core","ReplayTheSpireMod:Ring of Collecting","Ring of Hypnosis","infinitespire:Lucky Rock","Lantern","Ring of Fury","ReplayTheSpireMod:TigerMarble","MerchantsRug","Gremlin Food","SacredBark","PreservedInsect","Happy Flower","UnicornStump","Ring of Greed","MealTicket","Replay:Bandana","Art of War","Replay:Drink Me"],"acts_visited":["Exordium","TheCity","TheBeyond"],"potions_floor_usage":[23,33,33,33],"damage_taken":[{"damage":7.0,"enemies":"Jaw Worm","floor":1.0,"turns":3.0},{"damage":0.0,"enemies":"Cultist","floor":3.0,"turns":2.0},{"damage":14.0,"enemies":"Small Slimes","floor":4.0,"turns":3.0},{"damage":7.0,"enemies":"Lagavulin","floor":6.0,"turns":5.0},{"damage":27.0,"enemies":"Gremlin Nob","floor":8.0,"turns":4.0},{"damage":0.0,"enemies":"Gremlin Nob","floor":12.0,"turns":2.0},{"damage":15.0,"enemies":"Exordium Wildlife","floor":13.0,"turns":4.0},{"damage":0.0,"enemies":"2 Fungi Beasts","floor":14.0,"turns":4.0},{"damage":32.0,"enemies":"Fading Forest","floor":16.0,"turns":11.0},{"damage":39.0,"enemies":"Shell Parasite","floor":18.0,"turns":4.0},{"damage":7.0,"enemies":"Spheric Guardian","floor":21.0,"turns":3.0},{"damage":29.0,"enemies":"Centurion and Healer","floor":22.0,"turns":6.0},{"damage":18,"enemies":"Book of Stabbing","floor":23,"turns":2},{"damage":33,"enemies":"Snecko","floor":25,"turns":4},{"damage":7,"enemies":"3 Cultists","floor":28,"turns":3},{"damage":8,"enemies":"Centurion and Healer","floor":30,"turns":4},{"damage":12,"enemies":"Snake Plant","floor":31,"turns":2},{"damage":2,"enemies":"Champ","floor":33,"turns":4},{"damage":63,"enemies":"3 Darklings","floor":35,"turns":2}],"seed_played":"-7613234061670579676","potions_obtained":[{"floor":3.0,"key":"Reflective Coating"},{"floor":4.0,"key":"blueLaboratory:StoneskinPotion"},{"floor":8.0,"key":"FearPotion"},{"floor":12.0,"key":"BloodPotion"},{"floor":13.0,"key":"blueLaboratory:HummingbirdPotion"},{"floor":19.0,"key":"blueLaboratory:ForbiddenFruitJuice"},{"floor":21.0,"key":"blueLaboratory:BottledHope"},{"floor":25,"key":"blueLaboratory:ExaltedPotion"},{"floor":28,"key":"PowerPotion"},{"floor":31,"key":"blueLaboratory:IronCompound"}],"is_trial":false,"path_per_floor":["M","?","M","M","?","E","R","E","T","R","$","?","M","M","R","B",null,"M","?","$","M","M","E","R","M","T","?","M","?","M","M","R","B",null,"M"],"character_chosen":"IRONCLAD","items_purchased":["MerchantsRug","Iron Wave","Happy Flower"],"campfire_rested":0,"item_purchase_floors":[11,11,20],"current_hp_per_floor":[79,79,79,75,75,78,78,61,61,61,61,61,56,66,66,44,80,51,51,51,54,35,27,27,13,13,13,16,16,18,16,16,24,60,0,0],"gold":474,"neow_bonus":"","is_daily":false,"chose_seed":false,"campfire_upgraded":5,"win_rate":0.0,"timestamp":1609705104,"path_taken":["M","?","?","?","?","E","R","E","T","R","$","?","M","?","R","BOSS","M","?","$","M","M","E","R","M","T","?","M","?","M","M","R","BOSS","M"],"items_purchased_type":["Relic","Card","Relic"],"build_version":"2020-12-22","purchased_purges":2,"victory":false,"max_hp_per_floor":[80,80,80,80,80,80,80,80,80,80,80,80,80,80,80,80,80,80,80,80,80,80,80,80,80,80,80,80,80,80,80,80,80,60,60,60],"card_choices":[{"not_picked":["Feel No Pain","Second Wind","Life Link"],"picked":"SKIP","floor":1.0},{"not_picked":["Warcry","Perfected Strike","Havoc"],"picked":"SKIP","floor":3.0},{"not_picked":["Recycle","Shrug It Off","Intimidate"],"picked":"SKIP","floor":4.0},{"not_picked":["Sword Boomerang","ReplayTheSpireMod:Repulse","Clash"],"picked":"SKIP","floor":6.0},{"not_picked":["Seeing Red","FTL","Heavy Blade"],"picked":"SKIP","floor":8.0},{"not_picked":["ReplayTheSpireMod:Strike From Hell","True Grit"],"picked":"Bomb","floor":12.0},{"not_picked":["Eclipse","Clash"],"picked":"Pummel","floor":13.0},{"not_picked":["Hemokinesis","ReplayTheSpireMod:GoodbyeWorld","Turbo"],"picked":"SKIP","floor":14.0},{"not_picked":["Exhume","Eclipse"],"picked":"Limit Break","floor":16.0},{"not_picked":["Entrench","Wild Strike","Armaments"],"picked":"SKIP","floor":18.0},{"not_picked":["Force Field","Feel No Pain+1"],"picked":"Berserk","floor":19.0},{"not_picked":["Combust","Warcry","Havoc"],"picked":"SKIP","floor":21.0},{"not_picked":["Beam Cell","Seeing Red"],"picked":"ReplayTheSpireMod:Muscle Training","floor":22.0},{"not_picked":["Evolve","Shrug It Off"],"picked":"Cold Snap+1","floor":23},{"not_picked":["ReplayTheSpireMod:Strike From Hell","Defy Death","Headbutt+1"],"picked":"SKIP","floor":25},{"not_picked":["Armaments","Anger+1","Turbo"],"picked":"SKIP","floor":28},{"not_picked":["Cleave","Uppercut","Armaments+1"],"picked":"SKIP","floor":30},{"not_picked":["Twin Strike+1","Gash","Flex"],"picked":"SKIP","floor":31},{"not_picked":["Fiend Fire","Eclipse"],"picked":"Berserk","floor":33}],"player_experience":455144,"relics_obtained":[{"floor":5.0,"key":"ReplayTheSpireMod:Ring of Collecting"},{"floor":5.0,"key":"Ring of Hypnosis"},{"floor":6.0,"key":"infinitespire:Lucky Rock"},{"floor":8.0,"key":"Lantern"},{"floor":9.0,"key":"Ring of Fury"},{"floor":9.0,"key":"ReplayTheSpireMod:TigerMarble"},{"floor":12.0,"key":"Gremlin Food"},{"floor":19.0,"key":"PreservedInsect"},{"floor":23,"key":"UnicornStump"},{"floor":26,"key":"Ring of Greed"},{"floor":26,"key":"MealTicket"},{"floor":26,"key":"Replay:Bandana"},{"floor":26,"key":"Art of War"}],"event_choices":[{"damage_healed":0.0,"max_hp_gain":0.0,"max_hp_loss":0.0,"gold_gain":0.0,"event_name":"Dead Adventurer","player_choice":"Searched \u00271\u0027 times","floor":12.0,"gold_loss":0.0,"damage_taken":0.0},{"damage_healed":0,"gold_gain":0,"player_choice":"Ignored","damage_taken":0,"max_hp_gain":0,"max_hp_loss":0,"event_name":"Cursed Tome","floor":27,"gold_loss":0},{"cards_removed":["Strike_R"],"damage_healed":0,"gold_gain":0,"player_choice":"Gave Gold","damage_taken":0,"max_hp_gain":0,"max_hp_loss":0,"event_name":"Beggar","floor":29,"gold_loss":75}],"is_beta":false,"boss_relics":[{"not_picked":["ChampionBelt","energizedSpire:CursedPentagram"],"picked":"SacredBark"},{"not_picked":[]},{"not_picked":["energizedSpire:NeverEndingSparkler","energizedSpire:DecayingSkull"],"picked":"Replay:Drink Me"},{"not_picked":[]}],"items_purged_floors":[11,20],"is_endless":false,"potions_floor_spawned":[3,4,8,12,13,21,25,28,31],"killed_by":"3 Darklings","ascension_level":4}}