{"host":"sc1hixkxd1yg22vf","time":1609637903,"event":{"mods":["AchievementEnabler","Bard","BaseMod","Bestiary","Colored Map","Hermit","Minty Spire (QoL Compilation)","Quick Restart","StSLib"],"gold_per_floor":[117,48,48,68,79,79,114,127,150,150,165,90,90,110,110,213,213,231,245,145,162,177,205,205,238,238,238,238],"floor_reached":27,"playtime":892,"items_purged":["Regret","hermit:Strike_Hermit"],"score":305,"play_id":"2fbe1bac-6a46-4c2e-8156-d6a13a86e2ab","local_time":"20210102210823","is_ascension_mode":false,"campfire_choices":[{"data":"hermit:Brawl","floor":6,"key":"SMITH"},{"data":"hermit:PistolWhip","floor":13,"key":"SMITH"},{"data":"hermit:Quickdraw","floor":15,"key":"SMITH"}],"circlet_count":0,"master_deck":["hermit:Strike_Hermit","hermit:Strike_Hermit","hermit:Strike_Hermit","hermit:Defend_Hermit","hermit:Defend_Hermit","hermit:Defend_Hermit","hermit:Defend_Hermit","hermit:Snapshot","hermit:Covet","hermit:PistolWhip+1","hermit:Brawl+1","hermit:Horror","hermit:Quickdraw+1","hermit:EyeOfTheStorm+1"],"relics":["Busted Crown","Anchor","Akabeko","PreservedInsect","Black Star","Bag of Preparation","Matryoshka","Orichalcum","Kunai","Toy Ornithopter"],"acts_visited":["Exordium","TheCity"],"potions_floor_usage":[16,18,21,23,23,25],"damage_taken":[{"damage":1,"enemies":"Jaw Worm","floor":1,"turns":3},{"damage":1,"enemies":"Small Slimes","floor":4,"turns":3},{"damage":2,"enemies":"Cultist","floor":5,"turns":3},{"damage":23,"enemies":"3 Sentries","floor":7,"turns":8},{"damage":1,"enemies":"Exordium Wildlife","floor":8,"turns":4},{"damage":5,"enemies":"Red Slaver","floor":11,"turns":3},{"damage":5,"enemies":"Exordium Thugs","floor":14,"turns":4},{"damage":0,"enemies":"Slime Boss","floor":16,"turns":6},{"damage":7,"enemies":"Shell Parasite","floor":18,"turns":4},{"damage":7,"enemies":"2 Thieves","floor":19,"turns":3},{"damage":17,"enemies":"3 Cultists","floor":21,"turns":5},{"damage":6,"enemies":"Snake Plant","floor":22,"turns":4},{"damage":26,"enemies":"Gremlin Leader","floor":23,"turns":6},{"damage":7,"enemies":"Slavers","floor":25,"turns":3},{"damage":10,"enemies":"Centurion and Healer","floor":27,"turns":3}],"seed_played":"3222381764624388872","potions_obtained":[{"floor":1,"key":"ColorlessPotion"},{"floor":4,"key":"LiquidMemories"},{"floor":7,"key":"DistilledChaos"},{"floor":19,"key":"LiquidMemories"},{"floor":21,"key":"Dexterity Potion"},{"floor":23,"key":"LiquidBronze"}],"is_trial":false,"path_per_floor":["M","$","?","M","M","R","E","M","T","?","M","$","R","M","R","B",null,"M","M","$","M","M","E","?","E","T","M"],"character_chosen":"HERMIT","items_purchased":["hermit:Brawl"],"campfire_rested":0,"item_purchase_floors":[2],"current_hp_per_floor":[74,74,74,73,71,71,48,47,47,40,35,35,35,30,30,30,75,68,61,61,44,38,12,12,5,5,0,0],"gold":238,"neow_bonus":"BOSS_RELIC","is_daily":false,"chose_seed":false,"campfire_upgraded":3,"win_rate":0.0,"timestamp":1609637903,"path_taken":["M","$","?","M","M","R","E","M","T","?","M","$","R","M","R","BOSS","M","M","$","?","M","E","?","E","T","M"],"items_purchased_type":["Card"],"build_version":"2020-12-22","purchased_purges":2,"victory":false,"max_hp_per_floor":[75,75,75,75,75,75,75,75,75,75,75,75,75,75,75,75,75,75,75,75,75,75,75,75,75,75,75,75],"card_choices":[{"not_picked":[],"picked":"hermit:PistolWhip","floor":1},{"not_picked":["hermit:Misfire"],"picked":"SKIP","floor":4},{"not_picked":["hermit:Ricochet"],"picked":"SKIP","floor":5},{"not_picked":["hermit:Shortfuse"],"picked":"SKIP","floor":7},{"not_picked":[],"picked":"hermit:Horror","floor":8},{"not_picked":["hermit:BodyArmor"],"picked":"SKIP","floor":11},{"not_picked":[],"picked":"hermit:Quickdraw","floor":14},{"not_picked":["hermit:DeadMansHand"],"picked":"SKIP","floor":18},{"not_picked":["hermit:Showdown"],"picked":"SKIP","floor":19},{"not_picked":["hermit:Headshot"],"picked":"SKIP","floor":21},{"not_picked":["hermit:Headshot+1"],"picked":"SKIP","floor":22},{"not_picked":[],"picked":"hermit:EyeOfTheStorm+1","floor":23},{"not_picked":["hermit:Shortfuse"],"picked":"SKIP","floor":25}],"player_experience":66523,"relics_obtained":[{"floor":7,"key":"Akabeko"},{"floor":9,"key":"PreservedInsect"},{"floor":23,"key":"Bag of Preparation"},{"floor":23,"key":"Matryoshka"},{"floor":25,"key":"Orichalcum"},{"floor":25,"key":"Kunai"},{"floor":26,"key":"Toy Ornithopter"}],"event_choices":[{"damage_healed":0,"gold_gain":0,"player_choice":"Box","damage_taken":0,"relics_obtained":["Anchor"],"max_hp_gain":0,"max_hp_loss":0,"event_name":"Big Fish","floor":3,"gold_loss":0,"cards_obtained":["Regret"]},{"damage_healed":0,"gold_gain":0,"player_choice":"Damaged","damage_taken":7,"max_hp_gain":0,"max_hp_loss":0,"event_name":"Wheel of Change","floor":10,"gold_loss":0},{"damage_healed":0,"gold_gain":0,"player_choice":"Ignored","damage_taken":0,"max_hp_gain":0,"max_hp_loss":0,"event_name":"NoteForYourself","floor":24,"gold_loss":0}],"is_beta":false,"boss_relics":[{"not_picked":["hermit:BartenderGlass","SacredBark"],"picked":"Black Star"}],"items_purged_floors":[12,20],"is_endless":false,"potions_floor_spawned":[1,4,7,11,14,19,21,23],"killed_by":"Centurion and Healer","ascension_level":0}}