{"host":"nlbr7nnijupf3yfg","time":1609705278,"event":{"mods":["AchievementEnabler","BaseMod","Colored Powertips","DeckTracker","Downfall","Hubris","Minty Spire (QoL Compilation)","Replay The Spire","StSLib","SuperFastMode"],"gold_per_floor":[119,119,119,141,164,164,208,223,246,246,288,288,323,92,92,201,201,223,67,67,91,115,154,154,178,178,199,199,220,240,240,240,438,438,462,429,455,455,455,493,493,493,493,519,519,529,529],"floor_reached":46,"playtime":1204,"items_purged":["Strike_G"],"score":511,"play_id":"999444d9-a80b-4189-9c34-038708bd4a21","local_time":"20210103152118","is_ascension_mode":false,"campfire_choices":[{"data":"Draining Mist","floor":6,"key":"SMITH"},{"floor":12,"key":"REST"},{"floor":15,"key":"REST"},{"floor":24,"key":"REST"},{"floor":28,"key":"REST"},{"floor":32,"key":"REST"},{"floor":41,"key":"REST"},{"floor":45,"key":"REST"}],"circlet_count":0,"master_deck":["Strike_G+1","Strike_G+1","Strike_G+1","Strike_G+1","Defend_G+2","Defend_G+1","Defend_G+2","Defend_G+1","Defend_G+1","Survivor","Neutralize","Draining Mist+1","Catalyst","Replay:Poison Smokescreen","Corpse Explosion","Atom Bomb","Outmaneuver+1","Deadly Poison","Replay:Poison Smokescreen","Corpse Explosion","Toxin Wave+1","Noxious Fumes+1","RitualDagger","expansioncontent:DefensiveStance","Crippling Poison+1","Bane+1"],"relics":["Ring of the Serpent","Lantern","Replay:Bandana","hubris:Icosahedron","Tiny Chest","Simple Rune","Nunchaku","Mercury Hourglass","Strange Spoon","TwistedFunnel","Blue Doll","Smiling Mask","hubris:CrystalStatue","Replay:Grab Bag","Sozu","ChewingGum","Ring of Chaos","hubris:Reverence","InkBottle","hubris:TinFlute"],"acts_visited":["Exordium","TheCity","TheBeyond"],"potions_floor_usage":[13,21,27,29,29,40,46],"damage_taken":[{"damage":1,"enemies":"2 Louse","floor":1,"turns":4},{"damage":5,"enemies":"Small Slimes","floor":4,"turns":4},{"damage":5,"enemies":"Cultist","floor":5,"turns":4},{"damage":21,"enemies":"Replay:BlueRogue","floor":7,"turns":8},{"damage":3,"enemies":"Red Slaver","floor":8,"turns":4},{"damage":11,"enemies":"Gremlin Nob","floor":11,"turns":5},{"damage":0,"enemies":"Lagavulin","floor":13,"turns":5},{"damage":4,"enemies":"The Guardian","floor":16,"turns":7},{"damage":19,"enemies":"2 Thieves","floor":18,"turns":4},{"damage":0,"enemies":"Shell Parasite","floor":21,"turns":1},{"damage":4,"enemies":"Cultist and Chosen","floor":22,"turns":4},{"damage":19,"enemies":"Gremlin Leader","floor":23,"turns":5},{"damage":0,"enemies":"Snake Plant","floor":27,"turns":3},{"damage":6,"enemies":"Centurion and Healer","floor":29,"turns":2},{"damage":12,"enemies":"Shelled Parasite and Fungi","floor":30,"turns":3},{"damage":36,"enemies":"hubris:MusketHawk","floor":33,"turns":7},{"damage":0,"enemies":"Orb Walker","floor":35,"turns":3},{"damage":0,"enemies":"3 Shapes","floor":37,"turns":4},{"damage":26,"enemies":"Reptomancer","floor":40,"turns":5},{"damage":23,"enemies":"Maw","floor":44,"turns":6},{"damage":70,"enemies":"Giant Head","floor":46,"turns":8}],"seed_played":"-817465174371639248","potions_obtained":[{"floor":1,"key":"Block Potion"},{"floor":4,"key":"Poison Potion"},{"floor":11,"key":"Energy Potion"},{"floor":13,"key":"Explosive Potion"},{"floor":21,"key":"AttackPotion"},{"floor":27,"key":"Poison Potion"},{"floor":29,"key":"Ancient Potion"},{"floor":30,"key":"Dexterity Potion"}],"is_trial":false,"path_per_floor":["M","?","?","M","M","R","E","M","T","?","E","R","E","$","R","B",null,"M","$","?","M","M","E","R","T","T","M","R","M","M","?","R","B",null,"M","$","M","?","T","E","R","?","T","M","R","E"],"character_chosen":"THE_SILENT","items_purchased":["Strange Spoon","TwistedFunnel","expansioncontent:DefensiveStance"],"campfire_rested":7,"item_purchase_floors":[14,19,36],"current_hp_per_floor":[69,69,69,65,60,60,39,36,36,36,25,46,46,46,67,63,70,51,51,51,51,47,28,49,49,49,49,70,64,52,46,67,31,70,70,70,70,70,70,44,65,65,65,42,63,0,0],"gold":529,"neow_bonus":"RANDOM_COMMON_RELIC","is_daily":false,"chose_seed":false,"campfire_upgraded":1,"win_rate":0.0,"timestamp":1609705278,"path_taken":["M","?","?","M","M","R","E","M","T","?","E","R","E","$","R","BOSS","M","?","?","M","M","E","R","?","T","?","R","M","M","?","R","BOSS","M","$","M","?","?","E","R","?","T","M","R","E"],"items_purchased_type":["Relic","Relic","Card"],"build_version":"2020-12-22","purchased_purges":1,"victory":false,"max_hp_per_floor":[70,70,70,70,70,70,70,70,70,70,70,70,70,70,70,70,70,70,70,70,70,70,70,70,70,70,70,70,70,70,70,70,70,70,70,70,70,70,70,70,70,70,70,70,70,70,70],"card_choices":[{"not_picked":["Hidden Blade","Skewer"],"picked":"Draining Mist","floor":1},{"not_picked":["Hidden Blade","ReplayTheSpireMod:The Works","Prepared"],"picked":"SKIP","floor":4},{"not_picked":["hubris:SlightOfHand","Bane"],"picked":"Catalyst","floor":5},{"not_picked":["hubris:SlightOfHand","Catalyst"],"picked":"Replay:Poison Smokescreen","floor":7},{"not_picked":["Hidden Blade","hubris:SlightOfHand","PiercingWail"],"picked":"SKIP","floor":8},{"not_picked":["hubris:SlightOfHand","Underhanded Strike","Slice"],"picked":"SKIP","floor":11},{"not_picked":["Calculated Gamble","Dagger Spray"],"picked":"Corpse Explosion","floor":13},{"not_picked":["Envenom","Tools of the Trade"],"picked":"Atom Bomb","floor":16},{"not_picked":["Acrobatics","hubris:SlightOfHand"],"picked":"Outmaneuver+1","floor":18},{"not_picked":["Calculated Gamble","Prepared"],"picked":"Deadly Poison","floor":21},{"not_picked":["ReplayTheSpireMod:Speed Training+1","hubris:Sniper"],"picked":"Replay:Poison Smokescreen","floor":22},{"not_picked":["PiercingWail","Flying Knee"],"picked":"Corpse Explosion","floor":23},{"not_picked":["Calculated Gamble","Bane","Underhanded Strike"],"picked":"SKIP","floor":27},{"not_picked":["Poisoned Stab","Dodge and Roll+1"],"picked":"Toxin Wave+1","floor":29},{"not_picked":["Draining Mist","Endless Agony"],"picked":"Noxious Fumes+1","floor":30},{"not_picked":["Calculated Gamble","Deflect"],"picked":"Acrobatics+1","floor":35},{"not_picked":["Dodge and Roll+1","Bane"],"picked":"Crippling Poison+1","floor":37},{"not_picked":["Sucker Punch","ReplayTheSpireMod:Scrap Shanks"],"picked":"Bane+1","floor":40},{"not_picked":["Dodge and Roll","Bane+1","Dash"],"picked":"SKIP","floor":44}],"player_experience":32233,"relics_obtained":[{"floor":7,"key":"Tiny Chest"},{"floor":9,"key":"Simple Rune"},{"floor":11,"key":"Nunchaku"},{"floor":13,"key":"Mercury Hourglass"},{"floor":23,"key":"Blue Doll"},{"floor":25,"key":"Smiling Mask"},{"floor":26,"key":"hubris:CrystalStatue"},{"floor":39,"key":"hubris:Reverence"},{"floor":40,"key":"InkBottle"},{"floor":43,"key":"hubris:TinFlute"}],"event_choices":[{"damage_healed":0,"gold_gain":0,"player_choice":"Box","damage_taken":0,"relics_obtained":["Replay:Bandana"],"max_hp_gain":0,"max_hp_loss":0,"event_name":"Big Fish","floor":2,"gold_loss":0,"cards_obtained":["Regret"]},{"cards_removed":["Regret"],"damage_healed":0,"gold_gain":0,"player_choice":"Purged","damage_taken":0,"max_hp_gain":0,"max_hp_loss":0,"event_name":"Purifier","floor":10,"gold_loss":0},{"damage_healed":0,"gold_gain":0,"player_choice":"Simplicity","damage_taken":0,"max_hp_gain":0,"max_hp_loss":0,"event_name":"Back to Basics","floor":20,"gold_loss":0,"cards_upgraded":["Strike_G","Strike_G","Strike_G","Strike_G","Defend_G","Defend_G","Defend_G","Defend_G","Defend_G"]},{"damage_healed":0,"gold_gain":0,"player_choice":"Joined the Cult","damage_taken":6,"max_hp_gain":0,"max_hp_loss":0,"event_name":"Nest","floor":31,"gold_loss":0,"cards_obtained":["RitualDagger"]},{"cards_removed":["Acrobatics"],"damage_healed":0,"gold_gain":0,"player_choice":"Removed Skill","damage_taken":0,"max_hp_gain":0,"max_hp_loss":0,"event_name":"Falling","floor":38,"gold_loss":0},{"damage_healed":0,"gold_gain":0,"player_choice":"Got Potions","damage_taken":0,"max_hp_gain":0,"max_hp_loss":0,"event_name":"Lab","floor":42,"gold_loss":0}],"is_beta":false,"boss_relics":[{"not_picked":["Replay:Bronze Core","WristBlade"],"picked":"Ring of the Serpent"},{"not_picked":["SacredBark","Astrolabe"],"picked":"Replay:Grab Bag"},{"not_picked":["Fusion Hammer","hubris:TerracottaHorce"],"picked":"Sozu"},{"not_picked":["hubris:CrackedHourglass","hubris:RunicObelisk"],"picked":"ChewingGum"},{"not_picked":["hubris:BlackHole","Black Star"],"picked":"Ring of Chaos"}],"items_purged_floors":[14],"is_endless":false,"potions_floor_spawned":[1,4,11,13,21,27,29,30,40,44],"killed_by":"Giant Head","ascension_level":0}}