{"host":"novohdx135h0xyrr","time":1609693788,"event":{"mods":["BaseMod","Colored Map","Colored Powertips","Highlight Path","Minty Spire (QoL Compilation)"],"gold_per_floor":[114,114,131,62,74,99,99,133,204,204,238,253,253,285,285,384,384,403,430,109,109,122,157,157,190,190,207,226,238,256,270,270,270,270],"floor_reached":33,"playtime":1453,"items_purged":["Defend_R"],"score":435,"play_id":"250a5698-c171-4548-9145-6d7a8576fd63","local_time":"20210103090948","is_ascension_mode":true,"campfire_choices":[{"data":"Perfected Strike","floor":7,"key":"SMITH"},{"floor":13,"key":"REST"},{"data":"Perfected Strike","floor":15,"key":"SMITH"},{"floor":24,"key":"REST"},{"data":"Perfected Strike","floor":32,"key":"SMITH"}],"circlet_count":0,"master_deck":["Strike_R","Strike_R+1","Strike_R","Strike_R","Strike_R","Defend_R","Defend_R","Defend_R","Bash","Perfected Strike+1","Pommel Strike","Wild Strike","Pommel Strike+1","Perfected Strike+1","Twin Strike","Demon Form","Wild Strike+1","Perfected Strike+1","Perfected Strike+1"],"relics":["Burning Blood","NeowsBlessing","Gambling Chip","Bronze Scales","Question Card","Shuriken","Prayer Wheel","Paper Frog","Busted Crown","Red Mask","Bottled Flame","Orichalcum","Whetstone"],"acts_visited":["Exordium","TheCity"],"potions_floor_usage":[6,8,23,25,31,33,33],"damage_taken":[{"damage":0,"enemies":"Cultist","floor":1,"turns":1},{"damage":0,"enemies":"2 Louse","floor":3,"turns":1},{"damage":0,"enemies":"Jaw Worm","floor":5,"turns":1},{"damage":35,"enemies":"Lagavulin","floor":6,"turns":4},{"damage":16,"enemies":"Gremlin Nob","floor":8,"turns":3},{"damage":16,"enemies":"3 Sentries","floor":11,"turns":6},{"damage":0,"enemies":"Exordium Wildlife","floor":12,"turns":3},{"damage":0,"enemies":"Gremlin Nob","floor":14,"turns":2},{"damage":41,"enemies":"Slime Boss","floor":16,"turns":8},{"damage":2,"enemies":"Chosen","floor":18,"turns":2},{"damage":16,"enemies":"Masked Bandits","floor":19,"turns":3},{"damage":0,"enemies":"Spheric Guardian","floor":22,"turns":1},{"damage":60,"enemies":"Gremlin Leader","floor":23,"turns":5},{"damage":19,"enemies":"Book of Stabbing","floor":25,"turns":3},{"damage":10,"enemies":"Chosen and Byrds","floor":27,"turns":4},{"damage":0,"enemies":"Snecko","floor":28,"turns":2},{"damage":0,"enemies":"Snake Plant","floor":29,"turns":1},{"damage":0,"enemies":"3 Cultists","floor":30,"turns":3},{"damage":0,"enemies":"Sentry and Sphere","floor":31,"turns":2},{"damage":65,"enemies":"Champ","floor":33,"turns":5}],"seed_played":"-2136548338047871631","potions_obtained":[{"floor":3,"key":"FearPotion"},{"floor":5,"key":"Strength Potion"},{"floor":16,"key":"PowerPotion"},{"floor":22,"key":"Ancient Potion"},{"floor":23,"key":"FearPotion"},{"floor":27,"key":"Fire Potion"},{"floor":29,"key":"Dexterity Potion"},{"floor":30,"key":"Strength Potion"}],"is_trial":false,"path_per_floor":["M","?","M","$","M","E","R","E","T","?","E","M","R","E","R","B",null,"M","?","$","?","M","E","R","E","T","M","M","M","M","M","R","B"],"character_chosen":"IRONCLAD","items_purchased":["Pommel Strike","Wild Strike","Bottled Flame"],"campfire_rested":2,"item_purchase_floors":[4,4,20],"current_hp_per_floor":[80,80,80,80,80,51,51,41,41,29,19,25,49,55,55,20,80,80,70,70,70,76,22,46,33,33,29,35,41,47,53,53,0,0],"gold":270,"neow_bonus":"THREE_ENEMY_KILL","is_daily":false,"chose_seed":false,"campfire_upgraded":3,"win_rate":0.0,"timestamp":1609693788,"path_taken":["M","?","?","$","M","E","R","E","T","?","E","M","R","E","R","BOSS","M","?","$","?","M","E","R","E","T","M","M","?","M","M","R","BOSS"],"items_purchased_type":["Card","Card","Relic"],"build_version":"2020-12-22","purchased_purges":1,"victory":false,"max_hp_per_floor":[80,80,80,80,80,80,80,80,80,80,80,80,80,80,80,80,80,80,80,80,80,80,80,80,80,80,80,80,80,80,80,80,80,80],"card_choices":[{"not_picked":["Disarm","Dropkick"],"picked":"Perfected Strike","floor":1},{"not_picked":["Sword Boomerang","Second Wind","Evolve"],"picked":"SKIP","floor":3},{"not_picked":["Whirlwind","Combust"],"picked":"Pommel Strike","floor":5},{"not_picked":["Rampage","Flex","Heavy Blade"],"picked":"SKIP","floor":6},{"not_picked":["Sever Soul","Evolve","Dark Embrace"],"picked":"SKIP","floor":8},{"not_picked":["Metallicize","Sword Boomerang","Armaments"],"picked":"Perfected Strike","floor":11},{"not_picked":["Thunderclap","Anger","Sword Boomerang","Cleave"],"picked":"SKIP","floor":12},{"not_picked":["Havoc","Hemokinesis","Metallicize","Cleave"],"picked":"SKIP","floor":12},{"not_picked":["Rampage","Clothesline","Brutality","Demon Form"],"picked":"SKIP","floor":14},{"not_picked":["Shrug It Off"],"picked":"Twin Strike","floor":18},{"not_picked":["Ghostly Armor","Inflame"],"picked":"SKIP","floor":18},{"not_picked":["Feel No Pain","Berserk"],"picked":"SKIP","floor":22},{"not_picked":["Headbutt","Armaments"],"picked":"SKIP","floor":22},{"not_picked":["Feel No Pain","Rampage"],"picked":"SKIP","floor":23},{"not_picked":["Second Wind+1"],"picked":"Wild Strike+1","floor":25},{"not_picked":["Disarm+1"],"picked":"Perfected Strike","floor":27},{"not_picked":["Clothesline","Armaments"],"picked":"SKIP","floor":27},{"not_picked":["Thunderclap","True Grit"],"picked":"SKIP","floor":28},{"not_picked":["Warcry","Sword Boomerang+1"],"picked":"SKIP","floor":28},{"not_picked":["Wild Strike+1"],"picked":"Perfected Strike+1","floor":29},{"not_picked":["Anger","Offering"],"picked":"SKIP","floor":29},{"not_picked":["Carnage","Thunderclap"],"picked":"SKIP","floor":30},{"not_picked":["Body Slam","Heavy Blade"],"picked":"SKIP","floor":30},{"not_picked":["Headbutt","Sword Boomerang+1"],"picked":"SKIP","floor":31},{"not_picked":["True Grit","Havoc+1"],"picked":"SKIP","floor":31}],"player_experience":190617,"relics_obtained":[{"floor":6,"key":"Gambling Chip"},{"floor":8,"key":"Bronze Scales"},{"floor":9,"key":"Question Card"},{"floor":11,"key":"Prayer Wheel"},{"floor":14,"key":"Paper Frog"},{"floor":19,"key":"Red Mask"},{"floor":23,"key":"Orichalcum"},{"floor":25,"key":"Whetstone"}],"event_choices":[{"damage_healed":0,"gold_gain":0,"player_choice":"Ignored","damage_taken":0,"max_hp_gain":0,"max_hp_loss":0,"event_name":"Transmorgrifier","floor":2,"gold_loss":0},{"damage_healed":0,"gold_gain":0,"player_choice":"Success","damage_taken":12,"relics_obtained":["Shuriken"],"max_hp_gain":0,"max_hp_loss":0,"event_name":"Scrap Ooze","floor":10,"gold_loss":0},{"damage_healed":0,"gold_gain":0,"player_choice":"Fought Bandits","damage_taken":0,"max_hp_gain":0,"max_hp_loss":0,"event_name":"Masked Bandits","floor":19,"gold_loss":0},{"damage_healed":0,"gold_gain":0,"player_choice":"1 cards matched","damage_taken":0,"max_hp_gain":0,"max_hp_loss":0,"event_name":"Match and Keep!","floor":21,"gold_loss":0,"cards_obtained":["Demon Form"]}],"is_beta":false,"boss_relics":[{"not_picked":["Black Blood","Fusion Hammer"],"picked":"Busted Crown"}],"items_purged_floors":[20],"is_endless":false,"potions_floor_spawned":[3,5,16,22,23,27,29,30],"killed_by":"Champ","ascension_level":4}}