{"host":"Ian","time":1609657928,"event":{"mods":["BaseMod","Bestiary","Block Reminder","Colored Map","Highlight Path","Key Reminder","Minty Spire (QoL Compilation)","Relic Stats"],"gold_per_floor":[109,35,50,125,125,125,160,160,235,235,267,267,277,295,295,369,369,382,382,398,398,4,32,32,32,32,32,64,64,80,80,80,80,80],"floor_reached":33,"playtime":1097,"items_purged":[],"score":628,"play_id":"71b1b357-00a5-4c21-8e0f-0f35b97eec77","local_time":"20210103071208","is_ascension_mode":true,"campfire_choices":[{"data":"Perfected Strike","floor":6.0,"key":"SMITH"},{"data":"Cleave","floor":8.0,"key":"SMITH"},{"data":"Clothesline","floor":12.0,"key":"SMITH"},{"data":"Wild Strike","floor":15.0,"key":"SMITH"},{"data":"RitualDagger","floor":25,"key":"SMITH"},{"data":"Bash","floor":27,"key":"SMITH"},{"data":"Fiend Fire","floor":29,"key":"SMITH"},{"floor":32,"key":"REST"}],"circlet_count":0,"master_deck":["AscendersBane","Strike_R","Strike_R","Strike_R","Strike_R","Strike_R","Defend_R","Defend_R","Defend_R","Defend_R","Bash+1","Perfected Strike+1","Feel No Pain","Thunderclap","Cleave+1","Clothesline+1","Wild Strike+1","Warcry","Fiend Fire+1","RitualDagger+1","Dark Embrace","Dark Embrace"],"relics":["NeowsBlessing","PreservedInsect","The Courier","keyreminder:keyreminder","Orichalcum","Snecko Eye","Nloth\u0027s Gift","Torii","Omamori","Regal Pillow","Pear","White Beast Statue","Enchiridion"],"acts_visited":["Exordium","TheCity"],"potions_floor_usage":[16,18,23,30,33],"damage_taken":[{"damage":0.0,"enemies":"Small Slimes","floor":1.0,"turns":1.0},{"damage":0.0,"enemies":"Jaw Worm","floor":3.0,"turns":1.0},{"damage":0.0,"enemies":"Lagavulin","floor":7.0,"turns":1.0},{"damage":17.0,"enemies":"3 Sentries","floor":11.0,"turns":6.0},{"damage":0.0,"enemies":"Cultist","floor":13.0,"turns":3.0},{"damage":3.0,"enemies":"Blue Slaver","floor":14.0,"turns":3.0},{"damage":53,"enemies":"Slime Boss","floor":16,"turns":8},{"damage":6,"enemies":"3 Byrds","floor":18,"turns":2},{"damage":5,"enemies":"Spheric Guardian","floor":20,"turns":3},{"damage":1,"enemies":"Slavers","floor":23,"turns":2},{"damage":17,"enemies":"Gremlin Leader","floor":28,"turns":4},{"damage":0,"enemies":"Cultist and Chosen","floor":30,"turns":3},{"damage":77,"enemies":"Automaton","floor":33,"turns":6}],"seed_played":"-8002919292806413325","potions_obtained":[{"floor":3.0,"key":"LiquidBronze"},{"floor":14.0,"key":"Strength Potion"},{"floor":16,"key":"FearPotion"},{"floor":20,"key":"AttackPotion"},{"floor":28,"key":"DistilledChaos"},{"floor":30,"key":"DistilledChaos"}],"is_trial":false,"path_per_floor":["M","$","M","?","?","R","E","R","T","?","E","R","M","M","R","B",null,"M","?","M","?","$","E","$","R","T","R","E","R","M","?","R","B"],"character_chosen":"IRONCLAD","items_purchased":["Feel No Pain","Torii","Omamori"],"campfire_rested":1,"item_purchase_floors":[2,22,22],"current_hp_per_floor":[74,74,75,64,53,53,59,59,59,64,53,53,59,62,62,15,64,64,64,59,53,53,52,52,52,62,62,45,45,45,24,66,0,0],"gold":80,"neow_bonus":"THREE_ENEMY_KILL","is_daily":false,"chose_seed":false,"campfire_upgraded":7,"win_rate":0.0,"timestamp":1609657928,"path_taken":["M","$","M","?","?","R","E","R","T","?","E","R","M","M","R","BOSS","M","?","?","?","$","E","?","R","T","R","E","R","M","?","R","BOSS"],"items_purchased_type":["Card","Relic","Relic"],"build_version":"2020-12-18","purchased_purges":0,"victory":false,"max_hp_per_floor":[75,75,75,75,75,75,75,75,75,80,80,80,80,80,80,80,80,80,80,80,80,80,80,80,80,90,90,90,90,90,90,90,90,90],"relic_stats":{"Regal Pillow":15,"Torii":3,"counters":[13,43],"Snecko Eye":[30,36,26,41],"PreservedInsect":120,"Nloth\u0027s Gift":0,"Orichalcum":[150],"obtain_stats":[{"Regal Pillow":23,"Pear":26,"NeowsBlessing":0,"Torii":22,"Enchiridion":31,"PreservedInsect":5,"The Courier":7,"Omamori":22,"Orichalcum":11,"Burning Blood":0,"White Beast Statue":28,"keyreminder:keyreminder":7,"Snecko Eye":17,"Nloth\u0027s Gift":19},{"Regal Pillow":10,"Pear":10,"NeowsBlessing":0,"Torii":9,"Enchiridion":12,"PreservedInsect":2,"The Courier":3,"Omamori":9,"Orichalcum":4,"Burning Blood":0,"White Beast Statue":11,"keyreminder:keyreminder":3,"Snecko Eye":7,"Nloth\u0027s Gift":8},{"Regal Pillow":30,"Pear":30,"NeowsBlessing":0,"Torii":28,"Enchiridion":37,"PreservedInsect":2,"The Courier":3,"Omamori":28,"Orichalcum":9,"Burning Blood":0,"White Beast Statue":34,"keyreminder:keyreminder":3,"Snecko Eye":23,"Nloth\u0027s Gift":25}]},"card_choices":[{"not_picked":["Havoc","Dropkick"],"picked":"Perfected Strike","floor":1.0},{"not_picked":["Dropkick","Headbutt"],"picked":"Thunderclap","floor":3.0},{"not_picked":["Reckless Charge","Pummel"],"picked":"Cleave","floor":7.0},{"not_picked":["Berserk","Shrug It Off"],"picked":"Clothesline","floor":11.0},{"not_picked":["Iron Wave","Armaments"],"picked":"Wild Strike","floor":13.0},{"not_picked":["Anger","Shrug It Off"],"picked":"Warcry","floor":14.0},{"not_picked":["Exhume","Barricade"],"picked":"Fiend Fire","floor":16},{"not_picked":["Heavy Blade","Pummel","Body Slam"],"picked":"SKIP","floor":18},{"not_picked":["Headbutt","Clothesline","Body Slam"],"picked":"SKIP","floor":20},{"not_picked":["Shockwave","Heavy Blade"],"picked":"Dark Embrace","floor":23},{"not_picked":["Headbutt","True Grit","Twin Strike+1"],"picked":"SKIP","floor":28},{"not_picked":["Twin Strike","Iron Wave"],"picked":"Dark Embrace","floor":30}],"player_experience":2616692,"relics_obtained":[{"floor":7.0,"key":"The Courier"},{"floor":11.0,"key":"Orichalcum"},{"floor":23,"key":"Regal Pillow"},{"floor":26,"key":"Pear"},{"floor":28,"key":"White Beast Statue"},{"floor":31,"key":"Enchiridion"}],"event_choices":[{"damage_healed":0.0,"max_hp_gain":0.0,"max_hp_loss":0.0,"gold_gain":75.0,"event_name":"World of Goop","player_choice":"Gather Gold","floor":4.0,"gold_loss":0.0,"damage_taken":11.0},{"damage_healed":0.0,"max_hp_gain":0.0,"max_hp_loss":0.0,"gold_gain":0.0,"event_name":"Scrap Ooze","player_choice":"Success","floor":5.0,"gold_loss":0.0,"damage_taken":11.0,"relics_obtained":["PreservedInsect"]},{"damage_healed":0.0,"max_hp_gain":5.0,"max_hp_loss":0.0,"gold_gain":0.0,"event_name":"Big Fish","player_choice":"Donut","floor":10.0,"gold_loss":0.0,"damage_taken":0.0},{"damage_healed":0,"gold_gain":0,"player_choice":"Traded Relic","damage_taken":0,"relics_obtained":["Nloth\u0027s Gift"],"max_hp_gain":0,"max_hp_loss":0,"event_name":"N\u0027loth","floor":19,"relics_lost":["Burning Blood"],"gold_loss":0},{"damage_healed":0,"gold_gain":0,"player_choice":"Joined the Cult","damage_taken":6,"max_hp_gain":0,"max_hp_loss":0,"event_name":"Nest","floor":21,"gold_loss":0,"cards_obtained":["RitualDagger"]},{"damage_healed":0,"gold_gain":0,"player_choice":"Obtained Book","damage_taken":21,"max_hp_gain":0,"max_hp_loss":0,"event_name":"Cursed Tome","floor":31,"gold_loss":0}],"is_beta":true,"boss_relics":[{"not_picked":["Empty Cage","Runic Dome"],"picked":"Snecko Eye"}],"items_purged_floors":[],"is_endless":false,"potions_floor_spawned":[3,14,16,20,28,30],"killed_by":"Automaton","ascension_level":20}}