{"host":"zes78fzwct0uoxij","time":1609716814,"event":{"mods":["BaseMod","Colored Map","Highlight Path","Minty Spire (QoL Compilation)"],"gold_per_floor":[119,194,204,219,229,229,260,260,284,284,15,45,60,60,60,159,159,169,198,198,198,218,247,257,257,257,273,285,299,312,312,312,417,417,428,650,668,209,226,226,226,226],"floor_reached":41,"playtime":7122,"items_purged":["Strike_R","Strike_R"],"score":425,"play_id":"b9c39bfe-cc2d-4f30-8b35-880387879cda","local_time":"20210104003334","is_ascension_mode":false,"campfire_choices":[{"floor":6,"key":"REST"},{"floor":8,"key":"REST"},{"data":"Body Slam","floor":15,"key":"SMITH"},{"data":"Double Tap","floor":25,"key":"SMITH"},{"floor":32,"key":"REST"},{"floor":40,"key":"REST"}],"circlet_count":0,"master_deck":["Strike_R","Strike_R","Defend_R","Defend_R","Defend_R","Bash","Double Tap+1","Cleave","Body Slam+1","Heavy Blade","Panache","Shrug It Off","Bludgeon","Shrug It Off+1","Shrug It Off","Inflame","Thunderclap+1","Entrench+1","Flame Barrier","Body Slam+1","Double Tap","Armaments+1","Panache"],"relics":["Burning Blood","Ancient Tea Set","Akabeko","Happy Flower","Smiling Mask","Mark of Pain","Red Mask","Mango","Paper Frog","Kunai","Empty Cage","Ornamental Fan"],"acts_visited":["Exordium","TheCity","TheBeyond"],"potions_floor_usage":[7,12,30,33,41],"damage_taken":[{"damage":18,"enemies":"2 Louse","floor":1,"turns":3},{"damage":1,"enemies":"Cultist","floor":3,"turns":3},{"damage":11,"enemies":"Jaw Worm","floor":4,"turns":3},{"damage":12,"enemies":"Exordium Wildlife","floor":5,"turns":5},{"damage":30,"enemies":"3 Sentries","floor":7,"turns":8},{"damage":15,"enemies":"Lagavulin","floor":12,"turns":6},{"damage":0,"enemies":"3 Louse","floor":13,"turns":4},{"damage":74,"enemies":"The Guardian","floor":16,"turns":15},{"damage":5,"enemies":"Spheric Guardian","floor":18,"turns":3},{"damage":13,"enemies":"Masked Bandits","floor":19,"turns":4},{"damage":0,"enemies":"Shell Parasite","floor":22,"turns":2},{"damage":21,"enemies":"Slavers","floor":23,"turns":5},{"damage":0,"enemies":"Sentry and Sphere","floor":24,"turns":3},{"damage":15,"enemies":"Cultist and Chosen","floor":27,"turns":7},{"damage":0,"enemies":"Snake Plant","floor":28,"turns":2},{"damage":25,"enemies":"Centurion and Healer","floor":29,"turns":5},{"damage":21,"enemies":"3 Cultists","floor":30,"turns":5},{"damage":65,"enemies":"Automaton","floor":33,"turns":10},{"damage":0,"enemies":"3 Shapes","floor":35,"turns":4},{"damage":0,"enemies":"Orb Walker","floor":37,"turns":2},{"damage":38,"enemies":"Spire Growth","floor":39,"turns":5},{"damage":91,"enemies":"Nemesis","floor":41,"turns":8}],"seed_played":"-9067955128603633540","potions_obtained":[{"floor":1,"key":"Energy Potion"},{"floor":3,"key":"Strength Potion"},{"floor":7,"key":"Weak Potion"},{"floor":22,"key":"Regen Potion"},{"floor":23,"key":"SpeedPotion"},{"floor":33,"key":"PowerPotion"},{"floor":35,"key":"BloodPotion"}],"is_trial":false,"path_per_floor":["M","?","M","M","M","R","E","R","T","?","$","E","M","T","R","B",null,"M","?","?","?","M","E","M","R","T","M","M","M","M","T","R","B",null,"M","?","M","$","M","R","E"],"character_chosen":"IRONCLAD","items_purchased":["Panache","Ornamental Fan","Panache"],"campfire_rested":4,"item_purchase_floors":[11,38,38],"current_hp_per_floor":[68,60,65,60,54,78,54,78,78,78,78,69,75,75,75,7,80,80,73,73,87,93,78,84,84,84,75,81,62,56,56,84,25,94,94,94,94,94,62,90,0,0],"gold":226,"neow_bonus":"ONE_RANDOM_RARE_CARD","is_daily":false,"chose_seed":false,"campfire_upgraded":2,"win_rate":0.0,"timestamp":1609716814,"path_taken":["M","?","?","M","M","R","E","R","T","?","$","E","M","?","R","BOSS","M","?","?","?","M","E","M","R","T","M","?","M","M","?","R","BOSS","M","?","M","$","M","R","E"],"items_purchased_type":["Card","Relic","Card"],"build_version":"2020-12-22","purchased_purges":2,"victory":false,"max_hp_per_floor":[80,80,80,80,80,80,80,80,80,80,80,80,80,80,80,80,80,80,80,80,94,94,94,94,94,94,94,94,94,94,94,94,94,94,94,94,94,94,94,94,94,94],"card_choices":[{"not_picked":["Shockwave","Twin Strike"],"picked":"Cleave","floor":1},{"not_picked":["Wild Strike","Havoc"],"picked":"Body Slam","floor":3},{"not_picked":["Evolve","Havoc"],"picked":"Heavy Blade","floor":4},{"not_picked":["Thunderclap","Sword Boomerang","Fire Breathing"],"picked":"SKIP","floor":5},{"not_picked":["Reckless Charge","Double Tap","Feel No Pain"],"picked":"SKIP","floor":7},{"not_picked":["Entrench","Pummel"],"picked":"Shrug It Off","floor":12},{"not_picked":["Shockwave","Clothesline","Feel No Pain"],"picked":"SKIP","floor":13},{"not_picked":["Exhume","Berserk"],"picked":"Bludgeon","floor":16},{"not_picked":["Perfected Strike+1","Uppercut"],"picked":"Shrug It Off+1","floor":18},{"not_picked":["Clash","Uppercut"],"picked":"Shrug It Off","floor":19},{"not_picked":["Heavy Blade","Clothesline","Havoc+1"],"picked":"SKIP","floor":22},{"not_picked":["Rupture+1","Havoc"],"picked":"Thunderclap+1","floor":23},{"not_picked":["Reaper","True Grit"],"picked":"Entrench+1","floor":24},{"not_picked":["Sentinel","Pommel Strike"],"picked":"Flame Barrier","floor":27},{"not_picked":["Rage","Searing Blow","Dark Embrace"],"picked":"SKIP","floor":28},{"not_picked":["Twin Strike","Reckless Charge+1","Clothesline"],"picked":"SKIP","floor":29},{"not_picked":["Spot Weakness","Whirlwind"],"picked":"Body Slam+1","floor":30},{"not_picked":["Offering","Exhume"],"picked":"Double Tap","floor":33},{"not_picked":["Warcry","Power Through+1"],"picked":"Armaments+1","floor":35},{"not_picked":["Uppercut+1","Bloodletting+1","Whirlwind+1"],"picked":"SKIP","floor":37},{"not_picked":["Sentinel+1","Twin Strike+1","Whirlwind"],"picked":"SKIP","floor":39}],"player_experience":592019,"relics_obtained":[{"floor":7,"key":"Ancient Tea Set"},{"floor":9,"key":"Akabeko"},{"floor":12,"key":"Happy Flower"},{"floor":14,"key":"Smiling Mask"},{"floor":19,"key":"Red Mask"},{"floor":23,"key":"Paper Frog"},{"floor":26,"key":"Kunai"}],"event_choices":[{"damage_healed":0,"gold_gain":75,"player_choice":"Touch","damage_taken":8,"max_hp_gain":0,"max_hp_loss":0,"event_name":"FaceTrader","floor":2,"gold_loss":0},{"damage_healed":0,"gold_gain":0,"player_choice":"Ignored","damage_taken":0,"max_hp_gain":0,"max_hp_loss":0,"event_name":"Liars Game","floor":10,"gold_loss":0},{"damage_healed":0,"gold_gain":0,"player_choice":"Fought Bandits","damage_taken":0,"max_hp_gain":0,"max_hp_loss":0,"event_name":"Masked Bandits","floor":19,"gold_loss":0},{"damage_healed":0,"gold_gain":0,"player_choice":"Read","damage_taken":0,"max_hp_gain":0,"max_hp_loss":0,"event_name":"The Library","floor":20,"gold_loss":0,"cards_obtained":["Inflame"]},{"damage_healed":0,"gold_gain":0,"player_choice":"Opened","damage_taken":0,"relics_obtained":["Mango"],"max_hp_gain":0,"max_hp_loss":0,"event_name":"The Mausoleum","floor":21,"gold_loss":0},{"damage_healed":0,"gold_gain":222,"player_choice":"Wore Mask","damage_taken":0,"max_hp_gain":0,"max_hp_loss":0,"event_name":"Tomb of Lord Red Mask","floor":36,"gold_loss":0}],"is_beta":false,"boss_relics":[{"not_picked":["Black Blood","Astrolabe"],"picked":"Mark of Pain"},{"not_picked":["Runic Cube","Cursed Key"],"picked":"Empty Cage"}],"items_purged_floors":[11,38],"is_endless":false,"potions_floor_spawned":[1,3,7,22,23,27,28,33,35,39],"killed_by":"Nemesis","ascension_level":0}}