{"host":"7uuqqk35leady37t","time":1609656868,"event":{"mods":["BaseMod","Colored Map","Colored Powertips","Downfall","Marisa£®ÏF”Í°°ƒß¿Ì…≥£©","Minty Spire (QoL Compilation)","Remilia£®¿Ÿ√◊¿Ú—«£©","Robot Space Explorer","StSLib","The Bug Knight","The Servant 0.9.4","Waifu the Spire","Yuri Mod","[IsaacMod]“‘»ˆº‚À˛"],"gold_per_floor":[116,134,147,197,147,147,177,189,189,189,265,284,310,325,325,325,325],"floor_reached":16,"playtime":473,"items_purged":[],"score":118,"play_id":"03bcf5ac-0f81-4bb7-b33a-5bf860a2c6d2","local_time":"20210103145428","is_ascension_mode":true,"campfire_choices":[{"data":"GrandCross","floor":6,"key":"SMITH"},{"floor":15,"key":"REST"}],"circlet_count":0,"master_deck":["Strike_MRS","Strike_MRS","Defend_MRS","Defend_MRS","Defend_MRS","Defend_MRS","MasterSpark","UpSweep","UnstableBomb","GrandCross+1","DoubleSpark","PowerUp","NonDirectionalLaser","DragonMeteor","NonDirectionalLaser","FinalSpark","GrandCross"],"relics":["MiniHakkero","HushsDoor","SatanicBible","Mummified Hand","Nunchaku","Unceasing Top","Matryoshka","Lantern","TheBible","Omamori"],"acts_visited":["Exordium"],"potions_floor_usage":[4,7,13,16,16],"damage_taken":[{"damage":0,"enemies":"Cultist","floor":1,"turns":2},{"damage":0,"enemies":"2 Louse","floor":2,"turns":2},{"damage":8,"enemies":"Small Slimes","floor":3,"turns":3},{"damage":12,"enemies":"Hiden Room Battle","floor":4,"turns":2},{"damage":36,"enemies":"Lagavulin","floor":7,"turns":4},{"damage":12,"enemies":"Blue Slaver","floor":8,"turns":2},{"damage":0,"enemies":"Looter","floor":12,"turns":1},{"damage":4,"enemies":"3 Sentries","floor":13,"turns":4},{"damage":0,"enemies":"2 Fungi Beasts","floor":14,"turns":2},{"damage":38,"enemies":"The Guardian","floor":16,"turns":6}],"seed_played":"-1943857636180354293","potions_obtained":[{"floor":1,"key":"Weak Potion"},{"floor":2,"key":"BlessingOfTheForge"},{"floor":12,"key":"BlessingOfTheForge"},{"floor":13,"key":"FearPotion"},{"floor":14,"key":"ShroomBrew"}],"is_trial":false,"path_per_floor":["M","M","M","?","?","R","E","M","T","?","T","M","E","M","R","B"],"character_chosen":"MARISA","items_purchased":[],"campfire_rested":1,"item_purchase_floors":[],"current_hp_per_floor":[82,82,74,62,62,62,26,14,14,14,14,14,10,10,34,0,0],"gold":325,"neow_bonus":"TEN_PERCENT_HP_BONUS","is_daily":false,"chose_seed":false,"campfire_upgraded":1,"win_rate":0.0,"timestamp":1609656868,"path_taken":["M","M","?","?","?","R","E","M","T","?","?","M","E","M","R","BOSS"],"items_purchased_type":[],"build_version":"2020-12-22","purchased_purges":0,"victory":false,"max_hp_per_floor":[82,82,82,82,82,82,82,82,82,82,82,82,82,82,82,82,82],"card_choices":[{"not_picked":[],"picked":"Bomb","floor":0},{"not_picked":["MeteoricShower","SporeBomb","Orbital"],"picked":"SKIP","floor":1},{"not_picked":["GravityBeat","DoubleSpark"],"picked":"UnstableBomb","floor":2},{"not_picked":["SprinkleStarSeal","LuminesStrike"],"picked":"GrandCross","floor":3},{"not_picked":["StarBarrage","GasGiant"],"picked":"DoubleSpark","floor":4},{"not_picked":["PropBag","SprinkleStarSeal"],"picked":"PowerUp","floor":7},{"not_picked":["GalacticHalo","SporeBomb"],"picked":"NonDirectionalLaser","floor":8},{"not_picked":["Bomb","GravityBeat"],"picked":"NonDirectionalLaser","floor":12},{"not_picked":["MagicAbsorber","Acceleration"],"picked":"FinalSpark","floor":13},{"not_picked":["Bomb","EventHorizon"],"picked":"GrandCross","floor":14}],"player_experience":47152,"relics_obtained":[{"floor":4,"key":"Mummified Hand"},{"floor":4,"key":"Nunchaku"},{"floor":7,"key":"Unceasing Top"},{"floor":9,"key":"Matryoshka"},{"floor":11,"key":"Lantern"},{"floor":11,"key":"TheBible"},{"floor":13,"key":"Omamori"}],"event_choices":[{"damage_healed":0,"gold_gain":0,"player_choice":"Fight","damage_taken":0,"max_hp_gain":0,"max_hp_loss":0,"event_name":"HidenRoomEvent","floor":4,"gold_loss":0},{"cards_removed":["Strike_MRS"],"damage_healed":0,"gold_gain":0,"player_choice":"Card Removal","damage_taken":0,"max_hp_gain":0,"max_hp_loss":0,"event_name":"The Cleric","floor":5,"gold_loss":50},{"damage_healed":0,"gold_gain":0,"cards_transformed":["Strike_MRS"],"player_choice":"Change","damage_taken":0,"max_hp_gain":0,"max_hp_loss":0,"event_name":"Living Wall","floor":10,"gold_loss":0,"cards_obtained":["DragonMeteor"]}],"is_beta":false,"boss_relics":[],"items_purged_floors":[],"is_endless":false,"potions_floor_spawned":[1,2,12,13,14],"killed_by":"The Guardian","ascension_level":1}}