{"host":"4ftwfwncs88tvnc0","time":1609712823,"event":{"mods":["AchievementEnabler","Arknights The Spire","Aspiration","BaseMod","Beaked The Cultist","Bestiary","Better Altar","Better Match","Better Note","Better Sensory Stone","Better Skull","Better Third Choice","Clawfect","Colored Map","Conspire","Downfall","GifTheSpireLib","Halation","Hubris","Infinite Spire","Mad Scientist","Mimic Mod","Minty Spire (QoL Compilation)","Replay The Spire","Shade Mod","Shop Mod","Spicy Shops","StSLib","Stuff the Spire","The Construct","The Cursed","The Disciple","The Necromancer","The Servant 0.9.4"],"gold_per_floor":[110,123,133,144,156,185,58,58,58,90,106,106,131,143,143,247,247,233,233,233,247,266,295,144,144,219,219,219,252,267,267,267,369,369,381,381,381,397,397,426,426,437,437,463,517,546,78,89,89,184,184,184],"floor_reached":51,"playtime":2876,"items_purged":["Shade:Strike_Shade"],"score":845,"play_id":"298a2da4-5aa3-4421-818d-243a18361b52","local_time":"20210103222703","is_ascension_mode":false,"campfire_choices":[{"data":"Shade:OpenGraves","floor":8,"key":"SMITH"},{"floor":15,"key":"REST"},{"floor":27,"key":"REST"},{"floor":31,"key":"REST"},{"floor":32,"key":"REST"},{"floor":41,"key":"REST"},{"floor":49,"key":"REST"}],"circlet_count":0,"master_deck":["Shade:Strike_Shade","Shade:Strike_Shade","Shade:Strike_Shade","Shade:Defend_Shade","Shade:Defend_Shade","Shade:Defend_Shade","Shade:Defend_Shade","Shade:AnimateDead","Shade:CarefulCut+1","Shade:Premonition","Shade:GraveStillness","Shade:Bonestorm","Shade:Carnophage","Shade:AuraOfUnlife","Shade:OpenGraves+1","Shade:SkeletonHug","Shade:CommandSoldier","Shade:Coordination","Shade:SkeletonArmy","Shade:LichForm","Shade:Bonestorm","Shade:AuraOfUnlife","ReplayTheSpireMod:??????????????????????","Shade:FleshOffering+1","Shade:FreshBones","Shade:Putrefaction","hubris:PowerSurge+1","Shade:FreshBones","Shade:GraveStillness","Shade:Premonition+1"],"relics":["Shade:YorickSkull","Regal Pillow","Whetstone","Simple Rune","Bag of Marbles","beaked:SacredDeck","StuffTheSpire:Nightcore","MutagenicStrength","hubris:MysteriousPyramids","halation:Komachan","StuffTheSpire:RubySignet","aspiration:DefectSkillbook","WingedGreaves","infinitespire:Lucky Rock","hubris:Reverence","infinitespire:CursedDice","halation:Trompette","Oddly Smooth Stone","aspiration:KaomsHeart"],"acts_visited":["Exordium","TheCity","TheBeyond","Exordium"],"potions_floor_usage":[6,13,16,23,23,23,33,33,45,50,50],"damage_taken":[{"damage":0,"enemies":"Jaw Worm","floor":1,"turns":4},{"damage":0,"enemies":"2 Louse","floor":2,"turns":2},{"damage":0,"enemies":"Cultist","floor":3,"turns":4},{"damage":0,"enemies":"3 Louse","floor":4,"turns":3},{"damage":0,"enemies":"Looter","floor":5,"turns":3},{"damage":25,"enemies":"Gremlin Nob","floor":6,"turns":5},{"damage":1,"enemies":"Replay:BlueRogue","floor":10,"turns":5},{"damage":0,"enemies":"Gremlin Gang","floor":11,"turns":3},{"damage":15,"enemies":"Gremlin Nob","floor":13,"turns":4},{"damage":4,"enemies":"Blue Slaver","floor":14,"turns":3},{"damage":0,"enemies":"The Guardian","floor":16,"turns":7},{"damage":16,"enemies":"2 Thieves","floor":18,"turns":4},{"damage":22,"enemies":"conspire:FuzzyDice","floor":21,"turns":5},{"damage":7,"enemies":"conspire:HollyBat","floor":22,"turns":6},{"damage":6,"enemies":"Replay:Snechameleon","floor":23,"turns":5},{"damage":32,"enemies":"Nightmare","floor":29,"turns":5},{"damage":11,"enemies":"Shelled Parasite and Fungi","floor":30,"turns":4},{"damage":44,"enemies":"Collector","floor":33,"turns":8},{"damage":34,"enemies":"3 Darklings","floor":35,"turns":5},{"damage":5,"enemies":"Orb Walker","floor":38,"turns":3},{"damage":12,"enemies":"R_Hoarder","floor":40,"turns":7},{"damage":0,"enemies":"Transient","floor":42,"turns":5},{"damage":8,"enemies":"Nightmare","floor":44,"turns":7},{"damage":59,"enemies":"2 Orb Walkers","floor":45,"turns":5},{"damage":35,"enemies":"Reptomancer","floor":46,"turns":5},{"damage":13,"enemies":"Maw","floor":48,"turns":5},{"damage":37,"enemies":"Donu and Deca","floor":50,"turns":6}],"seed_played":"-7498565757051886196","potions_obtained":[{"floor":1,"key":"sneckomod:MuddlingPotion"},{"floor":2,"key":"Block Potion"},{"floor":3,"key":"BlessingOfTheForge"},{"floor":6,"key":"Slimebound:ThreeZeroPotion"},{"floor":13,"key":"Slimebound:ThreeZeroPotion"},{"floor":22,"key":"DistilledChaos"},{"floor":23,"key":"Adrenaline Potion"},{"floor":30,"key":"ColorlessPotion"},{"floor":40,"key":"Energy Potion"},{"floor":46,"key":"Energy Potion"},{"floor":48,"key":"Explosive Potion"},{"floor":50,"key":"BlessingOfTheForge"}],"is_trial":false,"path_per_floor":["M","M","M","M","M","E","$","R","T","E","M","?","E","M","R","B",null,"M","?","?","M","M","E","$","?","T","R","AVR","NM","M","R","R","B",null,"M","?","AVR","M","?","E","R","M","T","NM","?","E","$","M","R","B",null],"character_chosen":"SHADE","items_purchased":["Shade:OpenGraves","Shade:SkeletonHug","Shade:AuraOfUnlife","aspiration:KaomsHeart"],"campfire_rested":6,"item_purchase_floors":[7,7,24,47],"current_hp_per_floor":[71,71,71,71,71,46,46,46,46,45,45,52,37,33,69,69,71,55,55,55,33,26,20,20,20,20,56,56,24,15,51,71,29,71,37,37,37,32,32,20,56,56,56,48,42,7,107,94,160,123,171,171],"gold":184,"neow_bonus":"TEN_PERCENT_HP_BONUS","is_daily":false,"chose_seed":false,"campfire_upgraded":1,"win_rate":0.0,"timestamp":1609712823,"path_taken":["M","M","M","M","M","E","$","R","T","E","M","?","E","M","R","BOSS","M","?","?","M","M","E","?","?","T","R","AVR","NM","M","R","R","BOSS","M","?","AVR","M","?","E","R","M","T","NM","?","E","?","M","R","BOSS"],"items_purchased_type":["Card","Card","Card","Relic"],"build_version":"2020-12-22","purchased_purges":1,"victory":false,"max_hp_per_floor":[71,71,71,71,71,71,71,71,71,71,71,71,71,71,71,71,71,71,71,71,71,71,71,71,71,71,71,71,71,71,71,71,71,71,71,71,71,71,71,71,71,71,71,71,71,71,171,171,171,171,171,171],"card_choices":[{"not_picked":["Shade:Bite_Shade","Shade:FuneraryJewels"],"picked":"Shade:Premonition","floor":1},{"not_picked":["Shade:Premonition","Shade:FleshToFlesh"],"picked":"Shade:GraveStillness","floor":2},{"not_picked":["Shade:MadHubris","Shade:Awaken"],"picked":"Shade:Bonestorm","floor":3},{"not_picked":["Shade:SkeletonHug","Shade:AblativeArmor"],"picked":"Shade:Carnophage","floor":4},{"not_picked":["Shade:GreyBargain","Shade:BoneShards"],"picked":"Shade:AuraOfUnlife","floor":5},{"not_picked":["Shade:BoneShards","Shade:ClawBack","Shade:SkeletonHug"],"picked":"SKIP","floor":6},{"not_picked":["Shade:Asphyxiate","Shade:GoDigging","Shade:SpontaneousRitual"],"picked":"SKIP","floor":10},{"not_picked":["Shade:Frenzy","Shade:Premonition"],"picked":"Shade:CommandSoldier","floor":11},{"not_picked":["Shade:GraveStillness","Shade:Frenzy"],"picked":"Shade:Coordination","floor":13},{"not_picked":["Shade:CoffinDance","Shade:DangerousRitual"],"picked":"Shade:SkeletonArmy","floor":14},{"not_picked":["Shade:ClawBack","Shade:GreyBargain","Shade:AncientSpear"],"picked":"SKIP","floor":18},{"not_picked":["Shade:PotionOfRestlessness","Shade:RavenousHorde","Shade:RitualOffering"],"picked":"SKIP","floor":21},{"not_picked":["Shade:Awaken","Shade:RitualOffering","Shade:ExtraLimbs+1"],"picked":"SKIP","floor":22},{"not_picked":["Shade:Haruspicy+1","Shade:ClawBack"],"picked":"Shade:Bonestorm","floor":23},{"not_picked":["infinitespire:Execution","infinitespire:FutureSight"],"picked":"ReplayTheSpireMod:??????????????????????","floor":29},{"not_picked":["Shade:ExtraLimbs","Shade:RavenousHorde"],"picked":"Shade:FleshOffering+1","floor":29},{"not_picked":["Shade:FleshLikeOak","Shade:AncientSpear"],"picked":"Shade:FreshBones","floor":30},{"not_picked":["Shade:Coordination","Shade:LoseControl"],"picked":"Shade:Putrefaction","floor":33},{"not_picked":["Shade:Trample+1","Shade:ExtraLimbs+1","Clawfect:ClawLightning"],"picked":"hubris:PowerSurge+1","floor":35},{"not_picked":["Heatsinks","Shade:ExtraLimbs+1","Hello World","FTL"],"picked":"SKIP","floor":38},{"not_picked":["Shade:WallOfFlesh+1","Shade:LyeBath","Double Energy+1","Clawfect:ClawForTheEyes"],"picked":"SKIP","floor":40},{"not_picked":["StuffTheSpire:LoadUp+1","Shade:AncientSpear+1","Shade:FeralStrike+1"],"picked":"Shade:FreshBones","floor":42},{"not_picked":["Shade:CloudOfShrapnel+1","Clawfect:Clawline","StuffTheSpire:LoadUp"],"picked":"Shade:GraveStillness","floor":44},{"not_picked":["Clawfect:ClawingBeam+1","StuffTheSpire:Coldhearted","Glacier"],"picked":"Shade:Premonition+1","floor":45},{"not_picked":["Panic Button","Shade:RavenousHorde+1","Shade:CloudOfShrapnel","hubris:Ukulele"],"picked":"SKIP","floor":46},{"not_picked":["Shade:Premonition","Shade:FuneraryArmor","Shade:Frenzy+1","Shade:Carnophage"],"picked":"SKIP","floor":48}],"player_experience":111337,"relics_obtained":[{"floor":6,"key":"Regal Pillow"},{"floor":9,"key":"Whetstone"},{"floor":10,"key":"Simple Rune"},{"floor":13,"key":"Bag of Marbles"},{"floor":23,"key":"StuffTheSpire:Nightcore"},{"floor":26,"key":"hubris:MysteriousPyramids"},{"floor":29,"key":"StuffTheSpire:RubySignet"},{"floor":40,"key":"infinitespire:Lucky Rock"},{"floor":43,"key":"hubris:Reverence"},{"floor":44,"key":"infinitespire:CursedDice"},{"floor":45,"key":"halation:Trompette"},{"floor":46,"key":"Oddly Smooth Stone"}],"event_choices":[{"damage_healed":0,"gold_gain":0,"player_choice":"Ignored","damage_taken":0,"max_hp_gain":0,"max_hp_loss":0,"event_name":"betterNote:BetterNote","floor":19,"gold_loss":0,"cards_obtained":["Strike_R"]},{"damage_healed":0,"gold_gain":0,"player_choice":"Ignored","damage_taken":0,"max_hp_gain":0,"max_hp_loss":0,"event_name":"Vampires","floor":20,"gold_loss":0},{"damage_healed":0,"gold_gain":0,"player_choice":"Inject Mutagens","damage_taken":0,"relics_obtained":["MutagenicStrength"],"max_hp_gain":0,"max_hp_loss":0,"event_name":"Drug Dealer","floor":25,"gold_loss":0},{"damage_healed":0,"gold_gain":0,"player_choice":"3","damage_taken":0,"max_hp_gain":0,"max_hp_loss":0,"event_name":"betterMatch:BetterMatch","floor":36,"gold_loss":0,"cards_obtained":[]},{"damage_healed":0,"gold_gain":0,"player_choice":"Leave","damage_taken":0,"max_hp_gain":0,"max_hp_loss":0,"event_name":"conspire:Investor","floor":39,"gold_loss":0},{"damage_healed":0,"gold_gain":0,"player_choice":"Fight","damage_taken":0,"max_hp_gain":0,"max_hp_loss":0,"event_name":"Mysterious Sphere","floor":45,"gold_loss":0}],"is_beta":false,"boss_relics":[{"not_picked":["Pandora\u0027s Box","StuffTheSpire:RunicConfusion"],"picked":"beaked:SacredDeck"},{"not_picked":["hubris:CrackedHourglass","Ring of Chaos"],"picked":"aspiration:DefectSkillbook"},{"not_picked":["aspiration:KMNothing","aspiration:KMNothing"],"picked":"aspiration:KMNothing"}],"items_purged_floors":[24],"is_endless":true,"potions_floor_spawned":[1,2,3,6,13,22,23,30,40,46,48,50],"ascension_level":0}}