{"host":"9l1knhxfturzliqa","time":1609674381,"event":{"mods":["BaseMod","Colored Map","Colored Powertips","DeckTracker","Highlight Path","Keyboard Shortcuts","Minty Spire (QoL Compilation)","Random Character Button"],"gold_per_floor":[111,121,134,134,153,187,200,200,200],"floor_reached":8,"playtime":761,"items_purged":[],"score":81,"play_id":"3c007011-9d30-43d5-bfe9-7b63a6b128bd","local_time":"20210103204621","is_ascension_mode":true,"campfire_choices":[],"circlet_count":0,"master_deck":["Strike_G","Strike_G","Strike_G","Strike_G","Strike_G","Defend_G","Defend_G","Defend_G","Defend_G","Defend_G","Survivor","Neutralize","Corpse Explosion","Poisoned Stab","PiercingWail","Reflex","Dagger Throw"],"relics":["Ring of the Snake","Girya"],"acts_visited":["Exordium"],"potions_floor_usage":[8],"damage_taken":[{"damage":1.0,"enemies":"Cultist","floor":1.0,"turns":4.0},{"damage":0.0,"enemies":"Small Slimes","floor":2.0,"turns":4.0},{"damage":0.0,"enemies":"2 Louse","floor":3.0,"turns":2.0},{"damage":5.0,"enemies":"Exordium Thugs","floor":5.0,"turns":3.0},{"damage":22.0,"enemies":"Lagavulin","floor":6.0,"turns":6.0},{"damage":4.0,"enemies":"Large Slime","floor":7.0,"turns":4.0},{"damage":46,"enemies":"Gremlin Nob","floor":8,"turns":4}],"seed_played":"8225302099810957671","potions_obtained":[{"floor":2.0,"key":"Energy Potion"},{"floor":5.0,"key":"BlessingOfTheForge"},{"floor":7.0,"key":"Dexterity Potion"}],"is_trial":false,"path_per_floor":["M","M","M","?","M","E","M","E"],"character_chosen":"THE_SILENT","items_purchased":[],"campfire_rested":0,"item_purchase_floors":[],"current_hp_per_floor":[44,44,44,44,39,17,13,0,0],"gold":200,"neow_bonus":"THREE_RARE_CARDS","is_daily":false,"chose_seed":false,"campfire_upgraded":0,"win_rate":0.0,"timestamp":1609674381,"path_taken":["M","M","M","?","M","E","M","E"],"items_purchased_type":[],"build_version":"2020-12-22","purchased_purges":0,"victory":false,"max_hp_per_floor":[70,70,70,70,70,70,70,70,70],"card_choices":[{"not_picked":["Storm of Steel","Phantasmal Killer"],"picked":"Corpse Explosion","floor":0.0},{"not_picked":["Sucker Punch","Concentrate"],"picked":"Poisoned Stab","floor":1.0},{"not_picked":["Sucker Punch","Outmaneuver"],"picked":"PiercingWail","floor":2.0},{"not_picked":["Prepared","Deflect"],"picked":"Reflex","floor":3.0},{"not_picked":["Flying Knee","Poisoned Stab","Dodge and Roll"],"picked":"SKIP","floor":5.0},{"not_picked":["Flying Knee","Backstab"],"picked":"Dagger Throw","floor":6.0},{"not_picked":["Predator","Flechettes","Endless Agony"],"picked":"SKIP","floor":7.0}],"player_experience":322452,"relics_obtained":[{"floor":6.0,"key":"Girya"}],"event_choices":[{"damage_healed":0.0,"max_hp_gain":0.0,"max_hp_loss":0.0,"gold_gain":0.0,"event_name":"Liars Game","player_choice":"Ignored","floor":4.0,"gold_loss":0.0,"damage_taken":0.0}],"is_beta":false,"boss_relics":[],"items_purged_floors":[],"is_endless":false,"potions_floor_spawned":[2,5,7],"killed_by":"Gremlin Nob","ascension_level":7}}