{"host":"2se5dq1do2gp0x9k","time":1609648736,"event":{"mods":["AchievementEnabler","BaseMod","Block Reminder","Colored Map","Colored Powertips","Minty Spire (QoL Compilation)","Relic Stats","StSLib","SuperFastMode"],"gold_per_floor":[20,20,20,20,20,20,20,195,220,231,231,241,274,293,293,388,388,404,422,432,432,452,452,452,412,489,519,537,547,581,599,599,695,695,711,711,539,559,572,572,606,606,606,631,644,644,644,676,676,676],"floor_reached":51,"playtime":2278,"items_purged":["Defend_P"],"score":1213,"play_id":"b9d9aebc-e340-4c7f-ace9-64437d579567","local_time":"20210102203856","is_ascension_mode":true,"campfire_choices":[{"floor":6.0,"key":"REST"},{"data":"Eruption","floor":11.0,"key":"SMITH"},{"data":"Panache","floor":15.0,"key":"SMITH"},{"data":"Adaptation","floor":23.0,"key":"SMITH"},{"floor":32,"key":"REST"},{"data":"JustLucky","floor":40,"key":"SMITH"},{"data":"Trip","floor":42,"key":"SMITH"},{"floor":49,"key":"REST"}],"circlet_count":0,"master_deck":["Strike_P+1","Defend_P","Eruption+1","Vigilance","Panache+1","JustLucky","ClearTheMind","Weave+1","Adaptation","JustLucky+1","Evaluate","Weave","BattleHymn","Adaptation+1","JustLucky+1","Prostrate+1","JustLucky+1","JustLucky+1","Prostrate+1","JustLucky","TalkToTheHand","Trip+1","Evaluate+1","CutThroughFate+1","Consecrate+1","Evaluate+1","Writhe","Protect+1"],"relics":["HolyWater","FossilizedHelix","Dream Catcher","Bag of Preparation","Whetstone","Meat on the Bone","Bottled Tornado","Pen Nib","Empty Cage","MealTicket","The Courier","Art of War"],"acts_visited":["Exordium","TheCity","TheBeyond"],"potions_floor_usage":[33,33,41,50,50],"damage_taken":[{"damage":1.0,"enemies":"Cultist","floor":1.0,"turns":4.0},{"damage":0.0,"enemies":"Jaw Worm","floor":10.0,"turns":3.0},{"damage":0.0,"enemies":"Small Slimes","floor":12.0,"turns":2.0},{"damage":0.0,"enemies":"Gremlin Nob","floor":13.0,"turns":3.0},{"damage":7.0,"enemies":"Exordium Wildlife","floor":14.0,"turns":3.0},{"damage":0.0,"enemies":"Slime Boss","floor":16.0,"turns":8.0},{"damage":18.0,"enemies":"Shell Parasite","floor":18.0,"turns":5.0},{"damage":0.0,"enemies":"Chosen","floor":19.0,"turns":4.0},{"damage":0.0,"enemies":"Centurion and Healer","floor":20.0,"turns":4.0},{"damage":0.0,"enemies":"Sentry and Sphere","floor":22.0,"turns":3.0},{"damage":15.0,"enemies":"Gremlin Leader","floor":27.0,"turns":4.0},{"damage":0.0,"enemies":"Cultist and Chosen","floor":28.0,"turns":3.0},{"damage":0.0,"enemies":"Centurion and Healer","floor":29.0,"turns":4.0},{"damage":35.0,"enemies":"Book of Stabbing","floor":30.0,"turns":5.0},{"damage":0,"enemies":"Snecko","floor":31,"turns":3},{"damage":0,"enemies":"Collector","floor":33,"turns":5},{"damage":2,"enemies":"3 Darklings","floor":35,"turns":3},{"damage":0,"enemies":"Orb Walker","floor":38,"turns":3},{"damage":0,"enemies":"Transient","floor":39,"turns":5},{"damage":6,"enemies":"Reptomancer","floor":41,"turns":5},{"damage":0,"enemies":"Giant Head","floor":44,"turns":5},{"damage":20,"enemies":"4 Shapes","floor":45,"turns":2},{"damage":1,"enemies":"Nemesis","floor":48,"turns":5},{"damage":35,"enemies":"Donu and Deca","floor":50,"turns":7}],"seed_played":"3924364289809867539","potions_obtained":[{"floor":1.0,"key":"Fruit Juice"},{"floor":14.0,"key":"Swift Potion"},{"floor":19.0,"key":"Weak Potion"},{"floor":27.0,"key":"LiquidBronze"},{"floor":29.0,"key":"DistilledChaos"},{"floor":38,"key":"GamblersBrew"},{"floor":41,"key":"SpeedPotion"},{"floor":45,"key":"Strength Potion"}],"is_trial":false,"path_per_floor":["M","T","?","?","$","R","$","?","T","M","R","M","E","M","R","B",null,"M","M","M","?","M","R","?","?","T","E","M","M","E","M","R","B",null,"M","?","$","M","M","R","E","R","T","E","M","?","?","E","R","B",null],"character_chosen":"WATCHER","items_purchased":["Trip"],"campfire_rested":3,"item_purchase_floors":[37],"current_hp_per_floor":[64,64,57,45,45,66,66,66,66,66,66,66,66,59,59,59,69,51,51,51,51,51,51,51,51,51,48,48,53,30,42,65,65,74,72,72,72,72,72,72,66,66,66,66,46,46,65,64,77,42],"gold":676,"neow_bonus":"RANDOM_COLORLESS_2","is_daily":false,"chose_seed":false,"campfire_upgraded":5,"win_rate":0.0,"timestamp":1609648736,"path_taken":["M","?","?","?","$","R","$","?","T","M","R","?","E","M","R","BOSS","M","M","M","?","M","R","?","?","T","E","?","M","E","M","R","BOSS","M","?","?","?","M","R","E","R","T","E","M","?","?","E","R","BOSS"],"items_purchased_type":["Card"],"build_version":"2020-12-22","purchased_purges":1,"victory":true,"max_hp_per_floor":[72,72,72,72,72,72,72,72,72,72,72,72,72,72,72,72,72,72,72,72,72,72,72,72,72,72,72,72,77,77,77,77,77,77,77,77,77,77,77,77,77,77,77,77,77,77,77,77,77,77],"relic_stats":{"Dream Catcher":3,"counters":[24,98],"MealTicket":0,"Pen Nib":[21],"Bag of Preparation":[46],"Art of War":[0],"Whetstone":["Weave","Strike_P"],"obtain_stats":[{"Pen Nib":30,"The Courier":44,"Bag of Preparation":9,"Whetstone":13,"Bottled Tornado":27,"Empty Cage":34,"Dream Catcher":4,"HolyWater":17,"MealTicket":41,"Art of War":48,"PureWater":0,"FossilizedHelix":2,"Meat on the Bone":26},{"Pen Nib":14,"The Courier":21,"Bag of Preparation":1,"Whetstone":4,"Bottled Tornado":11,"Empty Cage":16,"Dream Catcher":1,"HolyWater":6,"MealTicket":20,"Art of War":23,"PureWater":0,"FossilizedHelix":1,"Meat on the Bone":10},{"Pen Nib":55,"The Courier":84,"Bag of Preparation":4,"Whetstone":12,"Bottled Tornado":43,"Empty Cage":63,"Dream Catcher":4,"HolyWater":23,"MealTicket":79,"Art of War":91,"PureWater":0,"FossilizedHelix":4,"Meat on the Bone":39}],"Meat on the Bone":36},"card_choices":[{"not_picked":["Mayhem","Violence"],"picked":"Panache","floor":0.0},{"not_picked":["CutThroughFate","FearNoEvil"],"picked":"JustLucky","floor":1.0},{"not_picked":["ReachHeaven","EmptyBody"],"picked":"ClearTheMind","floor":6.0},{"not_picked":["Meditate","ThirdEye"],"picked":"Weave","floor":10.0},{"not_picked":["PathToVictory","BowlingBash"],"picked":"Adaptation","floor":12.0},{"not_picked":["Halt","Swivel","EmptyFist"],"picked":"SKIP","floor":13.0},{"not_picked":["Pray","ThirdEye"],"picked":"JustLucky","floor":14.0},{"not_picked":["Crescendo+1","FollowUp"],"picked":"Evaluate","floor":18.0},{"not_picked":["WaveOfTheHand+1","CrushJoints"],"picked":"Weave","floor":19.0},{"not_picked":["Protect","SashWhip+1","BowlingBash"],"picked":"SKIP","floor":20.0},{"not_picked":["FlyingSleeves","ThirdEye"],"picked":"JustLucky","floor":22.0},{"not_picked":["TalkToTheHand","Omniscience"],"picked":"JustLucky+1","floor":27.0},{"not_picked":["Perseverance+1","Study","SashWhip+1"],"picked":"SKIP","floor":28.0},{"not_picked":["Conclude+1","DeceiveReality"],"picked":"JustLucky+1","floor":29.0},{"not_picked":["JustLucky","EmptyBody"],"picked":"Prostrate+1","floor":30.0},{"not_picked":["EmptyMind","ClearTheMind"],"picked":"JustLucky","floor":31},{"not_picked":["Indignation","Halt"],"picked":"TalkToTheHand","floor":32},{"not_picked":["Worship+1","JustLucky","Collect+1"],"picked":"SKIP","floor":35},{"not_picked":["WindmillStrike","CrushJoints"],"picked":"Evaluate+1","floor":38},{"not_picked":["Evaluate+1","Consecrate"],"picked":"CutThroughFate+1","floor":39},{"not_picked":["EmptyFist+1","FlyingSleeves","CrushJoints+1"],"picked":"SKIP","floor":41},{"not_picked":["MentalFortress+1","MasterReality"],"picked":"Consecrate+1","floor":44},{"not_picked":["EmptyBody","FlurryOfBlows"],"picked":"Evaluate+1","floor":45},{"not_picked":["CrushJoints","Worship+1","Fasting2+1"],"picked":"SKIP","floor":48},{"not_picked":["BowlingBash","EmptyBody+1"],"picked":"Protect+1","floor":49}],"player_experience":3727392,"relics_obtained":[{"floor":2.0,"key":"FossilizedHelix"},{"floor":9.0,"key":"Bag of Preparation"},{"floor":13.0,"key":"Whetstone"},{"floor":26.0,"key":"Meat on the Bone"},{"floor":27.0,"key":"Bottled Tornado"},{"floor":30.0,"key":"Pen Nib"},{"floor":41,"key":"MealTicket"},{"floor":44,"key":"The Courier"},{"floor":48,"key":"Art of War"}],"event_choices":[{"cards_removed":["Defend_P"],"damage_healed":0.0,"max_hp_gain":0.0,"max_hp_loss":0.0,"gold_gain":0.0,"event_name":"Golden Wing","player_choice":"Card Removal","floor":3.0,"gold_loss":0.0,"damage_taken":7.0},{"damage_healed":0.0,"max_hp_gain":0.0,"max_hp_loss":0.0,"gold_gain":0.0,"event_name":"Scrap Ooze","player_choice":"Success","floor":4.0,"gold_loss":0.0,"damage_taken":12.0,"relics_obtained":["Dream Catcher"]},{"damage_healed":0.0,"max_hp_gain":0.0,"max_hp_loss":0.0,"gold_gain":175.0,"event_name":"Liars Game","player_choice":"AGREE","floor":8.0,"gold_loss":0.0,"damage_taken":0.0,"cards_obtained":["Doubt"]},{"damage_healed":0.0,"max_hp_gain":0.0,"max_hp_loss":0.0,"gold_gain":0.0,"cards_transformed":["Strike_P","Strike_P"],"event_name":"Drug Dealer","player_choice":"Became Test Subject","floor":21.0,"gold_loss":0.0,"damage_taken":0.0,"cards_obtained":["BattleHymn","Adaptation"]},{"damage_healed":0.0,"max_hp_gain":0.0,"max_hp_loss":0.0,"gold_gain":0.0,"event_name":"The Library","player_choice":"Read","floor":24.0,"gold_loss":0.0,"damage_taken":0.0,"cards_obtained":["Prostrate"]},{"damage_healed":0.0,"max_hp_gain":0.0,"max_hp_loss":0.0,"gold_gain":0.0,"event_name":"Designer","player_choice":"Upgraded Two","floor":25.0,"gold_loss":40.0,"damage_taken":0.0,"cards_upgraded":["Prostrate","JustLucky"]},{"cards_removed":["Doubt"],"damage_healed":0,"gold_gain":0,"player_choice":"Removed Curses","damage_taken":0,"max_hp_gain":0,"max_hp_loss":0,"event_name":"Fountain of Cleansing","floor":36,"gold_loss":0},{"damage_healed":0,"gold_gain":0,"player_choice":"Ignored","damage_taken":0,"max_hp_gain":0,"max_hp_loss":0,"event_name":"Tomb of Lord Red Mask","floor":46,"gold_loss":0},{"damage_healed":19,"gold_gain":0,"player_choice":"Writhe","damage_taken":0,"max_hp_gain":0,"max_hp_loss":0,"event_name":"Winding Halls","floor":47,"gold_loss":0,"cards_obtained":["Writhe"]}],"is_beta":false,"boss_relics":[{"not_picked":["SacredBark","Tiny House"],"picked":"HolyWater"},{"not_picked":["Cursed Key","VioletLotus"],"picked":"Empty Cage"}],"items_purged_floors":[37],"is_endless":false,"potions_floor_spawned":[1,14,19,27,28,29,38,41,45],"ascension_level":6}}