{"host":"nzm1i0l8mrsm8hd2","time":1609683227,"event":{"mods":["Act Like it!","Aspiration","BaseMod","CapriCore","Challenge The Spire","Conspire","Gensokyo","Minty Spire (QoL Compilation)","Pale of the Ancients","Quick Restart","RumiaBox-露米娅的神秘盒子","Spicy Shops","StSLib","The Immortal","The Jungle","The Mystic","Wandering Minibosses","Yakumo Yukari mod"],"gold_per_floor":[117,117,117,117,109,109,104,72,141,148,248,248,248],"floor_reached":12,"playtime":424,"items_purged":[],"score":68,"play_id":"84b2122f-7731-4f06-894d-2f6f7135d60e","local_time":"20210103221347","is_ascension_mode":false,"campfire_choices":[{"data":"Slice","floor":6.0,"key":"SMITH"}],"circlet_count":0,"master_deck":["mysticmod:Strike_Mystic","mysticmod:Defend_Mystic","mysticmod:Defend_Mystic","mysticmod:Defend_Mystic","mysticmod:Defend_Mystic","mysticmod:ArcaneDodge","Skewer","Slice+1","Predator","mysticmod:Grapple","mysticmod:MightyMagic","Doubt"],"relics":["mysticmod:SpellBook","aspiration:Nostalgia","Boundary_crack","Baka","Gensokyo:Mercy","Matryoshka"],"acts_visited":["Exordium"],"potions_floor_usage":[],"damage_taken":[{"damage":1.0,"enemies":"Gensokyo:Python","floor":1.0,"turns":3.0},{"damage":0.0,"enemies":"Gensokyo:Gryphon","floor":5.0,"turns":3.0},{"damage":21.0,"enemies":"Gensokyo:3_Fairies","floor":7.0,"turns":11.0},{"damage":0,"enemies":"Gensokyo:2_Rabbits","floor":10,"turns":5},{"damage":6,"enemies":"Gensokyo:Cirno","floor":12,"turns":4}],"seed_played":"5494521085957827137","potions_obtained":[{"floor":1.0,"key":"Strength Potion"},{"floor":7.0,"key":"Weak Potion"}],"is_trial":false,"path_per_floor":["M","?","?","?","M","R","M","?","T","M","?","E"],"character_chosen":"MYSTIC_CLASS","items_purchased":[],"campfire_rested":0,"item_purchase_floors":[],"current_hp_per_floor":[76,76,83,83,83,83,68,84,84,84,84,78,78],"gold":248,"neow_bonus":"NOSTALGIA","is_daily":false,"chose_seed":false,"campfire_upgraded":1,"win_rate":0.0,"timestamp":1609683227,"path_taken":["M","?","?","?","M","R","?","?","T","?","?","E"],"items_purchased_type":[],"build_version":"2020-12-22","purchased_purges":0,"victory":false,"max_hp_per_floor":[77,77,84,84,84,84,84,84,84,84,84,84,84],"card_choices":[{"not_picked":["mysticmod:PowerSlash","mysticmod:ComponentsPouch","mysticmod:StyleChange"],"picked":"SKIP","floor":1.0},{"not_picked":["mysticmod:HeavyStrike","mysticmod:BladedDash","mysticmod:Snowball"],"picked":"SKIP","floor":5.0},{"not_picked":["mysticmod:PunishingArmor","mysticmod:MagicWeapon"],"picked":"mysticmod:Grapple","floor":7.0},{"not_picked":["mysticmod:TomeOfSpells","mysticmod:SpellCombat"],"picked":"mysticmod:MightyMagic","floor":10}],"player_experience":577475,"relics_obtained":[{"floor":1.0,"key":"Baka"},{"floor":9,"key":"Matryoshka"}],"event_choices":[],"is_beta":false,"boss_relics":[],"items_purged_floors":[],"is_endless":false,"potions_floor_spawned":[1,7],"killed_by":"Gensokyo:Cirno","ascension_level":0}}