{"host":"p7j7o00jacnw7qzt","time":1609714452,"event":{"mods":["BaseMod","Colored Map","Colored Powertips","DeckTracker","Highlight Path","Minty Spire (QoL Compilation)","Relic Stats"],"gold_per_floor":[109,109,109,34,46,77,89,135,218,243,255,298,310,356,368,455,467,496,783,530,546,561,578,578,578],"floor_reached":24,"playtime":731,"items_purged":["Strike_R","Strike_R"],"score":498,"play_id":"76e86d43-186d-4b0a-99f5-c792d5bb450c","local_time":"20210103175412","is_ascension_mode":true,"campfire_choices":[{"data":"Rupture","floor":11.0,"key":"SMITH"},{"data":"Sword Boomerang","floor":15.0,"key":"SMITH"}],"circlet_count":0,"master_deck":["AscendersBane","Strike_R","Strike_R","Defend_R","Defend_R","Defend_R","Defend_R","Bash","Sword Boomerang+1","Pommel Strike","Bludgeon","Inflame","Rupture+1","Limit Break","Regret"],"relics":["Burning Blood","NeowsBlessing","MawBank","Red Skull","Question Card","PreservedInsect","Blue Candle","Runic Cube","Medical Kit"],"acts_visited":["Exordium","TheCity"],"potions_floor_usage":[],"damage_taken":[{"damage":0.0,"enemies":"Jaw Worm","floor":1.0,"turns":1.0},{"damage":0.0,"enemies":"2 Louse","floor":5.0,"turns":1.0},{"damage":0.0,"enemies":"Lagavulin","floor":6.0,"turns":1.0},{"damage":30.0,"enemies":"3 Sentries","floor":8.0,"turns":8.0},{"damage":0.0,"enemies":"Cultist","floor":10.0,"turns":2.0},{"damage":30.0,"enemies":"Lagavulin","floor":12.0,"turns":5.0},{"damage":12.0,"enemies":"3 Sentries","floor":14.0,"turns":5.0},{"damage":31.0,"enemies":"Hexaghost","floor":16.0,"turns":7.0},{"damage":29.0,"enemies":"Spheric Guardian","floor":18.0,"turns":4.0},{"damage":1.0,"enemies":"Chosen","floor":21.0,"turns":3.0},{"damage":20.0,"enemies":"Centurion and Healer","floor":22.0,"turns":6.0},{"damage":25.0,"enemies":"Snake Plant","floor":23.0,"turns":2.0},{"damage":2,"enemies":"3 Cultists","floor":24,"turns":2}],"seed_played":"-2027199026327906013","potions_obtained":[{"floor":6.0,"key":"SteroidPotion"},{"floor":10.0,"key":"Ancient Potion"},{"floor":12.0,"key":"AttackPotion"},{"floor":16.0,"key":"Strength Potion"},{"floor":21.0,"key":"SkillPotion"}],"is_trial":false,"path_per_floor":["M","?","?","$","M","E","$","E","T","M","R","E","$","E","R","B",null,"M","?","$","M","M","M","M"],"character_chosen":"IRONCLAD","items_purchased":["Medical Kit"],"campfire_rested":0,"item_purchase_floors":[20],"current_hp_per_floor":[74,79,79,79,80,80,80,56,56,62,62,38,38,32,32,7,62,39,39,39,44,30,11,9,9],"gold":578,"neow_bonus":"THREE_ENEMY_KILL","is_daily":false,"chose_seed":false,"campfire_upgraded":2,"win_rate":0.0,"timestamp":1609714452,"path_taken":["M","?","?","$","?","E","?","E","T","M","R","E","$","E","R","BOSS","M","?","$","M","M","M","M"],"items_purchased_type":["Relic"],"build_version":"2020-12-22","purchased_purges":2,"victory":false,"max_hp_per_floor":[75,80,80,80,80,80,80,80,80,80,80,80,80,80,80,80,80,80,80,80,80,80,80,80,80],"relic_stats":{"counters":[13,47],"Blue Candle":[7],"PreservedInsect":32,"MawBank":168,"Question Card":8,"Medical Kit":[0],"obtain_stats":[{"NeowsBlessing":0,"Blue Candle":14,"PreservedInsect":12,"MawBank":6,"Question Card":9,"Medical Kit":20,"Burning Blood":0,"Red Skull":8,"Runic Cube":17},{"NeowsBlessing":0,"Blue Candle":7,"PreservedInsect":6,"MawBank":3,"Question Card":4,"Medical Kit":9,"Burning Blood":0,"Red Skull":4,"Runic Cube":8},{"NeowsBlessing":0,"Blue Candle":23,"PreservedInsect":18,"MawBank":3,"Question Card":11,"Medical Kit":34,"Burning Blood":0,"Red Skull":11,"Runic Cube":30}],"Burning Blood":61,"Runic Cube":[14]},"card_choices":[{"not_picked":["True Grit","Heavy Blade"],"picked":"Sword Boomerang","floor":1.0},{"not_picked":["Clash","Heavy Blade"],"picked":"Pommel Strike","floor":5.0},{"not_picked":["Metallicize","True Grit"],"picked":"Bludgeon","floor":6.0},{"not_picked":["Flame Barrier","Cleave"],"picked":"Inflame","floor":8.0},{"not_picked":["Clothesline","Sentinel","Blood for Blood"],"picked":"Rupture","floor":10.0},{"not_picked":["Barricade","Headbutt","Thunderclap","Heavy Blade"],"picked":"SKIP","floor":12.0},{"not_picked":["Body Slam","Cleave","Armaments","Twin Strike"],"picked":"SKIP","floor":14.0},{"not_picked":["Offering","Barricade","Impervious"],"picked":"Limit Break","floor":16.0},{"not_picked":["Dropkick","Spot Weakness","Armaments","Feel No Pain"],"picked":"SKIP","floor":18.0},{"not_picked":["Warcry","Rampage","Iron Wave","Clash"],"picked":"SKIP","floor":21.0},{"not_picked":["Warcry","Rampage","Iron Wave","Clash"],"picked":"SKIP","floor":21.0},{"not_picked":["Pommel Strike","Sword Boomerang","Feel No Pain+1","Rampage"],"picked":"SKIP","floor":22.0},{"not_picked":["Pommel Strike","Sword Boomerang","Feel No Pain+1","Rampage"],"picked":"SKIP","floor":22.0},{"not_picked":["Body Slam","Iron Wave","Clothesline","Sever Soul"],"picked":"SKIP","floor":23.0}],"player_experience":974433,"relics_obtained":[{"floor":6.0,"key":"MawBank"},{"floor":8.0,"key":"Red Skull"},{"floor":9.0,"key":"Question Card"},{"floor":12.0,"key":"PreservedInsect"},{"floor":14.0,"key":"Blue Candle"}],"event_choices":[{"damage_healed":0.0,"max_hp_gain":5.0,"max_hp_loss":0.0,"gold_gain":0.0,"event_name":"Big Fish","player_choice":"Donut","floor":2.0,"gold_loss":0.0,"damage_taken":0.0},{"cards_removed":["Strike_R"],"damage_healed":0.0,"max_hp_gain":0.0,"max_hp_loss":0.0,"gold_gain":0.0,"event_name":"Purifier","player_choice":"Purged","floor":3.0,"gold_loss":0.0,"damage_taken":0.0},{"damage_healed":0.0,"max_hp_gain":0.0,"max_hp_loss":0.0,"gold_gain":275.0,"event_name":"Golden Shrine","player_choice":"Desecrate","floor":19.0,"gold_loss":0.0,"damage_taken":0.0,"cards_obtained":["Regret"]}],"is_beta":false,"boss_relics":[{"not_picked":["Ectoplasm","SacredBark"],"picked":"Runic Cube"}],"items_purged_floors":[4,20],"is_endless":false,"potions_floor_spawned":[6,10,12,16,21],"killed_by":"3 Cultists","ascension_level":20}}