{"host":"llzd2mhoan31wdzy","time":1609635273,"event":{"mods":["BaseMod","Colored Map","Keyboard Shortcuts","Minty Spire (QoL Compilation)","StSLib","SuperFastMode"],"gold_per_floor":[109,126,201,214,61,61,71,99,123,156,156,156,173,202,202,303,303,320,47,60,75,75,75,86,86,111,125,125,125,156,175,175,175,175],"floor_reached":33,"playtime":428,"items_purged":[],"score":359,"play_id":"c97e84a1-1e1b-4d81-a479-835aecca618b","local_time":"20210103095433","is_ascension_mode":true,"campfire_choices":[{"data":"Sunder","floor":6,"key":"SMITH"},{"floor":11,"key":"REST"},{"floor":15,"key":"REST"},{"floor":23,"key":"REST"},{"floor":25,"key":"REST"},{"floor":29,"key":"REST"},{"floor":32,"key":"REST"}],"circlet_count":0,"master_deck":["Strike_B","Strike_B+1","Defend_B","Defend_B","Defend_B","Defend_B","Zap","Dualcast","Sunder+1","Genetic Algorithm","Ball Lightning","Ball Lightning+1","Steam","Leap","BootSequence","Stack","Defragment","Auto Shields","J.A.X.","Defragment"],"relics":["Cracked Core","NeowsBlessing","PreservedInsect","DataDisk","Bronze Scales","Boot","Whetstone","Orichalcum","Empty Cage","Letter Opener","Anchor","Potion Belt"],"acts_visited":["Exordium","TheCity"],"potions_floor_usage":[14,16,33,33,33,33],"damage_taken":[{"damage":0,"enemies":"Jaw Worm","floor":1,"turns":1},{"damage":0,"enemies":"Small Slimes","floor":2,"turns":1},{"damage":0,"enemies":"Cultist","floor":4,"turns":1},{"damage":15,"enemies":"Lots of Slimes","floor":7,"turns":4},{"damage":5,"enemies":"3 Sentries","floor":8,"turns":4},{"damage":18,"enemies":"Gremlin Nob","floor":10,"turns":3},{"damage":8,"enemies":"Exordium Thugs","floor":13,"turns":2},{"damage":13,"enemies":"3 Sentries","floor":14,"turns":3},{"damage":23,"enemies":"Hexaghost","floor":16,"turns":7},{"damage":2,"enemies":"3 Byrds","floor":18,"turns":2},{"damage":8,"enemies":"Shell Parasite","floor":20,"turns":4},{"damage":37,"enemies":"Sentry and Sphere","floor":21,"turns":5},{"damage":2,"enemies":"Snake Plant","floor":24,"turns":3},{"damage":18,"enemies":"Snecko","floor":27,"turns":5},{"damage":28,"enemies":"Book of Stabbing","floor":30,"turns":4},{"damage":19,"enemies":"Cultist and Chosen","floor":31,"turns":6},{"damage":63,"enemies":"Champ","floor":33,"turns":10}],"seed_played":"-8407053247897740626","potions_obtained":[{"floor":2,"key":"FocusPotion"},{"floor":4,"key":"Explosive Potion"},{"floor":7,"key":"Dexterity Potion"},{"floor":18,"key":"Energy Potion"},{"floor":30,"key":"Dexterity Potion"},{"floor":31,"key":"GamblersBrew"}],"is_trial":false,"path_per_floor":["M","M","?","M","$","R","M","E","T","E","R","T","M","E","R","B",null,"M","$","M","M","?","R","M","R","T","M","?","R","E","M","R","B"],"character_chosen":"DEFECT","items_purchased":["PreservedInsect","Defragment","Letter Opener"],"campfire_rested":6,"item_purchase_floors":[5,19,19],"current_hp_per_floor":[75,75,64,64,64,64,49,44,44,26,48,48,40,27,49,26,63,61,61,53,16,16,38,36,58,58,40,40,62,34,15,37,0,0],"gold":175,"neow_bonus":"THREE_ENEMY_KILL","is_daily":false,"chose_seed":false,"campfire_upgraded":1,"win_rate":0.0,"timestamp":1609635273,"path_taken":["M","M","?","M","$","R","M","E","T","E","R","?","M","E","R","BOSS","M","$","M","M","?","R","M","R","T","M","?","R","E","M","R","BOSS"],"items_purchased_type":["Relic","Card","Relic"],"build_version":"2020-12-22","purchased_purges":0,"victory":false,"max_hp_per_floor":[75,75,75,75,75,75,75,75,75,75,75,75,75,75,75,75,75,75,75,75,75,75,75,75,75,75,75,75,75,75,75,75,75,75],"card_choices":[{"not_picked":["Coolheaded","Capacitor","Scrape"],"picked":"SKIP","floor":1},{"not_picked":["Barrage","Capacitor"],"picked":"Sunder","floor":2},{"not_picked":["Coolheaded","Chaos"],"picked":"Genetic Algorithm","floor":4},{"not_picked":["Melter","Compile Driver"],"picked":"Ball Lightning","floor":7},{"not_picked":["Go for the Eyes","Chaos"],"picked":"Ball Lightning","floor":8},{"not_picked":["Turbo","Redo"],"picked":"Steam","floor":10},{"not_picked":["Rip and Tear","Fusion"],"picked":"Leap","floor":13},{"not_picked":["Hologram","Compile Driver"],"picked":"BootSequence","floor":14},{"not_picked":["Doom and Gloom","Redo"],"picked":"Stack","floor":18},{"not_picked":["Compile Driver","Steam","Stack"],"picked":"SKIP","floor":20},{"not_picked":["Darkness","Gash+1","Sweeping Beam"],"picked":"SKIP","floor":21},{"not_picked":["Go for the Eyes+1","Streamline","Seek"],"picked":"SKIP","floor":24},{"not_picked":["Streamline","Steam Power"],"picked":"Auto Shields","floor":27},{"not_picked":["FTL","Meteor Strike"],"picked":"Defragment","floor":30},{"not_picked":["Rip and Tear","Rebound","Compile Driver"],"picked":"SKIP","floor":31}],"player_experience":403040,"relics_obtained":[{"floor":8,"key":"DataDisk"},{"floor":9,"key":"Bronze Scales"},{"floor":10,"key":"Boot"},{"floor":12,"key":"Whetstone"},{"floor":14,"key":"Orichalcum"},{"floor":26,"key":"Anchor"},{"floor":30,"key":"Potion Belt"}],"event_choices":[{"damage_healed":0,"gold_gain":75,"player_choice":"Gather Gold","damage_taken":11,"max_hp_gain":0,"max_hp_loss":0,"event_name":"World of Goop","floor":3,"gold_loss":0},{"damage_healed":0,"gold_gain":0,"player_choice":"Ignored","damage_taken":0,"max_hp_gain":0,"max_hp_loss":0,"event_name":"Ghosts","floor":22,"gold_loss":0},{"damage_healed":0,"gold_gain":0,"player_choice":"Obtain J.A.X.","damage_taken":0,"max_hp_gain":0,"max_hp_loss":0,"event_name":"Drug Dealer","floor":28,"gold_loss":0,"cards_obtained":["J.A.X."]}],"is_beta":false,"boss_relics":[{"not_picked":["Runic Dome","Runic Pyramid"],"picked":"Empty Cage"}],"items_purged_floors":[],"is_endless":false,"potions_floor_spawned":[2,4,7,8,13,18,30,31],"killed_by":"Champ","ascension_level":5}}