{"host":"5dk97cf2ubw2v967","time":1609666991,"event":{"mods":["AlwaysNeverKeys","BaseMod","Better Altar","Better Vampires","Block Reminder","Colored Powertips","Downfall","Googly Eyes","Highlight Path","Minty Spire (QoL Compilation)","Permanent Neow","Potion Indicator Mod","Quick Restart","Relic Filter","Relic Stats","Say the Spire","Spicy Shops","StSLib","Waifu the Spire","everything is the same but u backflip on backflip"],"gold_per_floor":[116,116,116,131,56,56,74,74,74,107,123,123,156,56,56,155,155,155,30,30,30,30,30,30,30,30],"floor_reached":25,"playtime":987,"items_purged":["Strike_B","Defend_B","Strike_B"],"score":422,"play_id":"feb70be9-028c-469e-bd61-ff8e4c708934","local_time":"20210103094311","is_ascension_mode":true,"campfire_choices":[{"data":"expansioncontent:QuickStudy","floor":6.0,"key":"SMITH"},{"data":"Loop","floor":8.0,"key":"SMITH"},{"floor":12.0,"key":"REST"},{"floor":15.0,"key":"REST"},{"floor":23,"key":"REST"}],"circlet_count":0,"master_deck":["AscendersBane","Strike_B","Strike_B","Defend_B","Defend_B","Defend_B","Zap","Dualcast","expansioncontent:QuickStudy+1","Consume","Force Field","Loop+1","Echo Form","Go for the Eyes","Loop","Electrodynamics","Storm","Conserve Battery"],"relics":["Cracked Core","Golden Idol","StrikeDummy","Lizard Tail","Unceasing Top","Ectoplasm"],"acts_visited":["Exordium","TheCity"],"potions_floor_usage":[16,18],"damage_taken":[{"damage":0.0,"enemies":"Small Slimes","floor":1.0,"turns":2.0},{"damage":0.0,"enemies":"2 Louse","floor":4.0,"turns":1.0},{"damage":0.0,"enemies":"Cultist","floor":7.0,"turns":3.0},{"damage":40.0,"enemies":"3 Sentries","floor":10.0,"turns":5.0},{"damage":0.0,"enemies":"Lots of Slimes","floor":11.0,"turns":1.0},{"damage":32.0,"enemies":"Gremlin Nob","floor":13.0,"turns":4.0},{"damage":17,"enemies":"The Guardian","floor":16,"turns":8},{"damage":9,"enemies":"Chosen","floor":18,"turns":3},{"damage":13,"enemies":"3 Byrds","floor":21,"turns":2},{"damage":19,"enemies":"Snake Plant","floor":22,"turns":4},{"damage":9,"enemies":"Centurion and Healer","floor":24,"turns":5},{"damage":51,"enemies":"Slavers","floor":25,"turns":3}],"seed_played":"2708227606305810477","potions_obtained":[{"floor":7.0,"key":"FearPotion"},{"floor":11.0,"key":"Explosive Potion"},{"floor":13.0,"key":"Strength Potion"}],"is_trial":false,"path_per_floor":["M","?","?","M","$","R","M","R","T","E","M","R","E","$","R","B",null,"M","$","$","M","M","R","M","E"],"character_chosen":"DEFECT","items_purchased":[],"campfire_rested":3,"item_purchase_floors":[],"current_hp_per_floor":[64,58,58,58,58,58,58,58,58,18,18,35,3,3,20,3,44,35,35,35,22,3,20,11,0,0],"gold":30,"neow_bonus":"RANDOM_COLORLESS_2","is_daily":false,"chose_seed":false,"campfire_upgraded":2,"win_rate":0.0,"timestamp":1609666991,"path_taken":["M","?","?","?","$","R","M","R","T","E","M","R","E","?","R","BOSS","M","?","$","?","M","R","M","E"],"items_purchased_type":[],"build_version":"2020-12-22","purchased_purges":3,"victory":false,"max_hp_per_floor":[64,58,58,58,58,58,58,58,58,58,58,58,58,58,58,58,58,58,58,58,58,58,58,58,58,58],"relic_stats":{"Lizard Tail":29,"counters":[12,39],"Golden Idol":60,"Ectoplasm":76,"obtain_stats":[{"Lizard Tail":10,"Golden Idol":2,"Ectoplasm":17,"Cracked Core":0,"StrikeDummy":9,"Unceasing Top":13},{"Lizard Tail":4,"Golden Idol":1,"Ectoplasm":7,"Cracked Core":0,"StrikeDummy":3,"Unceasing Top":6},{"Lizard Tail":10,"Golden Idol":2,"Ectoplasm":23,"Cracked Core":0,"StrikeDummy":6,"Unceasing Top":15}],"Unceasing Top":[0]},"card_choices":[{"not_picked":["Transmutation","Master of Strategy"],"picked":"expansioncontent:QuickStudy","floor":0.0},{"not_picked":["Barrage","Sweeping Beam"],"picked":"Consume","floor":1.0},{"not_picked":["Go for the Eyes","Streamline"],"picked":"Force Field","floor":4.0},{"not_picked":["Compile Driver","Beam Cell"],"picked":"Loop","floor":7.0},{"not_picked":["Darkness","Sweeping Beam"],"picked":"Echo Form","floor":10.0},{"not_picked":["Compile Driver","Darkness"],"picked":"Go for the Eyes","floor":11.0},{"not_picked":["BootSequence","Beam Cell"],"picked":"Loop","floor":13.0},{"not_picked":["Creative AI","Biased Cognition"],"picked":"Electrodynamics","floor":16},{"not_picked":["Self Repair","Hologram"],"picked":"Storm","floor":18},{"not_picked":["Streamline","Beam Cell","Tempest"],"picked":"SKIP","floor":21},{"not_picked":["Coolheaded","Reprogram","Barrage+1"],"picked":"SKIP","floor":22},{"not_picked":["Go for the Eyes","Rip and Tear"],"picked":"Conserve Battery","floor":24}],"player_experience":1284310,"relics_obtained":[{"floor":9.0,"key":"StrikeDummy"},{"floor":10.0,"key":"Lizard Tail"},{"floor":13.0,"key":"Unceasing Top"}],"event_choices":[{"damage_healed":0.0,"max_hp_gain":0.0,"max_hp_loss":6.0,"gold_gain":0.0,"event_name":"Golden Idol","player_choice":"Lose Max HP","floor":2.0,"gold_loss":0.0,"damage_taken":0.0,"relics_obtained":["Golden Idol"]},{"damage_healed":0.0,"max_hp_gain":0.0,"max_hp_loss":0.0,"gold_gain":0.0,"event_name":"Match and Keep!","player_choice":"0 cards matched","floor":3.0,"gold_loss":0.0,"damage_taken":0.0,"cards_obtained":[]}],"is_beta":false,"boss_relics":[{"not_picked":["Astrolabe","Busted Crown"],"picked":"Ectoplasm"}],"items_purged_floors":[5,14,19],"is_endless":false,"potions_floor_spawned":[7,11,13],"killed_by":"Slavers","ascension_level":20}}