{"host":"w9yruvs4bqht6bhw","time":1609639519,"event":{"mods":["BaseMod","Colored Powertips","Minty Spire (QoL Compilation)"],"gold_per_floor":[216,31,48,48,48,77,77,105,105,122,138,153,1,19,19,114,114,132,142,155,35,55,55,88,103,127,127,127,127],"floor_reached":28,"playtime":1062,"items_purged":["Perfected Strike"],"score":365,"play_id":"0bcea3e7-99de-4610-970d-2478286d0abb","local_time":"20210102210519","is_ascension_mode":true,"campfire_choices":[{"floor":7,"key":"REST"},{"data":"Clash","floor":15,"key":"SMITH"},{"floor":23,"key":"REST"},{"data":"Limit Break","floor":27,"key":"SMITH"}],"circlet_count":0,"master_deck":["Strike_R+1","Strike_R","Strike_R","Strike_R","Defend_R","Defend_R","Defend_R","Defend_R+1","Bash","Spot Weakness","Clash","Ghostly Armor","Pommel Strike","Cleave","Clash","Clash+1","Limit Break+1","Clothesline","Clash","Rage"],"relics":["Burning Blood","Bag of Marbles","Orichalcum","Incense Burner","Gremlin Horn","DollysMirror","Lantern","Smiling Mask"],"acts_visited":["Exordium","TheCity"],"potions_floor_usage":[6,8,16,19,20,28],"damage_taken":[{"damage":9,"enemies":"2 Louse","floor":1,"turns":3},{"damage":15,"enemies":"Small Slimes","floor":3,"turns":4},{"damage":22,"enemies":"3 Sentries","floor":6,"turns":7},{"damage":6,"enemies":"Gremlin Nob","floor":8,"turns":3},{"damage":0,"enemies":"Cultist","floor":10,"turns":3},{"damage":8,"enemies":"Blue Slaver","floor":11,"turns":4},{"damage":0,"enemies":"Large Slime","floor":12,"turns":4},{"damage":0,"enemies":"2 Fungi Beasts","floor":14,"turns":2},{"damage":41,"enemies":"The Guardian","floor":16,"turns":9},{"damage":18,"enemies":"Chosen","floor":18,"turns":5},{"damage":0,"enemies":"3 Byrds","floor":19,"turns":3},{"damage":41,"enemies":"Centurion and Healer","floor":20,"turns":5},{"damage":2,"enemies":"Shelled Parasite and Fungi","floor":22,"turns":3},{"damage":15,"enemies":"Gremlin Leader","floor":24,"turns":5},{"damage":5,"enemies":"Snecko","floor":25,"turns":3},{"damage":67,"enemies":"Slavers","floor":28,"turns":5}],"seed_played":"-978055588107673621","potions_obtained":[{"floor":1,"key":"PowerPotion"},{"floor":6,"key":"Energy Potion"},{"floor":10,"key":"Dexterity Potion"},{"floor":16,"key":"SpeedPotion"},{"floor":18,"key":"LiquidMemories"},{"floor":25,"key":"Energy Potion"}],"is_trial":false,"path_per_floor":["M","$","M","?","?","E","R","E","T","M","M","M","$","M","R","B",null,"M","M","M","$","M","R","E","M","T","R","E"],"character_chosen":"IRONCLAD","items_purchased":["Spot Weakness","Bag of Marbles","DollysMirror","Clash"],"campfire_rested":2,"item_purchase_floors":[2,2,13,21],"current_hp_per_floor":[69,69,60,44,44,28,52,52,52,58,56,62,62,68,68,33,68,56,62,27,27,31,55,46,47,47,47,0,0],"gold":127,"neow_bonus":"HUNDRED_GOLD","is_daily":false,"chose_seed":false,"campfire_upgraded":2,"win_rate":0.0,"timestamp":1609639519,"path_taken":["M","$","M","?","?","E","R","E","T","M","?","M","$","M","R","BOSS","M","M","M","$","M","R","E","M","T","R","E"],"items_purchased_type":["Card","Relic","Relic","Card"],"build_version":"2020-12-22","purchased_purges":1,"victory":false,"max_hp_per_floor":[80,80,80,80,80,80,80,80,80,80,80,80,80,80,80,80,80,80,80,80,80,80,80,80,80,80,80,80,80],"card_choices":[{"not_picked":["Infernal Blade","Wild Strike"],"picked":"Perfected Strike","floor":1},{"not_picked":["Intimidate","Thunderclap"],"picked":"Clash","floor":3},{"not_picked":["Perfected Strike","Twin Strike"],"picked":"Ghostly Armor","floor":6},{"not_picked":["Dual Wield","Entrench"],"picked":"Pommel Strike","floor":8},{"not_picked":["Wild Strike","True Grit"],"picked":"Cleave","floor":10},{"not_picked":["Hemokinesis","Iron Wave"],"picked":"Clash","floor":11},{"not_picked":["Wild Strike","True Grit","Cleave"],"picked":"SKIP","floor":12},{"not_picked":["Rampage","Intimidate","Dark Embrace"],"picked":"SKIP","floor":14},{"not_picked":["Berserk","Reaper"],"picked":"Limit Break","floor":16},{"not_picked":["Combust","Pommel Strike+1"],"picked":"Clothesline","floor":18},{"not_picked":["Headbutt","Warcry","Armaments"],"picked":"SKIP","floor":19},{"not_picked":["Fire Breathing","Shockwave","Pommel Strike"],"picked":"SKIP","floor":20},{"not_picked":["Evolve+1","True Grit","Reckless Charge+1"],"picked":"SKIP","floor":22},{"not_picked":["Whirlwind","Armaments"],"picked":"Rage","floor":24},{"not_picked":["Metallicize","Heavy Blade+1","Power Through"],"picked":"SKIP","floor":25}],"player_experience":284224,"relics_obtained":[{"floor":6,"key":"Orichalcum"},{"floor":8,"key":"Incense Burner"},{"floor":9,"key":"Gremlin Horn"},{"floor":24,"key":"Lantern"},{"floor":26,"key":"Smiling Mask"}],"event_choices":[{"damage_healed":0,"gold_gain":0,"player_choice":"Entered Light","damage_taken":16,"max_hp_gain":0,"max_hp_loss":0,"event_name":"Shining Light","floor":4,"gold_loss":0,"cards_upgraded":["Defend_R","Strike_R"]},{"cards_removed":["Strike_R"],"damage_healed":0,"gold_gain":0,"player_choice":"Purged","damage_taken":0,"max_hp_gain":0,"max_hp_loss":0,"event_name":"Purifier","floor":5,"gold_loss":0}],"is_beta":false,"boss_relics":[{"not_picked":["Runic Dome","Mark of Pain","Velvet Choker"]}],"items_purged_floors":[21],"is_endless":false,"potions_floor_spawned":[1,6,10,16,18,25],"killed_by":"Slavers","ascension_level":7}}