{"host":"91qk9v3o49otpvon","time":1609637573,"event":{"mods":["A Magickal Journey","Act Like it!","Arknights The Spire","Astrologer","BaseMod","CapriCore","Downfall","Elementarium","Fireblade Mod","GungeonMod","Hallownest","Hermit","JesterMod","Luminous","Minty Spire (QoL Compilation)","Quick Restart","Remilia??????","SOS???????","StSLib","The Animator","The Bug Knight","The Exalted","The Immortal","The Judge","The Kombatant","The Marked","The Necromancer","The Servant 0.9.4","The Wild Card","TheHero","TheSwordswoman"],"gold_per_floor":[122,148,176,206,195,207,233,256,321,333,345,357,369,412,424,534,546,572,690,702,730,761,773,817,841,876,888,900,912,912,912],"floor_reached":29,"playtime":2288,"items_purged":[],"score":245,"play_id":"e752b2af-90e8-4972-8f33-d16427d671c1","local_time":"20210103013253","is_ascension_mode":false,"campfire_choices":[{"floor":6,"key":"REST"},{"floor":11,"key":"REST"},{"floor":13,"key":"REST"},{"floor":15,"key":"REST"},{"floor":23,"key":"REST"},{"floor":28,"key":"REST"}],"circlet_count":0,"master_deck":["MokouMod:Strike","MokouMod:Strike","MokouMod:Strike","MokouMod:Strike","MokouMod:Strike","MokouMod:Defend","MokouMod:Defend","MokouMod:Defend","MokouMod:Defend","MokouMod:HeatSpark","MokouMod:ResoluteFlare","MokouMod:Firecracker","MokouMod:ExplosiveFlame","MokouMod:Trailblazer","MokouMod:DanceofFlames","MokouMod:TemporalFireSeal","theWildCard:Odin","MokouMod:AdaptivePyromancy","MokouMod:HouraiForge","MokouMod:SearingShot+1","Shame","Hallownest:attackMasterCycloneSlash","MokouMod:Singe","MokouMod:FlickeringFlame","MokouMod:Burn","MokouMod:FujiyamaVolcano+1","Hallownest:attackAdjustingAction","MokouMod:FlamingFireTalons"],"relics":["MokouMod:PhoenixFeather","MawBank","PreservedInsect","Nunchaku","SacredBark","Vajra","Orichalcum"],"acts_visited":["Exordium","Exordium"],"potions_floor_usage":[7,7,8,22,22,22,27],"damage_taken":[{"damage":5,"enemies":"Cultist","floor":1,"turns":4},{"damage":0,"enemies":"Small Slimes","floor":2,"turns":2},{"damage":6,"enemies":"Jaw Worm","floor":3,"turns":3},{"damage":42,"enemies":"Large Slime","floor":4,"turns":11},{"damage":29,"enemies":"Exordium Wildlife","floor":7,"turns":6},{"damage":28,"enemies":"Exordium Thugs","floor":8,"turns":5},{"damage":4,"enemies":"Lagavulin","floor":14,"turns":5},{"damage":31,"enemies":"Slime Boss","floor":16,"turns":15},{"damage":33,"enemies":"Hallownest:2_Mistakes","floor":18,"turns":19},{"damage":19,"enemies":"Hallownest:3_Youths","floor":21,"turns":8},{"damage":21,"enemies":"Hallownest:3_Mistakes","floor":22,"turns":14},{"damage":79,"enemies":"Hallownest:eliteWatcherKnight","floor":24,"turns":16},{"damage":0,"enemies":"Hallownest:Warrior_and_Youth","floor":25,"turns":5},{"damage":0,"enemies":"Hallownest:monsterMisterMushroom","floor":27,"turns":9},{"damage":30,"enemies":"Hallownest:2_Flukemon","floor":29,"turns":5}],"seed_played":"1934536671990237320","potions_obtained":[{"floor":2,"key":"SkillPotion"},{"floor":3,"key":"Swift Potion"},{"floor":4,"key":"Regen Potion"},{"floor":16,"key":"EssenceOfSteel"},{"floor":18,"key":"Swift Potion"},{"floor":21,"key":"ColorlessPotion"},{"floor":24,"key":"Weak Potion"},{"floor":25,"key":"Guardian:BlockOnCardUsePotion"}],"is_trial":false,"path_per_floor":["M","M","M","M","?","R","M","M","T","?","R","T","R","E","R","B",null,"M","?","?","M","M","R","E","M","T","M","R","M"],"character_chosen":"MKU","items_purchased":[],"campfire_rested":6,"item_purchase_floors":[],"current_hp_per_floor":[70,70,64,22,22,44,30,2,2,2,24,24,46,42,64,33,75,42,42,42,23,2,24,5,5,5,5,27,0,0,0],"gold":912,"neow_bonus":"RANDOM_COMMON_RELIC","is_daily":false,"chose_seed":false,"campfire_upgraded":0,"win_rate":0.0,"timestamp":1609637573,"path_taken":["M","M","M","?","?","R","M","M","T","?","R","?","R","E","R","BOSS","M","?","?","M","M","R","E","M","T","M","R","M"],"items_purchased_type":[],"build_version":"2020-12-22","purchased_purges":0,"victory":false,"max_hp_per_floor":[75,75,75,75,75,75,75,75,75,75,75,75,75,75,75,75,75,75,75,75,75,75,75,75,75,75,75,75,75,75,75],"card_choices":[{"not_picked":["MokouMod:FlareStarter","MokouMod:ControlledCombustion"],"picked":"MokouMod:ResoluteFlare","floor":1},{"not_picked":["MokouMod:SubterraneanCore","MokouMod:Meltdown"],"picked":"MokouMod:Firecracker","floor":2},{"not_picked":["MokouMod:EternalBurstReactor","MokouMod:SubterraneanCore"],"picked":"MokouMod:ExplosiveFlame","floor":3},{"not_picked":["MokouMod:Firecracker","MokouMod:PhoenixFeathers"],"picked":"MokouMod:Trailblazer","floor":4},{"not_picked":["MokouMod:BurningDraft","MokouMod:Burn"],"picked":"MokouMod:DanceofFlames","floor":7},{"not_picked":["MokouMod:BurningDraft","MokouMod:IgnitionBarrier"],"picked":"MokouMod:TemporalFireSeal","floor":8},{"not_picked":["MokouMod:Stoke","MokouMod:FujiyamaVolcano"],"picked":"MokouMod:AdaptivePyromancy","floor":14},{"not_picked":["MokouMod:SpontaneousHumanCombustion","MokouMod:RadiantBlade"],"picked":"MokouMod:HouraiForge","floor":16},{"not_picked":["MokouMod:HeatTransfer","MokouMod:Firecracker"],"picked":"MokouMod:SearingShot+1","floor":18},{"not_picked":["MokouMod:SearingShot+1","MokouMod:IndiscriminateIgnition"],"picked":"MokouMod:Singe","floor":21},{"not_picked":["MokouMod:UncontrollableSolarReaction","MokouMod:Trailblazer"],"picked":"MokouMod:FlickeringFlame","floor":22},{"not_picked":["MokouMod:FujiyamaVolcano+1","MokouMod:Firecracker"],"picked":"MokouMod:Burn","floor":24},{"not_picked":["MokouMod:TemporalFireSeal+1","MokouMod:IndiscriminateIgnition+1"],"picked":"MokouMod:FujiyamaVolcano+1","floor":25},{"not_picked":["MokouMod:EternalBurstReactor+1","MokouMod:RadiantBlade"],"picked":"MokouMod:FlamingFireTalons","floor":27}],"player_experience":213490,"relics_obtained":[{"floor":9,"key":"PreservedInsect"},{"floor":14,"key":"Nunchaku"},{"floor":24,"key":"Vajra"},{"floor":26,"key":"Orichalcum"}],"event_choices":[{"damage_healed":0,"gold_gain":0,"player_choice":"Left Gold","damage_taken":0,"max_hp_gain":0,"max_hp_loss":0,"event_name":"World of Goop","floor":5,"gold_loss":23}],"is_beta":false,"boss_relics":[{"not_picked":["Snecko Eye","Pandora\u0027s Box"],"picked":"SacredBark"}],"items_purged_floors":[],"is_endless":false,"potions_floor_spawned":[2,3,4,16,18,21,24,25],"killed_by":"Hallownest:2_Flukemon","ascension_level":0}}