{"host":"1eo5f82aifdzd7pr","time":1609707838,"event":{"mods":["AchievementEnabler","BaseMod","Colored Map","Colored Powertips","DeckTracker","Marisa????????","Minty Spire (QoL Compilation)","StSLib","SuperFastMode"],"gold_per_floor":[118,138,151,170,170,170,202,212,212,245,245,245,262,275,275,380,380,400,179,190,190,209,209,209,209,209,225,150,249,249,259,259,259,259],"floor_reached":33,"playtime":1400,"items_purged":["Strike_G"],"score":259,"play_id":"514e822d-5519-49e2-935f-92d300be519d","local_time":"20210103230358","is_ascension_mode":false,"campfire_choices":[{"data":"Neutralize","floor":6.0,"key":"SMITH"},{"data":"Predator","floor":12.0,"key":"SMITH"},{"floor":15.0,"key":"REST"},{"data":"Escape Plan","floor":23.0,"key":"SMITH"},{"data":"Deflect","floor":25.0,"key":"SMITH"},{"data":"Backflip","floor":30,"key":"SMITH"},{"floor":32,"key":"RECALL"}],"circlet_count":0,"master_deck":["Strike_G","Strike_G","Strike_G","Defend_G","Defend_G","Defend_G","Defend_G","Survivor","Neutralize+1","Backflip+1","Predator+1","Backflip","Escape Plan+1","Deflect+1","Predator+1"],"relics":["Ring of the Snake","Mercury Hourglass","Ninja Scroll","Frozen Egg 2","Sozu","Omamori"],"acts_visited":["Exordium","TheCity"],"potions_floor_usage":[],"damage_taken":[{"damage":0.0,"enemies":"Small Slimes","floor":1.0,"turns":4.0},{"damage":0.0,"enemies":"2 Louse","floor":2.0,"turns":4.0},{"damage":3.0,"enemies":"Jaw Worm","floor":3.0,"turns":3.0},{"damage":4.0,"enemies":"Red Slaver","floor":4.0,"turns":4.0},{"damage":38.0,"enemies":"3 Sentries","floor":7.0,"turns":11.0},{"damage":2.0,"enemies":"Looter","floor":8.0,"turns":3.0},{"damage":3.0,"enemies":"Lagavulin","floor":10.0,"turns":6.0},{"damage":0.0,"enemies":"Blue Slaver","floor":13.0,"turns":3.0},{"damage":0.0,"enemies":"Exordium Thugs","floor":14.0,"turns":3.0},{"damage":16.0,"enemies":"Slime Boss","floor":16.0,"turns":11.0},{"damage":7.0,"enemies":"2 Thieves","floor":18.0,"turns":3.0},{"damage":0.0,"enemies":"3 Byrds","floor":20.0,"turns":4.0},{"damage":6.0,"enemies":"3 Cultists","floor":22.0,"turns":5.0},{"damage":0,"enemies":"Snake Plant","floor":27,"turns":3},{"damage":0,"enemies":"Centurion and Healer","floor":31,"turns":5},{"damage":92,"enemies":"Champ","floor":33,"turns":15}],"seed_played":"8097782726658261990","potions_obtained":[{"floor":1.0,"key":"Ancient Potion"},{"floor":7.0,"key":"EssenceOfSteel"},{"floor":8.0,"key":"DuplicationPotion"},{"floor":10.0,"key":"FearPotion"},{"floor":14.0,"key":"Fruit Juice"}],"is_trial":false,"path_per_floor":["M","M","M","M","?","R","E","M","T","E","?","R","M","M","R","B",null,"M","$","M","?","M","R","?","R","T","M","?","?","R","M","R","B"],"character_chosen":"THE_SILENT","items_purchased":["Omamori"],"campfire_rested":1,"item_purchase_floors":[19],"current_hp_per_floor":[77,77,74,70,70,70,32,30,30,27,27,27,27,27,55,39,82,75,75,75,75,69,69,69,69,69,69,69,69,69,69,69,0,0],"gold":259,"neow_bonus":"TEN_PERCENT_HP_BONUS","is_daily":false,"chose_seed":false,"campfire_upgraded":5,"win_rate":0.0,"timestamp":1609707838,"path_taken":["M","M","M","M","?","R","E","M","T","E","?","R","M","M","R","BOSS","M","$","M","?","M","R","?","R","T","?","?","?","R","M","R","BOSS"],"items_purchased_type":["Relic"],"build_version":"2020-12-22","purchased_purges":1,"victory":false,"max_hp_per_floor":[77,77,77,77,77,77,77,77,77,77,77,77,77,77,82,82,82,82,82,82,82,82,82,82,82,82,82,82,82,82,82,82,82,82],"card_choices":[{"not_picked":["Masterful Stab","Poisoned Stab"],"picked":"Backflip","floor":1.0},{"not_picked":["Prepared","Tools of the Trade"],"picked":"Predator","floor":2.0},{"not_picked":["Backflip","Tactician","Accuracy"],"picked":"SKIP","floor":3.0},{"not_picked":["Deadly Poison","Outmaneuver","Blade Dance"],"picked":"SKIP","floor":4.0},{"not_picked":["Poisoned Stab","Backstab","Reflex"],"picked":"SKIP","floor":7.0},{"not_picked":["Underhanded Strike","Dodge and Roll"],"picked":"Backflip","floor":8.0},{"not_picked":["Envenom+1","Flying Knee","Predator"],"picked":"SKIP","floor":10.0},{"not_picked":["Outmaneuver","Quick Slash"],"picked":"Escape Plan","floor":13.0},{"not_picked":["Dagger Spray","Caltrops+1"],"picked":"Deflect","floor":14.0},{"not_picked":["Dagger Throw","Sucker Punch","Cloak And Dagger+1"],"picked":"SKIP","floor":18.0},{"not_picked":["Backstab","Bane","Deflect"],"picked":"SKIP","floor":20.0},{"not_picked":["PiercingWail","Bane","Flechettes"],"picked":"SKIP","floor":22.0},{"not_picked":["Dagger Spray","Terror","Expertise"],"picked":"SKIP","floor":27},{"not_picked":["Eviscerate","Masterful Stab","Noxious Fumes+1"],"picked":"SKIP","floor":31}],"player_experience":773643,"relics_obtained":[{"floor":7.0,"key":"Mercury Hourglass"},{"floor":9.0,"key":"Ninja Scroll"},{"floor":10.0,"key":"Frozen Egg 2"}],"event_choices":[{"damage_healed":0.0,"max_hp_gain":0.0,"max_hp_loss":0.0,"gold_gain":0.0,"event_name":"Liars Game","player_choice":"Ignored","floor":5.0,"gold_loss":0.0,"damage_taken":0.0},{"cards_removed":["Defend_G"],"damage_healed":0.0,"max_hp_gain":0.0,"max_hp_loss":0.0,"gold_gain":0.0,"event_name":"Living Wall","player_choice":"Forget","floor":11.0,"gold_loss":0.0,"damage_taken":0.0},{"damage_healed":0.0,"max_hp_gain":0.0,"max_hp_loss":0.0,"gold_gain":0.0,"event_name":"Vampires","player_choice":"Ignored","floor":21.0,"gold_loss":0.0,"damage_taken":0.0},{"damage_healed":0.0,"max_hp_gain":0.0,"max_hp_loss":0.0,"gold_gain":0.0,"event_name":"Duplicator","player_choice":"Copied","floor":24.0,"gold_loss":0.0,"damage_taken":0.0,"cards_obtained":["Predator"]},{"cards_removed":["Strike_G"],"damage_healed":0,"gold_gain":0,"player_choice":"Gave Gold","damage_taken":0,"max_hp_gain":0,"max_hp_loss":0,"event_name":"Beggar","floor":28,"gold_loss":75},{"damage_healed":0,"gold_gain":99,"player_choice":"Stole From Cult","damage_taken":0,"max_hp_gain":0,"max_hp_loss":0,"event_name":"Nest","floor":29,"gold_loss":0}],"is_beta":false,"boss_relics":[{"not_picked":["Tiny House","Pandora\u0027s Box"],"picked":"Sozu"}],"items_purged_floors":[19],"is_endless":false,"potions_floor_spawned":[1,7,8,10,14,22,27,31],"killed_by":"Champ","ascension_level":0}}