{"host":"2461dio7vetlq1z3","time":1609718374,"event":{"mods":["2.2 Compatiblity","AchievementEnabler","Aspiration","BaseMod","Better Third Choice","Friendly Minions","Minty Spire (QoL Compilation)","Relic Stats","Spicy Shops","StSLib","Waifu the Spire"],"gold_per_floor":[117,137,287,24,24,54,54,54,134,134,134,134],"floor_reached":11,"playtime":405,"items_purged":[],"score":158,"play_id":"f80e1f43-8f64-46c3-aefc-9a87982b899f","local_time":"20210104005934","is_ascension_mode":true,"campfire_choices":[{"data":"Bash","floor":7,"key":"SMITH"},{"floor":10,"key":"REST"}],"circlet_count":0,"master_deck":["AscendersBane","Strike_R","Strike_R","Strike_R","Strike_R","Strike_R","Defend_R","Defend_R","Defend_R","Defend_R","Bash+1","Rage","Pommel Strike","Exhume"],"relics":["Burning Blood","aspiration:Nostalgia","Cracked Core","aspiration:HummingbirdHeart","Art of War","Darkstone Periapt"],"acts_visited":["Exordium"],"potions_floor_usage":[6,8],"damage_taken":[{"damage":7,"enemies":"Cultist","floor":1,"turns":4},{"damage":11,"enemies":"Jaw Worm","floor":2,"turns":4},{"damage":27,"enemies":"Lagavulin","floor":6,"turns":6},{"damage":37,"enemies":"3 Sentries","floor":8,"turns":8},{"damage":49,"enemies":"Lagavulin","floor":11,"turns":7}],"seed_played":"5523081038389543931","potions_obtained":[{"floor":1,"key":"Energy Potion"},{"floor":2,"key":"SmokeBomb"}],"is_trial":false,"path_per_floor":["M","M","?","$","?","E","R","E","T","R","E"],"character_chosen":"IRONCLAD","items_purchased":["aspiration:HummingbirdHeart"],"campfire_rested":1,"item_purchase_floors":[4],"current_hp_per_floor":[67,62,62,62,62,41,41,10,10,32,0,0],"gold":134,"neow_bonus":"NOSTALGIA","is_daily":false,"chose_seed":false,"campfire_upgraded":1,"win_rate":0.0,"timestamp":1609718374,"path_taken":["M","M","?","$","?","E","R","E","T","R","E"],"items_purchased_type":["Relic"],"build_version":"2020-12-22","purchased_purges":0,"victory":false,"max_hp_per_floor":[75,75,75,75,75,75,75,75,75,75,75,75],"relic_stats":{"Darkstone Periapt":0,"counters":[5,29],"Art of War":[3],"obtain_stats":[{"Darkstone Periapt":9,"aspiration:Nostalgia":0,"aspiration:HummingbirdHeart":4,"Art of War":6,"Cracked Core":0,"Burning Blood":0},{"Darkstone Periapt":4,"aspiration:Nostalgia":0,"aspiration:HummingbirdHeart":2,"Art of War":3,"Cracked Core":0,"Burning Blood":0},{"Darkstone Periapt":22,"aspiration:Nostalgia":0,"aspiration:HummingbirdHeart":8,"Art of War":14,"Cracked Core":0,"Burning Blood":0}],"Burning Blood":24},"card_choices":[{"not_picked":["Second Wind","Clothesline"],"picked":"Rage","floor":1},{"not_picked":["Shrug It Off","True Grit"],"picked":"Pommel Strike","floor":2},{"not_picked":["Headbutt","Thunderclap"],"picked":"Exhume","floor":6}],"player_experience":1044194,"relics_obtained":[{"floor":6,"key":"Art of War"},{"floor":9,"key":"Darkstone Periapt"}],"event_choices":[{"damage_healed":0,"gold_gain":150,"player_choice":"AGREE","damage_taken":137,"max_hp_gain":0,"max_hp_loss":0,"event_name":"betterThird:BetterSerpent","floor":3,"gold_loss":0},{"cards_removed":["Doubt"],"damage_healed":0,"gold_gain":0,"player_choice":"Forget","damage_taken":0,"max_hp_gain":0,"max_hp_loss":0,"event_name":"Living Wall","floor":5,"gold_loss":0}],"is_beta":false,"boss_relics":[],"items_purged_floors":[],"is_endless":false,"potions_floor_spawned":[1,2,8],"killed_by":"Lagavulin","ascension_level":20}}