{"host":"ftwnpa9ceeptmrn1","time":1609700669,"event":{"mods":["Aspiration","BaseMod","Colored Map","Colored Powertips","Conspire","Downfall","Hubris","Infinite Spire","Minty Spire (QoL Compilation)","Relic Stats","Replay The Spire","StSLib","Waifu the Spire","vexMod"],"gold_per_floor":[110,110,125,139,40,40,70,70,70,70,82,102,112,112,112,217,217,233,233,233,233,250,275,286,286,286,297,297,297,297,308,308,406,406,416,431,185,204,204,239,239,272,325,325,125,125,85,108,108,123,123],"floor_reached":50,"playtime":4737,"items_purged":["Strike_R","Defend_R","Reaper","Defend_R"],"score":781,"play_id":"93689eed-a494-4c1f-a158-f91a9d776239","local_time":"20210103130429","is_ascension_mode":true,"campfire_choices":[{"floor":6.0,"key":"RECALL"},{"data":"Bash","floor":8.0,"key":"SMITH"},{"data":"Anger","floor":10.0,"key":"SMITH"},{"data":"Dark Embrace","floor":15.0,"key":"SMITH"},{"data":"ReplayTheSpireMod:Muscle Training","floor":25.0,"key":"SMITH"},{"data":"hubris:Fate","floor":30.0,"key":"SMITH"},{"data":"Demonic Infusion","floor":32.0,"key":"SMITH"},{"data":"Replay:Many Hands","floor":41,"key":"SMITH"}],"circlet_count":0,"master_deck":["Defend_R","Defend_R","Bash+1","Burning Pact","hubris:Fate+1","Anger+1","Iron Wave","Flex","Sword Boomerang","Dropkick","Thunderclap","Dark Embrace+1","Demonic Infusion+1","Iron Wave","Slimebound:Tackle+1","Slimebound:Tackle+1","Slimebound:Tackle+1","Shrug It Off","Flex","ReplayTheSpireMod:Muscle Training+1","Iron Wave","Body Slam+1","Replay:Many Hands+1","Flex+1","ReplayTheSpireMod:Muscle Training","Armaments","expansioncontent:ChargeUp+1","Thunderclap","Fire Breathing","conspire:SpireCoStock","conspire:SpireCoStock","conspire:SpireCoStock","conspire:SpireCoStock","Cleave"],"relics":["Burning Blood","Champion Belt","Mummified Hand","Coffee Dripper","aspiration:HatOfInfinitePower","Gremlin Food","aspiration:RitualStick","hubris:BottledHeart","conspire:SpecialSausage","Lee\u0027s Waffle","hubris:ChampionShield","infinitespire:Satchel","aspiration:ArtOfWarUpgrade","hubris:Backtick","hubris:Potato","Ancient Tea Set"],"acts_visited":["Exordium","TheCity","TheBeyond"],"potions_floor_usage":[50],"damage_taken":[{"damage":0.0,"enemies":"2 Louse","floor":1.0,"turns":2.0},{"damage":1.0,"enemies":"Jaw Worm","floor":3.0,"turns":4.0},{"damage":0.0,"enemies":"Small Slimes","floor":4.0,"turns":2.0},{"damage":21.0,"enemies":"3 Sentries","floor":7.0,"turns":9.0},{"damage":0.0,"enemies":"Looter","floor":11.0,"turns":2.0},{"damage":6.0,"enemies":"Large Slime","floor":12.0,"turns":5.0},{"damage":0.0,"enemies":"Red Slaver","floor":13.0,"turns":3.0},{"damage":0.0,"enemies":"Hexaghost","floor":16.0,"turns":5.0},{"damage":0.0,"enemies":"3 Byrds","floor":18.0,"turns":1.0},{"damage":0.0,"enemies":"Chosen","floor":22.0,"turns":3.0},{"damage":0.0,"enemies":"Replay:Snechameleon","floor":23.0,"turns":5.0},{"damage":10.0,"enemies":"Centurion and Healer","floor":24.0,"turns":3.0},{"damage":15.0,"enemies":"Shelled Parasite and Fungi","floor":27.0,"turns":4.0},{"damage":0.0,"enemies":"Snecko","floor":31.0,"turns":4.0},{"damage":0.0,"enemies":"Collector","floor":33.0,"turns":13.0},{"damage":0.0,"enemies":"Orb Walker","floor":35.0,"turns":3.0},{"damage":0,"enemies":"3 Darklings","floor":36,"turns":4},{"damage":0,"enemies":"Writhing Mass","floor":38,"turns":5},{"damage":0,"enemies":"Nemesis","floor":40,"turns":7},{"damage":0,"enemies":"Reptomancer","floor":42,"turns":3},{"damage":0,"enemies":"Maw","floor":48,"turns":4},{"damage":7,"enemies":"Awakened One","floor":50,"turns":6}],"seed_played":"-7047693249525442478","potions_obtained":[{"floor":4.0,"key":"Adrenaline Potion"},{"floor":7.0,"key":"SkillPotion"},{"floor":11.0,"key":"BlessingOfTheForge"},{"floor":13.0,"key":"Energy Potion"},{"floor":31.0,"key":"infinitespire:BlackPotion"},{"floor":40,"key":"ColorlessPotion"}],"is_trial":false,"path_per_floor":["M","?","M","M","$","R","E","R","T","R","M","M","M","?","R","B",null,"M","?","AVR","?","M","E","M","R","T","M","?","?","R","M","R","B",null,"M","M","$","M","?","E","R","E","T","AVR","?","R","?","M","R","B"],"character_chosen":"IRONCLAD","items_purchased":["Flex","Lee\u0027s Waffle"],"campfire_rested":0,"item_purchase_floors":[5,37],"current_hp_per_floor":[88,66,71,77,77,77,62,62,62,62,68,68,74,67,67,73,88,88,88,88,88,88,88,84,84,84,79,61,1,1,1,1,1,1,1,1,1,1,1,1,1,1,1,1,1,1,1,1,1,0,0],"gold":123,"neow_bonus":"TEN_PERCENT_HP_BONUS","is_daily":false,"chose_seed":false,"campfire_upgraded":7,"win_rate":0.0,"timestamp":1609700669,"path_taken":["M","?","M","M","$","R","E","R","T","R","M","M","M","?","R","BOSS","M","?","AVR","?","M","E","M","R","T","M","?","?","R","M","R","BOSS","M","M","$","M","?","E","R","E","T","AVR","?","R","?","M","R","BOSS"],"items_purchased_type":["Card","Relic"],"build_version":"2020-12-22","purchased_purges":4,"victory":false,"max_hp_per_floor":[88,88,88,88,88,88,88,88,88,88,88,88,88,88,88,88,88,88,88,88,88,88,88,88,88,88,88,88,1,1,1,1,1,1,1,1,1,1,1,1,1,1,1,1,1,1,1,1,1,1,1],"relic_stats":{"Lee\u0027s Waffle":0,"counters":[22,97],"Mummified Hand":[15],"Champion Belt":[50],"obtain_stats":[{"Gremlin Food":23,"Lee\u0027s Waffle":37,"conspire:SpecialSausage":34,"Ancient Tea Set":44,"Burning Blood":0,"aspiration:RitualStick":28,"hubris:Backtick":44,"Mummified Hand":9,"hubris:BottledHeart":29,"infinitespire:Satchel":42,"aspiration:ArtOfWarUpgrade":49,"Coffee Dripper":17,"Art of War":43,"Champion Belt":7,"hubris:ChampionShield":40,"aspiration:HatOfInfinitePower":20,"hubris:Potato":44},{"Gremlin Food":11,"Lee\u0027s Waffle":17,"conspire:SpecialSausage":15,"Ancient Tea Set":20,"Burning Blood":0,"aspiration:RitualStick":13,"hubris:Backtick":20,"Mummified Hand":4,"hubris:BottledHeart":13,"infinitespire:Satchel":20,"aspiration:ArtOfWarUpgrade":21,"Coffee Dripper":8,"Art of War":20,"Champion Belt":4,"hubris:ChampionShield":19,"aspiration:HatOfInfinitePower":9,"hubris:Potato":20},{"Gremlin Food":41,"Lee\u0027s Waffle":72,"conspire:SpecialSausage":65,"Ancient Tea Set":87,"Burning Blood":0,"aspiration:RitualStick":48,"hubris:Backtick":87,"Mummified Hand":17,"hubris:BottledHeart":48,"infinitespire:Satchel":87,"aspiration:ArtOfWarUpgrade":91,"Coffee Dripper":32,"Art of War":87,"Champion Belt":17,"hubris:ChampionShield":84,"aspiration:HatOfInfinitePower":33,"hubris:Potato":87}],"Burning Blood":54,"aspiration:RitualStick":[1]},"card_choices":[{"not_picked":["Twin Strike","Clash"],"picked":"Burning Pact","floor":1.0},{"not_picked":["infinitespire:SealOfDarkness+","ReplayTheSpireMod:Book of Names"],"picked":"hubris:Fate","floor":2.0},{"not_picked":["Cleave","Clash"],"picked":"Anger","floor":3.0},{"not_picked":["Rampage","Seeing Red"],"picked":"Iron Wave","floor":4.0},{"not_picked":["Anger","Dual Wield"],"picked":"Sword Boomerang","floor":7.0},{"not_picked":["Fiend Fire","Uppercut"],"picked":"Dropkick","floor":11.0},{"not_picked":["Armaments","Searing Blow"],"picked":"Thunderclap","floor":12.0},{"not_picked":["Bloodletting","hubris:ReadiedAction"],"picked":"Dark Embrace","floor":13.0},{"not_picked":["Bludgeon","Eclipse"],"picked":"Demonic Infusion","floor":16.0},{"not_picked":["Warcry","Hemokinesis"],"picked":"Iron Wave","floor":18.0},{"not_picked":["Wild Strike","Perfected Strike"],"picked":"Flex","floor":22.0},{"not_picked":["Carnage","Thunderclap"],"picked":"Reaper","floor":23.0},{"not_picked":["Havoc","Dropkick"],"picked":"ReplayTheSpireMod:Muscle Training","floor":24.0},{"not_picked":["ReplayTheSpireMod:Stacked","Perfected Strike"],"picked":"Iron Wave","floor":27.0},{"not_picked":["Feel No Pain","Infernal Blade"],"picked":"Body Slam+1","floor":31.0},{"not_picked":["Eclipse","Hemogenesis"],"picked":"Replay:Many Hands","floor":33.0},{"not_picked":["Shrug It Off+1","Reckless Charge+1"],"picked":"Flex+1","floor":35.0},{"not_picked":["Run Through+1","True Grit"],"picked":"ReplayTheSpireMod:Muscle Training","floor":36},{"not_picked":["Havoc+1","Body Slam"],"picked":"Armaments","floor":38},{"not_picked":["expansioncontent:HyperBeam","Replay:SS_hec_1"],"picked":"expansioncontent:ChargeUp","floor":39},{"not_picked":["ReplayTheSpireMod:Stacked+1","Perfected Strike+1"],"picked":"Thunderclap","floor":40},{"not_picked":["Pommel Strike","Perfected Strike"],"picked":"Fire Breathing","floor":42},{"not_picked":["Havoc+1","Twin Strike"],"picked":"Cleave","floor":48}],"player_experience":236944,"relics_obtained":[{"floor":7.0,"key":"Champion Belt"},{"floor":9.0,"key":"Mummified Hand"},{"floor":23.0,"key":"Gremlin Food"},{"floor":40,"key":"hubris:ChampionShield"},{"floor":42,"key":"infinitespire:Satchel"},{"floor":43,"key":"Art of War"}],"event_choices":[{"cards_removed":["Strike_R"],"damage_healed":0.0,"max_hp_gain":0.0,"max_hp_loss":0.0,"gold_gain":0.0,"event_name":"Golden Wing","player_choice":"Card Removal","floor":14.0,"gold_loss":0.0,"damage_taken":7.0},{"damage_healed":0,"gold_gain":0,"player_choice":"Memory 1","damage_taken":0,"max_hp_gain":0,"max_hp_loss":0,"event_name":"SensoryStone","floor":39,"gold_loss":0},{"damage_healed":0,"gold_gain":0,"player_choice":"Invest 4","damage_taken":0,"max_hp_gain":0,"max_hp_loss":0,"event_name":"conspire:Investor","floor":45,"gold_loss":0},{"damage_healed":0,"gold_gain":0,"player_choice":"Upgrade","damage_taken":0,"max_hp_gain":0,"max_hp_loss":0,"event_name":"Designer","floor":47,"gold_loss":40,"cards_upgraded":["expansioncontent:ChargeUp"]}],"is_beta":false,"boss_relics":[{"not_picked":["Fusion Hammer","Pandora\u0027s Box"],"picked":"Coffee Dripper"},{"not_picked":["aspiration:SilentSkillbook","Astrolabe"],"picked":"conspire:SpecialSausage"}],"items_purged_floors":[5,20,37,44],"is_endless":false,"potions_floor_spawned":[4,7,11,12,13,18,22,24,31,36,40],"killed_by":"Awakened One","ascension_level":1}}