{"host":"1zjc08c6hob33401","time":1609678323,"event":{"mods":["AchievementEnabler","Act Like it!","Aspiration","BaseMod","Downfall","Energized Spire","Evolution","GifTheSpireLib","Hubris","Infinite Spire","Jedi Mod","Minty Spire (QoL Compilation)","Pale of the Ancients","Quick Restart","Replay The Spire","Retaliation","Shop Mod","StSLib","Stuff the Spire","The Blue Laboratory","Wandering Minibosses","vexMod"],"gold_per_floor":[118,4,4,24,24,24,91,119,195,229,306,306,306,317,317,418,418,428,442,492,506,556,556,622,622,622,648,648,698,840,850,850,954,954,972,988,1038,1038,1059,1059,1100,1100,1100,1150,1300,1319,1345,1386,1386,1392,1421,1445,654,52,52,81,81,106,106,118],"floor_reached":61,"playtime":5360,"items_purged":["Writhe","Defend_B","Parasite","Defend_B"],"score":2274,"play_id":"733163c9-ac30-4b3e-aeb3-baddf199a97e","local_time":"20210103145203","is_ascension_mode":true,"campfire_choices":[{"data":"Mirror Shield","floor":6.0,"key":"SMITH"},{"data":"Conserve Battery","floor":12.0,"key":"SMITH"},{"data":"Zap","floor":15.0,"key":"SMITH"},{"data":"Dualcast","floor":23.0,"key":"SMITH"},{"data":"Cold Snap","floor":25.0,"key":"SMITH"},{"data":"Cold Snap","floor":28.0,"key":"SMITH"},{"data":"infinitespire:UltimateForm","floor":40.0,"key":"SMITH"},{"data":"StuffTheSpire:Synthwave","floor":42.0,"key":"SMITH"},{"data":"infinitespire:Punishment","floor":49.0,"key":"SMITH"},{"data":"ReplayUltimateDefense","floor":55,"key":"SMITH"},{"data":"Capacitor","floor":57,"key":"SMITH"}],"circlet_count":0,"master_deck":["Cold Snap+1","Cold Snap+1","Defend_B","Defend_B","Zap+1","Dualcast+1","Mirror Shield+1","Conserve Battery+1","Sweeping Beam+1","jedi:overflow+1","Leap+1","Leap+1","ReplayTheSpireMod:Calculation Training+1","Redo+1","Mirror Shield+1","jedi:BurstFrost+1","ReplayTheSpireMod:Repulse+1","Cold Snap","Beam Cell","Force Field+1","BasicCrystalCard+1","Cold Snap+1","BootSequence+1","StuffTheSpire:Synthwave+1","Reinforced Body+1","jedi:studyfrost+1","Genetic Algorithm+1","Self Repair+1","infinitespire:UltimateForm+1","Madness+1","StuffTheSpire:Plugnplay+1","Pot Of Greed+1","Pot Of Greed+1","Pot Of Greed+1","jedi:BurstFrost+1","Chaos+1","infinitespire:Punishment+1","Pot Of Greed+1","Heatsinks","Chaos+1","jedi:spotbugs+1","ReplayUltimateDefense+1","Capacitor+1","Blizzard","Replay:SS_fish_2+1","jedi:LeechingStrike","Compile Driver+1"],"relics":["Cracked Core","EVO:Axolotl","Toxic Egg 2","SsserpentHead","hubris:SlimyHat","Chameleon Ring","aspiration:HiddenCompartment","Replay:Mystery Machine","Coffee Dripper","Replay:Towering Pillar of Hats","Replay:Antivirus Software","ReplayTheSpireMod:TigerMarble","vexMod:FocusSash","vexMod:CursedCompass","hubris:TerracottaHorce","Replay:Bandana","hubris:ToyBattleship","Grinning Jar","Omamori","paleoftheancients:Timepiece","paleoftheancients:KeyRelic","Gremlin Horn","CultistMask","paleoftheancients:SoulOfTheCollector","BargainBundle","FossilizedHelix","vexMod:BarristanHead","infinitespire:Golems Mask","ReplayTheSpireMod:Lightbulb"],"acts_visited":["Exordium","TheCity","TheBeyond","paleoftheancients:PaleOfTheAncients"],"potions_floor_usage":[51,60,60],"damage_taken":[{"damage":0.0,"enemies":"Small Slimes","floor":1.0,"turns":3.0},{"damage":0.0,"enemies":"2 Louse","floor":4.0,"turns":3.0},{"damage":0.0,"enemies":"Cultist","floor":7.0,"turns":3.0},{"damage":2.0,"enemies":"3 Sentries","floor":8.0,"turns":6.0},{"damage":0.0,"enemies":"Lagavulin","floor":10.0,"turns":8.0},{"damage":8.0,"enemies":"Exordium Thugs","floor":14.0,"turns":4.0},{"damage":3.0,"enemies":"The Guardian","floor":16.0,"turns":11.0},{"damage":7.0,"enemies":"3 Byrds","floor":18.0,"turns":5.0},{"damage":0.0,"enemies":"Chosen","floor":19.0,"turns":5.0},{"damage":0.0,"enemies":"Snecko","floor":21.0,"turns":4.0},{"damage":0.0,"enemies":"3 Cultists","floor":24.0,"turns":4.0},{"damage":0.0,"enemies":"Nightmare","floor":27.0,"turns":12.0},{"damage":8.0,"enemies":"Snake Plant","floor":31.0,"turns":3.0},{"damage":0.0,"enemies":"Automaton","floor":33.0,"turns":10.0},{"damage":3.0,"enemies":"3 Darklings","floor":35.0,"turns":4.0},{"damage":7.0,"enemies":"3 Shapes","floor":36.0,"turns":6.0},{"damage":19.0,"enemies":"Writhing Mass","floor":39.0,"turns":5.0},{"damage":0.0,"enemies":"Giant Head","floor":41.0,"turns":8.0},{"damage":0.0,"enemies":"Maw","floor":46.0,"turns":5.0},{"damage":0.0,"enemies":"4 Shapes","floor":47.0,"turns":6.0},{"damage":0.0,"enemies":"Nightmare","floor":48.0,"turns":7.0},{"damage":0.0,"enemies":"hubris:GrandSnecko","floor":50.0,"turns":11.0},{"damage":35,"enemies":"","floor":51,"turns":13},{"damage":12,"enemies":"","floor":52,"turns":6},{"damage":0,"enemies":"","floor":56,"turns":7},{"damage":42,"enemies":"paleoftheancients:N","floor":60,"turns":11}],"seed_played":"-4015129721624671579","potions_obtained":[{"floor":7.0,"key":"blueLaboratory:FrostheartPotion"},{"floor":8.0,"key":"jedi:mysterypotion"},{"floor":19.0,"key":"blueLaboratory:HorrorPotion"},{"floor":24.0,"key":"Death Potion"},{"floor":27.0,"key":"Toxic Potion"},{"floor":31.0,"key":"SteroidPotion"},{"floor":33.0,"key":"Explosive Potion"},{"floor":36.0,"key":"FearPotion"},{"floor":46.0,"key":"blueLaboratory:Moonshine"},{"floor":52,"key":"PowerPotion"}],"is_trial":false,"path_per_floor":["M","$","?","M","?","R","M","E","T","E","T","R","?","M","R","B",null,"M","M","?","M","?","R","M","R","T","NM","R","?","?","M","R","B",null,"M","M","?","AVR","M","R","E","R","T","?","?","M","M","NM","R","B","M","M","$","$","R","M","R","T","?","B",null],"character_chosen":"DEFECT","items_purchased":["Sweeping Beam+1","BargainBundle","FossilizedHelix","vexMod:BarristanHead","PowerPotion","ReplayUltimateDefense","Capacitor","Blizzard","Replay:SS_fish_2+1","infinitespire:Golems Mask","jedi:LeechingStrike"],"campfire_rested":0,"item_purchase_floors":[2,53,53,53,53,53,53,53,53,54,54],"current_hp_per_floor":[68,68,68,68,68,68,68,66,66,66,66,66,66,58,58,55,70,63,63,63,63,63,63,63,63,63,63,63,63,33,25,47,47,68,65,58,58,58,49,49,59,59,59,59,59,69,75,75,75,75,50,48,48,48,48,72,72,72,72,62],"gold":118,"neow_bonus":"THREE_RARE_CARDS","is_daily":false,"chose_seed":false,"campfire_upgraded":11,"win_rate":0.0,"timestamp":1609678323,"path_taken":["M","$","?","M","?","R","?","E","T","E","?","R","?","M","R","BOSS","M","M","?","M","?","R","?","R","T","NM","R","?","?","M","R","BOSS","M","M","?","AVR","M","R","E","R","T","?","?","M","M","NM","R","BOSS","M","M","?","$","R","M","R","T","?","BOSS"],"items_purchased_type":["Card","Relic","Relic","Relic","Potion","Card","Card","Card","Card","Relic","Card"],"build_version":"2020-12-22","purchased_purges":4,"victory":true,"max_hp_per_floor":[75,75,75,75,75,75,75,75,75,75,75,75,75,75,75,75,75,75,75,75,75,75,75,75,75,75,75,75,75,75,75,75,75,75,75,75,75,75,75,75,75,75,75,75,75,75,75,75,75,75,75,75,72,72,72,72,72,72,72,72],"card_choices":[{"not_picked":["Reboot","All For One"],"picked":"Mirror Shield","floor":0.0},{"not_picked":["Rebound","BasicCrystalCard"],"picked":"Conserve Battery","floor":1.0},{"not_picked":["ReplayGash","Streamline"],"picked":"jedi:overflow+1","floor":4.0},{"not_picked":["Tempest+1","Static Discharge"],"picked":"Leap+1","floor":7.0},{"not_picked":["hubris:Prefetch+1","Force Field+1"],"picked":"Leap+1","floor":8.0},{"not_picked":["Beam Cell","Sunder"],"picked":"ReplayTheSpireMod:Calculation Training+1","floor":10.0},{"not_picked":["Beam Cell","Sweeping Beam"],"picked":"Redo+1","floor":14.0},{"not_picked":["StuffTheSpire:LaunchingStrike","Thunder Strike"],"picked":"Mirror Shield+1","floor":16.0},{"not_picked":["Gash","ReplayGash"],"picked":"jedi:BurstFrost+1","floor":18.0},{"not_picked":["Hologram+1","Steam+1"],"picked":"ReplayTheSpireMod:Repulse+1","floor":19.0},{"not_picked":["Darkness+1","Turbo+1"],"picked":"Force Field+1","floor":21.0},{"not_picked":["StuffTheSpire:Plugnplay+1","Rebound"],"picked":"BasicCrystalCard+1","floor":24.0},{"not_picked":["Skim+1","Ball Lightning"],"picked":"Cold Snap","floor":27.0},{"not_picked":["Undo+1","jedi:blockon+1"],"picked":"BootSequence+1","floor":30.0},{"not_picked":["Scrape","Compile Driver"],"picked":"StuffTheSpire:Synthwave","floor":30.0},{"not_picked":["StuffTheSpire:SnapShoot+1","BasicCrystalCard+1"],"picked":"Reinforced Body+1","floor":31.0},{"not_picked":["ReplayRNGCard+1","Meteor Strike"],"picked":"jedi:studyfrost+1","floor":33.0},{"not_picked":["Heatsinks+1","Steam Power+1"],"picked":"Genetic Algorithm+1","floor":35.0},{"not_picked":["Rebound","Cold Snap+1"],"picked":"Self Repair+1","floor":36.0},{"not_picked":["hubris:PowerSurge","Ball Lightning"],"picked":"StuffTheSpire:SnapShoot+1","floor":39.0},{"not_picked":["StuffTheSpire:LoadUp+1","hubris:Ukulele+1"],"picked":"StuffTheSpire:Plugnplay+1","floor":41.0},{"not_picked":["Steam+1","Turbo+1"],"picked":"jedi:BurstFrost+1","floor":46.0},{"not_picked":["Rip and Tear+1","Barrage+1"],"picked":"Chaos+1","floor":47.0},{"not_picked":["ReplayTheSpireMod:??????????????????????","infinitespire:TheBestDefense"],"picked":"infinitespire:Punishment","floor":48.0},{"not_picked":["Leap+1","Doom and Gloom+1"],"picked":"Heatsinks","floor":48.0},{"not_picked":["Compile Driver+1","jedi:blockon+1"],"picked":"Chaos+1","floor":51},{"not_picked":["Streamline+1","Steam+1"],"picked":"jedi:spotbugs+1","floor":52},{"not_picked":["StuffTheSpire:Plugnplay+1","Rebound"],"picked":"Compile Driver+1","floor":56}],"player_experience":447176,"relics_obtained":[{"floor":8.0,"key":"hubris:SlimyHat"},{"floor":9.0,"key":"Chameleon Ring"},{"floor":10.0,"key":"aspiration:HiddenCompartment"},{"floor":11.0,"key":"Replay:Mystery Machine"},{"floor":26.0,"key":"Replay:Towering Pillar of Hats"},{"floor":27.0,"key":"Replay:Antivirus Software"},{"floor":29.0,"key":"ReplayTheSpireMod:TigerMarble"},{"floor":30.0,"key":"vexMod:FocusSash"},{"floor":41.0,"key":"hubris:ToyBattleship"},{"floor":43.0,"key":"Grinning Jar"},{"floor":48.0,"key":"Omamori"},{"floor":51,"key":"paleoftheancients:SoulOfTheCollector"},{"floor":58,"key":"ReplayTheSpireMod:Lightbulb"}],"event_choices":[{"damage_healed":0.0,"max_hp_gain":0.0,"max_hp_loss":0.0,"gold_gain":0.0,"event_name":"FaceTrader","player_choice":"Trade","floor":5.0,"gold_loss":0.0,"damage_taken":0.0,"relics_obtained":["SsserpentHead"]},{"cards_removed":["Injury"],"damage_healed":0.0,"max_hp_gain":0.0,"max_hp_loss":0.0,"gold_gain":0.0,"event_name":"The Cleric","player_choice":"Card Removal","floor":13.0,"gold_loss":50.0,"damage_taken":0.0},{"damage_healed":0.0,"max_hp_gain":0.0,"max_hp_loss":0.0,"gold_gain":0.0,"cards_transformed":["Strike_B","Strike_B"],"event_name":"Drug Dealer","player_choice":"Became Test Subject","floor":20.0,"gold_loss":0.0,"damage_taken":0.0,"cards_obtained":["Cold Snap","Beam Cell"]},{"damage_healed":0.0,"max_hp_gain":0.0,"max_hp_loss":0.0,"gold_gain":0.0,"event_name":"Tomb of Lord Red Mask","player_choice":"Ignored","floor":37.0,"gold_loss":0.0,"damage_taken":0.0},{"damage_healed":0.0,"max_hp_gain":0.0,"max_hp_loss":0.0,"gold_gain":100.0,"event_name":"Golden Shrine","player_choice":"Pray","floor":45.0,"gold_loss":0.0,"damage_taken":0.0}],"is_beta":false,"boss_relics":[{"not_picked":["energizedSpire:MagnifyingGlass","Ectoplasm"],"picked":"Coffee Dripper"},{"not_picked":["Replay:Ancient Bell","Busted Crown"],"picked":"vexMod:CursedCompass"}],"items_purged_floors":[2,38,53,54],"is_endless":false,"potions_floor_spawned":[7,8,19,24,27,31,33,36,46,52],"ascension_level":11}}