{"host":"sav7uxregyirlf69","time":1609674975,"event":{"mods":["AchievementEnabler","BaseMod","Colored Map","DeckTracker","Keyboard Shortcuts","Minty Spire (QoL Compilation)","READ ME - Guardian Mod","StSLib","SuperFastMode"],"gold_per_floor":[110,130,130,140,159,159,159,159],"floor_reached":7,"playtime":132,"items_purged":[],"score":86,"play_id":"90e6f085-50ac-4145-a657-573199514be6","local_time":"20210103205615","is_ascension_mode":true,"campfire_choices":[{"floor":6,"key":"REST"}],"circlet_count":0,"master_deck":["AscendersBane","Strike_R","Strike_R","Strike_R","Strike_R","Defend_R","Defend_R","Defend_R","Defend_R","Bash","Fire Breathing","Wild Strike","Bloodletting"],"relics":["Burning Blood"],"acts_visited":["Exordium"],"potions_floor_usage":[],"damage_taken":[{"damage":6,"enemies":"2 Louse","floor":1,"turns":3},{"damage":17,"enemies":"Cultist","floor":2,"turns":5},{"damage":17,"enemies":"Small Slimes","floor":4,"turns":5},{"damage":29,"enemies":"Blue Slaver","floor":5,"turns":6},{"damage":53,"enemies":"Lagavulin","floor":7,"turns":7}],"seed_played":"-2072826330279423432","potions_obtained":[{"floor":2,"key":"Ancient Potion"}],"is_trial":false,"path_per_floor":["M","M","?","M","M","R","E"],"character_chosen":"IRONCLAD","items_purchased":[],"campfire_rested":1,"item_purchase_floors":[],"current_hp_per_floor":[68,57,57,46,23,45,0,0],"gold":159,"neow_bonus":"THREE_CARDS","is_daily":false,"chose_seed":false,"campfire_upgraded":0,"win_rate":0.0,"timestamp":1609674975,"path_taken":["M","M","?","M","?","R","E"],"items_purchased_type":[],"build_version":"2020-12-22","purchased_purges":0,"victory":false,"max_hp_per_floor":[75,75,75,75,75,75,75,75],"card_choices":[{"not_picked":["Twin Strike","Hemokinesis"],"picked":"Fire Breathing","floor":0},{"not_picked":["Warcry","Armaments","Headbutt"],"picked":"SKIP","floor":1},{"not_picked":["Hemokinesis","Seeing Red"],"picked":"Wild Strike","floor":2},{"not_picked":["Flex","Sever Soul","Warcry"],"picked":"SKIP","floor":4},{"not_picked":["Clothesline","Spot Weakness","Iron Wave"],"picked":"SKIP","floor":5}],"player_experience":1122347,"relics_obtained":[],"event_choices":[{"damage_healed":0,"gold_gain":0,"cards_transformed":["Strike_R"],"player_choice":"Transformed","damage_taken":0,"max_hp_gain":0,"max_hp_loss":0,"event_name":"Transmorgrifier","floor":3,"gold_loss":0,"cards_obtained":["Bloodletting"]}],"is_beta":false,"boss_relics":[],"items_purged_floors":[],"is_endless":false,"potions_floor_spawned":[2],"killed_by":"Lagavulin","ascension_level":20}}