{"host":"mbpcepu6ztteuwhq","time":1609647995,"event":{"mods":["AchievementEnabler","BaseMod","Colored Map","DeckTracker","Minty Spire (QoL Compilation)","Rare Cards Sparkle","StSLib","everything is the same but u backflip on backflip"],"gold_per_floor":[117,117,130,130,130,130,156,156,156,168,179,179,16,41,41,132,132,146,146,15,15,15],"floor_reached":21,"playtime":377,"items_purged":["Pain"],"score":404,"play_id":"a46569a1-84aa-4e77-a7cd-78b73a17bf91","local_time":"20210103132635","is_ascension_mode":true,"campfire_choices":[{"data":"Neutralize","floor":6.0,"key":"SMITH"},{"data":"Predator","floor":8.0,"key":"SMITH"},{"data":"Accuracy","floor":15.0,"key":"SMITH"}],"circlet_count":0,"master_deck":["AscendersBane","Strike_G","Strike_G+1","Strike_G","Strike_G","Strike_G","Defend_G","Defend_G","Defend_G","Defend_G","Defend_G","Survivor","Neutralize+1","Dagger Spray+1","Predator+1","Tactician","Cloak And Dagger","Blade Dance","Accuracy+1","Cloak And Dagger","Acrobatics","Die Die Die","CurseOfTheBell","Cloak And Dagger","Finisher"],"relics":["Ring of the Snake","NeowsBlessing","Pear","Lizard Tail","Golden Idol","Calling Bell","Smiling Mask","Blue Candle","Ginger","WarpedTongs"],"acts_visited":["Exordium","TheCity"],"potions_floor_usage":[],"damage_taken":[{"damage":0.0,"enemies":"Cultist","floor":1.0,"turns":1.0},{"damage":0.0,"enemies":"Small Slimes","floor":3.0,"turns":1.0},{"damage":0.0,"enemies":"Lagavulin","floor":7.0,"turns":1.0},{"damage":6.0,"enemies":"2 Louse","floor":10.0,"turns":2.0},{"damage":7.0,"enemies":"Exordium Wildlife","floor":11.0,"turns":4.0},{"damage":1.0,"enemies":"Blue Slaver","floor":14.0,"turns":2.0},{"damage":22.0,"enemies":"The Guardian","floor":16.0,"turns":11.0},{"damage":38.0,"enemies":"Shell Parasite","floor":18.0,"turns":7.0},{"damage":2,"enemies":"Spheric Guardian","floor":21,"turns":3}],"seed_played":"-4449129325846458211","potions_obtained":[{"floor":1.0,"key":"Energy Potion"},{"floor":14.0,"key":"Swift Potion"},{"floor":16.0,"key":"DuplicationPotion"},{"floor":18.0,"key":"FairyPotion"}],"is_trial":false,"path_per_floor":["M","$","M","?","?","R","E","R","T","M","M","?","$","M","R","B",null,"M","?","$","M"],"character_chosen":"THE_SILENT","items_purchased":["Blade Dance","Accuracy","Cloak And Dagger","Finisher"],"campfire_rested":0,"item_purchase_floors":[13,13,13,20],"current_hp_per_floor":[59,59,59,59,39,39,49,49,49,43,36,36,36,35,35,13,55,17,17,17,15,15],"gold":15,"neow_bonus":"THREE_ENEMY_KILL","is_daily":false,"chose_seed":false,"campfire_upgraded":3,"win_rate":0.0,"timestamp":1609647995,"path_taken":["M","?","M","?","?","R","E","R","T","M","?","?","$","M","R","BOSS","M","?","$","?"],"items_purchased_type":["Card","Card","Card","Card"],"build_version":"2020-12-22","purchased_purges":1,"victory":false,"max_hp_per_floor":[66,66,66,66,66,66,76,76,76,76,76,69,69,69,69,69,69,69,69,69,69,69],"card_choices":[{"not_picked":["Concentrate","Choke","Prepared"],"picked":"SKIP","floor":1.0},{"not_picked":["Deadly Poison","Caltrops"],"picked":"Dagger Spray","floor":3.0},{"not_picked":["Infinite Blades","Masterful Stab"],"picked":"Predator","floor":7.0},{"not_picked":["Dagger Spray","Bouncing Flask"],"picked":"Tactician","floor":10.0},{"not_picked":["Blur","Dagger Spray"],"picked":"Cloak And Dagger","floor":11.0},{"not_picked":["Deadly Poison","Underhanded Strike"],"picked":"Acrobatics","floor":14.0},{"not_picked":["Corpse Explosion","Glass Knife"],"picked":"Die Die Die","floor":16.0},{"not_picked":["Backflip","Acrobatics"],"picked":"Cloak And Dagger","floor":18.0}],"player_experience":2152,"relics_obtained":[{"floor":7.0,"key":"Pear"},{"floor":9.0,"key":"Lizard Tail"},{"floor":17.0,"key":"Smiling Mask"},{"floor":17.0,"key":"Blue Candle"},{"floor":17.0,"key":"Ginger"}],"event_choices":[{"damage_healed":0.0,"max_hp_gain":0.0,"max_hp_loss":0.0,"gold_gain":0.0,"event_name":"Liars Game","player_choice":"Ignored","floor":4.0,"gold_loss":0.0,"damage_taken":0.0},{"damage_healed":0.0,"max_hp_gain":0.0,"max_hp_loss":0.0,"gold_gain":0.0,"event_name":"Shining Light","player_choice":"Entered Light","floor":5.0,"gold_loss":0.0,"damage_taken":20.0,"cards_upgraded":["Dagger Spray","Strike_G"]},{"damage_healed":0.0,"max_hp_gain":0.0,"max_hp_loss":7.0,"gold_gain":0.0,"event_name":"Golden Idol","player_choice":"Lose Max HP","floor":12.0,"gold_loss":0.0,"damage_taken":0.0,"relics_obtained":["Golden Idol"]},{"damage_healed":0,"gold_gain":0,"player_choice":"Rummage","damage_taken":0,"relics_obtained":["WarpedTongs"],"max_hp_gain":0,"max_hp_loss":0,"event_name":"Accursed Blacksmith","floor":19,"gold_loss":0,"cards_obtained":["Pain"]}],"is_beta":false,"boss_relics":[{"not_picked":["Fusion Hammer","HoveringKite"],"picked":"Calling Bell"}],"items_purged_floors":[20],"is_endless":false,"potions_floor_spawned":[1,14,16,18],"killed_by":"Spheric Guardian","ascension_level":20}}