{"host":"kymla13zdh49urji","time":1609656559,"event":{"mods":["BaseMod","Conspire","Friendly Minions","Hermit","Minty Spire (QoL Compilation)","Replay The Spire","StSLib","The Construct","The Disciple"],"gold_per_floor":[112,112,122,297,311,311,336,365,365,365,365,28,28,55,55,152,152,167,179,179,197,197,197,197],"floor_reached":23,"playtime":10497,"items_purged":[],"score":222,"play_id":"2e2cde7a-1562-4f40-95c9-8d07ab2654e4","local_time":"20210102224919","is_ascension_mode":false,"campfire_choices":[{"data":"LockedScales","floor":6.0,"key":"SMITH"},{"data":"LockedAnchor","floor":10.0,"key":"SMITH"},{"data":"LockedWhetstone","floor":13.0,"key":"SMITH"},{"data":"LockedAnchor","floor":15.0,"key":"SMITH"}],"circlet_count":0,"master_deck":["Strike_Br","Strike_Br","Strike_Br","Strike_Br","Defend_Br","Defend_Br","Defend_Br","Defend_Br","SecondHand","PatternShift","LockedWhetstone+1","LockedScales+1","Doubt","BiteCommand","LockedAnchor+1","LockedWhetstone+1","PanicButton","WindUp","HandsUpC","LockedAnchor+1","LockedCalendar","CurseOfTheBell","LockedMedicine","LockedAnchor","Forethought","ReplayTheSpireMod:Splinters","ExoVibe","Ghostly","Ghostly","Ghostly","Ghostly","Ghostly"],"relics":["Chronometer","NeowsBlessing","SpringShield","Mango","Replay:Kaleidoscope","Orichalcum","Replay:Accelerometer","Calling Bell","Centennial Puzzle","Gremlin Horn","Peace Pipe"],"acts_visited":["Exordium","TheCity"],"potions_floor_usage":[23],"damage_taken":[{"damage":0.0,"enemies":"Small Slimes","floor":1.0,"turns":2.0},{"damage":0.0,"enemies":"Cultist","floor":3.0,"turns":1.0},{"damage":0.0,"enemies":"Jaw Worm","floor":5.0,"turns":1.0},{"damage":21.0,"enemies":"Gremlin Nob","floor":8.0,"turns":6.0},{"damage":8.0,"enemies":"3 Sentries","floor":14.0,"turns":8.0},{"damage":23.0,"enemies":"Fading Forest","floor":16.0,"turns":11.0},{"damage":18,"enemies":"Spheric Guardian","floor":18,"turns":5},{"damage":10,"enemies":"Chosen","floor":19,"turns":6},{"damage":32,"enemies":"Snake Plant","floor":21,"turns":7},{"damage":41,"enemies":"Gremlin Leader","floor":23,"turns":7}],"seed_played":"8689661442080844012","potions_obtained":[{"floor":3.0,"key":"Milkshake"},{"floor":16.0,"key":"HastePotion"},{"floor":18,"key":"SteroidPotion"}],"is_trial":false,"path_per_floor":["M","?","M","?","M","R","T","E","T","R","?","$","R","E","R","B",null,"M","M","?","M","?","E"],"character_chosen":"CHRONO_CLASS","items_purchased":["LockedWhetstone","PanicButton","WindUp","HandsUpC","FairyPotion"],"campfire_rested":0,"item_purchase_floors":[12,12,12,12,12],"current_hp_per_floor":[65,65,65,65,65,65,65,58,58,58,55,55,55,47,47,38,79,61,51,51,19,19,0,0],"gold":197,"neow_bonus":"THREE_ENEMY_KILL","is_daily":false,"chose_seed":false,"campfire_upgraded":4,"win_rate":0.0,"timestamp":1609656559,"path_taken":["M","?","?","?","M","R","?","E","T","R","?","?","R","E","R","BOSS","M","M","?","?","?","E"],"items_purchased_type":["Card","Card","Card","Card","Potion"],"build_version":"2020-12-22","purchased_purges":0,"victory":false,"max_hp_per_floor":[65,65,65,65,65,65,65,79,79,79,79,79,79,79,79,79,79,79,79,79,79,39,39,39],"card_choices":[{"not_picked":["BlueShift","AlternateTimeline"],"picked":"LockedWhetstone","floor":1.0},{"not_picked":["HandsUpC","ResonantCall"],"picked":"LockedScales","floor":3.0},{"not_picked":["Parity","FormalWear"],"picked":"BiteCommand","floor":5.0},{"not_picked":["Fragmentalize","LockedScales"],"picked":"LockedAnchor","floor":8.0},{"not_picked":["WindUp","PrimeTime"],"picked":"LockedAnchor","floor":14.0},{"not_picked":["RageCommand","MasterKey"],"picked":"LockedCalendar","floor":16.0},{"not_picked":["Engulf","Stagnate"],"picked":"LockedMedicine","floor":18},{"not_picked":["ResonantCall","LockedMedicine"],"picked":"LockedAnchor","floor":19},{"not_picked":["AlternateTimeline","Echoward+1"],"picked":"ExoVibe","floor":21}],"player_experience":101649,"relics_obtained":[{"floor":7.0,"key":"SpringShield"},{"floor":8.0,"key":"Mango"},{"floor":9.0,"key":"Replay:Kaleidoscope"},{"floor":14.0,"key":"Replay:Accelerometer"},{"floor":17.0,"key":"Centennial Puzzle"},{"floor":17.0,"key":"Gremlin Horn"},{"floor":17.0,"key":"Peace Pipe"}],"event_choices":[{"damage_healed":0.0,"max_hp_gain":0.0,"max_hp_loss":0.0,"gold_gain":0.0,"event_name":"Upgrade Shrine","player_choice":"Upgraded","floor":2.0,"gold_loss":0.0,"damage_taken":0.0,"cards_upgraded":["LockedWhetstone"]},{"damage_healed":0.0,"max_hp_gain":0.0,"max_hp_loss":0.0,"gold_gain":175.0,"event_name":"Liars Game","player_choice":"AGREE","floor":4.0,"gold_loss":0.0,"damage_taken":0.0,"cards_obtained":["Doubt"]},{"damage_healed":0.0,"max_hp_gain":0.0,"max_hp_loss":0.0,"gold_gain":0.0,"event_name":"Scrap Ooze","player_choice":"Success","floor":11.0,"gold_loss":0.0,"damage_taken":3.0,"relics_obtained":["Orichalcum"]},{"damage_healed":0,"gold_gain":0,"player_choice":"2 cards matched","damage_taken":0,"max_hp_gain":0,"max_hp_loss":0,"event_name":"Match and Keep!","floor":20,"gold_loss":0,"cards_obtained":["Forethought","ReplayTheSpireMod:Splinters"]},{"damage_healed":0,"gold_gain":0,"player_choice":"Became a Ghost","damage_taken":0,"max_hp_gain":0,"max_hp_loss":40,"event_name":"Ghosts","floor":22,"gold_loss":0,"cards_obtained":["Ghostly","Ghostly","Ghostly","Ghostly","Ghostly"]}],"is_beta":false,"boss_relics":[{"not_picked":["Replay:Ancient Bell","Velvet Choker"],"picked":"Calling Bell"}],"items_purged_floors":[],"is_endless":false,"potions_floor_spawned":[3,16,18,21],"killed_by":"Gremlin Leader","ascension_level":0}}