{"host":"q4b0c643vtafhvqv","time":1609646069,"event":{"mods":["BaseMod","Colored Map","Colored Powertips","Minty Spire (QoL Compilation)","Quick Restart","StSLib","The Blue Laboratory","The Cursed","The Forsaken","The Marked"],"gold_per_floor":[418,418,438,438,456,488,488,507,578,598,598,626,640,715,715,810,810,830,830,846,859,877,911,911,943,968,968,968,968,988,1006,1006,1106,1106,1118,1131,1231,1250,1268,1298,1316,1330,1330,654,680,680,692,692,692,692],"floor_reached":51,"playtime":2859,"items_purged":["Riddle With Holes+1"],"score":808,"play_id":"8b665eaf-0f9a-46bb-b1f3-48882f493e2b","local_time":"20210103115429","is_ascension_mode":false,"campfire_choices":[{"floor":7.0,"key":"REST"},{"data":"Dagger Spray","floor":11.0,"key":"SMITH"},{"data":"Tools of the Trade","floor":15.0,"key":"SMITH"},{"data":"Phantasmal Killer","floor":24.0,"key":"SMITH"},{"floor":28.0,"key":"REST"},{"floor":32.0,"key":"REST"},{"data":"Wraith Form v2","floor":49.0,"key":"SMITH"}],"circlet_count":0,"master_deck":["Strike_G+1","Strike_G+1","Defend_G+1","Defend_G+1","Survivor+1","Neutralize+1","Infinite Blades","Tools of the Trade+1","Dagger Spray+1","Phantasmal Killer+1","Night Terror+1","Calculated Gamble+1","Eviscerate","Reflex+1","All Out Attack","Wraith Form v2+1","Adrenaline+1","Tactician+1","Wraith Form v2","Venomology+1","Caltrops+1","Madness","Madness"],"relics":["Ring of the Serpent","NeowsBlessing","Gambling Chip","Happy Flower","Shuriken","Orichalcum","Astrolabe","Juzu Bracelet","Potion Belt","Lantern","Oddly Smooth Stone","HoveringKite","theForsaken:Gavel","Sundial","Strawberry","Snake Skull","Orrery","War Paint","Eternal Feather"],"acts_visited":["Exordium","TheCity","TheBeyond"],"potions_floor_usage":[50,50,50,50,50],"damage_taken":[{"damage":0.0,"enemies":"Small Slimes","floor":1.0,"turns":1.0},{"damage":0.0,"enemies":"2 Louse","floor":3.0,"turns":1.0},{"damage":0.0,"enemies":"Cultist","floor":5.0,"turns":1.0},{"damage":0.0,"enemies":"Lagavulin","floor":6.0,"turns":6.0},{"damage":0.0,"enemies":"Large Slime","floor":8.0,"turns":4.0},{"damage":1.0,"enemies":"2 Fungi Beasts","floor":10.0,"turns":3.0},{"damage":1.0,"enemies":"3 Sentries","floor":12.0,"turns":4.0},{"damage":0.0,"enemies":"3 Louse","floor":13.0,"turns":1.0},{"damage":5.0,"enemies":"Slime Boss","floor":16.0,"turns":7.0},{"damage":0.0,"enemies":"Chosen","floor":18.0,"turns":5.0},{"damage":10.0,"enemies":"2 Thieves","floor":20.0,"turns":4.0},{"damage":0.0,"enemies":"Cultist and Chosen","floor":21.0,"turns":4.0},{"damage":5.0,"enemies":"Centurion and Healer","floor":22.0,"turns":3.0},{"damage":13.0,"enemies":"Slavers","floor":23.0,"turns":3.0},{"damage":4.0,"enemies":"Book of Stabbing","floor":25.0,"turns":4.0},{"damage":0.0,"enemies":"Shelled Parasite and Fungi","floor":30.0,"turns":3.0},{"damage":4.0,"enemies":"Chosen and Byrds","floor":31.0,"turns":3.0},{"damage":16.0,"enemies":"Collector","floor":33.0,"turns":4.0},{"damage":0.0,"enemies":"3 Darklings","floor":35.0,"turns":3.0},{"damage":7.0,"enemies":"3 Shapes","floor":36.0,"turns":3.0},{"damage":0.0,"enemies":"3 Darklings","floor":38.0,"turns":5.0},{"damage":0.0,"enemies":"Maw","floor":39.0,"turns":5.0},{"damage":4.0,"enemies":"Nemesis","floor":40.0,"turns":7.0},{"damage":0.0,"enemies":"Transient","floor":41.0,"turns":5.0},{"damage":0.0,"enemies":"4 Shapes","floor":42.0,"turns":2.0},{"damage":3.0,"enemies":"Sphere and 2 Shapes","floor":47.0,"turns":7.0},{"damage":0,"enemies":"Time Eater","floor":50,"turns":10}],"seed_played":"-517054118269773056","potions_obtained":[{"floor":3.0,"key":"SpeedPotion"},{"floor":6.0,"key":"blueLaboratory:BlinkPotion"},{"floor":8.0,"key":"blueLaboratory:PhilterOfMotion"},{"floor":10.0,"key":"blueLaboratory:Moonshine"},{"floor":18.0,"key":"blueLaboratory:BlinkPotion"},{"floor":21.0,"key":"blueLaboratory:EnvenomedCoating"},{"floor":27.0,"key":"blueLaboratory:ForbiddenFruitJuice"},{"floor":27.0,"key":"Block Potion"},{"floor":27.0,"key":"blueLaboratory:NullPotion"},{"floor":30.0,"key":"blueLaboratory:HorrorPotion"},{"floor":31.0,"key":"CultistPotion"},{"floor":33.0,"key":"blueLaboratory:ArtificerPotion"},{"floor":39.0,"key":"blueLaboratory:RecallPotion"}],"is_trial":false,"path_per_floor":["M","?","M","?","M","E","R","M","T","M","R","E","M","?","R","B",null,"M","?","M","M","M","E","R","E","T","?","R","?","M","M","R","B",null,"M","M","?","M","M","E","M","M","T","$","T","?","M","T","R","B",null],"character_chosen":"THE_SILENT","items_purchased":["Strawberry","Wraith Form v2","Snake Skull","Orrery"],"campfire_rested":3,"item_purchase_floors":[44,44,44,44],"current_hp_per_floor":[70,63,63,56,56,56,70,70,70,69,69,68,68,61,61,56,70,70,70,60,60,55,42,42,38,38,38,59,59,59,55,70,54,70,70,63,63,63,63,59,59,59,59,66,66,56,53,53,65,65],"gold":692,"neow_bonus":"THREE_ENEMY_KILL","is_daily":false,"chose_seed":false,"campfire_upgraded":4,"win_rate":0.0,"timestamp":1609646069,"path_taken":["M","?","M","?","M","E","R","M","T","M","R","E","?","?","R","BOSS","M","?","M","M","M","E","R","E","T","?","R","?","M","M","R","BOSS","M","M","?","M","M","E","M","M","T","$","?","?","M","?","R","BOSS"],"items_purchased_type":["Relic","Card","Relic","Relic"],"build_version":"2020-12-22","purchased_purges":1,"victory":true,"max_hp_per_floor":[70,70,70,70,70,70,70,70,70,70,70,70,70,70,70,70,70,70,70,70,70,70,70,70,70,70,70,70,70,70,70,70,70,70,70,70,70,70,70,70,70,70,70,77,77,77,77,77,77,77],"card_choices":[{"not_picked":["Prepared","Deadly Poison","Backflip"],"picked":"SKIP","floor":1.0},{"not_picked":["Expertise","Dagger Throw"],"picked":"Infinite Blades","floor":3.0},{"not_picked":["Dodge and Roll","PiercingWail"],"picked":"Tools of the Trade","floor":5.0},{"not_picked":["PiercingWail","Dash","Quick Slash"],"picked":"SKIP","floor":6.0},{"not_picked":["Dagger Throw","Deflect","Distraction"],"picked":"SKIP","floor":8.0},{"not_picked":["Outmaneuver","Flying Knee"],"picked":"Dagger Spray","floor":10.0},{"not_picked":["Sucker Punch","PiercingWail","Blur"],"picked":"SKIP","floor":12.0},{"not_picked":["Distraction","Choke","Flechettes"],"picked":"SKIP","floor":13.0},{"not_picked":["Die Die Die","Glass Knife"],"picked":"Phantasmal Killer","floor":16.0},{"not_picked":["Deflect","Heel Hook","Escape Plan"],"picked":"SKIP","floor":18.0},{"not_picked":["Dagger Throw","Deadly Poison","Poisoned Stab"],"picked":"SKIP","floor":20.0},{"not_picked":["Slice","Quick Slash"],"picked":"Eviscerate","floor":21.0},{"not_picked":["Prepared","Dagger Spray"],"picked":"Reflex","floor":22.0},{"not_picked":["Deadly Poison","Dodge and Roll","Backstab"],"picked":"SKIP","floor":23.0},{"not_picked":["Deadly Poison","Riddle With Holes"],"picked":"All Out Attack","floor":25.0},{"not_picked":["Prepared","Dagger Spray","Poisoned Stab"],"picked":"SKIP","floor":30.0},{"not_picked":["All Out Attack","Leg Sweep","Burst"],"picked":"SKIP","floor":31.0},{"not_picked":["Burst","Adrenaline"],"picked":"Wraith Form v2","floor":33.0},{"not_picked":["Flying Knee+1","Poisoned Stab+1","Sucker Punch+1"],"picked":"SKIP","floor":35.0},{"not_picked":["Backflip","Distraction","Flying Knee+1"],"picked":"SKIP","floor":36.0},{"not_picked":["Poisoned Stab+1","Deflect","Crippling Poison+1"],"picked":"SKIP","floor":38.0},{"not_picked":["Sucker Punch+1","Heel Hook","Escape Plan"],"picked":"SKIP","floor":39.0},{"not_picked":["Deflect","Masterful Stab"],"picked":"Adrenaline","floor":40.0},{"not_picked":["Sucker Punch+1","Prepared","Deadly Poison"],"picked":"SKIP","floor":41.0},{"not_picked":["Acrobatics+1","Sucker Punch"],"picked":"Tactician+1","floor":42.0},{"not_picked":["Quick Slash+1","Sucker Punch+1"],"picked":"Venomology","floor":44.0},{"not_picked":["Leg Sweep","Eviscerate"],"picked":"Caltrops+1","floor":44.0},{"not_picked":["Choke+1","Flying Knee+1","Backflip"],"picked":"SKIP","floor":47.0}],"player_experience":3684,"relics_obtained":[{"floor":6.0,"key":"Happy Flower"},{"floor":9.0,"key":"Shuriken"},{"floor":12.0,"key":"Orichalcum"},{"floor":23.0,"key":"Potion Belt"},{"floor":25.0,"key":"Lantern"},{"floor":26.0,"key":"Oddly Smooth Stone"},{"floor":40.0,"key":"theForsaken:Gavel"},{"floor":43.0,"key":"Sundial"},{"floor":45.0,"key":"War Paint"},{"floor":48.0,"key":"Eternal Feather"}],"event_choices":[{"damage_healed":0.0,"max_hp_gain":0.0,"max_hp_loss":0.0,"gold_gain":0.0,"event_name":"Scrap Ooze","player_choice":"Success","floor":2.0,"gold_loss":0.0,"damage_taken":7.0,"relics_obtained":["Gambling Chip"]},{"cards_removed":["Defend_G"],"damage_healed":0.0,"max_hp_gain":0.0,"max_hp_loss":0.0,"gold_gain":0.0,"event_name":"Golden Wing","player_choice":"Card Removal","floor":4.0,"gold_loss":0.0,"damage_taken":7.0},{"damage_healed":0.0,"max_hp_gain":0.0,"max_hp_loss":0.0,"gold_gain":75.0,"event_name":"FaceTrader","player_choice":"Touch","floor":14.0,"gold_loss":0.0,"damage_taken":7.0},{"damage_healed":0.0,"max_hp_gain":0.0,"max_hp_loss":0.0,"gold_gain":0.0,"event_name":"The Mausoleum","player_choice":"Opened","floor":19.0,"gold_loss":0.0,"damage_taken":0.0,"relics_obtained":["Juzu Bracelet"]},{"damage_healed":0.0,"max_hp_gain":0.0,"max_hp_loss":0.0,"gold_gain":0.0,"event_name":"Lab","player_choice":"Got Potions","floor":27.0,"gold_loss":0.0,"damage_taken":0.0},{"damage_healed":0.0,"max_hp_gain":0.0,"max_hp_loss":0.0,"gold_gain":0.0,"event_name":"Accursed Blacksmith","player_choice":"Forge","floor":29.0,"gold_loss":0.0,"damage_taken":0.0,"cards_upgraded":["Reflex"]},{"damage_healed":0.0,"max_hp_gain":0.0,"max_hp_loss":0.0,"gold_gain":100.0,"event_name":"Golden Shrine","player_choice":"Pray","floor":37.0,"gold_loss":0.0,"damage_taken":0.0},{"damage_healed":0.0,"max_hp_gain":0.0,"max_hp_loss":0.0,"gold_gain":0.0,"event_name":"Winding Halls","player_choice":"Embrace Madness","floor":46.0,"gold_loss":0.0,"damage_taken":10.0,"cards_obtained":["Madness","Madness"]}],"is_beta":false,"boss_relics":[{"not_picked":["Busted Crown","Calling Bell"],"picked":"Astrolabe"},{"not_picked":["Cursed Key","Runic Dome"],"picked":"HoveringKite"}],"items_purged_floors":[44],"is_endless":false,"potions_floor_spawned":[3,6,8,10,16,18,21,30,31,33,39,40,42,47],"ascension_level":0}}