{"host":"ftwnpa9ceeptmrn1","time":1609695832,"event":{"mods":["Aspiration","BaseMod","Colored Map","Colored Powertips","Conspire","Downfall","Hubris","Infinite Spire","Minty Spire (QoL Compilation)","Relic Stats","Replay The Spire","StSLib","Waifu the Spire","vexMod"],"gold_per_floor":[111,111,130,144,170,170,170,170],"floor_reached":7,"playtime":381,"items_purged":[],"score":93,"play_id":"933508f3-4c7f-4a36-abf0-c6d830a89481","local_time":"20210103114352","is_ascension_mode":true,"campfire_choices":[{"floor":6,"key":"RECALL"}],"circlet_count":0,"master_deck":["conspire:GhostlyStrike","conspire:GhostlyStrike","conspire:GhostlyStrike","conspire:GhostlyStrike","conspire:GhostlyStrike","conspire:GhostlyDefend","conspire:GhostlyDefend","conspire:GhostlyDefend","conspire:GhostlyDefend","Bash","Shrug It Off","Armaments","hubris:StunningStrike","Shockwave"],"relics":["Burning Blood","Gambling Chip"],"acts_visited":["Exordium"],"potions_floor_usage":[],"damage_taken":[{"damage":2,"enemies":"2 Louse","floor":1,"turns":3},{"damage":13,"enemies":"Jaw Worm","floor":3,"turns":7},{"damage":1,"enemies":"Cultist","floor":4,"turns":4},{"damage":13,"enemies":"3 Sentries","floor":7,"turns":3}],"seed_played":"5885359859022055783","potions_obtained":[],"is_trial":false,"path_per_floor":["M","?","M","M","?","R","E"],"character_chosen":"IRONCLAD","items_purchased":[],"campfire_rested":0,"item_purchase_floors":[],"current_hp_per_floor":[88,88,81,86,64,64,51,51],"gold":170,"neow_bonus":"TEN_PERCENT_HP_BONUS","is_daily":false,"chose_seed":false,"campfire_upgraded":0,"win_rate":0.0,"timestamp":1609695832,"path_taken":["M","?","M","M","?","R","E"],"items_purchased_type":[],"build_version":"2020-12-22","purchased_purges":0,"victory":false,"max_hp_per_floor":[88,88,88,88,88,88,88,88],"relic_stats":{"counters":[4,17],"Gambling Chip":[4],"obtain_stats":[{"Gambling Chip":5,"Burning Blood":0},{"Gambling Chip":3,"Burning Blood":0},{"Gambling Chip":14,"Burning Blood":0}],"Burning Blood":14},"card_choices":[{"not_picked":["Sentinel","Thunderclap"],"picked":"Shrug It Off","floor":1},{"not_picked":["Metallicize","Warcry"],"picked":"Armaments","floor":3},{"not_picked":["Warcry","Armaments"],"picked":"hubris:StunningStrike","floor":4},{"not_picked":["Heavy Blade","Dropkick"],"picked":"Shockwave","floor":5}],"player_experience":236563,"relics_obtained":[{"floor":5,"key":"Gambling Chip"}],"event_choices":[{"damage_healed":0,"gold_gain":0,"player_choice":"Agree","damage_taken":0,"max_hp_gain":0,"max_hp_loss":0,"event_name":"conspire:LoneGhost","floor":2,"gold_loss":0}],"is_beta":false,"boss_relics":[],"items_purged_floors":[],"is_endless":false,"potions_floor_spawned":[],"killed_by":"3 Sentries","ascension_level":1}}