{"host":"oiai0qxasotny765","time":1609689736,"event":{"mods":["2.2 Compatiblity","AchievementEnabler","BaseMod","Colored Map","Minty Spire (QoL Compilation)","Permanent Neow","Relic Stats","StSLib","SuperFastMode","everything is the same but u backflip on backflip"],"gold_per_floor":[33,68,68,127,127,127,166,223,223,291,291,353,353,396,396,472,472,509,509,547,210,248,173,173,231,300,300,317,317,317,148,148,223,223,239,239,114,154,173,232,271,271,298,349,349,414,93,113,113,138],"floor_reached":51,"playtime":1646,"items_purged":["Barricade","Strike_R","Defend_R","Defend_R"],"score":1270,"play_id":"2485635a-6ae5-429d-aa33-1e24d5502b68","local_time":"20210104010216","is_ascension_mode":true,"campfire_choices":[{"data":"HandOfGreed","floor":6.0,"key":"SMITH"},{"data":"Shockwave","floor":15.0,"key":"SMITH"},{"data":"Barricade","floor":24.0,"key":"SMITH"},{"floor":27,"key":"REST"},{"data":"Entrench","floor":30,"key":"SMITH"},{"data":"Body Slam","floor":32,"key":"SMITH"},{"data":"Dark Embrace","floor":42,"key":"SMITH"},{"data":"Power Through","floor":45,"key":"SMITH"},{"data":"Battle Trance","floor":49,"key":"SMITH"}],"circlet_count":0,"master_deck":["AscendersBane","Defend_R","Defend_R","Bash","HandOfGreed+1","Battle Trance+1","Shockwave+1","Power Through+1","Shrug It Off","Pommel Strike","Fire Breathing","Ghostly Armor","Sever Soul","Double Tap","Barricade+1","Rampage","Body Slam+1","Entrench+1","Feel No Pain","Dark Embrace+1","Impervious","Entrench+1"],"relics":["Burning Blood","Bag of Preparation","Girya","Question Card","Velvet Choker","Matryoshka","Dream Catcher","Molten Egg 2","StrikeDummy","Sozu","The Courier","CeramicFish","Boot","Thread and Needle","Pear"],"acts_visited":["Exordium","TheCity","TheBeyond"],"potions_floor_usage":[50],"damage_taken":[{"damage":9.0,"enemies":"Jaw Worm","floor":1.0,"turns":4.0},{"damage":2.0,"enemies":"2 Louse","floor":2.0,"turns":3.0},{"damage":7.0,"enemies":"Small Slimes","floor":4.0,"turns":4.0},{"damage":3.0,"enemies":"Blue Slaver","floor":7.0,"turns":3.0},{"damage":16.0,"enemies":"Gremlin Nob","floor":8.0,"turns":3.0},{"damage":4.0,"enemies":"2 Fungi Beasts","floor":10.0,"turns":4.0},{"damage":7.0,"enemies":"3 Louse","floor":12.0,"turns":5.0},{"damage":1.0,"enemies":"Blue Slaver","floor":14.0,"turns":3.0},{"damage":38.0,"enemies":"The Guardian","floor":16.0,"turns":12.0},{"damage":19.0,"enemies":"Spheric Guardian","floor":18.0,"turns":4.0},{"damage":21.0,"enemies":"Shell Parasite","floor":20.0,"turns":7.0},{"damage":6.0,"enemies":"Snecko","floor":22.0,"turns":7.0},{"damage":35,"enemies":"Book of Stabbing","floor":25,"turns":6},{"damage":0,"enemies":"Snake Plant","floor":28,"turns":4},{"damage":0,"enemies":"Automaton","floor":33,"turns":8},{"damage":6,"enemies":"Orb Walker","floor":35,"turns":4},{"damage":0,"enemies":"3 Darklings","floor":38,"turns":7},{"damage":24,"enemies":"Spire Growth","floor":39,"turns":6},{"damage":1,"enemies":"Giant Head","floor":40,"turns":8},{"damage":5,"enemies":"Jaw Worm Horde","floor":41,"turns":5},{"damage":14,"enemies":"2 Orb Walkers","floor":44,"turns":5},{"damage":0,"enemies":"Sphere and 2 Shapes","floor":46,"turns":4},{"damage":0,"enemies":"Transient","floor":48,"turns":5},{"damage":46,"enemies":"Awakened One","floor":50,"turns":8}],"seed_played":"-3936351870683631211","potions_obtained":[{"floor":1.0,"key":"ColorlessPotion"},{"floor":7.0,"key":"Fire Potion"},{"floor":8.0,"key":"Ancient Potion"},{"floor":12.0,"key":"Fire Potion"},{"floor":20.0,"key":"Fire Potion"}],"is_trial":false,"path_per_floor":["M","M","$","M","?","R","M","E","T","M","?","M","?","M","R","B",null,"M","?","M","$","M","?","R","E","T","R","M","?","R","$","R","B",null,"M","?","$","M","M","E","M","R","T","?","R","M","$","M","R","B",null],"character_chosen":"IRONCLAD","items_purchased":["Matryoshka","Dark Embrace","Pear"],"campfire_rested":1,"item_purchase_floors":[21,31,47],"current_hp_per_floor":[69,73,73,72,69,69,72,62,62,64,64,63,63,68,68,36,69,56,56,41,41,41,41,41,12,12,36,42,42,42,42,42,48,72,72,72,72,78,60,65,66,66,66,58,58,64,74,80,80,40],"gold":138,"neow_bonus":"RANDOM_COLORLESS_2","is_daily":false,"chose_seed":false,"campfire_upgraded":8,"win_rate":0.0,"timestamp":1609689736,"path_taken":["M","M","$","M","?","R","M","E","T","M","?","M","?","M","R","BOSS","M","?","M","$","M","?","R","E","T","R","M","?","R","$","R","BOSS","M","?","$","M","M","E","M","R","T","?","R","M","$","M","R","BOSS"],"items_purchased_type":["Relic","Card","Relic"],"build_version":"2020-12-22","purchased_purges":4,"victory":true,"max_hp_per_floor":[80,80,80,80,80,80,80,80,80,80,80,80,80,80,80,80,80,80,80,80,80,80,80,80,80,80,80,80,80,80,80,80,80,80,80,80,80,80,80,80,80,80,80,80,80,80,90,90,90,90],"relic_stats":{"Sozu":3,"Dream Catcher":1,"counters":[24,129],"CeramicFish":9,"Bag of Preparation":[42],"Question Card":19,"Boot":[0],"obtain_stats":[{"Girya":8,"Pear":47,"CeramicFish":43,"Velvet Choker":17,"Thread and Needle":44,"The Courier":40,"Bag of Preparation":5,"Question Card":9,"Boot":43,"Burning Blood":0,"Sozu":34,"Dream Catcher":25,"Matryoshka":21,"Molten Egg 2":26,"StrikeDummy":26},{"Girya":5,"Pear":22,"CeramicFish":20,"Velvet Choker":9,"Thread and Needle":21,"The Courier":19,"Bag of Preparation":3,"Question Card":5,"Boot":20,"Burning Blood":0,"Sozu":15,"Dream Catcher":13,"Matryoshka":11,"Molten Egg 2":13,"StrikeDummy":13},{"Girya":17,"Pear":116,"CeramicFish":107,"Velvet Choker":41,"Thread and Needle":112,"The Courier":102,"Bag of Preparation":11,"Question Card":17,"Boot":107,"Burning Blood":0,"Sozu":77,"Dream Catcher":65,"Matryoshka":52,"Molten Egg 2":65,"StrikeDummy":65}],"Burning Blood":144},"card_choices":[{"not_picked":["Secret Weapon","Chrysalis"],"picked":"HandOfGreed","floor":0.0},{"not_picked":["Pommel Strike","Pummel"],"picked":"Battle Trance","floor":1.0},{"not_picked":["Pummel","Perfected Strike"],"picked":"Shockwave","floor":2.0},{"not_picked":["Havoc","Clothesline"],"picked":"Power Through","floor":4.0},{"not_picked":["Shockwave","Bloodletting"],"picked":"Shrug It Off","floor":7.0},{"not_picked":["Rampage","Searing Blow"],"picked":"Pommel Strike","floor":8.0},{"not_picked":["Carnage","Disarm","Bloodletting"],"picked":"Fire Breathing","floor":10.0},{"not_picked":["Carnage","Twin Strike","Perfected Strike"],"picked":"Ghostly Armor","floor":12.0},{"not_picked":["Cleave","Sword Boomerang","Infernal Blade"],"picked":"Double Tap","floor":14.0},{"not_picked":["Reaper","Demon Form","Impervious"],"picked":"Barricade","floor":16.0},{"not_picked":["Clash","Rupture","Reckless Charge","Seeing Red"],"picked":"SKIP","floor":18.0},{"not_picked":["Perfected Strike","Twin Strike","Flex","Anger"],"picked":"SKIP","floor":20.0},{"not_picked":["Ghostly Armor","True Grit","Disarm"],"picked":"Body Slam","floor":22.0},{"not_picked":["Twin Strike","Thunderclap","Spot Weakness+1"],"picked":"Entrench","floor":25},{"not_picked":["Body Slam+1","Clash+1","Havoc","Warcry"],"picked":"SKIP","floor":28},{"not_picked":["Infernal Blade","Wild Strike+1","Pommel Strike+1","Twin Strike+1"],"picked":"SKIP","floor":35},{"not_picked":["Twin Strike+1","Bloodletting+1","Iron Wave+1"],"picked":"Impervious","floor":38},{"not_picked":["Disarm","Iron Wave+1","Wild Strike+1","Anger+1"],"picked":"SKIP","floor":39},{"not_picked":["Iron Wave+1","Havoc","Shrug It Off","Feel No Pain"],"picked":"SKIP","floor":40},{"not_picked":["Perfected Strike+1","Anger+1","Thunderclap+1","Iron Wave+1"],"picked":"SKIP","floor":41},{"not_picked":["Blood for Blood+1","Warcry","Disarm","Wild Strike+1"],"picked":"SKIP","floor":46},{"not_picked":["Cleave+1","Infernal Blade","Rage"],"picked":"Entrench+1","floor":48}],"player_experience":298706,"relics_obtained":[{"floor":8.0,"key":"Girya"},{"floor":9.0,"key":"Question Card"},{"floor":25,"key":"Dream Catcher"},{"floor":26,"key":"Molten Egg 2"},{"floor":26,"key":"StrikeDummy"},{"floor":40,"key":"The Courier"},{"floor":43,"key":"CeramicFish"},{"floor":43,"key":"Boot"},{"floor":44,"key":"Thread and Needle"}],"event_choices":[{"damage_healed":0.0,"max_hp_gain":0.0,"max_hp_loss":0.0,"gold_gain":0.0,"event_name":"Scrap Ooze","player_choice":"Success","floor":5.0,"gold_loss":0.0,"damage_taken":3.0,"relics_obtained":["Bag of Preparation"]},{"damage_healed":0.0,"max_hp_gain":0.0,"max_hp_loss":0.0,"gold_gain":0.0,"event_name":"Liars Game","player_choice":"Ignored","floor":11.0,"gold_loss":0.0,"damage_taken":0.0},{"damage_healed":0.0,"max_hp_gain":0.0,"max_hp_loss":0.0,"gold_gain":0.0,"cards_transformed":["Strike_R"],"event_name":"Living Wall","player_choice":"Change","floor":13.0,"gold_loss":0.0,"damage_taken":0.0,"cards_obtained":["Sever Soul"]},{"damage_healed":0.0,"max_hp_gain":0.0,"max_hp_loss":0.0,"gold_gain":0.0,"cards_transformed":["Strike_R","Strike_R"],"event_name":"Drug Dealer","player_choice":"Became Test Subject","floor":19.0,"gold_loss":0.0,"damage_taken":0.0,"cards_obtained":["Rampage","Barricade"]},{"cards_removed":["Strike_R"],"damage_healed":0.0,"max_hp_gain":0.0,"max_hp_loss":0.0,"gold_gain":0.0,"event_name":"Beggar","player_choice":"Gave Gold","floor":23.0,"gold_loss":75.0,"damage_taken":0.0},{"damage_healed":0,"gold_gain":0,"player_choice":"Read","damage_taken":0,"max_hp_gain":0,"max_hp_loss":0,"event_name":"The Library","floor":29,"gold_loss":0,"cards_obtained":["Feel No Pain"]},{"damage_healed":0,"gold_gain":0,"player_choice":"Ignored","damage_taken":0,"max_hp_gain":0,"max_hp_loss":0,"event_name":"Tomb of Lord Red Mask","floor":36,"gold_loss":0},{"damage_healed":0,"gold_gain":0,"player_choice":"Fight","damage_taken":0,"max_hp_gain":0,"max_hp_loss":0,"event_name":"Mysterious Sphere","floor":44,"gold_loss":0}],"is_beta":false,"boss_relics":[{"not_picked":["Runic Pyramid","Fusion Hammer"],"picked":"Velvet Choker"},{"not_picked":["SacredBark","Busted Crown"],"picked":"Sozu"}],"items_purged_floors":[21,31,37,47],"is_endless":false,"potions_floor_spawned":[1,7,8,12,20,25,33,35,44,48],"ascension_level":13}}