{"host":"xjyie0ctswsml60g","time":1609715950,"event":{"mods":["AchievementEnabler","BaseMod","Colored Map","Minty Spire (QoL Compilation)","Quick Restart","SuperFastMode"],"gold_per_floor":[119,132,149,74,74,102,119,119,119,119,154,167,183,203,203,302,302,318,332,364,378,477,477,493,493,493,493,506,520,520,540,540,540,540],"floor_reached":33,"playtime":1400,"items_purged":["Defend_R"],"score":263,"play_id":"a482446f-507f-41dc-92da-a1a8b8889ca9","local_time":"20210104011910","is_ascension_mode":false,"campfire_choices":[{"data":"Bash","floor":8.0,"key":"SMITH"},{"floor":10.0,"key":"REST"},{"floor":15,"key":"REST"},{"data":"Immolate","floor":23,"key":"SMITH"},{"data":"Inflame","floor":27,"key":"SMITH"},{"floor":30,"key":"REST"},{"floor":32,"key":"REST"}],"circlet_count":0,"master_deck":["Strike_R","Strike_R","Strike_R","Strike_R","Strike_R","Defend_R","Defend_R","Defend_R","Bash+1","Dropkick","Perfected Strike+1","Headbutt","Pommel Strike","Inflame+1","Clash","Perfected Strike","Perfected Strike","Immolate+1","Shrug It Off","Pommel Strike+1","Armaments+1"],"relics":["Sozu"],"acts_visited":["Exordium","TheCity"],"potions_floor_usage":[],"damage_taken":[{"damage":7.0,"enemies":"Small Slimes","floor":1.0,"turns":3.0},{"damage":3.0,"enemies":"2 Louse","floor":2.0,"turns":2.0},{"damage":1.0,"enemies":"Jaw Worm","floor":3.0,"turns":2.0},{"damage":26.0,"enemies":"Lagavulin","floor":6.0,"turns":4.0},{"damage":0.0,"enemies":"2 Fungi Beasts","floor":7.0,"turns":2.0},{"damage":13.0,"enemies":"3 Sentries","floor":11.0,"turns":4.0},{"damage":6,"enemies":"Exordium Thugs","floor":12,"turns":3},{"damage":6,"enemies":"Exordium Wildlife","floor":13,"turns":2},{"damage":0,"enemies":"3 Louse","floor":14,"turns":2},{"damage":36,"enemies":"The Guardian","floor":16,"turns":5},{"damage":5,"enemies":"Spheric Guardian","floor":18,"turns":3},{"damage":15,"enemies":"3 Byrds","floor":19,"turns":5},{"damage":0,"enemies":"Masked Bandits","floor":20,"turns":2},{"damage":16,"enemies":"3 Cultists","floor":21,"turns":4},{"damage":0,"enemies":"Centurion and Healer","floor":24,"turns":3},{"damage":0,"enemies":"Snecko","floor":28,"turns":2},{"damage":23,"enemies":"Shelled Parasite and Fungi","floor":29,"turns":3},{"damage":14,"enemies":"Sentry and Sphere","floor":31,"turns":4},{"damage":56,"enemies":"Automaton","floor":33,"turns":6}],"seed_played":"3535890665733847863","potions_obtained":[],"is_trial":false,"path_per_floor":["M","M","M","$","?","E","M","R","T","R","E","M","M","M","R","B",null,"M","M","?","M","?","R","M","?","T","R","M","M","R","M","R","B"],"character_chosen":"IRONCLAD","items_purchased":[],"campfire_rested":4,"item_purchase_floors":[],"current_hp_per_floor":[73,70,69,69,69,43,43,43,43,67,54,48,42,42,66,30,80,75,60,60,44,44,44,44,44,44,44,44,21,45,31,55,0,0],"gold":540,"neow_bonus":"BOSS_RELIC","is_daily":false,"chose_seed":false,"campfire_upgraded":3,"win_rate":0.0,"timestamp":1609715950,"path_taken":["M","M","M","$","?","E","M","R","T","R","E","M","M","M","R","BOSS","M","M","?","M","?","R","M","?","T","R","M","M","R","M","R","BOSS"],"items_purchased_type":[],"build_version":"2020-12-22","purchased_purges":1,"victory":false,"max_hp_per_floor":[80,80,80,80,80,80,80,80,80,80,80,80,80,80,80,80,80,80,80,80,80,80,80,80,80,80,80,80,80,80,80,80,80,80],"card_choices":[{"not_picked":["True Grit","Blood for Blood"],"picked":"Dropkick","floor":1.0},{"not_picked":["Reckless Charge","Pommel Strike"],"picked":"Perfected Strike","floor":2.0},{"not_picked":["True Grit","Bloodletting"],"picked":"Headbutt","floor":3.0},{"not_picked":["Clothesline","Feed"],"picked":"Pommel Strike","floor":6.0},{"not_picked":["Thunderclap","Evolve","Iron Wave"],"picked":"SKIP","floor":7.0},{"not_picked":["Havoc","Entrench"],"picked":"Inflame","floor":11},{"not_picked":["Sword Boomerang","Flex"],"picked":"Clash","floor":12},{"not_picked":["Immolate","Clothesline"],"picked":"Perfected Strike","floor":13},{"not_picked":["Entrench","Metallicize"],"picked":"Perfected Strike","floor":14},{"not_picked":["Impervious","Reaper"],"picked":"Immolate","floor":16},{"not_picked":["Havoc","Blood for Blood+1","Metallicize"],"picked":"SKIP","floor":18},{"not_picked":["Perfected Strike","Blood for Blood","Sever Soul"],"picked":"SKIP","floor":19},{"not_picked":["Havoc","Thunderclap"],"picked":"Shrug It Off","floor":20},{"not_picked":["Thunderclap","Clash","Reckless Charge"],"picked":"SKIP","floor":21},{"not_picked":["True Grit","Thunderclap"],"picked":"Pommel Strike+1","floor":24},{"not_picked":["Iron Wave","Pommel Strike"],"picked":"Armaments+1","floor":28},{"not_picked":["Havoc+1","Flex","True Grit"],"picked":"SKIP","floor":29},{"not_picked":["Pommel Strike","Cleave","Clash"],"picked":"SKIP","floor":31}],"player_experience":517127,"relics_obtained":[],"event_choices":[{"damage_healed":0.0,"max_hp_gain":0.0,"max_hp_loss":0.0,"gold_gain":0.0,"event_name":"Living Wall","player_choice":"Grow","floor":5.0,"gold_loss":0.0,"damage_taken":0.0,"cards_upgraded":["Perfected Strike"]},{"damage_healed":0,"gold_gain":0,"player_choice":"Fought Bandits","damage_taken":0,"max_hp_gain":0,"max_hp_loss":0,"event_name":"Masked Bandits","floor":20,"gold_loss":0},{"damage_healed":0,"gold_gain":99,"player_choice":"Stole From Cult","damage_taken":0,"max_hp_gain":0,"max_hp_loss":0,"event_name":"Nest","floor":22,"gold_loss":0},{"damage_healed":0,"gold_gain":0,"player_choice":"Ignored","damage_taken":0,"max_hp_gain":0,"max_hp_loss":0,"event_name":"The Mausoleum","floor":25,"gold_loss":0}],"is_beta":false,"boss_relics":[{"not_picked":["SlaversCollar","Tiny House","Snecko Eye"]}],"items_purged_floors":[4],"is_endless":false,"potions_floor_spawned":[2,7,11,12,16,20,21,29,31],"killed_by":"Automaton","ascension_level":0}}