{"host":"ixtszv54kd1m8623","time":1609698208,"event":{"mods":["Act Like it!","Aspiration","Bard","BaseMod","Beaked The Cultist","ChefMod","Colored Map","Colored Powertips","Conspire","Downfall","Gensokyo","Halation","Hermit","Hubris","Infinite Spire","Jorbs\u0027s Wanderer Trilogy","Minty Spire (QoL Compilation)","Replay The Spire","Robot Space Explorer","Shade Mod","StSLib","The Blackbeard","The Bug Knight","The Cursed","The Disciple","The Dragon Tamer","The Marked","The Runesmith","The Servant 0.9.4"],"gold_per_floor":[99,99,99,116,126,126,152,167,184,84,100,100,250,268,280,280,280,280],"floor_reached":16,"playtime":778,"items_purged":[],"score":94,"play_id":"07645ee4-4b9c-4e04-b9e2-748cb4f1799c","local_time":"20210103102328","is_ascension_mode":false,"campfire_choices":[{"data":"champ:VampiricStrike","floor":1,"key":"SMITH"},{"floor":6,"key":"RECALL"},{"data":"Ghostly","floor":12,"key":"SMITH"}],"circlet_count":0,"master_deck":["champ:VampiricStrike+1","champ:Strike","champ:Strike","champ:Strike","champ:Strike","champ:Defend","champ:Defend","champ:Defend","champ:Defend","champ:Execute","champ:Taunt+1","champ:BringItOn","champ:Backstep","champ:RageSigil","champ:Duel","Ghostly+1","champ:ShieldSigil","champ:GladiatorsShout","champ:FanOfKnives"],"relics":["champ:ChampionCrown","Boot"],"acts_visited":["Exordium"],"potions_floor_usage":[16,16,16],"damage_taken":[{"damage":5,"enemies":"2 Louse","floor":4,"turns":3},{"damage":2,"enemies":"Small Slimes","floor":5,"turns":6},{"damage":4,"enemies":"conspire:RoseBush","floor":8,"turns":2},{"damage":15,"enemies":"Large Slime","floor":9,"turns":8},{"damage":5,"enemies":"Lots of Slimes","floor":11,"turns":5},{"damage":3,"enemies":"2 Fungi Beasts","floor":14,"turns":4},{"damage":2,"enemies":"Blue Slaver","floor":15,"turns":3},{"damage":133,"enemies":"downfall:Defect","floor":16,"turns":11}],"seed_played":"7276456705946564135","potions_obtained":[{"floor":4,"key":"hexamod:EctoCoolerPotion"},{"floor":5,"key":"Weak Potion"},{"floor":9,"key":"Weak Potion"}],"is_trial":false,"path_per_floor":["R","?","?","M","M","R","T","M","M","?","M","R","?","M","M","B"],"character_chosen":"THE_CHAMP","items_purchased":[],"campfire_rested":0,"item_purchase_floors":[],"current_hp_per_floor":[99,99,99,99,97,97,97,95,91,91,91,91,91,88,96,0,0,0],"gold":280,"neow_bonus":"TEN_PERCENT_HP_BONUS","is_daily":false,"chose_seed":false,"campfire_upgraded":2,"win_rate":0.0,"timestamp":1609698208,"path_taken":["R","?","?","M","M","R","T","?","M","?","M","R","?","?","M","BOSS"],"items_purchased_type":[],"build_version":"2020-12-22","purchased_purges":0,"victory":false,"max_hp_per_floor":[99,99,99,99,99,99,99,99,99,99,99,99,99,99,99,99,99,99],"card_choices":[{"not_picked":["champ:FlashCut","champ:GladiatorsShout"],"picked":"champ:BringItOn","floor":4},{"not_picked":["champ:PerfectedStrike","champ:FocusedGladiator"],"picked":"champ:Backstep","floor":5},{"not_picked":["champ:BringItOn","champ:Backstep"],"picked":"champ:RageSigil","floor":8},{"not_picked":["champ:CalledShot","champ:FightOn"],"picked":"champ:Duel","floor":9},{"not_picked":["champ:Balance","champ:BerserkersShout"],"picked":"champ:ShieldSigil","floor":11},{"not_picked":["champ:Duel","champ:EnragedBash"],"picked":"champ:GladiatorsShout","floor":14},{"not_picked":["champ:GladiatorsShout","champ:FocusedDefense"],"picked":"champ:FanOfKnives","floor":15}],"player_experience":158726,"relics_obtained":[{"floor":2,"key":"Boot"},{"floor":7,"key":"hubris:ToyBattleship"}],"event_choices":[{"damage_healed":0,"gold_gain":0,"player_choice":"Upgraded","damage_taken":0,"max_hp_gain":0,"max_hp_loss":0,"event_name":"Upgrade Shrine","floor":3,"gold_loss":0,"cards_upgraded":["champ:Taunt"]},{"damage_healed":0,"gold_gain":0,"player_choice":"Argue","damage_taken":0,"max_hp_gain":0,"max_hp_loss":0,"event_name":"conspire:LoneGhost","floor":10,"gold_loss":0}],"is_beta":false,"boss_relics":[],"items_purged_floors":[],"is_endless":false,"potions_floor_spawned":[4,5,9],"killed_by":"downfall:Defect","ascension_level":0}}