{"host":"r65a7hy0otg6m46m","time":1609653173,"event":{"mods":["Aspiration","BaseMod","Beaked The Cultist","Bestiary","BetterRewards","Colored Map","Downfall","Fiend Mod","Friendly Minions","Glutton Mod","Hermit","Hubris","Hunter ??","Infinite Spire","Minty Spire (QoL Compilation)","Replay The Spire","Shop Mod","StSLib","The Bladedancer","The Bug Knight","The Clintock","The Cursed","The Death Knight","The Forsaken","The Hayseed","The IronCluck","The Necromancer","The Saiyan","The Servant 0.9.4","[IsaacMod]????","??????REMEMod"],"gold_per_floor":[99,110,110,285,285,285,285,305,305,305],"floor_reached":9,"playtime":819,"items_purged":[],"score":49,"play_id":"2da7c554-6787-486e-925d-0a5da375e28f","local_time":"20210103065253","is_ascension_mode":false,"campfire_choices":[{"floor":1,"key":"RECALL"}],"circlet_count":0,"master_deck":["Fiend:FiendDemonSlash+1","Fiend:FiendDemonSlash","Fiend:FiendDemonSlash","Fiend:FiendDemonSlash","Fiend:FiendFortify","Fiend:FiendFortify","Fiend:FiendFortify","Fiend:FiendFortify","Fiend:FiendConsume","Burst","Unload","Grand Finale","Doubt","Fiend:FiendRam"],"relics":["Fiend:FiendTotem","REME_ComplimentaryCards","HushsDoor","SteamSale","hubris:Reverence"],"acts_visited":["Exordium"],"potions_floor_usage":[],"damage_taken":[{"damage":0,"enemies":"2 Louse","floor":2,"turns":3},{"damage":10,"enemies":"Small Slimes","floor":8,"turns":5},{"damage":31,"enemies":"HollowMod:MossKnight","floor":9,"turns":23}],"seed_played":"3936103058342400368","potions_obtained":[],"is_trial":false,"path_per_floor":["R","M","?","?","?","?","T","M","E"],"character_chosen":"THE_FIEND","items_purchased":[],"campfire_rested":0,"item_purchase_floors":[],"current_hp_per_floor":[77,77,77,77,82,82,82,72,43,43],"gold":305,"neow_bonus":"TEN_PERCENT_HP_BONUS","is_daily":false,"chose_seed":false,"campfire_upgraded":0,"win_rate":0.0,"timestamp":1609653173,"path_taken":["R","M","?","?","?","?","T","M","E"],"items_purchased_type":[],"build_version":"2020-12-22","purchased_purges":0,"victory":false,"max_hp_per_floor":[77,77,77,77,82,82,82,82,82,82],"card_choices":[{"not_picked":[],"picked":"SuicideKing","floor":0},{"not_picked":["Fiend:FiendBackFromHell","Fiend:FiendRampage","Fiend:FiendVaccine"],"picked":"SKIP","floor":2},{"not_picked":["Fiend:FiendAbomination","Fiend:FiendMeditate"],"picked":"Fiend:FiendRam","floor":8}],"player_experience":69352,"relics_obtained":[{"floor":7,"key":"hubris:Reverence"}],"event_choices":[{"damage_healed":0,"gold_gain":0,"player_choice":"Donut","damage_taken":0,"max_hp_gain":5,"max_hp_loss":0,"event_name":"Big Fish","floor":5,"gold_loss":0}],"is_beta":false,"boss_relics":[],"items_purged_floors":[],"is_endless":false,"potions_floor_spawned":[],"killed_by":"HollowMod:MossKnight","ascension_level":0}}