{"host":"sc0o2qwpf9j16a4i","time":1609687598,"event":{"mods":["AchievementEnabler","BaseMod","BetterRewards","Block Reminder","Colored Map","Colored Powertips","Custom Start","Highlight Path","Minty Spire (QoL Compilation)","Relic Stats"],"gold_per_floor":[116,132,132,132,151,151,165,165,165,182,182,18,18,47,47,121,121,140,140,140,156,7,7,42,42,68,86,112,112,129,163,163,238,238,250,250,250,270,5,5,5,5],"floor_reached":41,"playtime":1105,"items_purged":["Strike_R","Strike_R"],"score":1494,"play_id":"7346258c-1311-4d50-82b2-2a65a2d4aa29","local_time":"20210103172638","is_ascension_mode":true,"campfire_choices":[{"data":"Immolate","floor":8,"key":"SMITH"},{"data":"Dark Embrace","floor":11,"key":"SMITH"},{"data":"Bash","floor":13,"key":"SMITH"},{"data":"Feel No Pain","floor":15,"key":"SMITH"},{"data":"Feel No Pain","floor":23,"key":"SMITH"},{"data":"Barricade","floor":29,"key":"SMITH"},{"data":"Blood for Blood","floor":32,"key":"SMITH"}],"circlet_count":0,"master_deck":["AscendersBane","Strike_R","Strike_R","Strike_R","Defend_R","Defend_R","Defend_R","Defend_R","Feel No Pain+1","Inflame+1","Immolate+1","Feel No Pain+1","Shockwave+1","Armaments+1","Dark Embrace+1","Bloodletting+1","Seeing Red+1","Second Wind+1","Impervious+1","Bloodletting+1","Blood for Blood+1","Limit Break+1","Spot Weakness+1","Barricade+1","Reaper","Heavy Blade+1","Impervious+1","Panacea+1","Panacea+1"],"relics":["Burning Blood","Orichalcum","OrangePellets","Toxic Egg 2","Lee\u0027s Waffle","Bronze Scales","Potion Belt","Dead Branch","Pen Nib","ClockworkSouvenir","HornCleat","Philosopher\u0027s Stone","Paper Frog","Regal Pillow","Ginger","Bag of Preparation","SlaversCollar","DollysMirror"],"acts_visited":["Exordium","TheCity","TheBeyond"],"potions_floor_usage":[21,24,24,24,31,33,41],"damage_taken":[{"damage":10,"enemies":"Small Slimes","floor":1,"turns":4},{"damage":0,"enemies":"2 Louse","floor":2,"turns":1},{"damage":0,"enemies":"Cultist","floor":5,"turns":3},{"damage":7,"enemies":"Looter","floor":7,"turns":3},{"damage":8,"enemies":"Blue Slaver","floor":10,"turns":3},{"damage":11,"enemies":"3 Sentries","floor":14,"turns":3},{"damage":3,"enemies":"Slime Boss","floor":16,"turns":4},{"damage":3,"enemies":"Shell Parasite","floor":18,"turns":3},{"damage":0,"enemies":"Spheric Guardian","floor":21,"turns":3},{"damage":4,"enemies":"Slavers","floor":24,"turns":3},{"damage":9,"enemies":"Centurion and Healer","floor":27,"turns":4},{"damage":0,"enemies":"Gremlin Leader","floor":28,"turns":4},{"damage":18,"enemies":"Shelled Parasite and Fungi","floor":30,"turns":5},{"damage":17,"enemies":"Book of Stabbing","floor":31,"turns":3},{"damage":12,"enemies":"Automaton","floor":33,"turns":7},{"damage":6,"enemies":"Orb Walker","floor":35,"turns":3},{"damage":9,"enemies":"3 Darklings","floor":38,"turns":3},{"damage":43,"enemies":"Sphere and 2 Shapes","floor":41,"turns":3}],"seed_played":"6562447618904201856","potions_obtained":[{"floor":1,"key":"FearPotion"},{"floor":2,"key":"SpeedPotion"},{"floor":7,"key":"BloodPotion"},{"floor":14,"key":"Dexterity Potion"},{"floor":18,"key":"BlessingOfTheForge"},{"floor":21,"key":"EntropicBrew"},{"floor":30,"key":"Regen Potion"},{"floor":31,"key":"SteroidPotion"},{"floor":33,"key":"GamblersBrew"}],"is_trial":false,"path_per_floor":["M","M","?","?","M","?","M","R","T","M","R","$","R","E","R","B",null,"M","?","?","M","$","R","E","$","T","M","E","R","M","E","R","B",null,"M","?","?","M","$","?","M"],"character_chosen":"IRONCLAD","items_purchased":["Orichalcum","OrangePellets","Feel No Pain","Toxic Egg 2","Lee\u0027s Waffle","Inflame","Bronze Scales","Potion Belt","Immolate","Dead Branch","Feel No Pain","Shockwave+1","ClockworkSouvenir","Limit Break+1","DollysMirror"],"campfire_rested":0,"item_purchase_floors":[0,0,0,0,0,0,0,0,0,0,0,0,12,22,39],"current_hp_per_floor":[78,82,87,87,87,87,86,86,86,84,84,84,84,79,79,82,86,87,87,62,86,86,86,88,88,88,85,91,91,79,86,86,89,91,92,92,92,89,89,79,36,36],"gold":5,"neow_bonus":"","is_daily":false,"chose_seed":false,"campfire_upgraded":7,"win_rate":0.0,"timestamp":1609687598,"path_taken":["M","M","?","?","M","?","M","R","T","M","R","?","R","E","R","BOSS","M","?","?","M","$","R","E","$","T","M","E","R","M","E","R","BOSS","M","?","?","M","$","?","?"],"items_purchased_type":["Relic","Relic","Card","Relic","Relic","Card","Relic","Relic","Card","Relic","Card","Card","Relic","Card","Relic"],"build_version":"2020-12-22","purchased_purges":2,"victory":false,"max_hp_per_floor":[82,82,87,87,87,87,87,87,87,87,87,87,87,87,87,87,87,87,87,92,92,92,92,92,92,92,92,92,92,92,92,92,92,92,92,92,92,92,92,92,92,92],"relic_stats":{"OrangePellets":[3],"Lee\u0027s Waffle":109,"Regal Pillow":30,"counters":[70,360],"Bronze Scales":[155],"Dead Branch":[77],"Pen Nib":[6],"Bag of Preparation":[8],"Ginger":[8],"Orichalcum":[90],"obtain_stats":[{"Ice Cream":27,"Lantern":25,"Regal Pillow":26,"Vajra":14,"Mango":27,"StoneCalendar":9,"Bag of Preparation":31,"Ginger":28,"Cursed Key":34,"Burning Blood":0,"ClockworkSouvenir":12,"Dream Catcher":7,"Shovel":34,"HornCleat":14,"DollysMirror":39,"Philosopher\u0027s Stone":17,"Necronomicon":21,"Kunai":34,"Chemical X":14,"Toxic Egg 2":0,"Red Skull":0,"Paper Frog":24,"Potion Belt":0,"Lee\u0027s Waffle":0,"Happy Flower":9,"Dead Branch":0,"Velvet Choker":17,"Pen Nib":9,"Orichalcum":48,"WarpedTongs":37,"Calling Bell":34,"OrangePellets":0,"SlaversCollar":34,"Anchor":34,"CaptainsWheel":55,"Shuriken":31,"Bronze Scales":41,"Bird Faced Urn":43,"Snecko Eye":17,"Art of War":13,"Bag of Marbles":26,"StrikeDummy":10,"TungstenRod":6,"Meat on the Bone":0},{"Ice Cream":36,"Lantern":12,"Regal Pillow":62,"Vajra":29,"Mango":13,"StoneCalendar":27,"Bag of Preparation":66,"Ginger":64,"Cursed Key":39,"Burning Blood":0,"ClockworkSouvenir":57,"Dream Catcher":5,"Shovel":16,"HornCleat":58,"DollysMirror":42,"Philosopher\u0027s Stone":59,"Necronomicon":11,"Kunai":16,"Chemical X":29,"Toxic Egg 2":52,"Red Skull":21,"Paper Frog":62,"Potion Belt":52,"Lee\u0027s Waffle":52,"Happy Flower":6,"Dead Branch":52,"Velvet Choker":30,"Pen Nib":56,"Orichalcum":48,"WarpedTongs":17,"Calling Bell":16,"OrangePellets":52,"SlaversCollar":67,"Anchor":16,"CaptainsWheel":51,"Shuriken":15,"Bronze Scales":20,"Bird Faced Urn":44,"Snecko Eye":9,"Art of War":8,"Bag of Marbles":12,"StrikeDummy":28,"TungstenRod":26,"Meat on the Bone":21},{"Ice Cream":187,"Lantern":75,"Regal Pillow":328,"Vajra":152,"Mango":79,"StoneCalendar":144,"Bag of Preparation":344,"Ginger":336,"Cursed Key":203,"Burning Blood":0,"ClockworkSouvenir":312,"Dream Catcher":30,"Shovel":97,"HornCleat":315,"DollysMirror":225,"Philosopher\u0027s Stone":319,"Necronomicon":69,"Kunai":97,"Chemical X":152,"Toxic Egg 2":298,"Red Skull":121,"Paper Frog":328,"Potion Belt":298,"Lee\u0027s Waffle":298,"Happy Flower":35,"Dead Branch":298,"Velvet Choker":158,"Pen Nib":309,"Orichalcum":265,"WarpedTongs":102,"Calling Bell":97,"OrangePellets":298,"SlaversCollar":351,"Anchor":97,"CaptainsWheel":289,"Shuriken":87,"Bronze Scales":115,"Bird Faced Urn":233,"Snecko Eye":60,"Art of War":49,"Bag of Marbles":75,"StrikeDummy":151,"TungstenRod":142,"Meat on the Bone":121}],"Burning Blood":380},"card_choices":[{"not_picked":["Heavy Blade","Pommel Strike"],"picked":"Armaments+1","floor":1},{"not_picked":["Cleave","Hemokinesis"],"picked":"Dark Embrace","floor":2},{"not_picked":["Feel No Pain","Armaments+1"],"picked":"Bloodletting+1","floor":5},{"not_picked":["Clothesline","Feel No Pain"],"picked":"Seeing Red+1","floor":7},{"not_picked":["Iron Wave","Rage+1","Rampage"],"picked":"SKIP","floor":10},{"not_picked":["Iron Wave","Ghostly Armor+1"],"picked":"Second Wind+1","floor":14},{"not_picked":["Fiend Fire","Demon Form"],"picked":"Impervious+1","floor":16},{"not_picked":["Wild Strike","Heavy Blade"],"picked":"Bloodletting+1","floor":18},{"not_picked":["Anger","Clothesline"],"picked":"Blood for Blood","floor":21},{"not_picked":["Thunderclap","Dual Wield+1"],"picked":"Spot Weakness+1","floor":24},{"not_picked":["Armaments+1","Iron Wave","Uppercut"],"picked":"SKIP","floor":27},{"not_picked":["Havoc+1","Cleave"],"picked":"Barricade","floor":28},{"not_picked":["Heavy Blade","Wild Strike","Searing Blow+1"],"picked":"SKIP","floor":30},{"not_picked":["Heavy Blade","Iron Wave","Cleave"],"picked":"SKIP","floor":31},{"not_picked":["Barricade","Brutality"],"picked":"Reaper","floor":33},{"not_picked":["Dark Embrace","Headbutt","Cleave"],"picked":"SKIP","floor":35},{"not_picked":["Sword Boomerang+1","Flex+1"],"picked":"Heavy Blade+1","floor":38},{"not_picked":["Forethought+1","Trip+1"],"picked":"Panacea+1","floor":40},{"not_picked":["Flash of Steel","Metamorphosis+1"],"picked":"Panacea+1","floor":40}],"player_experience":539724,"relics_obtained":[{"floor":9,"key":"Pen Nib"},{"floor":14,"key":"HornCleat"},{"floor":24,"key":"Paper Frog"},{"floor":26,"key":"Regal Pillow"},{"floor":28,"key":"Ginger"},{"floor":31,"key":"Bag of Preparation"}],"event_choices":[{"damage_healed":0,"gold_gain":0,"player_choice":"Donut","damage_taken":0,"max_hp_gain":5,"max_hp_loss":0,"event_name":"Big Fish","floor":3,"gold_loss":0},{"damage_healed":0,"gold_gain":0,"player_choice":"Ignored","damage_taken":0,"max_hp_gain":0,"max_hp_loss":0,"event_name":"Liars Game","floor":4,"gold_loss":0},{"damage_healed":0,"gold_gain":0,"player_choice":"Grow","damage_taken":0,"max_hp_gain":0,"max_hp_loss":0,"event_name":"Living Wall","floor":6,"gold_loss":0,"cards_upgraded":["Inflame"]},{"damage_healed":0,"gold_gain":0,"player_choice":"Ignored","damage_taken":0,"max_hp_gain":0,"max_hp_loss":0,"event_name":"Beggar","floor":19,"gold_loss":0},{"damage_healed":0,"gold_gain":0,"player_choice":"Shed Blood","damage_taken":30,"max_hp_gain":5,"max_hp_loss":0,"event_name":"Forgotten Altar","floor":20,"gold_loss":0},{"cards_removed":["Bash"],"damage_healed":0,"gold_gain":0,"player_choice":"Removed Attack","damage_taken":0,"max_hp_gain":0,"max_hp_loss":0,"event_name":"Falling","floor":36,"gold_loss":0},{"damage_healed":0,"gold_gain":0,"player_choice":"Ignored","damage_taken":0,"max_hp_gain":0,"max_hp_loss":0,"event_name":"Tomb of Lord Red Mask","floor":37,"gold_loss":0},{"damage_healed":0,"gold_gain":0,"player_choice":"Memory 3","damage_taken":10,"max_hp_gain":0,"max_hp_loss":0,"event_name":"SensoryStone","floor":40,"gold_loss":0}],"is_beta":false,"boss_relics":[{"not_picked":["Calling Bell","Runic Dome"],"picked":"Philosopher\u0027s Stone"},{"not_picked":["Black Star","Empty Cage"],"picked":"SlaversCollar"}],"items_purged_floors":[0,39],"is_endless":false,"potions_floor_spawned":[1,2,7,14,16,18,21,30,31,33,38],"killed_by":"Sphere and 2 Shapes","ascension_level":20}}