{"host":"mitsb0f2d3kywzzp","time":1609682802,"event":{"mods":["AchievementEnabler","BaseMod","Colored Map","Colored Powertips","Downfall","Hermit","Highlight Path","Marisa????????","Minty Spire (QoL Compilation)","READ ME - Guardian Mod","Rare Cards Sparkle","Replay The Spire","StSLib","SuperFastMode","The Cursed","The Necromancer","The Servant 0.9.4"],"gold_per_floor":[166,166,23,42,54,54,67,67,94,110,110,110,149,170,170,290,290,315,336,82,32,47,47,62,101,101,87,12,12,12,12,12,12,12,12,12],"floor_reached":35,"playtime":2251,"items_purged":["Strike_P","Defend_P"],"score":300,"play_id":"7b6b7ca4-e106-4dcf-8f31-ed79cd5b0c4e","local_time":"20210103090642","is_ascension_mode":false,"campfire_choices":[{"data":"EmptyMind","floor":6,"key":"SMITH"},{"data":"Adaptation","floor":12,"key":"SMITH"},{"floor":15,"key":"REST"},{"floor":23,"key":"REST"},{"data":"Eruption","floor":29,"key":"SMITH"},{"data":"Strike_P","floor":34,"key":"PURGE"}],"circlet_count":0,"master_deck":["Defend_P","Defend_P+1","Defend_P","Eruption+1","Vigilance","SandsOfTime","EmptyFist","Adaptation+1","EmptyMind+1","JustLucky","Replay:Cycle","Prostrate","Replay:LoomingThreat","Weave","Crescendo","ClearTheMind+1","CutThroughFate+1","JustLucky"],"relics":["Tiny House","Vajra","Golden Idol","Damaru","Runic Dome","PreservedInsect","Blue Doll","Kunai"],"acts_visited":["Exordium","TheCity"],"potions_floor_usage":[13,13,14,16,25,25,35],"damage_taken":[{"damage":0,"enemies":"2 Louse","floor":1,"turns":2},{"damage":3,"enemies":"Jaw Worm","floor":4,"turns":4},{"damage":6,"enemies":"Cultist","floor":5,"turns":4},{"damage":15,"enemies":"Exordium Wildlife","floor":7,"turns":4},{"damage":3,"enemies":"2 Fungi Beasts","floor":10,"turns":3},{"damage":12,"enemies":"Lagavulin","floor":13,"turns":4},{"damage":9,"enemies":"Looter","floor":14,"turns":4},{"damage":26,"enemies":"Hexaghost","floor":16,"turns":8},{"damage":26,"enemies":"3 Byrds","floor":18,"turns":6},{"damage":0,"enemies":"Spheric Guardian","floor":19,"turns":3},{"damage":26,"enemies":"Cultist and Chosen","floor":22,"turns":7},{"damage":16,"enemies":"Shelled Parasite and Fungi","floor":24,"turns":6},{"damage":6,"enemies":"Book of Stabbing","floor":25,"turns":3},{"damage":31,"enemies":"Collector","floor":35,"turns":3}],"seed_played":"-5711923525079869110","potions_obtained":[{"floor":0,"key":"Death Potion"},{"floor":1,"key":"Block Potion"},{"floor":4,"key":"PowerPotion"},{"floor":5,"key":"BlessingOfTheForge"},{"floor":13,"key":"PowerPotion"},{"floor":19,"key":"Toxic Potion"},{"floor":22,"key":"Cursed Concoction"},{"floor":24,"key":"Milkshake"}],"is_trial":false,"path_per_floor":["M","?","$","M","M","R","M","?","T","M","?","R","E","M","R","B",null,"M","M","$","?","M","R","M","E","T","$","?","R","PTL","PTL","?","?","R_BF","B"],"character_chosen":"WATCHER","items_purchased":["Adaptation","PreservedInsect","JustLucky"],"campfire_rested":2,"item_purchase_floors":[3,20,27],"current_hp_per_floor":[77,77,77,74,68,68,53,53,53,50,31,31,19,10,33,7,77,51,51,51,51,25,48,32,26,26,26,26,26,26,26,26,26,26,0,0],"gold":12,"neow_bonus":"BOSS_RELIC","is_daily":false,"chose_seed":false,"campfire_upgraded":3,"win_rate":0.0,"timestamp":1609682802,"path_taken":["M","?","$","M","M","R","M","?","T","M","?","R","E","M","R","BOSS","M","M","$","?","?","R","M","E","T","$","?","R","PTL","PTL","?","?","R_BF","BOSS"],"items_purchased_type":["Card","Relic","Card"],"build_version":"2020-12-22","purchased_purges":2,"victory":false,"max_hp_per_floor":[77,77,77,77,77,77,77,77,77,77,77,77,77,77,77,77,77,77,77,77,77,77,77,77,77,77,77,77,77,77,77,77,77,77,77,77],"card_choices":[{"not_picked":["Evaluate","Replay:AtTheReady"],"picked":"SandsOfTime","floor":0},{"not_picked":["Replay:AtTheReady","Crescendo"],"picked":"EmptyFist","floor":1},{"not_picked":["Vengeance","SashWhip","PathToVictory"],"picked":"SKIP","floor":4},{"not_picked":["Wallop","FlyingSleeves"],"picked":"EmptyMind","floor":5},{"not_picked":["DeceiveReality","Evaluate"],"picked":"JustLucky","floor":7},{"not_picked":["Pray","EmptyFist"],"picked":"Replay:Cycle","floor":10},{"not_picked":["Crescendo","Omniscience","Wallop"],"picked":"SKIP","floor":13},{"not_picked":["Conclude","Collect"],"picked":"Prostrate","floor":14},{"not_picked":["Devotion","Blasphemy"],"picked":"Replay:LoomingThreat","floor":16},{"not_picked":["EmptyFist","ReachHeaven+1"],"picked":"Weave","floor":18},{"not_picked":["ThirdEye+1","Indignation"],"picked":"Crescendo","floor":19},{"not_picked":["ReachHeaven","ThirdEye+1"],"picked":"ClearTheMind+1","floor":22},{"not_picked":["Replay:Anticipation+1","Replay:BluntJabs","FearNoEvil+1"],"picked":"SKIP","floor":24},{"not_picked":["FlyingSleeves","Worship+1"],"picked":"CutThroughFate+1","floor":25}],"player_experience":329734,"relics_obtained":[{"floor":9,"key":"Vajra"},{"floor":13,"key":"Damaru"},{"floor":25,"key":"Blue Doll"},{"floor":26,"key":"Kunai"}],"event_choices":[{"cards_removed":["Strike_P"],"damage_healed":0,"gold_gain":0,"player_choice":"Forget","damage_taken":0,"max_hp_gain":0,"max_hp_loss":0,"event_name":"Living Wall","floor":2,"gold_loss":0},{"damage_healed":0,"gold_gain":0,"player_choice":"Ignored","damage_taken":0,"max_hp_gain":0,"max_hp_loss":0,"event_name":"Liars Game","floor":8,"gold_loss":0},{"damage_healed":0,"gold_gain":0,"player_choice":"Take Damage","damage_taken":19,"relics_obtained":["Golden Idol"],"max_hp_gain":0,"max_hp_loss":0,"event_name":"Golden Idol","floor":11,"gold_loss":0},{"damage_healed":0,"gold_gain":0,"player_choice":"Bet on Murderer","damage_taken":0,"max_hp_gain":0,"max_hp_loss":0,"event_name":"The Joust","floor":21,"gold_loss":50},{"cards_removed":["Strike_P"],"damage_healed":0,"gold_gain":0,"player_choice":"Gave Gold","damage_taken":0,"max_hp_gain":0,"max_hp_loss":0,"event_name":"Beggar","floor":28,"gold_loss":75}],"is_beta":false,"boss_relics":[{"not_picked":["Ring of Chaos","Calling Bell"],"picked":"Runic Dome"}],"items_purged_floors":[3,20],"is_endless":false,"potions_floor_spawned":[1,4,5,13,19,22,24],"killed_by":"Collector","ascension_level":0}}