{"host":"na09lpbrez4gbfiz","time":1609639203,"event":{"mods":["Act Like it!","BaseMod","BetterRewards","Colored Map","Colored Powertips","DeckTracker","Googly Eyes","Highlight Path","Minty Spire (QoL Compilation)","Quick Restart","Spicy Shops","StSLib","SuperFastMode","Synergy Search"],"gold_per_floor":[111,1,1,1,50,50,82,101,125,157,157,174,206,50,50,150,150,163,163,175,175,187,199,211,211],"floor_reached":24,"playtime":928,"items_purged":["Strike_R"],"score":376,"play_id":"6bfed0b9-7442-4fb7-ab65-08ccac8d86b9","local_time":"20210103030003","is_ascension_mode":true,"campfire_choices":[{"data":"Armaments","floor":6,"key":"SMITH"},{"data":"Metallicize","floor":11,"key":"SMITH"},{"data":"Bash","floor":15,"key":"SMITH"},{"data":"Berserk","floor":23,"key":"SMITH"}],"circlet_count":0,"master_deck":["AscendersBane","Strike_R","Strike_R","Strike_R","Defend_R","Defend_R","Bash+1","Armaments+1","Metallicize+1","Flex","Shrug It Off","Rage","Berserk+1","Ghostly Armor+1"],"relics":["Burning Blood","NeowsBlessing","Anchor","Dream Catcher","Centennial Puzzle","Happy Flower","Orichalcum","Red Skull","Juzu Bracelet","Empty Cage","MawBank"],"acts_visited":["Exordium","TheCity"],"potions_floor_usage":[10,10,16,24],"damage_taken":[{"damage":0,"enemies":"Jaw Worm","floor":1,"turns":1},{"damage":0,"enemies":"Lagavulin","floor":7,"turns":2},{"damage":0,"enemies":"Small Slimes","floor":8,"turns":1},{"damage":13,"enemies":"Gremlin Nob","floor":10,"turns":4},{"damage":1,"enemies":"Cultist","floor":12,"turns":4},{"damage":10,"enemies":"3 Sentries","floor":13,"turns":10},{"damage":63,"enemies":"Hexaghost","floor":16,"turns":15},{"damage":16,"enemies":"3 Byrds","floor":18,"turns":8},{"damage":19,"enemies":"Spheric Guardian","floor":20,"turns":8},{"damage":41,"enemies":"Slavers","floor":24,"turns":4}],"seed_played":"-3898874077294309312","potions_obtained":[{"floor":7,"key":"BlessingOfTheForge"},{"floor":8,"key":"Energy Potion"},{"floor":12,"key":"DistilledChaos"},{"floor":20,"key":"Block Potion"}],"is_trial":false,"path_per_floor":["M","$","?","?","T","R","E","M","T","E","R","M","E","$","R","B",null,"M","?","M","T","$","R","E"],"character_chosen":"IRONCLAD","items_purchased":["Metallicize","Juzu Bracelet"],"campfire_rested":0,"item_purchase_floors":[2,14],"current_hp_per_floor":[78,78,75,68,68,68,74,80,80,73,73,78,74,74,74,17,64,54,54,41,41,41,41,0,0],"gold":211,"neow_bonus":"THREE_ENEMY_KILL","is_daily":false,"chose_seed":false,"campfire_upgraded":4,"win_rate":0.0,"timestamp":1609639203,"path_taken":["M","$","?","?","?","R","E","M","T","E","R","M","E","$","R","BOSS","M","?","M","?","?","R","E"],"items_purchased_type":["Card","Relic"],"build_version":"2020-12-22","purchased_purges":1,"victory":false,"max_hp_per_floor":[80,80,80,80,80,80,80,80,80,80,80,80,80,80,80,80,80,80,80,80,80,80,80,80,80],"card_choices":[{"not_picked":["Entrench","Flex"],"picked":"Armaments","floor":1},{"not_picked":["Anger","Perfected Strike"],"picked":"Flex","floor":7},{"not_picked":["Entrench","Flame Barrier"],"picked":"Shrug It Off","floor":8},{"not_picked":["Power Through","Thunderclap","Clothesline"],"picked":"SKIP","floor":10},{"not_picked":["Clash","Cleave"],"picked":"Rage","floor":12},{"not_picked":["Whirlwind","Twin Strike","Havoc"],"picked":"SKIP","floor":13},{"not_picked":["Double Tap","Brutality"],"picked":"Berserk","floor":16},{"not_picked":["Clothesline","Anger","Havoc"],"picked":"SKIP","floor":18},{"not_picked":["Intimidate","Thunderclap"],"picked":"Ghostly Armor+1","floor":20}],"player_experience":263135,"relics_obtained":[{"floor":5,"key":"Dream Catcher"},{"floor":7,"key":"Centennial Puzzle"},{"floor":9,"key":"Happy Flower"},{"floor":10,"key":"Orichalcum"},{"floor":13,"key":"Red Skull"},{"floor":21,"key":"MawBank"}],"event_choices":[{"damage_healed":0,"gold_gain":0,"player_choice":"Success","damage_taken":3,"relics_obtained":["Anchor"],"max_hp_gain":0,"max_hp_loss":0,"event_name":"Scrap Ooze","floor":3,"gold_loss":0},{"cards_removed":["Strike_R"],"damage_healed":0,"gold_gain":0,"player_choice":"Card Removal","damage_taken":7,"max_hp_gain":0,"max_hp_loss":0,"event_name":"Golden Wing","floor":4,"gold_loss":0},{"damage_healed":0,"gold_gain":0,"player_choice":"Ignored","damage_taken":0,"max_hp_gain":0,"max_hp_loss":0,"event_name":"Vampires","floor":19,"gold_loss":0}],"is_beta":false,"boss_relics":[{"not_picked":["Velvet Choker","Black Star"],"picked":"Empty Cage"}],"items_purged_floors":[2],"is_endless":false,"potions_floor_spawned":[7,8,12,20],"killed_by":"Slavers","ascension_level":12}}