{"host":"jpcy2bclvs7juczu","time":1609649329,"event":{"mods":["AchievementEnabler","BaseMod","Block Reminder","Colored Powertips","Minty Spire (QoL Compilation)","Quick Restart","Relic Stats","ojb\u0027s Better Paths Mod","ojb\u0027s Info Mod","slay the spire mod where everything is the same but ironclad has a cowboy hat"],"gold_per_floor":[112,124,136,151,151,151,151,181,228,228,281,281,15,39,39,39,39],"floor_reached":16,"playtime":426,"items_purged":[],"score":220,"play_id":"fb396f05-907f-4c4f-8f67-34f1751c7fb1","local_time":"20210103044849","is_ascension_mode":true,"campfire_choices":[{"data":"Bash","floor":6,"key":"SMITH"},{"data":"Evolve","floor":12,"key":"SMITH"},{"data":"Headbutt","floor":15,"key":"SMITH"}],"circlet_count":0,"master_deck":["AscendersBane","Strike_R","Strike_R","Strike_R","Strike_R","Strike_R","Defend_R","Defend_R","Defend_R+1","Defend_R","Bash+1","Perfected Strike+1","Wild Strike+1","Headbutt+1","Reaper","Evolve+1"],"relics":["Burning Blood","NeowsBlessing","Singing Bowl","CeramicFish","Golden Idol","Paper Frog"],"acts_visited":[],"potions_floor_usage":[11],"damage_taken":[{"damage":0,"enemies":"Jaw Worm","floor":1,"turns":1},{"damage":0,"enemies":"2 Louse","floor":2,"turns":1},{"damage":0,"enemies":"Small Slimes","floor":3,"turns":1},{"damage":15,"enemies":"3 Louse","floor":4,"turns":4},{"damage":8,"enemies":"Gremlin Nob","floor":8,"turns":3},{"damage":30,"enemies":"3 Sentries","floor":11,"turns":6},{"damage":12,"enemies":"Large Slime","floor":14,"turns":4},{"damage":39,"enemies":"Hexaghost","floor":16,"turns":7}],"seed_played":"-6196245185676736348","potions_obtained":[{"floor":2,"key":"LiquidMemories"}],"is_trial":false,"path_per_floor":["M","M","M","M","?","R","?","E","T","?","E","R","$","M","R","B"],"character_chosen":"IRONCLAD","items_purchased":["Paper Frog"],"campfire_rested":0,"item_purchase_floors":[13],"current_hp_per_floor":[74,75,75,66,43,43,43,41,41,41,29,29,29,29,29,0,0],"gold":39,"neow_bonus":"THREE_ENEMY_KILL","is_daily":false,"chose_seed":false,"campfire_upgraded":3,"win_rate":0.0,"timestamp":1609649329,"path_taken":["M","M","M","M","?","R","?","E","T","?","E","R","$","M","R","BOSS"],"items_purchased_type":["Relic"],"build_version":"2020-12-22","purchased_purges":0,"victory":false,"max_hp_per_floor":[75,75,75,75,75,75,75,75,75,68,68,68,68,70,70,70,70],"relic_stats":{"Singing Bowl":2,"counters":[8,27],"Golden Idol":14,"CeramicFish":9,"obtain_stats":[{"NeowsBlessing":0,"Singing Bowl":8,"Golden Idol":10,"CeramicFish":9,"Burning Blood":0,"Paper Frog":13},{"NeowsBlessing":0,"Singing Bowl":5,"Golden Idol":5,"CeramicFish":5,"Burning Blood":0,"Paper Frog":6},{"NeowsBlessing":0,"Singing Bowl":10,"Golden Idol":10,"CeramicFish":10,"Burning Blood":0,"Paper Frog":16}],"Burning Blood":31},"card_choices":[{"not_picked":["Iron Wave","Shrug It Off"],"picked":"Perfected Strike","floor":1},{"not_picked":["Bloodletting","Body Slam","Perfected Strike"],"picked":"SKIP","floor":2},{"not_picked":["Intimidate","Rupture"],"picked":"Wild Strike","floor":3},{"not_picked":["Sever Soul","Clash"],"picked":"Headbutt","floor":4},{"not_picked":["True Grit","Anger"],"picked":"Reaper","floor":8},{"not_picked":["Shrug It Off","Clothesline"],"picked":"Evolve","floor":11},{"not_picked":["Headbutt","Inflame","Intimidate"],"picked":"Singing Bowl","floor":14}],"player_experience":293677,"relics_obtained":[{"floor":8,"key":"Singing Bowl"},{"floor":9,"key":"CeramicFish"}],"event_choices":[{"damage_healed":0,"gold_gain":0,"player_choice":"Entered Light","damage_taken":23,"max_hp_gain":0,"max_hp_loss":0,"event_name":"Shining Light","floor":5,"gold_loss":0,"cards_upgraded":["Defend_R","Perfected Strike"]},{"damage_healed":0,"gold_gain":0,"player_choice":"Grow","damage_taken":0,"max_hp_gain":0,"max_hp_loss":0,"event_name":"Living Wall","floor":7,"gold_loss":0,"cards_upgraded":["Wild Strike"]},{"damage_healed":0,"gold_gain":0,"player_choice":"Lose Max HP","damage_taken":0,"relics_obtained":["Golden Idol"],"max_hp_gain":0,"max_hp_loss":7,"event_name":"Golden Idol","floor":10,"gold_loss":0}],"is_beta":false,"boss_relics":[],"items_purged_floors":[],"is_endless":false,"potions_floor_spawned":[2],"killed_by":"Hexaghost","ascension_level":20}}