{"host":"1q1wpq6df472foxy","time":1609649044,"event":{"mods":["BaseMod","DeckTracker","Highlight Path","Minty Spire (QoL Compilation)","Quick Restart","StSLib","SuperFastMode"],"gold_per_floor":[117,135,135,60,10,37,37,37,37,37,69,88,88,88],"floor_reached":13,"playtime":272,"items_purged":["Defend_R"],"score":141,"play_id":"4cdd79b5-cb26-422a-8dc2-a4d0faa3dc1f","local_time":"20210103134404","is_ascension_mode":true,"campfire_choices":[{"floor":7,"key":"REST"},{"floor":10,"key":"REST"}],"circlet_count":0,"master_deck":["AscendersBane","Strike_R","Strike_R","Strike_R","Strike_R","Strike_R","Defend_R","Defend_R","Bash","Blood for Blood","Perfected Strike"],"relics":["Black Star","Kunai","Ancient Tea Set","Centennial Puzzle","Shovel","Dream Catcher","HornCleat"],"acts_visited":["Exordium"],"potions_floor_usage":[13],"damage_taken":[{"damage":7,"enemies":"Small Slimes","floor":1,"turns":4},{"damage":6,"enemies":"Cultist","floor":2,"turns":3},{"damage":39,"enemies":"3 Sentries","floor":6,"turns":7},{"damage":20,"enemies":"Gremlin Nob","floor":11,"turns":4},{"damage":7,"enemies":"Jaw Worm","floor":12,"turns":3},{"damage":50,"enemies":"Lagavulin","floor":13,"turns":7}],"seed_played":"-4090740940709671634","potions_obtained":[{"floor":1,"key":"SmokeBomb"},{"floor":2,"key":"SpeedPotion"},{"floor":6,"key":"Weak Potion"}],"is_trial":false,"path_per_floor":["M","M","?","$","?","E","R","$","T","R","E","M","E"],"character_chosen":"IRONCLAD","items_purchased":[],"campfire_rested":2,"item_purchase_floors":[],"current_hp_per_floor":[65,59,59,59,59,20,44,44,44,68,48,41,0,0],"gold":88,"neow_bonus":"BOSS_RELIC","is_daily":false,"chose_seed":false,"campfire_upgraded":0,"win_rate":0.0,"timestamp":1609649044,"path_taken":["M","M","?","?","?","E","R","$","T","R","E","M","E"],"items_purchased_type":[],"build_version":"2020-12-22","purchased_purges":1,"victory":false,"max_hp_per_floor":[80,80,80,80,80,80,80,80,80,80,80,80,80,80],"card_choices":[{"not_picked":["Seeing Red","Flex"],"picked":"Blood for Blood","floor":1},{"not_picked":["Evolve","Sword Boomerang"],"picked":"Perfected Strike","floor":2},{"not_picked":["Disarm","Pommel Strike","Thunderclap"],"picked":"SKIP","floor":6},{"not_picked":["Juggernaut","Rupture","Twin Strike"],"picked":"SKIP","floor":11},{"not_picked":["Bloodletting","True Grit","Cleave"],"picked":"SKIP","floor":12}],"player_experience":374310,"relics_obtained":[{"floor":6,"key":"Ancient Tea Set"},{"floor":6,"key":"Centennial Puzzle"},{"floor":9,"key":"Shovel"},{"floor":11,"key":"Dream Catcher"},{"floor":11,"key":"HornCleat"}],"event_choices":[{"damage_healed":0,"gold_gain":0,"player_choice":"Gave Potion","damage_taken":0,"relics_obtained":["Kunai"],"max_hp_gain":0,"max_hp_loss":0,"event_name":"WeMeetAgain","floor":3,"gold_loss":0},{"cards_removed":["Defend_R"],"damage_healed":0,"gold_gain":0,"player_choice":"Card Removal","damage_taken":0,"max_hp_gain":0,"max_hp_loss":0,"event_name":"The Cleric","floor":5,"gold_loss":50}],"is_beta":false,"boss_relics":[],"items_purged_floors":[4],"is_endless":false,"potions_floor_spawned":[1,2,6],"killed_by":"Lagavulin","ascension_level":11}}