{"host":"tl8jdqk9pnwb74j1","time":1609677326,"event":{"mods":["BaseMod","BetterRewards","Custom Start","Minty Spire (QoL Compilation)","Shop Mod","StSLib","SuperFastMode"],"gold_per_floor":[117,134,6,81,94,94,113,113,113,113,131,150,115,139,139,139,139],"floor_reached":16,"playtime":423,"items_purged":["Strike_G"],"score":92,"play_id":"2f673d47-df6a-4368-b0ef-5adaced1d053","local_time":"20210103203526","is_ascension_mode":false,"campfire_choices":[{"data":"Deadly Poison","floor":6,"key":"SMITH"},{"data":"Dagger Spray","floor":10,"key":"SMITH"},{"data":"Outmaneuver","floor":15,"key":"SMITH"}],"circlet_count":0,"master_deck":["Strike_G","Strike_G","Strike_G","Strike_G","Defend_G","Defend_G","Defend_G","Defend_G","Defend_G","Survivor","Neutralize","Burst","Slice","Dagger Spray+1","Deadly Poison+1","Cloak And Dagger","Backflip","Outmaneuver","Outmaneuver+1"],"relics":["Ring of the Snake","Letter Opener","Ancient Tea Set","Odd Mushroom"],"acts_visited":["Exordium"],"potions_floor_usage":[],"damage_taken":[{"damage":7,"enemies":"Jaw Worm","floor":1,"turns":7},{"damage":6,"enemies":"Cultist","floor":2,"turns":5},{"damage":2,"enemies":"Small Slimes","floor":5,"turns":3},{"damage":0,"enemies":"3 Louse","floor":7,"turns":2},{"damage":0,"enemies":"Exordium Wildlife","floor":11,"turns":2},{"damage":4,"enemies":"Lots of Slimes","floor":12,"turns":2},{"damage":2,"enemies":"The Mushroom Lair","floor":14,"turns":3},{"damage":49,"enemies":"The Guardian","floor":16,"turns":10}],"seed_played":"8814841880321590645","potions_obtained":[{"floor":2,"key":"Ancient Potion"},{"floor":14,"key":"SpeedPotion"}],"is_trial":false,"path_per_floor":["M","M","$","?","M","R","M","?","T","R","M","M","?","?","R","B"],"character_chosen":"THE_SILENT","items_purchased":["Deadly Poison"],"campfire_rested":0,"item_purchase_floors":[3],"current_hp_per_floor":[56,50,50,44,42,42,42,35,35,35,35,31,46,44,44,0,0],"gold":139,"neow_bonus":"THREE_RARE_CARDS","is_daily":false,"chose_seed":false,"campfire_upgraded":3,"win_rate":0.0,"timestamp":1609677326,"path_taken":["M","M","$","?","?","R","M","?","T","R","M","M","?","?","R","BOSS"],"items_purchased_type":["Card"],"build_version":"2020-12-22","purchased_purges":1,"victory":false,"max_hp_per_floor":[63,63,63,63,63,63,63,63,63,63,63,63,63,63,63,63,63],"card_choices":[{"not_picked":["Tools of the Trade","Storm of Steel"],"picked":"Burst","floor":0},{"not_picked":["Flying Knee","Finisher"],"picked":"Slice","floor":1},{"not_picked":["Sucker Punch","Underhanded Strike"],"picked":"Dagger Spray","floor":2},{"not_picked":["Prepared","Blur"],"picked":"Cloak And Dagger","floor":5},{"not_picked":["Prepared","Outmaneuver"],"picked":"Backflip","floor":7},{"not_picked":["Expertise","Quick Slash","Blade Dance"],"picked":"SKIP","floor":11},{"not_picked":["Slice","Doppelganger"],"picked":"Outmaneuver","floor":12},{"not_picked":["Underhanded Strike","Backflip"],"picked":"Outmaneuver","floor":14}],"player_experience":961732,"relics_obtained":[{"floor":9,"key":"Ancient Tea Set"},{"floor":14,"key":"Odd Mushroom"}],"event_choices":[{"damage_healed":0,"gold_gain":75,"player_choice":"Touch","damage_taken":6,"max_hp_gain":0,"max_hp_loss":0,"event_name":"FaceTrader","floor":4,"gold_loss":0},{"damage_healed":0,"gold_gain":0,"player_choice":"Success","damage_taken":7,"relics_obtained":["Letter Opener"],"max_hp_gain":0,"max_hp_loss":0,"event_name":"Scrap Ooze","floor":8,"gold_loss":0},{"damage_healed":15,"gold_gain":0,"player_choice":"Healed","damage_taken":0,"max_hp_gain":0,"max_hp_loss":0,"event_name":"The Cleric","floor":13,"gold_loss":35},{"damage_healed":0,"gold_gain":0,"player_choice":"Fought Mushrooms","damage_taken":0,"max_hp_gain":0,"max_hp_loss":0,"event_name":"Mushrooms","floor":14,"gold_loss":0}],"is_beta":false,"boss_relics":[],"items_purged_floors":[3],"is_endless":false,"potions_floor_spawned":[2,14],"killed_by":"The Guardian","ascension_level":0}}