{"host":"8hy8aczuekhxmmq8","time":1609667524,"event":{"mods":["Act Like it!","BaseMod","Colored Map","Colored Powertips","DeckTracker","Gensokyo","Marisa£¨Ùöéë¡¡Øª×âÞÞ£©","Minty Spire (QoL Compilation)","Quick Restart","StSLib","SuperFastMode"],"gold_per_floor":[110,110,110,110,110,110,516,516,516,147,181,195,295,79,79,79,79],"floor_reached":16,"playtime":349,"items_purged":["Strike_MRS"],"score":161,"play_id":"39a2ef70-2cf3-4d55-8b69-24dd48d5ad43","local_time":"20210103185204","is_ascension_mode":true,"campfire_choices":[{"data":"MilkyWay","floor":6.0,"key":"SMITH"},{"data":"CasketOfStar","floor":8.0,"key":"SMITH"},{"data":"UpSweep","floor":15.0,"key":"SMITH"}],"circlet_count":0,"master_deck":["Strike_MRS","Strike_MRS","Strike_MRS","Defend_MRS","Defend_MRS","Defend_MRS","Defend_MRS","MasterSpark","UpSweep+1","MilkyWay+1","Pain","CasketOfStar+1","DoubleSpark","Gensokyo:ScrapIron","Gensokyo:BlemishedSteel","Gensokyo:Shovel","Gensokyo:DepletedGenerator"],"relics":["MiniHakkero","NeowsBlessing","Kunai","Gensokyo:LunaticRedEyes","Gensokyo:OccultBall","Letter Opener","Pear","Turnip","Bottled Tornado"],"acts_visited":["Exordium"],"potions_floor_usage":[],"damage_taken":[{"damage":0.0,"enemies":"Gensokyo:Gryphon","floor":1.0,"turns":1.0},{"damage":40.0,"enemies":"Gensokyo:Mamizou","floor":7.0,"turns":2.0},{"damage":0.0,"enemies":"Gensokyo:Aya","floor":11.0,"turns":1.0},{"damage":6.0,"enemies":"Gensokyo:Python","floor":12.0,"turns":3.0},{"damage":39,"enemies":"Gensokyo:Yukari","floor":16,"turns":10}],"seed_played":"-3484455350331683454","potions_obtained":[{"floor":12.0,"key":"Ancient Potion"}],"is_trial":false,"path_per_floor":["M","T","?","?","?","R","E","R","T","$","E","M","?","COS","R","B"],"character_chosen":"MARISA","items_purchased":["Turnip"],"campfire_rested":0,"item_purchase_floors":[10],"current_hp_per_floor":[75,75,75,75,75,75,35,35,45,45,45,39,39,39,39,0,0],"gold":79,"neow_bonus":"THREE_ENEMY_KILL","is_daily":false,"chose_seed":false,"campfire_upgraded":3,"win_rate":0.0,"timestamp":1609667524,"path_taken":["M","?","?","?","?","R","E","R","T","$","E","?","?","COS","R","BOSS"],"items_purchased_type":["Relic"],"build_version":"2020-12-22","purchased_purges":1,"victory":false,"max_hp_per_floor":[75,75,75,75,75,75,75,75,85,85,85,85,85,85,85,85,85],"card_choices":[{"not_picked":["NonDirectionalLaser","DoubleSpark"],"picked":"MilkyWay","floor":1.0},{"not_picked":["NonDirectionalLaser","GravityBeat"],"picked":"WitchOfGreed","floor":4.0},{"not_picked":["GasGiant","Singularity"],"picked":"CasketOfStar","floor":7.0},{"not_picked":["Orbital","UnstableBomb"],"picked":"DoubleSpark","floor":11.0},{"not_picked":["Robbery","IllusionStar","BlazeAway"],"picked":"SKIP","floor":12.0}],"player_experience":65021,"relics_obtained":[{"floor":2.0,"key":"Kunai"},{"floor":7.0,"key":"Letter Opener"},{"floor":9.0,"key":"Pear"},{"floor":11.0,"key":"Bottled Tornado"}],"event_choices":[],"is_beta":false,"boss_relics":[],"items_purged_floors":[10],"is_endless":false,"potions_floor_spawned":[12],"killed_by":"Gensokyo:Yukari","ascension_level":1}}