{"host":"ryuep8ewa00k39z9","time":1609634475,"event":{"mods":["AchievementEnabler","BaseMod","Best Route Mod","Colored Map","Colored Powertips","Displayed Cursed Tome","Highlight Path","Minty Spire (QoL Compilation)","Quick Restart","SuperFastMode"],"gold_per_floor":[109,109,127,140,140,140,154,154,205,205,205,58,58,86,86,189,189,206,106,106,381,381,416,416,173,173,204,223,223,255,10,10,113,113,128,178,197,197,32,62,62,74,74,74,74,74],"floor_reached":45,"playtime":1708,"items_purged":["Pain","Shame","Regret","Parasite"],"score":737,"play_id":"4555e91a-6525-423b-9d7a-49c3ba879029","local_time":"20210102184115","is_ascension_mode":true,"campfire_choices":[{"floor":6.0,"key":"RECALL"},{"data":"Lockon","floor":8.0,"key":"SMITH"},{"data":"Dualcast","floor":11.0,"key":"SMITH"},{"data":"Doom and Gloom","floor":13.0,"key":"SMITH"},{"data":"Conserve Battery","floor":15.0,"key":"SMITH"},{"floor":24.0,"key":"REST"},{"data":"Biased Cognition","floor":29.0,"key":"SMITH"},{"data":"Melter","floor":32.0,"key":"SMITH"},{"floor":41.0,"key":"REST"},{"data":"Meteor Strike","floor":44.0,"key":"SMITH"}],"circlet_count":0,"master_deck":["Defend_B","Defend_B","Dualcast+1","Lockon+1","Doom and Gloom+1","Conserve Battery+1","Biased Cognition+1","BootSequence+1","FTL+1","Ball Lightning+1","Bite","Bite","Bite","Bite","Bite","Undo","Ball Lightning","Melter+1","Meteor Strike+1","Capacitor+1","Beam Cell+1","Consume","Amplify","Capacitor","Clumsy"],"relics":["Cursed Key","MealTicket","Juzu Bracelet","WarpedTongs","Turnip","Astrolabe","Torii","CaptainsWheel","Pen Nib","Red Mask","Membership Card","Empty Cage","TungstenRod","Lee\u0027s Waffle","Orichalcum","White Beast Statue"],"acts_visited":["Exordium","TheCity","TheBeyond"],"potions_floor_usage":[],"damage_taken":[{"damage":1.0,"enemies":"Cultist","floor":1.0,"turns":3.0},{"damage":2.0,"enemies":"Jaw Worm","floor":3.0,"turns":3.0},{"damage":0.0,"enemies":"Small Slimes","floor":4.0,"turns":3.0},{"damage":0.0,"enemies":"Exordium Thugs","floor":7.0,"turns":4.0},{"damage":0.0,"enemies":"Gremlin Nob","floor":14.0,"turns":2.0},{"damage":17.0,"enemies":"The Guardian","floor":16.0,"turns":8.0},{"damage":6.0,"enemies":"Spheric Guardian","floor":18.0,"turns":3.0},{"damage":31.0,"enemies":"Slavers","floor":23.0,"turns":4.0},{"damage":0.0,"enemies":"Gremlin Leader","floor":27.0,"turns":5.0},{"damage":0.0,"enemies":"Chosen","floor":28.0,"turns":4.0},{"damage":1.0,"enemies":"Masked Bandits","floor":30.0,"turns":3.0},{"damage":28.0,"enemies":"Champ","floor":33.0,"turns":8.0},{"damage":14.0,"enemies":"3 Darklings","floor":35.0,"turns":4.0},{"damage":0.0,"enemies":"Mind Bloom Boss Battle","floor":36.0,"turns":5.0},{"damage":0.0,"enemies":"Orb Walker","floor":37.0,"turns":3.0},{"damage":55.0,"enemies":"Giant Head","floor":40.0,"turns":7.0},{"damage":11.0,"enemies":"Sphere and 2 Shapes","floor":42.0,"turns":3.0},{"damage":26,"enemies":"4 Shapes","floor":45,"turns":4}],"seed_played":"-8442956559847431272","potions_obtained":[{"floor":3.0,"key":"SneckoOil"},{"floor":16.0,"key":"SpeedPotion"},{"floor":23.0,"key":"Swift Potion"},{"floor":33.0,"key":"AttackPotion"},{"floor":37.0,"key":"PowerPotion"},{"floor":38.0,"key":"EssenceOfDarkness"}],"is_trial":false,"path_per_floor":["M","?","M","M","?","R","M","R","T","?","R","$","R","E","R","B",null,"M","$","?","?","?","E","R","$","T","E","M","R","?","$","R","B",null,"M","?","M","?","$","E","R","M","T","R","M"],"character_chosen":"DEFECT","items_purchased":["Doom and Gloom","Undo","AttackPotion","Membership Card","Melter","Consume","Lee\u0027s Waffle","Fruit Juice"],"campfire_rested":2,"item_purchase_floors":[12,25,25,31,31,39,39,39],"current_hp_per_floor":[67,55,53,53,75,75,75,75,75,75,75,75,75,75,75,58,71,65,75,52,52,52,30,45,52,52,52,52,52,52,49,49,29,44,35,49,49,49,61,6,24,17,17,17,0,0],"gold":74,"neow_bonus":"BOSS_RELIC","is_daily":false,"chose_seed":false,"campfire_upgraded":7,"win_rate":0.0,"timestamp":1609634475,"path_taken":["M","?","M","M","?","R","M","R","T","?","R","$","R","E","R","BOSS","M","$","?","?","?","E","R","$","T","E","M","R","?","?","R","BOSS","M","?","M","?","$","E","R","M","T","R","M"],"items_purchased_type":["Card","Card","Potion","Relic","Card","Card","Relic","Potion"],"build_version":"2020-12-22","purchased_purges":4,"victory":false,"max_hp_per_floor":[75,75,75,75,75,75,75,75,75,75,75,75,75,75,75,75,75,75,75,52,52,52,52,52,52,52,52,52,52,52,49,49,49,49,49,49,49,49,61,61,61,61,61,61,61,61],"card_choices":[{"not_picked":["Steam","Barrage","Sweeping Beam"],"picked":"SKIP","floor":1.0},{"not_picked":["Loop","Steam","Force Field"],"picked":"SKIP","floor":3.0},{"not_picked":["Compile Driver","Gash","Stack"],"picked":"SKIP","floor":4.0},{"not_picked":["Steam Power","Gash"],"picked":"Lockon","floor":7.0},{"not_picked":["Hologram","Steam Power"],"picked":"Conserve Battery","floor":14.0},{"not_picked":["Thunder Strike","Hyperbeam"],"picked":"Biased Cognition","floor":16.0},{"not_picked":["Sweeping Beam","Storm","Steam"],"picked":"SKIP","floor":18.0},{"not_picked":["Steam Power","Creative AI","Static Discharge+1"],"picked":"SKIP","floor":23.0},{"not_picked":["Consume","Streamline","Sweeping Beam"],"picked":"SKIP","floor":27.0},{"not_picked":["Reprogram+1","White Noise"],"picked":"Ball Lightning","floor":28.0},{"not_picked":["Hyperbeam","Reboot"],"picked":"Meteor Strike","floor":33.0},{"not_picked":["Static Discharge","Gash+1"],"picked":"Capacitor+1","floor":35.0},{"not_picked":["Leap","Reinforced Body+1"],"picked":"Beam Cell+1","floor":37.0},{"not_picked":["Ball Lightning+1","Storm+1"],"picked":"Amplify","floor":40.0},{"not_picked":["Redo+1","Hologram+1"],"picked":"Capacitor","floor":42.0}],"player_experience":3752742,"relics_obtained":[{"floor":9.0,"key":"Juzu Bracelet"},{"floor":14.0,"key":"Turnip"},{"floor":23.0,"key":"Torii"},{"floor":26.0,"key":"CaptainsWheel"},{"floor":27.0,"key":"Pen Nib"},{"floor":30.0,"key":"Red Mask"},{"floor":36.0,"key":"TungstenRod"},{"floor":40.0,"key":"Orichalcum"},{"floor":43.0,"key":"White Beast Statue"}],"event_choices":[{"damage_healed":0.0,"max_hp_gain":0.0,"max_hp_loss":0.0,"gold_gain":0.0,"event_name":"Scrap Ooze","player_choice":"Success","floor":2.0,"gold_loss":0.0,"damage_taken":12.0,"relics_obtained":["MealTicket"]},{"damage_healed":22.0,"max_hp_gain":0.0,"max_hp_loss":0.0,"gold_gain":0.0,"event_name":"Wheel of Change","player_choice":"Full Heal","floor":5.0,"gold_loss":0.0,"damage_taken":0.0},{"damage_healed":0.0,"max_hp_gain":0.0,"max_hp_loss":0.0,"gold_gain":0.0,"event_name":"Accursed Blacksmith","player_choice":"Rummage","floor":10.0,"gold_loss":0.0,"damage_taken":0.0,"relics_obtained":["WarpedTongs"],"cards_obtained":["Pain"]},{"damage_healed":0.0,"max_hp_gain":0.0,"max_hp_loss":23.0,"gold_gain":0.0,"event_name":"Vampires","player_choice":"Became a vampire","floor":20.0,"gold_loss":0.0,"damage_taken":0.0,"cards_obtained":["Bite","Bite","Bite","Bite","Bite"]},{"damage_healed":0.0,"max_hp_gain":0.0,"max_hp_loss":0.0,"gold_gain":275.0,"event_name":"Golden Shrine","player_choice":"Desecrate","floor":21.0,"gold_loss":0.0,"damage_taken":0.0,"cards_obtained":["Regret"]},{"damage_healed":0.0,"max_hp_gain":0.0,"max_hp_loss":0.0,"gold_gain":0.0,"event_name":"Cursed Tome","player_choice":"Ignored","floor":22.0,"gold_loss":0.0,"damage_taken":0.0},{"damage_healed":0.0,"max_hp_gain":0.0,"max_hp_loss":0.0,"gold_gain":0.0,"event_name":"Masked Bandits","player_choice":"Fought Bandits","floor":30.0,"gold_loss":0.0,"damage_taken":0.0},{"damage_healed":0.0,"max_hp_gain":0.0,"max_hp_loss":0.0,"gold_gain":0.0,"event_name":"MindBloom","player_choice":"Fight","floor":36.0,"gold_loss":0.0,"damage_taken":0.0},{"damage_healed":0.0,"max_hp_gain":0.0,"max_hp_loss":0.0,"gold_gain":0.0,"event_name":"Lab","player_choice":"Got Potions","floor":38.0,"gold_loss":0.0,"damage_taken":0.0}],"is_beta":false,"boss_relics":[{"not_picked":["Inserter","Tiny House"],"picked":"Astrolabe"},{"not_picked":["Velvet Choker","Philosopher\u0027s Stone"],"picked":"Empty Cage"}],"items_purged_floors":[12,19,25,31],"is_endless":false,"potions_floor_spawned":[3,16,23,33,37],"killed_by":"4 Shapes","ascension_level":6}}