{"host":"uoq8e77duj6rs50g","time":1609703667,"event":{"mods":["BaseMod","Better Match","Better Note","Better Third Choice","BetterRewards","Block Reminder","ChefMod","Curses Come First","Hermit","Hubris","Ironclad Rager","Minty Spire (QoL Compilation)","Relic Stats","Replay The Spire","Shade Mod","StSLib","The Blue Laboratory","The Cursed","The Dragon Tamer","The Exalted","The Judge","The Runesmith","The Servant 0.9.4"],"gold_per_floor":[110,35,54,54,54,86,55,89,165,179,198,198,373,403,403,506,506,517,517,517,363,378,411,427,459,459,459,472,486,91,6,6,101,101,116,77,77,89,101,128,138,155,179,195,214,264,35,48,48,48],"floor_reached":51,"playtime":4999,"items_purged":["Strike_S"],"score":876,"play_id":"f928ed67-5e41-4386-a397-4afc4c505938","local_time":"20210103145427","is_ascension_mode":true,"campfire_choices":[{"floor":12.0,"key":"REST"},{"data":"Doubt","floor":15.0,"key":"PURGE"},{"floor":27,"key":"REST"},{"data":"Reset","floor":32,"key":"SMITH"},{"floor":49,"key":"DIG"}],"circlet_count":0,"master_deck":["Strike_S","Strike_S","Strike_S","Defend_S","Defend_S","Defend_S","KidneyShot","Exchange","Unruled","BottledTime","Unruled","Solidify","DoubleEdge","Defy","Spin+1","Sunlight","Luminosity","SurpressingFire","ReplayTheSpireMod:Private Reserves","Moondial+1","BottledTime","SurpressingFire+1","Ricochet","FastForward","Rearm+1","BestPractice","Reset+1","FloweringNight","SpecialFormula","Luminosity","Potential","Starlight+1","ShiftingGears+1","TimeTheft+1","Defy+1","SilverBlades","SilverBlades","Gouge","Hightail+1"],"relics":["Uniform","NeowsBlessing","Blood Vial","hubris:Reverence","betterThird:SlimedRelic","hubris:PeanutButter","Replay:Ringing Soul","Replay:Rubber Ducky","Ring of Chaos","Omamori","Tiny Chest","Bromod:ArcaneVictory","Mercury Hourglass","hubris:Potato","Philosopher\u0027s Stone","hubris:Towel","Anchor","Potion Belt","Bromod:ArcaneFury","Membership Card","Akabeko"],"acts_visited":["Exordium","TheCity","TheBeyond"],"potions_floor_usage":[23,24,38,42],"damage_taken":[{"damage":0.0,"enemies":"Cultist","floor":1.0,"turns":1.0},{"damage":0.0,"enemies":"Small Slimes","floor":3.0,"turns":1.0},{"damage":0.0,"enemies":"Gremlin Nob","floor":6.0,"turns":1.0},{"damage":12.0,"enemies":"Replay:BlueRogue","floor":8.0,"turns":10.0},{"damage":0.0,"enemies":"Jaw Worm","floor":10.0,"turns":4.0},{"damage":0.0,"enemies":"Large Slime","floor":11.0,"turns":3.0},{"damage":10.0,"enemies":"Lagavulin","floor":14.0,"turns":9.0},{"damage":15.0,"enemies":"The Guardian","floor":16.0,"turns":12.0},{"damage":7.0,"enemies":"Chosen","floor":18.0,"turns":5.0},{"damage":11,"enemies":"2 Thieves","floor":22,"turns":3},{"damage":30,"enemies":"Book of Stabbing","floor":23,"turns":7},{"damage":0,"enemies":"Cultist and Chosen","floor":24,"turns":7},{"damage":24,"enemies":"Slavers","floor":25,"turns":6},{"damage":0,"enemies":"Snake Plant","floor":28,"turns":4},{"damage":0,"enemies":"Centurion and Healer","floor":29,"turns":5},{"damage":34,"enemies":"Automaton","floor":33,"turns":12},{"damage":0,"enemies":"3 Darklings","floor":35,"turns":3},{"damage":0,"enemies":"Orb Walker","floor":38,"turns":3},{"damage":4,"enemies":"Transient","floor":39,"turns":5},{"damage":0,"enemies":"Giant Head","floor":40,"turns":8},{"damage":0,"enemies":"Sphere and 2 Shapes","floor":41,"turns":4},{"damage":7,"enemies":"Jaw Worm Horde","floor":42,"turns":5},{"damage":0,"enemies":"4 Shapes","floor":44,"turns":4},{"damage":2,"enemies":"3 Darklings","floor":45,"turns":3},{"damage":43,"enemies":"Mind Bloom Boss Battle","floor":46,"turns":5},{"damage":3,"enemies":"Jaw Worm Horde","floor":48,"turns":3},{"damage":2,"enemies":"Time Eater","floor":50,"turns":13}],"seed_played":"3972289029943764145","potions_obtained":[{"floor":1.0,"key":"GamblersBrew"},{"floor":3.0,"key":"Milkshake"},{"floor":10.0,"key":"blueLaboratory:HummingbirdPotion"},{"floor":16.0,"key":"blueLaboratory:NullPotion"},{"floor":28,"key":"blueLaboratory:HummingbirdPotion"},{"floor":33,"key":"Swift Potion"},{"floor":39,"key":"blueLaboratory:BottleOfRum"},{"floor":40,"key":"Toxic Potion"},{"floor":42,"key":"SteroidPotion"},{"floor":45,"key":"blueLaboratory:HorrorPotion"},{"floor":48,"key":"Block Potion"}],"is_trial":false,"path_per_floor":["M","$","M","$","?","E","?","E","T","M","M","R","?","E","R","B",null,"M","?","?","$","M","E","M","E","T","R","M","M","$","?","R","B",null,"M","$","?","M","M","E","M","M","T","M","M","?","$","M","R","B",null],"character_chosen":"THE_SERVANT","items_purchased":["SurpressingFire","ReplayTheSpireMod:Private Reserves","BestPractice","Reset","Mercury Hourglass","Luminosity","Membership Card","SilverBlades","Gouge"],"campfire_rested":2,"item_purchase_floors":[21,21,30,30,30,36,47,47,47],"current_hp_per_floor":[65,65,65,65,40,42,31,21,21,26,31,52,55,50,50,40,80,76,76,76,79,73,48,53,34,34,63,69,76,79,79,79,53,110,113,116,116,119,122,125,128,127,127,134,134,100,103,108,108,114],"gold":48,"neow_bonus":"THREE_ENEMY_KILL","is_daily":false,"chose_seed":false,"campfire_upgraded":1,"win_rate":0.0,"timestamp":1609703667,"path_taken":["M","$","M","$","?","E","?","E","T","?","M","R","?","E","R","BOSS","M","?","?","$","M","E","M","E","T","R","M","M","$","?","R","BOSS","M","$","?","M","M","E","M","M","T","M","M","?","$","M","R","BOSS"],"items_purchased_type":["Card","Card","Card","Card","Relic","Card","Relic","Card","Card"],"build_version":"2020-12-22","purchased_purges":1,"victory":true,"max_hp_per_floor":[65,65,65,65,65,65,65,65,65,68,71,71,74,77,77,80,80,83,83,83,86,89,92,95,98,98,98,101,104,107,107,107,110,110,113,116,116,119,122,125,128,131,131,134,134,134,137,140,140,140],"relic_stats":{"Blood Vial":32,"counters":[27,146],"Tiny Chest":0,"obtain_stats":[{"Potion Belt":43,"NeowsBlessing":0,"Bromod:ArcaneVictory":26,"Ring of Chaos":17,"Uniform":0,"Omamori":23,"hubris:Towel":37,"Akabeko":49,"Replay:Rubber Ducky":14,"Mercury Hourglass":30,"Blood Vial":5,"Replay:Ringing Soul":9,"Anchor":40,"betterThird:SlimedRelic":7,"hubris:PeanutButter":8,"Tiny Chest":25,"Philosopher\u0027s Stone":34,"Membership Card":47,"hubris:Potato":31,"hubris:Reverence":6,"Bromod:ArcaneFury":46},{"Potion Belt":22,"NeowsBlessing":0,"Bromod:ArcaneVictory":13,"Ring of Chaos":8,"Uniform":0,"Omamori":11,"hubris:Towel":17,"Akabeko":26,"Replay:Rubber Ducky":7,"Mercury Hourglass":15,"Blood Vial":2,"Replay:Ringing Soul":4,"Anchor":20,"betterThird:SlimedRelic":3,"hubris:PeanutButter":4,"Tiny Chest":13,"Philosopher\u0027s Stone":16,"Membership Card":25,"hubris:Potato":15,"hubris:Reverence":3,"Bromod:ArcaneFury":25},{"Potion Belt":118,"NeowsBlessing":0,"Bromod:ArcaneVictory":69,"Ring of Chaos":41,"Uniform":0,"Omamori":56,"hubris:Towel":93,"Akabeko":133,"Replay:Rubber Ducky":29,"Mercury Hourglass":78,"Blood Vial":2,"Replay:Ringing Soul":13,"Anchor":109,"betterThird:SlimedRelic":3,"hubris:PeanutButter":13,"Tiny Chest":69,"Philosopher\u0027s Stone":90,"Membership Card":130,"hubris:Potato":78,"hubris:Reverence":3,"Bromod:ArcaneFury":130}],"Mercury Hourglass":[258]},"card_choices":[{"not_picked":["Rearm","Potential"],"picked":"Unruled","floor":1.0},{"not_picked":["Potential","Snipe"],"picked":"BottledTime","floor":3.0},{"not_picked":["Replace","Alleviate"],"picked":"Unruled","floor":6.0},{"not_picked":["ShiftingGears","Unruled"],"picked":"Solidify","floor":8.0},{"not_picked":["SpecialFormula","Defy"],"picked":"DoubleEdge","floor":10.0},{"not_picked":["Replace","Deny"],"picked":"Defy","floor":11.0},{"not_picked":["Sabotage","Revamp"],"picked":"Spin","floor":14.0},{"not_picked":["ForgedInTime","SoulSculpture"],"picked":"Sunlight","floor":16.0},{"not_picked":["Revamp","WasteNot"],"picked":"Luminosity","floor":18.0},{"not_picked":["Starlight+1","Spin"],"picked":"Moondial+1","floor":22},{"not_picked":["Deadline","Foresight+1"],"picked":"BottledTime","floor":23},{"not_picked":["Collapse","DualDimension"],"picked":"SurpressingFire+1","floor":24},{"not_picked":["Unruled+1","Shuttle+1"],"picked":"Ricochet","floor":25},{"not_picked":["Alleviate","Rewind"],"picked":"FastForward","floor":28},{"not_picked":["Moondial+1","Potential"],"picked":"Rearm+1","floor":29},{"not_picked":["TrueSight","PendulumOfEternity"],"picked":"FloweringNight","floor":33},{"not_picked":["Alleviate","Rearm"],"picked":"SpecialFormula","floor":35},{"not_picked":["ReturningBlade","SurpressingFire"],"picked":"Potential","floor":38},{"not_picked":["Shuttle+1","BottledTime"],"picked":"Starlight+1","floor":39},{"not_picked":["Defy","Ricochet"],"picked":"ShiftingGears+1","floor":40},{"not_picked":["Reset+1","BestPractice+1"],"picked":"TimeTheft+1","floor":41},{"not_picked":["Alleviate","Potential"],"picked":"Defy+1","floor":42},{"not_picked":["Replace","DoubleEdge+1"],"picked":"SilverBlades","floor":44},{"not_picked":["Foresight+1","Comet","Initiator"],"picked":"SKIP","floor":45},{"not_picked":["Revamp+1","Luminosity"],"picked":"Hightail+1","floor":48}],"player_experience":363738,"relics_obtained":[{"floor":6.0,"key":"hubris:Reverence"},{"floor":8.0,"key":"hubris:PeanutButter"},{"floor":9.0,"key":"Replay:Ringing Soul"},{"floor":14.0,"key":"Replay:Rubber Ducky"},{"floor":23,"key":"Omamori"},{"floor":25,"key":"Tiny Chest"},{"floor":26,"key":"Bromod:ArcaneVictory"},{"floor":40,"key":"Anchor"},{"floor":43,"key":"Potion Belt"},{"floor":46,"key":"Bromod:ArcaneFury"},{"floor":49,"key":"Akabeko"}],"event_choices":[{"damage_healed":0.0,"max_hp_gain":0.0,"max_hp_loss":0.0,"gold_gain":0.0,"event_name":"betterThird:BetterScrap","player_choice":"Relic ","floor":5.0,"gold_loss":0.0,"damage_taken":25.0,"cards_obtained":["Hello World"]},{"damage_healed":0.0,"max_hp_gain":0.0,"max_hp_loss":0.0,"gold_gain":0.0,"event_name":"betterThird:BetterGoop","player_choice":"Slimed","floor":7.0,"gold_loss":31.0,"damage_taken":11.0},{"damage_healed":0.0,"max_hp_gain":0.0,"max_hp_loss":0.0,"gold_gain":175.0,"event_name":"betterThird:BetterSerpent","player_choice":"AGREE","floor":13.0,"gold_loss":0.0,"damage_taken":198.0},{"cards_removed":["Defend_S"],"damage_healed":0,"gold_gain":0,"player_choice":"Elegance","damage_taken":0,"max_hp_gain":0,"max_hp_loss":0,"event_name":"betterThird:BetterWriting","floor":19,"gold_loss":0},{"damage_healed":0,"gold_gain":0,"player_choice":"Obtained Relic","damage_taken":0,"relics_obtained":["hubris:Potato"],"max_hp_gain":0,"max_hp_loss":0,"event_name":"Addict","floor":31,"gold_loss":85},{"damage_healed":0,"gold_gain":0,"player_choice":"Fight","damage_taken":0,"max_hp_gain":0,"max_hp_loss":0,"event_name":"MindBloom","floor":46,"gold_loss":0}],"is_beta":false,"boss_relics":[{"not_picked":["Calling Bell","Painkiller Herb"],"picked":"Ring of Chaos"},{"not_picked":["Snecko Eye","SplendidAttire"],"picked":"Philosopher\u0027s Stone"}],"items_purged_floors":[2],"is_endless":false,"potions_floor_spawned":[1,3,10,16,22,28,33,39,40,42,45,48],"ascension_level":1}}