{"host":"Ceyx","time":1609700722,"event":{"mods":["BaseMod","Beaked The Cultist","BetterRewards","Conspire","Downfall","Hubris","Minty Spire (QoL Compilation)","StSLib","The Jungle"],"gold_per_floor":[109,121,138,138,150,184,197,197,271,271,271,281,298,312,312,413,413,428,439,210,210,228,228,228,228,228,228,228],"floor_reached":27,"playtime":1478,"items_purged":["conspire:GhostlyStrike"],"score":269,"play_id":"aead5b38-2faa-4181-9344-3d2732521b9b","local_time":"20210104020522","is_ascension_mode":false,"campfire_choices":[{"data":"beaked:Ceremony","floor":10,"key":"SMITH"},{"data":"beaked:Ceremony","floor":15,"key":"SMITH"},{"data":"Forethought","floor":23,"key":"SMITH"},{"data":"beaked:Brace","floor":25,"key":"SMITH"}],"circlet_count":0,"master_deck":["conspire:GhostlyStrike","conspire:GhostlyStrike","conspire:GhostlyStrike+1","conspire:GhostlyStrike","conspire:GhostlyDefend","conspire:GhostlyDefend+1","conspire:GhostlyDefend","conspire:GhostlyDefend","beaked:Ceremony+1","beaked:Ceremony+1","beaked:Ceremony","beaked:Brace+1","beaked:MimicWarrior","beaked:SacrificialScars","beaked:Windmill","Forethought+1","beaked:MachineSpirit+1","beaked:Recite","beaked:RitualOfBody+1","beaked:WarriorEssence+1","beaked:Insight+1"],"relics":["beaked:MendingPlumage","NeowsBlessing","Bronze Scales","Blue Candle","Coffee Dripper","hubris:HerbalPaste","Blood Vial"],"acts_visited":["Exordium","TheCity"],"potions_floor_usage":[6,12,12,24,24,24],"damage_taken":[{"damage":0,"enemies":"Cultist","floor":1,"turns":1},{"damage":0,"enemies":"Jaw Worm","floor":2,"turns":1},{"damage":0,"enemies":"Small Slimes","floor":3,"turns":1},{"damage":32,"enemies":"3 Louse","floor":5,"turns":6},{"damage":17,"enemies":"Gremlin Nob","floor":6,"turns":4},{"damage":32,"enemies":"Exordium Wildlife","floor":7,"turns":5},{"damage":11,"enemies":"Lots of Slimes","floor":12,"turns":6},{"damage":18,"enemies":"Blue Slaver","floor":13,"turns":4},{"damage":18,"enemies":"3 Louse","floor":14,"turns":5},{"damage":41,"enemies":"Slime Boss","floor":16,"turns":7},{"damage":6,"enemies":"3 Byrds","floor":18,"turns":4},{"damage":60,"enemies":"2 Thieves","floor":19,"turns":5},{"damage":32,"enemies":"3 Cultists","floor":22,"turns":5},{"damage":19,"enemies":"Sentry and Sphere","floor":24,"turns":3},{"damage":60,"enemies":"Cultist and Chosen","floor":27,"turns":6}],"seed_played":"-4490192296163372529","potions_obtained":[{"floor":1,"key":"beaked:MendingBrew"},{"floor":3,"key":"conspire:TimeTravelPotion"},{"floor":5,"key":"Guardian:BlockOnCardUsePotion"},{"floor":14,"key":"SmokeBomb"},{"floor":19,"key":"Swift Potion"},{"floor":22,"key":"Energy Potion"}],"is_trial":false,"path_per_floor":["M","M","M","?","M","E","M","?","T","R","?","M","M","M","R","B",null,"M","M","$","?","M","R","M","R","T","M"],"character_chosen":"BEAKED_THE_CULTIST","items_purchased":["hubris:HerbalPaste"],"campfire_rested":0,"item_purchase_floors":[20],"current_hp_per_floor":[50,50,50,50,30,37,19,9,9,9,9,42,46,48,48,31,58,54,11,11,11,19,19,30,30,30,0,0],"gold":228,"neow_bonus":"THREE_ENEMY_KILL","is_daily":false,"chose_seed":false,"campfire_upgraded":4,"win_rate":0.0,"timestamp":1609700722,"path_taken":["M","M","?","?","M","E","M","?","T","R","?","M","?","M","R","BOSS","M","M","?","?","M","R","M","R","T","M"],"items_purchased_type":["Relic"],"build_version":"2020-12-18","purchased_purges":1,"victory":false,"max_hp_per_floor":[50,50,50,50,50,50,52,52,52,52,52,54,54,56,56,58,58,60,62,62,62,62,62,62,62,62,64,64],"card_choices":[{"not_picked":["beaked:SacrificialAttack","beaked:Poke","beaked:SurvivalInstinct"],"picked":"SKIP","floor":1},{"not_picked":["beaked:FeelMyPain","beaked:Redirect"],"picked":"beaked:Brace","floor":2},{"not_picked":["beaked:Molting","beaked:Redirect","beaked:Hexing"],"picked":"SKIP","floor":3},{"not_picked":["beaked:Tradeoff","beaked:Resilience"],"picked":"beaked:MimicWarrior","floor":5},{"not_picked":["beaked:MimicWarrior","beaked:Daydream"],"picked":"beaked:SacrificialScars","floor":6},{"not_picked":["beaked:WarriorEssence","beaked:Resilience"],"picked":"beaked:Windmill","floor":7},{"not_picked":["beaked:CursingBlood","beaked:DigDeeper"],"picked":"beaked:MachineSpirit","floor":12},{"not_picked":["beaked:BounceBack","beaked:Tradeoff"],"picked":"beaked:Recite","floor":13},{"not_picked":["beaked:DigDeep","beaked:Struggle","beaked:Pecker"],"picked":"SKIP","floor":14},{"not_picked":["beaked:BarbedWire+1","beaked:Daydream+1"],"picked":"beaked:RitualOfBody+1","floor":18},{"not_picked":["beaked:Replenish","beaked:CursingBlood+1"],"picked":"beaked:WarriorEssence+1","floor":19},{"not_picked":["beaked:Tweet","beaked:WindBringer"],"picked":"beaked:Insight+1","floor":22}],"player_experience":493620,"relics_obtained":[{"floor":6,"key":"Bronze Scales"},{"floor":9,"key":"Blue Candle"},{"floor":26,"key":"Blood Vial"}],"event_choices":[{"damage_healed":0,"gold_gain":0,"player_choice":"Agree","damage_taken":0,"max_hp_gain":0,"max_hp_loss":0,"event_name":"conspire:LoneGhost","floor":4,"gold_loss":0},{"damage_healed":0,"gold_gain":0,"player_choice":"Entered Light","damage_taken":10,"max_hp_gain":0,"max_hp_loss":0,"event_name":"Shining Light","floor":8,"gold_loss":0,"cards_upgraded":["conspire:GhostlyStrike","conspire:GhostlyDefend"]},{"damage_healed":0,"gold_gain":0,"cards_transformed":["conspire:GhostlyStrike"],"player_choice":"Change","damage_taken":0,"max_hp_gain":0,"max_hp_loss":0,"event_name":"Living Wall","floor":11,"gold_loss":0,"cards_obtained":["Forethought"]}],"is_beta":true,"boss_relics":[{"not_picked":["conspire:SeveredTorchhead","beaked:SacrificeDoll"],"picked":"Coffee Dripper"}],"items_purged_floors":[20],"is_endless":false,"potions_floor_spawned":[1,3,5,14,19,22],"killed_by":"Cultist and Chosen","ascension_level":0}}