{"host":"jrmqsbok61y7b34d","time":1609678431,"event":{"mods":["BaseMod","Better Skull","Colored Map","Colored Powertips","Emptier Cage","Minty Spire (QoL Compilation)","Permanent Neow","Quick Restart","Relic Stats","StSLib","Unceasing Turn Reminder"],"gold_per_floor":[114,114,124,124,17,49,14,14,37,71,83,83,102,142,142,225,225,245,168,195,39,53,53,78,78,126,208,21,57,81,107,107,194,194,213,230,585,594,594,636,636,661,661,332,371,66,83,101,101,101],"floor_reached":51,"playtime":14188,"items_purged":["Regret","Strike_P","Defend_P","Strike_P","Strike_P"],"score":1714,"play_id":"6d25d4b2-a979-4ecf-9628-45174a1b5f23","local_time":"20210103125351","is_ascension_mode":true,"campfire_choices":[{"data":"Blasphemy","floor":8.0,"key":"SMITH"},{"data":"Conclude","floor":15.0,"key":"SMITH"},{"data":"Fasting2","floor":23.0,"key":"SMITH"},{"data":"SpiritShield","floor":25.0,"key":"SMITH"},{"floor":32.0,"key":"REST"},{"floor":41.0,"key":"REST"},{"data":"TalkToTheHand","floor":49,"key":"SMITH"}],"circlet_count":0,"master_deck":["AscendersBane","Strike_P","Defend_P","Defend_P","Defend_P","Vigilance","Blasphemy+1","Tantrum","Conclude+1","CutThroughFate","Consecrate","FlyingSleeves","ReachHeaven","SpiritShield+1","Wireheading+1","FlyingSleeves","Fasting2+1","TalkToTheHand+1","FearNoEvil","CarveReality","TalkToTheHand+1","Protect","WheelKick+1","Ragnarok+1","WreathOfFlame","Halt+1","Blind","Indignation","ThirdEye+1","Weave","BattleHymn","FlurryOfBlows","Apotheosis","ThirdEye"],"relics":["PureWater","The Courier","MealTicket","Vajra","Mummified Hand","CeramicFish","Sozu","PreservedInsect","Question Card","Toy Ornithopter","Pantograph","Art of War","Runic Pyramid","Old Coin","FossilizedHelix","CloakClasp","ClockworkSouvenir","Regal Pillow"],"acts_visited":["Exordium","TheCity","TheBeyond"],"potions_floor_usage":[],"damage_taken":[{"damage":0.0,"enemies":"Cultist","floor":1.0,"turns":2.0},{"damage":0.0,"enemies":"Small Slimes","floor":3.0,"turns":1.0},{"damage":16.0,"enemies":"Gremlin Nob","floor":6.0,"turns":3.0},{"damage":0.0,"enemies":"3 Sentries","floor":10.0,"turns":1.0},{"damage":0.0,"enemies":"Jaw Worm","floor":11.0,"turns":2.0},{"damage":0.0,"enemies":"Gremlin Gang","floor":13.0,"turns":2.0},{"damage":0.0,"enemies":"Lagavulin","floor":14.0,"turns":3.0},{"damage":0.0,"enemies":"Slime Boss","floor":16.0,"turns":3.0},{"damage":0.0,"enemies":"2 Thieves","floor":18.0,"turns":1.0},{"damage":0.0,"enemies":"Spheric Guardian","floor":20.0,"turns":3.0},{"damage":18.0,"enemies":"Cultist and Chosen","floor":22.0,"turns":4.0},{"damage":0.0,"enemies":"Book of Stabbing","floor":24.0,"turns":2.0},{"damage":5.0,"enemies":"Slavers","floor":29.0,"turns":2.0},{"damage":16.0,"enemies":"Shelled Parasite and Fungi","floor":30.0,"turns":2.0},{"damage":4.0,"enemies":"Snecko","floor":31.0,"turns":3.0},{"damage":21.0,"enemies":"Champ","floor":33.0,"turns":6.0},{"damage":0.0,"enemies":"3 Shapes","floor":35.0,"turns":3.0},{"damage":3.0,"enemies":"Orb Walker","floor":36.0,"turns":3.0},{"damage":22.0,"enemies":"2 Orb Walkers","floor":37.0,"turns":3.0},{"damage":0.0,"enemies":"Giant Head","floor":40.0,"turns":5.0},{"damage":7,"enemies":"Transient","floor":42,"turns":6},{"damage":0,"enemies":"Reptomancer","floor":45,"turns":3},{"damage":0,"enemies":"Sphere and 2 Shapes","floor":47,"turns":2},{"damage":0,"enemies":"Spire Growth","floor":48,"turns":4},{"damage":6,"enemies":"Time Eater","floor":50,"turns":8}],"seed_played":"-6268032620097602606","potions_obtained":[{"floor":1.0,"key":"DuplicationPotion"},{"floor":3.0,"key":"SkillPotion"},{"floor":6.0,"key":"DuplicationPotion"}],"is_trial":false,"path_per_floor":["M","?","M","?","$","E","?","R","T","E","M","?","M","E","R","B",null,"M","?","M","$","M","R","E","R","T","T","$","E","M","M","R","B",null,"M","M","?","?","?","E","R","M","T","$","E","$","M","M","R","B",null],"character_chosen":"WATCHER","items_purchased":["CutThroughFate","Fasting2","TalkToTheHand","FearNoEvil","CarveReality","ClockworkSouvenir","Weave","BattleHymn","Apotheosis","ThirdEye"],"campfire_rested":2,"item_purchase_floors":[5,21,21,28,28,44,44,44,46,46],"current_hp_per_floor":[61,54,54,54,54,38,55,55,55,55,55,55,55,55,55,55,65,65,65,65,68,50,50,50,50,50,50,65,60,44,40,60,47,63,63,60,38,38,38,38,58,51,51,66,66,68,68,68,68,62],"gold":101,"neow_bonus":"ONE_RANDOM_RARE_CARD","is_daily":false,"chose_seed":false,"campfire_upgraded":5,"win_rate":0.0,"timestamp":1609678431,"path_taken":["M","?","M","?","$","E","?","R","T","E","M","?","M","E","R","BOSS","M","?","M","$","?","R","E","R","T","?","$","E","M","M","R","BOSS","M","M","?","?","?","E","R","M","T","$","E","$","?","M","R","BOSS"],"items_purchased_type":["Card","Card","Card","Card","Card","Relic","Card","Card","Card","Card"],"build_version":"2020-12-22","purchased_purges":5,"victory":true,"max_hp_per_floor":[68,68,68,68,68,68,68,68,68,68,68,68,68,68,68,68,68,68,68,68,68,68,68,68,68,68,68,68,68,68,68,68,68,68,68,68,68,68,68,68,68,68,68,68,68,68,68,68,68,68],"relic_stats":{"Regal Pillow":0,"counters":[25,77],"CeramicFish":198,"PreservedInsect":272,"CloakClasp":[51],"Question Card":13,"Sozu":5,"Mummified Hand":[24],"Pantograph":8,"MealTicket":35,"Art of War":[3],"obtain_stats":[{"Regal Pillow":45,"CeramicFish":14,"Vajra":9,"The Courier":4,"PreservedInsect":19,"CloakClasp":43,"Question Card":24,"Old Coin":37,"ClockworkSouvenir":44,"Sozu":17,"Mummified Hand":10,"Pantograph":27,"MealTicket":6,"Art of War":29,"PureWater":0,"Toy Ornithopter":26,"FossilizedHelix":40,"Runic Pyramid":34},{"Regal Pillow":22,"CeramicFish":7,"Vajra":3,"The Courier":2,"PreservedInsect":9,"CloakClasp":21,"Question Card":12,"Old Coin":19,"ClockworkSouvenir":21,"Sozu":8,"Mummified Hand":4,"Pantograph":12,"MealTicket":3,"Art of War":13,"PureWater":0,"Toy Ornithopter":12,"FossilizedHelix":20,"Runic Pyramid":16},{"Regal Pillow":63,"CeramicFish":14,"Vajra":6,"The Courier":3,"PreservedInsect":18,"CloakClasp":60,"Question Card":27,"Old Coin":49,"ClockworkSouvenir":60,"Sozu":17,"Mummified Hand":7,"Pantograph":27,"MealTicket":6,"Art of War":29,"PureWater":0,"Toy Ornithopter":27,"FossilizedHelix":54,"Runic Pyramid":40}],"Toy Ornithopter":0},"card_choices":[{"not_picked":["FlurryOfBlows","Sanctity"],"picked":"Tantrum","floor":1.0},{"not_picked":["WaveOfTheHand","Halt"],"picked":"Conclude","floor":3.0},{"not_picked":["Crescendo","CrushJoints"],"picked":"Consecrate","floor":6.0},{"not_picked":["Prostrate","WaveOfTheHand","CrushJoints"],"picked":"SKIP","floor":10.0},{"not_picked":["FollowUp","ClearTheMind","Collect"],"picked":"SKIP","floor":11.0},{"not_picked":["Wallop","SashWhip"],"picked":"FlyingSleeves","floor":13.0},{"not_picked":["PathToVictory","Consecrate"],"picked":"ReachHeaven","floor":14.0},{"not_picked":["Blasphemy","Establishment"],"picked":"SpiritShield","floor":16.0},{"not_picked":["InnerPeace","Study"],"picked":"Wireheading+1","floor":18.0},{"not_picked":["Protect","Halt"],"picked":"FlyingSleeves","floor":20.0},{"not_picked":["Consecrate+1","Halt","Prostrate"],"picked":"SKIP","floor":22.0},{"not_picked":["Consecrate+1","Halt","Prostrate"],"picked":"SKIP","floor":22.0},{"not_picked":["CutThroughFate","SashWhip","CrushJoints"],"picked":"SKIP","floor":24.0},{"not_picked":["EmptyBody","Swivel","WaveOfTheHand"],"picked":"TalkToTheHand+1","floor":29.0},{"not_picked":["ReachHeaven","Prostrate","Crescendo"],"picked":"Protect","floor":30.0},{"not_picked":["Evaluate","Consecrate","InnerPeace"],"picked":"WheelKick+1","floor":31.0},{"not_picked":["Omniscience","Scrawl","MasterReality"],"picked":"Ragnarok","floor":33.0},{"not_picked":["EmptyFist","PathToVictory","EmptyBody+1"],"picked":"WreathOfFlame","floor":35.0},{"not_picked":["MasterReality","Consecrate","Protect","BowlingBash"],"picked":"SKIP","floor":36.0},{"not_picked":["ThirdEye","Prostrate","Conclude"],"picked":"Halt+1","floor":37.0},{"not_picked":["Deep Breath","Violence","Panache"],"picked":"Blind","floor":38.0},{"not_picked":["FollowUp","FlyingSleeves","Evaluate"],"picked":"Indignation","floor":40.0},{"not_picked":["WheelKick","MentalFortress","Consecrate"],"picked":"ThirdEye+1","floor":42},{"not_picked":["Wish","BowlingBash","JustLucky+1"],"picked":"FlurryOfBlows","floor":45},{"not_picked":["BowlingBash","SashWhip","Study+1","ThirdEye"],"picked":"SKIP","floor":47},{"not_picked":["BowlingBash","EmptyFist","Consecrate","FollowUp"],"picked":"SKIP","floor":48}],"player_experience":1004889,"relics_obtained":[{"floor":6.0,"key":"MealTicket"},{"floor":9.0,"key":"Vajra"},{"floor":10.0,"key":"Mummified Hand"},{"floor":14.0,"key":"CeramicFish"},{"floor":24.0,"key":"Question Card"},{"floor":26.0,"key":"Toy Ornithopter"},{"floor":27.0,"key":"Pantograph"},{"floor":29.0,"key":"Art of War"},{"floor":37.0,"key":"Old Coin"},{"floor":40.0,"key":"FossilizedHelix"},{"floor":43,"key":"CloakClasp"},{"floor":45,"key":"Regal Pillow"}],"event_choices":[{"cards_removed":["Eruption"],"damage_healed":0.0,"max_hp_gain":0.0,"max_hp_loss":0.0,"gold_gain":0.0,"event_name":"Golden Wing","player_choice":"Card Removal","floor":2.0,"gold_loss":0.0,"damage_taken":7.0},{"damage_healed":0.0,"max_hp_gain":0.0,"max_hp_loss":0.0,"gold_gain":0.0,"event_name":"Big Fish","player_choice":"Box","floor":4.0,"gold_loss":0.0,"damage_taken":0.0,"relics_obtained":["The Courier"],"cards_obtained":["Regret"]},{"damage_healed":17.0,"max_hp_gain":0.0,"max_hp_loss":0.0,"gold_gain":0.0,"event_name":"The Cleric","player_choice":"Healed","floor":7.0,"gold_loss":35.0,"damage_taken":0.0},{"damage_healed":0.0,"max_hp_gain":0.0,"max_hp_loss":0.0,"gold_gain":0.0,"event_name":"Liars Game","player_choice":"Ignored","floor":12.0,"gold_loss":0.0,"damage_taken":0.0},{"damage_healed":0.0,"max_hp_gain":0.0,"max_hp_loss":0.0,"gold_gain":0.0,"event_name":"WeMeetAgain","player_choice":"Paid Gold","floor":19.0,"gold_loss":77.0,"damage_taken":0.0,"relics_obtained":["PreservedInsect"]},{"damage_healed":0.0,"max_hp_gain":0.0,"max_hp_loss":0.0,"gold_gain":0.0,"event_name":"Mysterious Sphere","player_choice":"Fight","floor":37.0,"gold_loss":0.0,"damage_taken":0.0},{"damage_healed":0.0,"max_hp_gain":0.0,"max_hp_loss":0.0,"gold_gain":0.0,"event_name":"SensoryStone","player_choice":"Memory 1","floor":38.0,"gold_loss":0.0,"damage_taken":0.0},{"damage_healed":0.0,"max_hp_gain":0.0,"max_hp_loss":0.0,"gold_gain":0.0,"event_name":"Upgrade Shrine","player_choice":"Upgraded","floor":39.0,"gold_loss":0.0,"damage_taken":0.0,"cards_upgraded":["Ragnarok"]}],"is_beta":false,"boss_relics":[{"not_picked":["Busted Crown","Astrolabe"],"picked":"Sozu"},{"not_picked":["Pandora\u0027s Box","Coffee Dripper"],"picked":"Runic Pyramid"}],"items_purged_floors":[5,21,28,44,46],"is_endless":false,"potions_floor_spawned":[1,3,6,14,20,30,33,40,42,45],"ascension_level":17}}