{"host":"mbpcepu6ztteuwhq","time":1609682616,"event":{"mods":["AchievementEnabler","BaseMod","Colored Map","Custom Start","DeckTracker","Minty Spire (QoL Compilation)","Rare Cards Sparkle","StSLib","everything is the same but u backflip on backflip"],"gold_per_floor":[115,265,340,2,12,12,12,12,12,47,47,61,61,78,78,152,152,72,72,72,91,109,109,109,109],"floor_reached":24,"playtime":481,"items_purged":["Strike_G"],"score":434,"play_id":"5a8a60aa-1fac-4f26-b84f-6cd0f729652d","local_time":"20210103230336","is_ascension_mode":true,"campfire_choices":[{"data":"Noxious Fumes","floor":6.0,"key":"SMITH"},{"data":"Infinite Blades","floor":8.0,"key":"SMITH"},{"floor":15.0,"key":"REST"},{"data":"Accuracy","floor":23,"key":"SMITH"}],"circlet_count":0,"master_deck":["AscendersBane","Strike_G","Strike_G","Strike_G","Strike_G","Defend_G","Defend_G","Defend_G","Defend_G+1","Defend_G","Survivor","Neutralize","Doubt","Noxious Fumes+1","Infinite Blades+1","Caltrops+1","Accuracy+1","Leg Sweep","Burst","Dagger Throw","Infinite Blades+1"],"relics":["Ring of the Snake","NeowsBlessing","Membership Card","Omamori","Eternal Feather","Snake Skull","Calling Bell","Toy Ornithopter","Toxic Egg 2","Torii"],"acts_visited":["Exordium","TheCity"],"potions_floor_usage":[22],"damage_taken":[{"damage":0.0,"enemies":"Jaw Worm","floor":1.0,"turns":1.0},{"damage":0.0,"enemies":"2 Louse","floor":5.0,"turns":1.0},{"damage":0.0,"enemies":"Gremlin Nob","floor":10.0,"turns":1.0},{"damage":4.0,"enemies":"Small Slimes","floor":12.0,"turns":4.0},{"damage":12.0,"enemies":"Red Slaver","floor":14.0,"turns":4.0},{"damage":37.0,"enemies":"Hexaghost","floor":16.0,"turns":9.0},{"damage":9.0,"enemies":"2 Thieves","floor":18.0,"turns":4.0},{"damage":17,"enemies":"3 Byrds","floor":21,"turns":3},{"damage":24,"enemies":"Centurion and Healer","floor":22,"turns":6},{"damage":0,"enemies":"Shelled Parasite and Fungi","floor":24,"turns":1}],"seed_played":"5775074706425475566","potions_obtained":[{"floor":12.0,"key":"Regen Potion"},{"floor":14.0,"key":"EssenceOfSteel"},{"floor":16.0,"key":"SteroidPotion"}],"is_trial":false,"path_per_floor":["M","?","?","$","M","R","$","R","T","E","?","M","?","M","R","B",null,"M","?","?","M","M","R","M"],"character_chosen":"THE_SILENT","items_purchased":["Membership Card","Noxious Fumes","Omamori"],"campfire_rested":1,"item_purchase_floors":[4,4,4],"current_hp_per_floor":[59,59,48,48,48,48,48,48,48,48,48,44,24,12,40,18,54,45,45,45,28,9,21,21,21],"gold":109,"neow_bonus":"THREE_ENEMY_KILL","is_daily":false,"chose_seed":false,"campfire_upgraded":3,"win_rate":0.0,"timestamp":1609682616,"path_taken":["M","?","?","$","M","R","$","R","T","E","?","?","?","M","R","BOSS","M","?","?","M","?","R","M"],"items_purchased_type":["Relic","Card","Relic"],"build_version":"2020-12-22","purchased_purges":1,"victory":false,"max_hp_per_floor":[66,66,66,66,66,66,66,66,66,66,66,66,66,66,66,66,66,66,66,66,66,66,66,66,66],"card_choices":[{"not_picked":["Deflect","Outmaneuver","Slice"],"picked":"SKIP","floor":1.0},{"not_picked":["Bane","Escape Plan"],"picked":"Infinite Blades","floor":5.0},{"not_picked":["Caltrops","Expertise","Masterful Stab"],"picked":"SKIP","floor":10.0},{"not_picked":["Expertise","Masterful Stab"],"picked":"Caltrops","floor":10.0},{"not_picked":["Outmaneuver","Flying Knee"],"picked":"Accuracy","floor":12.0},{"not_picked":["Masterful Stab","Predator"],"picked":"Leg Sweep","floor":14.0},{"not_picked":["After Image","Night Terror"],"picked":"Burst","floor":16.0},{"not_picked":["Sucker Punch","Dagger Throw","Prepared+1"],"picked":"SKIP","floor":18.0},{"not_picked":["Sucker Punch","Prepared+1"],"picked":"Dagger Throw","floor":18.0},{"not_picked":["Underhanded Strike","Deflect+1","Flying Knee"],"picked":"SKIP","floor":21},{"not_picked":["PiercingWail+1","Riddle With Holes","Tactician+1"],"picked":"SKIP","floor":22}],"player_experience":4521,"relics_obtained":[{"floor":9.0,"key":"Eternal Feather"},{"floor":10.0,"key":"Snake Skull"},{"floor":17.0,"key":"Toy Ornithopter"},{"floor":17.0,"key":"Toxic Egg 2"},{"floor":17.0,"key":"Torii"}],"event_choices":[{"damage_healed":0.0,"max_hp_gain":0.0,"max_hp_loss":0.0,"gold_gain":150.0,"event_name":"Liars Game","player_choice":"AGREE","floor":2.0,"gold_loss":0.0,"damage_taken":0.0,"cards_obtained":["Doubt"]},{"damage_healed":0.0,"max_hp_gain":0.0,"max_hp_loss":0.0,"gold_gain":75.0,"event_name":"World of Goop","player_choice":"Gather Gold","floor":3.0,"gold_loss":0.0,"damage_taken":11.0},{"damage_healed":0.0,"max_hp_gain":0.0,"max_hp_loss":0.0,"gold_gain":0.0,"event_name":"WeMeetAgain","player_choice":"Ignored","floor":11.0,"gold_loss":0.0,"damage_taken":0.0},{"damage_healed":0.0,"max_hp_gain":0.0,"max_hp_loss":0.0,"gold_gain":0.0,"event_name":"Shining Light","player_choice":"Entered Light","floor":13.0,"gold_loss":0.0,"damage_taken":20.0,"cards_upgraded":["Caltrops","Defend_G"]},{"damage_healed":0.0,"max_hp_gain":0.0,"max_hp_loss":0.0,"gold_gain":0.0,"event_name":"The Mausoleum","player_choice":"Ignored","floor":19.0,"gold_loss":0.0,"damage_taken":0.0},{"damage_healed":0,"gold_gain":0,"player_choice":"Copied","damage_taken":0,"max_hp_gain":0,"max_hp_loss":0,"event_name":"Duplicator","floor":20,"gold_loss":0,"cards_obtained":["Infinite Blades"]}],"is_beta":false,"boss_relics":[{"not_picked":["Fusion Hammer","SacredBark"],"picked":"Calling Bell"}],"items_purged_floors":[4],"is_endless":false,"potions_floor_spawned":[12,14,16],"killed_by":"Shelled Parasite and Fungi","ascension_level":20}}