{"host":"yn1175etg9ni8l0q","time":1609697122,"event":{"mods":["AchievementEnabler","BaseMod","Colored Map","Colored Powertips","DeckTracker","Minty Spire (QoL Compilation)","Rare Cards Sparkle","Relic Stats","SuperFastMode","everything is the same but u backflip on backflip"],"gold_per_floor":[12,30,41,141,152,178,128,138,138,138,63,83,83,83,83,185,185,198,198,15,25,38,71,71,170,170,180,193,210,244,268,268,364,364,381,381,393,289,309,309,328,348,374,374,374],"floor_reached":44,"playtime":1777,"items_purged":["Strike_G"],"score":479,"play_id":"e7851afd-9c64-4bbf-96cb-3d73dd12452c","local_time":"20210104030522","is_ascension_mode":false,"campfire_choices":[{"data":"Secret Technique","floor":10.0,"key":"SMITH"},{"data":"Skewer","floor":13.0,"key":"SMITH"},{"data":"Poisoned Stab","floor":15.0,"key":"SMITH"},{"floor":32.0,"key":"REST"},{"floor":40.0,"key":"REST"}],"circlet_count":0,"master_deck":["Defend_G+1","Defend_G","Survivor","Neutralize","Secret Technique+1","Skewer+1","Crippling Poison+1","Poisoned Stab+1","Bane","Acrobatics+1","After Image","Tactician+1","Apotheosis","Calculated Gamble","Masterful Stab","Infinite Blades","Reflex","Malaise","Outmaneuver+1","Dash+1","Unload+1","Secret Technique","Bouncing Flask+1","Backflip"],"relics":["Ring of the Snake","War Paint","Bottled Lightning","HoveringKite","Pocketwatch","PreservedInsect","Question Card","Smiling Mask","Astrolabe","Pear"],"acts_visited":["Exordium","TheCity","TheBeyond"],"potions_floor_usage":[],"damage_taken":[{"damage":3.0,"enemies":"Jaw Worm","floor":1.0,"turns":3.0},{"damage":1.0,"enemies":"Cultist","floor":2.0,"turns":4.0},{"damage":5.0,"enemies":"Small Slimes","floor":3.0,"turns":4.0},{"damage":6.0,"enemies":"Red Slaver","floor":5.0,"turns":5.0},{"damage":15.0,"enemies":"Lagavulin","floor":6.0,"turns":8.0},{"damage":5.0,"enemies":"Exordium Thugs","floor":8.0,"turns":3.0},{"damage":0.0,"enemies":"Exordium Wildlife","floor":12.0,"turns":3.0},{"damage":29.0,"enemies":"Hexaghost","floor":16.0,"turns":10.0},{"damage":0.0,"enemies":"Shell Parasite","floor":18.0,"turns":4.0},{"damage":0.0,"enemies":"3 Byrds","floor":21.0,"turns":4.0},{"damage":7.0,"enemies":"Snake Plant","floor":22.0,"turns":5.0},{"damage":21.0,"enemies":"Slavers","floor":23.0,"turns":5.0},{"damage":0.0,"enemies":"Snecko","floor":27.0,"turns":3.0},{"damage":16.0,"enemies":"Centurion and Healer","floor":28.0,"turns":5.0},{"damage":0.0,"enemies":"3 Cultists","floor":29.0,"turns":4.0},{"damage":0.0,"enemies":"Gremlin Leader","floor":30.0,"turns":4.0},{"damage":44.0,"enemies":"Champ","floor":33.0,"turns":13.0},{"damage":22.0,"enemies":"3 Shapes","floor":35.0,"turns":5.0},{"damage":29.0,"enemies":"3 Darklings","floor":37.0,"turns":6.0},{"damage":7.0,"enemies":"Transient","floor":39.0,"turns":5.0},{"damage":7.0,"enemies":"Jaw Worm Horde","floor":41.0,"turns":7.0},{"damage":9.0,"enemies":"3 Darklings","floor":42.0,"turns":4.0},{"damage":25,"enemies":"Reptomancer","floor":44,"turns":2}],"seed_played":"-2306304276162835691","potions_obtained":[{"floor":3.0,"key":"CunningPotion"},{"floor":5.0,"key":"GhostInAJar"},{"floor":8.0,"key":"PowerPotion"},{"floor":16.0,"key":"DuplicationPotion"},{"floor":27.0,"key":"Block Potion"},{"floor":35.0,"key":"GhostInAJar"}],"is_trial":false,"path_per_floor":["M","M","M","?","M","E","?","M","T","R","$","M","R","?","R","B",null,"M","?","$","M","M","E","?","?","T","M","M","M","E","T","R","B",null,"M","?","M","?","M","R","M","M","T","E"],"character_chosen":"THE_SILENT","items_purchased":["Apotheosis"],"campfire_rested":2,"item_purchase_floors":[20],"current_hp_per_floor":[67,66,61,61,55,40,40,35,35,35,35,35,35,35,35,6,70,70,70,70,70,63,42,42,42,42,42,26,26,26,26,47,3,70,48,38,9,19,12,36,29,20,20,0,0],"gold":374,"neow_bonus":"RANDOM_COLORLESS_2","is_daily":false,"chose_seed":false,"campfire_upgraded":3,"win_rate":0.0,"timestamp":1609697122,"path_taken":["M","M","M","?","?","E","?","M","T","R","$","M","R","?","R","BOSS","M","?","?","?","M","E","?","?","T","M","M","M","E","?","R","BOSS","M","?","M","?","?","R","M","M","T","E"],"items_purchased_type":["Card"],"build_version":"2020-12-22","purchased_purges":1,"victory":false,"max_hp_per_floor":[70,70,70,70,70,70,70,70,70,70,70,70,70,70,70,70,70,70,70,70,70,70,70,70,70,70,70,70,70,70,70,70,70,70,70,70,70,80,80,80,80,80,80,80,80],"relic_stats":{"counters":[23,116],"Astrolabe":["Outmaneuver","Dash","Unload"],"HoveringKite":[57],"PreservedInsect":117,"War Paint":["Crippling Poison","Defend_G"],"Question Card":9,"Smiling Mask":0,"obtain_stats":[{"Pear":38,"Astrolabe":34,"HoveringKite":17,"PreservedInsect":26,"Bottled Lightning":9,"War Paint":6,"Question Card":30,"Smiling Mask":31,"Ring of the Snake":0,"Pocketwatch":23},{"Pear":19,"Astrolabe":17,"HoveringKite":8,"PreservedInsect":12,"Bottled Lightning":6,"War Paint":5,"Question Card":16,"Smiling Mask":16,"Ring of the Snake":0,"Pocketwatch":12},{"Pear":98,"Astrolabe":87,"HoveringKite":40,"PreservedInsect":58,"Bottled Lightning":27,"War Paint":24,"Question Card":74,"Smiling Mask":74,"Ring of the Snake":0,"Pocketwatch":58}],"Ring of the Snake":[46],"Pocketwatch":[15]},"card_choices":[{"not_picked":["Metamorphosis","Transmutation"],"picked":"Secret Technique","floor":0.0},{"not_picked":["Acrobatics","Dagger Spray"],"picked":"Skewer","floor":1.0},{"not_picked":["Dagger Spray","Dodge and Roll","Flying Knee"],"picked":"SKIP","floor":2.0},{"not_picked":["Dodge and Roll","Riddle With Holes"],"picked":"Crippling Poison","floor":3.0},{"not_picked":["Quick Slash","Caltrops"],"picked":"Poisoned Stab","floor":5.0},{"not_picked":["Tactician","Blade Dance"],"picked":"Bane","floor":6.0},{"not_picked":["Catalyst","Leg Sweep"],"picked":"Acrobatics","floor":8.0},{"not_picked":["Setup","Bane","Infinite Blades"],"picked":"SKIP","floor":12.0},{"not_picked":["Night Terror","Grand Finale"],"picked":"After Image","floor":16.0},{"not_picked":["Dagger Spray","Dagger Throw+1"],"picked":"Tactician+1","floor":18.0},{"not_picked":["Dodge and Roll+1","Slice","Concentrate"],"picked":"SKIP","floor":21.0},{"not_picked":["Bane","Flying Knee","Expertise"],"picked":"SKIP","floor":22.0},{"not_picked":["Riddle With Holes+1","Footwork"],"picked":"Calculated Gamble","floor":23.0},{"not_picked":["Flying Knee","Backstab","Outmaneuver"],"picked":"SKIP","floor":27.0},{"not_picked":["Grand Finale","Eviscerate"],"picked":"Reflex","floor":28.0},{"not_picked":["Dagger Throw","Masterful Stab","Dash+1"],"picked":"SKIP","floor":29.0},{"not_picked":["Quick Slash","Finisher","Prepared"],"picked":"SKIP","floor":30.0},{"not_picked":["Phantasmal Killer","Burst","Storm of Steel"],"picked":"Malaise","floor":33.0},{"not_picked":["Endless Agony","Flying Knee+1","Quick Slash+1","Slice"],"picked":"SKIP","floor":35.0},{"not_picked":["Madness","Good Instincts","Dark Shackles"],"picked":"Secret Technique","floor":36.0},{"not_picked":["Sucker Punch+1","PiercingWail+1","Caltrops+1"],"picked":"Bouncing Flask+1","floor":37.0},{"not_picked":["Underhanded Strike+1","Backstab+1","Crippling Poison+1"],"picked":"Backflip","floor":39.0},{"not_picked":["Dagger Throw+1","Tools of the Trade","Masterful Stab","Heel Hook"],"picked":"SKIP","floor":41.0},{"not_picked":["Heel Hook","Blade Dance+1","Terror","Expertise+1"],"picked":"SKIP","floor":42.0}],"player_experience":300171,"relics_obtained":[{"floor":6.0,"key":"War Paint"},{"floor":9.0,"key":"Bottled Lightning"},{"floor":23.0,"key":"Pocketwatch"},{"floor":26.0,"key":"PreservedInsect"},{"floor":30.0,"key":"Question Card"},{"floor":31.0,"key":"Smiling Mask"}],"event_choices":[{"damage_healed":0.0,"max_hp_gain":0.0,"max_hp_loss":0.0,"gold_gain":100.0,"event_name":"Golden Shrine","player_choice":"Pray","floor":4.0,"gold_loss":0.0,"damage_taken":0.0},{"cards_removed":["Strike_G"],"damage_healed":0.0,"max_hp_gain":0.0,"max_hp_loss":0.0,"gold_gain":0.0,"event_name":"The Cleric","player_choice":"Card Removal","floor":7.0,"gold_loss":50.0,"damage_taken":0.0},{"cards_removed":["Defend_G"],"damage_healed":0.0,"max_hp_gain":0.0,"max_hp_loss":0.0,"gold_gain":0.0,"event_name":"Bonfire Elementals","player_choice":"Offered Basic","floor":14.0,"gold_loss":0.0,"damage_taken":0.0},{"damage_healed":0.0,"max_hp_gain":0.0,"max_hp_loss":0.0,"gold_gain":0.0,"event_name":"Upgrade Shrine","player_choice":"Upgraded","floor":19.0,"gold_loss":0.0,"damage_taken":0.0,"cards_upgraded":["Acrobatics"]},{"damage_healed":0.0,"max_hp_gain":0.0,"max_hp_loss":0.0,"gold_gain":0.0,"cards_transformed":["Strike_G","Defend_G"],"event_name":"Drug Dealer","player_choice":"Became Test Subject","floor":24.0,"gold_loss":0.0,"damage_taken":0.0,"cards_obtained":["Masterful Stab","Infinite Blades"]},{"damage_healed":0.0,"max_hp_gain":0.0,"max_hp_loss":0.0,"gold_gain":99.0,"event_name":"Nest","player_choice":"Stole From Cult","floor":25.0,"gold_loss":0.0,"damage_taken":0.0},{"damage_healed":0.0,"max_hp_gain":0.0,"max_hp_loss":0.0,"gold_gain":0.0,"event_name":"SensoryStone","player_choice":"Memory 3","floor":36.0,"gold_loss":0.0,"damage_taken":10.0},{"damage_healed":0.0,"max_hp_gain":0.0,"max_hp_loss":0.0,"gold_gain":0.0,"event_name":"WeMeetAgain","player_choice":"Paid Gold","floor":38.0,"gold_loss":104.0,"damage_taken":0.0,"relics_obtained":["Pear"]}],"is_beta":false,"boss_relics":[{"not_picked":["Runic Dome","Pandora\u0027s Box"],"picked":"HoveringKite"},{"not_picked":["Velvet Choker","Fusion Hammer"],"picked":"Astrolabe"}],"items_purged_floors":[11],"is_endless":false,"potions_floor_spawned":[3,5,8,16,22,27,35,39],"killed_by":"Reptomancer","ascension_level":0}}