{"host":"6ld56ls1xbe0aj21","time":1609673209,"event":{"mods":["AchievementEnabler","BaseMod","Colored Powertips","Minty Spire (QoL Compilation)","Quick Restart","Rare Cards Sparkle","StSLib","SuperFastMode","everything is the same but u backflip on backflip","slay the spire mod where everything is the same but ironclad has a cowboy hat"],"gold_per_floor":[113,73,2,2,2,2,36,36,111,136,136,136,157,157,157,269,269,286,315,331,357,357,357,357],"floor_reached":23,"playtime":783,"items_purged":[],"score":274,"play_id":"27e53b3c-f781-4ada-b371-034ed9a30d62","local_time":"20210103222649","is_ascension_mode":true,"campfire_choices":[{"data":"Barricade","floor":6.0,"key":"SMITH"},{"floor":12.0,"key":"REST"},{"floor":15.0,"key":"REST"}],"circlet_count":0,"master_deck":["Strike_R","Strike_R","Strike_R","Strike_R+1","Strike_R","Defend_R","Defend_R","Defend_R","Defend_R","Bash","Barricade+1","Anger","Shrug It Off","Headbutt+1","Thunderclap","Shrug It Off+1","Disarm+1","Offering+1","True Grit+1","True Grit+1"],"relics":["Burning Blood","Omamori","StrikeDummy","CeramicFish","WarpedTongs","Toxic Egg 2","Black Star"],"acts_visited":["Exordium","TheCity"],"potions_floor_usage":[23,23],"damage_taken":[{"damage":8.0,"enemies":"2 Louse","floor":1.0,"turns":3.0},{"damage":25.0,"enemies":"3 Sentries","floor":7.0,"turns":9.0},{"damage":0.0,"enemies":"Cultist","floor":10.0,"turns":2.0},{"damage":7.0,"enemies":"Jaw Worm","floor":13.0,"turns":2.0},{"damage":15.0,"enemies":"The Guardian","floor":16.0,"turns":8.0},{"damage":19,"enemies":"Spheric Guardian","floor":18,"turns":4},{"damage":6,"enemies":"3 Byrds","floor":19,"turns":5},{"damage":24,"enemies":"Shelled Parasite and Fungi","floor":20,"turns":8},{"damage":15,"enemies":"Cultist and Chosen","floor":21,"turns":5},{"damage":35,"enemies":"Book of Stabbing","floor":23,"turns":7}],"seed_played":"1912976132795544166","potions_obtained":[{"floor":2.0,"key":"Energy Potion"},{"floor":2.0,"key":"SpeedPotion"},{"floor":2.0,"key":"FearPotion"},{"floor":13.0,"key":"Strength Potion"},{"floor":14.0,"key":"HeartOfIron"},{"floor":20,"key":"BlessingOfTheForge"},{"floor":21,"key":"BlessingOfTheForge"}],"is_trial":false,"path_per_floor":["M","?","$","?","T","R","E","?","T","M","?","R","M","?","R","B",null,"M","M","M","M","?","E"],"character_chosen":"IRONCLAD","items_purchased":["Shrug It Off","Headbutt"],"campfire_rested":2,"item_purchase_floors":[3,3],"current_hp_per_floor":[49,49,49,46,46,46,27,27,27,33,17,41,40,40,64,55,74,61,61,43,34,34,0,0],"gold":357,"neow_bonus":"THREE_RARE_CARDS","is_daily":false,"chose_seed":false,"campfire_upgraded":1,"win_rate":0.0,"timestamp":1609673209,"path_taken":["M","?","?","?","?","R","E","?","T","?","?","R","M","?","R","BOSS","M","M","M","?","?","E"],"items_purchased_type":["Card","Card"],"build_version":"2020-12-22","purchased_purges":0,"victory":false,"max_hp_per_floor":[80,80,80,80,80,80,80,80,80,80,80,80,80,80,80,80,80,80,80,80,80,80,80,80],"card_choices":[{"not_picked":["Bludgeon","Juggernaut"],"picked":"Barricade","floor":0.0},{"not_picked":["Heavy Blade","Wild Strike"],"picked":"Anger","floor":1.0},{"not_picked":["Cleave","Havoc"],"picked":"Thunderclap","floor":7.0},{"not_picked":["Bloodletting+1","Seeing Red+1"],"picked":"Shrug It Off+1","floor":10.0},{"not_picked":["Double Tap+1","Rupture"],"picked":"Disarm+1","floor":13.0},{"not_picked":["Fiend Fire","Corruption"],"picked":"Offering+1","floor":16.0},{"not_picked":["Anger","Body Slam+1","Heavy Blade"],"picked":"SKIP","floor":18},{"not_picked":["Sword Boomerang","Cleave+1"],"picked":"True Grit+1","floor":19},{"not_picked":["Evolve+1","Cleave+1","Twin Strike"],"picked":"SKIP","floor":20},{"not_picked":["Wild Strike+1","Sever Soul"],"picked":"True Grit+1","floor":21}],"player_experience":279979,"relics_obtained":[{"floor":5.0,"key":"StrikeDummy"},{"floor":7.0,"key":"CeramicFish"},{"floor":9.0,"key":"Toxic Egg 2"}],"event_choices":[{"damage_healed":0.0,"max_hp_gain":0.0,"max_hp_loss":0.0,"gold_gain":0.0,"event_name":"The Woman in Blue","player_choice":"Bought 3 Potions","floor":2.0,"gold_loss":0.0,"damage_taken":0.0},{"damage_healed":0.0,"max_hp_gain":0.0,"max_hp_loss":0.0,"gold_gain":0.0,"event_name":"Scrap Ooze","player_choice":"Success","floor":4.0,"gold_loss":0.0,"damage_taken":3.0,"relics_obtained":["Omamori"]},{"damage_healed":0.0,"max_hp_gain":0.0,"max_hp_loss":0.0,"gold_gain":0.0,"event_name":"Accursed Blacksmith","player_choice":"Rummage","floor":8.0,"gold_loss":0.0,"damage_taken":0.0,"relics_obtained":["WarpedTongs"],"cards_obtained":["Pain"]},{"damage_healed":0.0,"max_hp_gain":0.0,"max_hp_loss":0.0,"gold_gain":0.0,"event_name":"Shining Light","player_choice":"Entered Light","floor":11.0,"gold_loss":0.0,"damage_taken":16.0,"cards_upgraded":["Headbutt","Strike_R"]},{"damage_healed":0.0,"max_hp_gain":0.0,"max_hp_loss":0.0,"gold_gain":0.0,"event_name":"Lab","player_choice":"Got Potions","floor":14.0,"gold_loss":0.0,"damage_taken":0.0},{"damage_healed":0,"gold_gain":0,"player_choice":"Smashed Altar","damage_taken":0,"max_hp_gain":0,"max_hp_loss":0,"event_name":"Forgotten Altar","floor":22,"gold_loss":0,"cards_obtained":["Decay"]}],"is_beta":false,"boss_relics":[{"not_picked":["Runic Dome","Runic Pyramid"],"picked":"Black Star"}],"items_purged_floors":[],"is_endless":false,"potions_floor_spawned":[13,20,21],"killed_by":"Book of Stabbing","ascension_level":9}}