{"host":"yecadp3kwkksam5a","time":1609682472,"event":{"mods":["BaseMod","Minty Spire (QoL Compilation)","StSLib"],"gold_per_floor":[124,86,98,129,160,205,217,256,268,291,318,357,384,410,422,531,543,569,581,609,632,644,644],"floor_reached":22,"playtime":801,"items_purged":[],"score":774,"play_id":"dad906ec-b389-408a-b370-fb27a75781fc","local_time":"20210103230112","is_ascension_mode":true,"campfire_choices":[{"data":"Double Tap","floor":7,"key":"SMITH"},{"floor":15,"key":"RECALL"}],"circlet_count":0,"master_deck":["Bash","Hemokinesis","Thunderclap","Inflame+1","Battle Trance+1","Shrug It Off","Twin Strike","Pummel","Sword Boomerang+1","Seeing Red","Pommel Strike","Headbutt","Limit Break+1","CurseOfTheBell","Shockwave+1","Dual Wield+1","Heavy Blade+1","Sword Boomerang+1","Offering","Heavy Blade+1","Inflame","Sword Boomerang","Pummel","Spot Weakness","Evolve+1","Double Tap+1","Limit Break+1","Limit Break+1","Pommel Strike+1","Heavy Blade","Corruption","Sword Boomerang"],"relics":["Burning Blood","Bag of Preparation","Strawberry","Incense Burner","Tiny Chest","Calling Bell","Centennial Puzzle","Matryoshka","Prayer Wheel","Anchor","Blood Vial","Happy Flower","War Paint","MawBank","MealTicket","InkBottle","Vajra","Busted Crown","Nunchaku","Bag of Marbles","Membership Card","Bird Faced Urn","Dead Branch","Regal Pillow","PreservedInsect","DollysMirror","Pen Nib","Red Skull","Eternal Feather","CaptainsWheel","Blue Candle","Gremlin Horn","Toy Ornithopter","Empty Cage","Tiny Chest","Ice Cream"],"acts_visited":["Exordium","TheCity"],"potions_floor_usage":[],"damage_taken":[{"damage":0,"enemies":"Jaw Worm","floor":1,"turns":1},{"damage":0,"enemies":"Cultist","floor":4,"turns":2},{"damage":0,"enemies":"Small Slimes","floor":5,"turns":1},{"damage":0,"enemies":"Gremlin Nob","floor":6,"turns":1},{"damage":0,"enemies":"Lagavulin","floor":8,"turns":1},{"damage":1,"enemies":"Gremlin Gang","floor":10,"turns":1},{"damage":0,"enemies":"Large Slime","floor":11,"turns":1},{"damage":2,"enemies":"Gremlin Nob","floor":12,"turns":1},{"damage":0,"enemies":"Red Slaver","floor":13,"turns":2},{"damage":0,"enemies":"2 Fungi Beasts","floor":14,"turns":1},{"damage":0,"enemies":"Hexaghost","floor":16,"turns":2},{"damage":2,"enemies":"3 Byrds","floor":18,"turns":1},{"damage":0,"enemies":"Spheric Guardian","floor":20,"turns":3},{"damage":13,"enemies":"Centurion and Healer","floor":21,"turns":2}],"seed_played":"-2206591593666576618","potions_obtained":[{"floor":3,"key":"Ancient Potion"},{"floor":3,"key":"SmokeBomb"},{"floor":3,"key":"FairyPotion"}],"is_trial":false,"path_per_floor":["M","?","?","M","M","E","R","E","T","M","M","E","M","M","R","B",null,"M","T","M","M","$"],"character_chosen":"IRONCLAD","items_purchased":[],"campfire_rested":0,"item_purchase_floors":[],"current_hp_per_floor":[102,102,102,102,102,102,102,102,102,102,102,102,102,102,102,102,102,102,102,102,99,102,102],"gold":644,"neow_bonus":"","is_daily":false,"chose_seed":false,"campfire_upgraded":1,"win_rate":0.0,"timestamp":1609682472,"path_taken":["M","?","?","?","M","E","R","E","T","M","M","E","M","M","R","BOSS","M","?","?","M","$"],"items_purchased_type":[],"build_version":"2020-12-22","purchased_purges":0,"victory":false,"max_hp_per_floor":[102,102,102,102,102,102,102,102,102,102,102,102,102,102,102,102,102,102,102,102,102,102,102],"card_choices":[{"not_picked":["Anger+1","Feel No Pain"],"picked":"Pommel Strike+1","floor":0},{"not_picked":["Sentinel"],"picked":"SKIP","floor":1},{"not_picked":["Perfected Strike"],"picked":"SKIP","floor":1},{"not_picked":["Bludgeon"],"picked":"SKIP","floor":4},{"not_picked":["Combust"],"picked":"SKIP","floor":4},{"not_picked":["Cleave"],"picked":"SKIP","floor":5},{"not_picked":["Shockwave"],"picked":"SKIP","floor":5},{"not_picked":["Carnage"],"picked":"SKIP","floor":6},{"not_picked":["Twin Strike"],"picked":"SKIP","floor":8},{"not_picked":[],"picked":"Heavy Blade","floor":10},{"not_picked":["Evolve"],"picked":"SKIP","floor":10},{"not_picked":["Twin Strike"],"picked":"SKIP","floor":11},{"not_picked":["Searing Blow"],"picked":"SKIP","floor":11},{"not_picked":["Headbutt"],"picked":"SKIP","floor":12},{"not_picked":["Blood for Blood"],"picked":"SKIP","floor":13},{"not_picked":["Battle Trance"],"picked":"SKIP","floor":13},{"not_picked":["Havoc"],"picked":"SKIP","floor":14},{"not_picked":["Thunderclap"],"picked":"SKIP","floor":14},{"not_picked":[],"picked":"Corruption","floor":16},{"not_picked":["Warcry"],"picked":"SKIP","floor":18},{"not_picked":["Rupture"],"picked":"SKIP","floor":18},{"not_picked":["Cleave+1"],"picked":"SKIP","floor":20},{"not_picked":["Heavy Blade"],"picked":"SKIP","floor":20},{"not_picked":[],"picked":"Sword Boomerang","floor":21},{"not_picked":["Feel No Pain+1"],"picked":"SKIP","floor":21}],"player_experience":332039,"relics_obtained":[{"floor":0,"key":"Red Skull"},{"floor":0,"key":"Eternal Feather"},{"floor":6,"key":"CaptainsWheel"},{"floor":8,"key":"Blue Candle"},{"floor":9,"key":"Gremlin Horn"},{"floor":12,"key":"Toy Ornithopter"},{"floor":19,"key":"Tiny Chest"},{"floor":19,"key":"Ice Cream"}],"event_choices":[{"cards_removed":["Defend_R"],"damage_healed":0,"gold_gain":0,"player_choice":"Card Removal","damage_taken":0,"max_hp_gain":0,"max_hp_loss":0,"event_name":"The Cleric","floor":2,"gold_loss":50},{"damage_healed":0,"gold_gain":0,"player_choice":"Got Potions","damage_taken":0,"max_hp_gain":0,"max_hp_loss":0,"event_name":"Lab","floor":3,"gold_loss":0}],"is_beta":false,"boss_relics":[{"not_picked":["Pandora\u0027s Box","Astrolabe"],"picked":"Empty Cage"}],"items_purged_floors":[],"is_endless":false,"potions_floor_spawned":[8,11,12,13,14,18,21],"ascension_level":11}}