{"host":"1cd1aqaox6jesai3","time":1609698937,"event":{"mods":["Act Like it!","Arknights The Spire","Astrologer","Bartender","BaseMod","Colored Powertips","Downfall","Googly Eyes","Hallownest","Infinite Spire","Mimic Mod","Minty Spire (QoL Compilation)","Replay The Spire","StSLib","The Bug Knight","The Construct","The Factory"],"gold_per_floor":[109,57,73,84,100,100,100,100],"floor_reached":7,"playtime":387,"items_purged":[],"score":45,"play_id":"bffd0e11-129b-4003-a90e-fc60fae4b8ff","local_time":"20210103133537","is_ascension_mode":true,"campfire_choices":[{"data":"ats:Encircling Forest","floor":6,"key":"SMITH"}],"circlet_count":0,"master_deck":["ats:Strike C","ats:Strike G","ats:Strike S","ats:Strike V","ats:Armor Crushing Shot","ats:Defend","ats:Defend","ats:Defend","ats:Defend","ats:Emotion Absorption","ats:Soul Absorption","ats:Part Time Job+1","ats:Encircling Forest+1"],"relics":["ats:Sanity","NeowsBlessing"],"acts_visited":["Exordium"],"potions_floor_usage":[5],"damage_taken":[{"damage":0,"enemies":"Cultist","floor":1,"turns":1},{"damage":0,"enemies":"Small Slimes","floor":3,"turns":1},{"damage":0,"enemies":"2 Louse","floor":4,"turns":1},{"damage":31,"enemies":"Lots of Slimes","floor":5,"turns":8},{"damage":81,"enemies":"Lagavulin","floor":7,"turns":12}],"seed_played":"2233983448652678648","potions_obtained":[{"floor":1,"key":"sneckomod:MuddlingPotion"},{"floor":3,"key":"SteroidPotion"}],"is_trial":false,"path_per_floor":["M","$","M","M","M","R","E"],"character_chosen":"DOCTOR_CLASS","items_purchased":["ats:Part Time Job+1"],"campfire_rested":0,"item_purchase_floors":[2],"current_hp_per_floor":[72,72,72,72,54,54,0,0],"gold":100,"neow_bonus":"THREE_ENEMY_KILL","is_daily":false,"chose_seed":false,"campfire_upgraded":1,"win_rate":0.0,"timestamp":1609698937,"path_taken":["M","?","M","M","M","R","E"],"items_purchased_type":["Card"],"build_version":"2020-12-22","purchased_purges":0,"victory":false,"max_hp_per_floor":[72,72,72,72,72,72,72,72],"card_choices":[{"not_picked":["ats:Cat Scratch","ats:Counter Healing Mode"],"picked":"ats:Soul Absorption","floor":1},{"not_picked":["ats:Flexible Camouflage","ats:Assault Order","ats:Explosion Area Strengthen"],"picked":"SKIP","floor":3},{"not_picked":["ats:Assault Order","ats:Red Shift"],"picked":"ats:Encircling Forest","floor":4},{"not_picked":["ats:Assault Order","ats:Beaten Up","ats:Poison Spread"],"picked":"SKIP","floor":5}],"player_experience":156903,"relics_obtained":[],"event_choices":[],"is_beta":false,"boss_relics":[],"items_purged_floors":[],"is_endless":false,"potions_floor_spawned":[1,3],"killed_by":"Lagavulin","ascension_level":1}}