{"host":"xolbrdcg5kasz4mw","time":1609696915,"event":{"mods":["AchievementEnabler","Aspiration","BaseMod","Colored Powertips","Hubris","Minty Spire (QoL Compilation)","Quick Restart","Rare Cards Sparkle","Replay The Spire","StSLib","Synergy Search","The Marked"],"gold_per_floor":[112,79,94,108,127,127,154,154,177,195,195,220,170,181,181,278,278,290,308,82,92,92,126,138,138,138,138,138],"floor_reached":27,"playtime":2788,"items_purged":["theMarked:Strike"],"score":270,"play_id":"86b52af5-c8e3-4f52-b9d7-5c27c343c5ac","local_time":"20210103190155","is_ascension_mode":false,"campfire_choices":[{"data":"theMarked:ReduceFriction","floor":6,"key":"SMITH"},{"floor":8,"key":"REST"},{"floor":11,"key":"REST"},{"floor":15,"key":"REST"},{"data":"theMarked:SoldierOfQuellstein","floor":25,"key":"SMITH"}],"circlet_count":0,"master_deck":["theMarked:Strike","theMarked:Strike","theMarked:Strike","theMarked:Defend","theMarked:Defend","theMarked:Defend","theMarked:Defend","theMarked:SoldierOfQuellstein+1","theMarked:AttractMetal","theMarked:EmpowerWeapon","theMarked:Static","theMarked:ReduceFriction+1","theMarked:Levitate","theMarked:GodGivenPower","theMarked:MaelstromOfLightning","theMarked:FavorableWinds","theMarked:Aftermath","theMarked:GodGivenPower","theMarked:ChainLightning","theMarked:ReduceFriction+1","theMarked:GodGivenPower+1","theMarked:HeightenedSenses+1"],"relics":["theMarked:ArtifactOfAir","Replay:WaspNest","Strawberry","White Beast Statue","Runic Pyramid","Pen Nib","Mango","Centennial Puzzle"],"acts_visited":["Exordium","TheCity"],"potions_floor_usage":[18,21,23,24,24,27],"damage_taken":[{"damage":1,"enemies":"Jaw Worm","floor":1,"turns":4},{"damage":0,"enemies":"2 Louse","floor":3,"turns":3},{"damage":1,"enemies":"Cultist","floor":4,"turns":3},{"damage":19,"enemies":"Lots of Slimes","floor":5,"turns":5},{"damage":18,"enemies":"Lagavulin","floor":7,"turns":5},{"damage":16,"enemies":"Gremlin Gang","floor":10,"turns":5},{"damage":22,"enemies":"Gremlin Nob","floor":12,"turns":4},{"damage":3,"enemies":"Red Slaver","floor":14,"turns":3},{"damage":25,"enemies":"Hexaghost","floor":16,"turns":7},{"damage":20,"enemies":"2 Thieves","floor":18,"turns":4},{"damage":7,"enemies":"Chosen","floor":19,"turns":6},{"damage":21,"enemies":"Snake Plant","floor":21,"turns":3},{"damage":14,"enemies":"Replay:Snechameleon","floor":23,"turns":4},{"damage":18,"enemies":"3 Cultists","floor":24,"turns":4},{"damage":35,"enemies":"Shelled Parasite and Fungi","floor":27,"turns":4}],"seed_played":"3080691736787140705","potions_obtained":[{"floor":3,"key":"Elixir"},{"floor":5,"key":"Energy Potion"},{"floor":7,"key":"CultistPotion"},{"floor":12,"key":"LifebloodPotion"},{"floor":16,"key":"Explosive Potion"},{"floor":18,"key":"SteroidPotion"},{"floor":21,"key":"Strength Potion"},{"floor":23,"key":"SteroidPotion"},{"floor":24,"key":"Swift Potion"}],"is_trial":false,"path_per_floor":["M","$","M","M","M","R","E","R","T","M","R","E","?","M","R","B",null,"M","M","$","M","?","E","M","R","T","M"],"character_chosen":"THE_DEFAULT","items_purchased":["theMarked:EmpowerWeapon","Pen Nib"],"campfire_rested":3,"item_purchase_floors":[2,20],"current_hp_per_floor":[76,76,76,75,56,56,38,61,68,52,77,55,55,52,77,52,84,64,57,57,36,36,36,18,18,18,0,0],"gold":138,"neow_bonus":"TEN_PERCENT_HP_BONUS","is_daily":false,"chose_seed":false,"campfire_upgraded":2,"win_rate":0.0,"timestamp":1609696915,"path_taken":["M","$","M","M","M","R","E","R","T","M","R","E","?","M","R","BOSS","M","M","$","M","?","E","?","R","T","?"],"items_purchased_type":["Card","Relic"],"build_version":"2020-12-22","purchased_purges":1,"victory":false,"max_hp_per_floor":[77,77,77,77,77,77,77,77,84,84,84,84,84,84,84,84,84,84,84,84,84,84,98,98,98,98,98,98],"card_choices":[{"not_picked":["theMarked:RepellingDischarge","theMarked:SwordAndMagic"],"picked":"theMarked:AttractMetal","floor":1},{"not_picked":["theMarked:BanishingStrike","theMarked:WastefulDefense"],"picked":"theMarked:Static","floor":3},{"not_picked":["theMarked:WastefulDefense","theMarked:Indomitable"],"picked":"theMarked:ReduceFriction","floor":4},{"not_picked":["theMarked:WastefulAttack","theMarked:WardOff","theMarked:EmpowerWeapon"],"picked":"SKIP","floor":5},{"not_picked":["theMarked:SwordAndMagic","theMarked:ElectricStrings"],"picked":"theMarked:Levitate","floor":7},{"not_picked":["theMarked:ChainLightning","theMarked:Parkour"],"picked":"theMarked:GodGivenPower","floor":10},{"not_picked":["theMarked:Improvise","theMarked:ElectricStrings","theMarked:Frustration"],"picked":"SKIP","floor":12},{"not_picked":["theMarked:TwofoldDefense","theMarked:Seal"],"picked":"theMarked:MaelstromOfLightning","floor":14},{"not_picked":["theMarked:SoldierForm","theMarked:MagicAdept"],"picked":"theMarked:FavorableWinds","floor":16},{"not_picked":["theMarked:SwordAndMagic","theMarked:Parkour+1"],"picked":"theMarked:Aftermath","floor":18},{"not_picked":["theMarked:Parkour+1","theMarked:EmpowerWeapon"],"picked":"theMarked:GodGivenPower","floor":19},{"not_picked":["theMarked:ResourceFulStrike","theMarked:ComboAttacks"],"picked":"theMarked:ChainLightning","floor":21},{"not_picked":["theMarked:Defy","theMarked:ElectricStrings"],"picked":"theMarked:GodGivenPower+1","floor":23},{"not_picked":["theMarked:Convert","theMarked:WardOff"],"picked":"theMarked:HeightenedSenses+1","floor":24}],"player_experience":90734,"relics_obtained":[{"floor":7,"key":"Replay:WaspNest"},{"floor":9,"key":"Strawberry"},{"floor":12,"key":"White Beast Statue"},{"floor":23,"key":"Mango"},{"floor":26,"key":"Centennial Puzzle"}],"event_choices":[{"cards_removed":["theMarked:Strike"],"damage_healed":0,"gold_gain":0,"player_choice":"Card Removal","damage_taken":0,"max_hp_gain":0,"max_hp_loss":0,"event_name":"The Cleric","floor":13,"gold_loss":50},{"damage_healed":0,"gold_gain":0,"player_choice":"Copied","damage_taken":0,"max_hp_gain":0,"max_hp_loss":0,"event_name":"Duplicator","floor":22,"gold_loss":0,"cards_obtained":["theMarked:ReduceFriction"]}],"is_beta":false,"boss_relics":[{"not_picked":["Calling Bell","aspiration:SilentSkillbook"],"picked":"Runic Pyramid"}],"items_purged_floors":[20],"is_endless":false,"potions_floor_spawned":[3,5,7,12,14,16,18,19,21,23,24],"killed_by":"Shelled Parasite and Fungi","ascension_level":0}}