{"host":"mtg945c5jssv10ty","time":1609706686,"event":{"mods":["Ascension Unlocker","BaseMod","Downfall","Minty Spire (QoL Compilation)","StSLib","SuperFastMode"],"gold_per_floor":[99,109,19,32,47,47,96,96,96,118,134,150,150,6,22,22,22,22],"floor_reached":16,"playtime":510,"items_purged":["Slimebound:Strike_Slimebound"],"score":97,"play_id":"af8b65d5-d8ec-47ee-b630-fb1329187da4","local_time":"20210103154446","is_ascension_mode":true,"campfire_choices":[{"data":"Slimebound:Split","floor":1.0,"key":"SMITH"},{"data":"Slimebound:SlimeBrawl","floor":6,"key":"SMITH"},{"data":"Slimebound:SlimeBrawl","floor":8,"key":"SMITH"}],"circlet_count":0,"master_deck":["Slimebound:Strike_Slimebound","Slimebound:Strike_Slimebound","Slimebound:Tackle","Slimebound:Defend_Slimebound","Slimebound:Defend_Slimebound","Slimebound:Defend_Slimebound","Slimebound:Defend_Slimebound","Slimebound:Split+1","Slimebound:CorrosiveSpit","Slimebound:SlimeBrawl+1","Slimebound:SlimeBrawl+1","Slimebound:Schlurp","Slimebound:Repurpose","Slimebound:SplitLeeching","Slimebound:SplitAcid","Slimebound:MinionMaster","Slimebound:SplitLeeching"],"relics":["Slimebound:AbsorbEndCombat","Juzu Bracelet","Odd Mushroom"],"acts_visited":["Exordium"],"potions_floor_usage":[15,16,16,16],"damage_taken":[{"damage":3.0,"enemies":"Cultist","floor":2.0,"turns":3.0},{"damage":5,"enemies":"downfall:FleeingMerchant","floor":3,"turns":4},{"damage":18,"enemies":"Small Slimes","floor":4,"turns":3},{"damage":1,"enemies":"Jaw Worm","floor":5,"turns":3},{"damage":21,"enemies":"The Mushroom Lair","floor":10,"turns":4},{"damage":8,"enemies":"Red Slaver","floor":11,"turns":3},{"damage":7,"enemies":"2 Fungi Beasts","floor":12,"turns":4},{"damage":8,"enemies":"downfall:FleeingMerchant","floor":14,"turns":4},{"damage":4,"enemies":"Lots of Slimes","floor":15,"turns":5},{"damage":22,"enemies":"downfall:Silent","floor":16,"turns":8}],"seed_played":"7896787789724989100","potions_obtained":[{"floor":2,"key":"Strength Potion"},{"floor":4,"key":"sneckomod:MuddlingPotion"},{"floor":9,"key":"CultistPotion"},{"floor":9,"key":"Dexterity Potion"},{"floor":11,"key":"Block Potion"},{"floor":15,"key":"BlessingOfTheForge"}],"is_trial":false,"path_per_floor":["R","M","$","M","M","R","T","R","?","?","M","M","?","$","M","B"],"character_chosen":"SLIMEBOUND","items_purchased":["Slimebound:SplitAcid","Slimebound:MinionMaster"],"campfire_rested":0,"item_purchase_floors":[14,14],"current_hp_per_floor":[71,70,67,51,51,51,51,51,51,32,26,22,22,15,13,0,0,0],"gold":22,"neow_bonus":"TEN_PERCENT_HP_BONUS","is_daily":false,"chose_seed":false,"campfire_upgraded":3,"win_rate":0.0,"timestamp":1609706686,"path_taken":["R","M","?","M","?","R","T","R","?","?","M","M","?","$","M","BOSS"],"items_purchased_type":["Card","Card"],"build_version":"2020-12-22","purchased_purges":1,"victory":false,"max_hp_per_floor":[71,71,71,71,71,71,71,71,71,71,71,71,71,71,71,71,71,71],"card_choices":[{"not_picked":["Slimebound:HauntingLick","Slimebound:ItLooksTasty"],"picked":"Slimebound:SlimeBrawl","floor":2},{"not_picked":["Slimebound:GoopTackle","Slimebound:SplitBruiser"],"picked":"Slimebound:SlimeBrawl","floor":3},{"not_picked":["Slimebound:Replication","Slimebound:LeechEnergy"],"picked":"Slimebound:Schlurp","floor":4},{"not_picked":["Slimebound:HungryTackle","Slimebound:ItLooksTasty","Slimebound:Chomp"],"picked":"SKIP","floor":5},{"not_picked":["Slimebound:FlameTackle","Slimebound:GrowthPunch"],"picked":"Slimebound:Repurpose","floor":11},{"not_picked":["Slimebound:BestDefense","Slimebound:PressTheAttack","Slimebound:ItLooksTasty"],"picked":"SKIP","floor":12},{"not_picked":["Slimebound:RollThrough","Slimebound:DivideAndConquer"],"picked":"Slimebound:SplitLeeching","floor":14},{"not_picked":["Slimebound:Schlurp","Slimebound:OozeBath"],"picked":"Slimebound:SplitLeeching","floor":15}],"player_experience":179467,"relics_obtained":[{"floor":7,"key":"Juzu Bracelet"},{"floor":10,"key":"Odd Mushroom"}],"event_choices":[{"damage_healed":0,"gold_gain":0,"player_choice":"Got Potions","damage_taken":0,"max_hp_gain":0,"max_hp_loss":0,"event_name":"Lab","floor":9,"gold_loss":0},{"damage_healed":0,"gold_gain":0,"player_choice":"Fought Mushrooms","damage_taken":0,"max_hp_gain":0,"max_hp_loss":0,"event_name":"Mushrooms","floor":10,"gold_loss":0}],"is_beta":false,"boss_relics":[],"items_purged_floors":[3],"is_endless":false,"potions_floor_spawned":[2,4,11,12,15],"killed_by":"downfall:Silent","ascension_level":1}}