{"host":"armnliea5o2aqs4b","time":1609674264,"event":{"mods":["BaseMod","Hubris","Infinite Spire","Minty Spire (QoL Compilation)","Quick Restart","StSLib"],"gold_per_floor":[115,127,127,50,50,50,50,50,97,128,143,143,154,183,183,278,278,288,288,299,299,299,299],"floor_reached":22,"playtime":508,"items_purged":[],"score":250,"play_id":"ed9228c2-1e5c-4379-9228-4f216f54c953","local_time":"20210103224424","is_ascension_mode":true,"campfire_choices":[{"data":"Spot Weakness","floor":6.0,"key":"SMITH"},{"data":"Seeing Red","floor":15,"key":"SMITH"}],"circlet_count":0,"master_deck":["Strike_R","Strike_R","Strike_R","Strike_R+1","Defend_R","Defend_R","Defend_R","Defend_R","Bash","Seeing Red+1","Spot Weakness+1","Cleave+1","hubris:DuctTapeCard","Impervious"],"relics":["Burning Blood","NeowsBlessing","Blue Candle","hubris:Icosahedron","Tiny Chest","Darkstone Periapt","Potion Belt","hubris:BottledRain","hubris:Backtick","hubris:DuctTape","Whetstone"],"acts_visited":["Exordium","TheCity"],"potions_floor_usage":[14,14,20,22],"damage_taken":[{"damage":0.0,"enemies":"2 Louse","floor":1.0,"turns":1.0},{"damage":0.0,"enemies":"Cultist","floor":2.0,"turns":1.0},{"damage":0.0,"enemies":"Gremlin Nob","floor":10.0,"turns":2.0},{"damage":0.0,"enemies":"Small Slimes","floor":11.0,"turns":3.0},{"damage":17,"enemies":"Exordium Wildlife","floor":13,"turns":4},{"damage":20,"enemies":"Lagavulin","floor":14,"turns":6},{"damage":32,"enemies":"The Guardian","floor":16,"turns":11},{"damage":22,"enemies":"Spheric Guardian","floor":18,"turns":5},{"damage":53,"enemies":"3 Byrds","floor":20,"turns":6},{"damage":19,"enemies":"Snake Plant","floor":22,"turns":3}],"seed_played":"811011786562514124","potions_obtained":[{"floor":2.0,"key":"FearPotion"},{"floor":13,"key":"HeartOfIron"},{"floor":18,"key":"Dexterity Potion"},{"floor":20,"key":"Block Potion"}],"is_trial":false,"path_per_floor":["M","M","?","$","T","R","?","$","T","E","M","?","M","E","R","B",null,"M","?","M","T","M"],"character_chosen":"IRONCLAD","items_purchased":["Spot Weakness"],"campfire_rested":0,"item_purchase_floors":[4],"current_hp_per_floor":[80,80,80,80,80,80,80,80,80,80,80,80,69,55,55,29,80,64,64,17,17,0,0],"gold":299,"neow_bonus":"THREE_ENEMY_KILL","is_daily":false,"chose_seed":false,"campfire_upgraded":2,"win_rate":0.0,"timestamp":1609674264,"path_taken":["M","M","?","$","?","R","?","$","T","E","?","?","M","E","R","BOSS","M","?","M","?","?"],"items_purchased_type":["Card"],"build_version":"2020-12-22","purchased_purges":0,"victory":false,"max_hp_per_floor":[80,80,80,80,80,80,80,80,80,80,80,80,80,80,80,80,80,80,80,80,80,80,80],"card_choices":[{"not_picked":["Dropkick","Anger"],"picked":"Flex","floor":1.0},{"not_picked":["Havoc","Second Wind"],"picked":"Seeing Red","floor":2.0},{"not_picked":["Body Slam","Iron Wave","Metallicize"],"picked":"SKIP","floor":10.0},{"not_picked":["Havoc","True Grit","hubris:ReadiedAction"],"picked":"SKIP","floor":11.0},{"not_picked":["Reckless Charge","Wild Strike"],"picked":"Cleave","floor":13},{"not_picked":["Battle Trance","Havoc","Shockwave"],"picked":"SKIP","floor":14},{"not_picked":["Brutality","Barricade"],"picked":"Feed","floor":16},{"not_picked":["Pommel Strike+1","Sword Boomerang"],"picked":"Anger","floor":18},{"not_picked":["Reckless Charge","Armaments","Uppercut"],"picked":"SKIP","floor":20}],"player_experience":148246,"relics_obtained":[{"floor":5.0,"key":"Blue Candle"},{"floor":9.0,"key":"Tiny Chest"},{"floor":10.0,"key":"Darkstone Periapt"},{"floor":12.0,"key":"Potion Belt"},{"floor":14,"key":"hubris:BottledRain"},{"floor":21,"key":"Whetstone"}],"event_choices":[{"cards_removed":["Strike_R"],"damage_healed":0.0,"max_hp_gain":0.0,"max_hp_loss":0.0,"gold_gain":0.0,"event_name":"Purifier","player_choice":"Purged","floor":3.0,"gold_loss":0.0,"damage_taken":0.0},{"damage_healed":0,"gold_gain":0,"cards_transformed":["Anger"],"player_choice":"Transformed","damage_taken":0,"max_hp_gain":0,"max_hp_loss":0,"event_name":"Transmorgrifier","floor":19,"gold_loss":0,"cards_obtained":["Impervious"]}],"is_beta":false,"boss_relics":[{"not_picked":["hubris:RunicObelisk","Black Star"],"picked":"hubris:Backtick"}],"items_purged_floors":[],"is_endless":false,"potions_floor_spawned":[2,13,18,20],"killed_by":"Snake Plant","ascension_level":3}}