{"host":"3s1bgj9vdfhoy9ls","time":1609664814,"event":{"mods":["BaseMod","BetterRewards","Downfall","Marisa£®ÏF”Í°°ƒß¿Ì…≥£©","Minty Spire (QoL Compilation)","READ ME - Guardian Mod","Replay The Spire","Shop Mod","StSLib","The Bug Knight","The Cursed","The Disciple","The Servant 0.9.4"],"gold_per_floor":[115,115,127,202,202,230,230,230,230,230,245,277,277,287,287,384,384,404,404,26,42,42,69,69,102,102,102,102,102,115,146,146,248,248,267,317,329,184,234,274,286,328,340,16,51,351,379,393,0,0],"floor_reached":51,"playtime":1874,"items_purged":["Delirium","ReplayTheSpireMod:Restless Dread"],"score":1200,"play_id":"195e43d0-84d5-45d4-ae6a-ad9679880ca6","local_time":"20210103170654","daily_mods":["SealedDeck","Vintage","Flight","DeadlyEvents"],"is_ascension_mode":false,"campfire_choices":[{"data":"Inflame","floor":7.0,"key":"SMITH"},{"data":"ReplayTheSpireMod:Muscle Training","floor":8.0,"key":"SMITH"},{"data":"Heavy Blade","floor":10.0,"key":"SMITH"},{"data":"RitualDagger","floor":24,"key":"SMITH"},{"data":"Metallicize","floor":27,"key":"SMITH"},{"data":"Sword Boomerang","floor":29,"key":"SMITH"},{"data":"Defy Death","floor":32,"key":"SMITH"},{"data":"Brutality","floor":41,"key":"SMITH"}],"circlet_count":0,"master_deck":["ReplayTheSpireMod:Muscle Training+1","Havoc","Disarm","Defy Death+1","Sword Boomerang+1","Metallicize+1","True Grit","Heavy Blade+1","Inflame+1","Pummel","RitualDagger+1","Warcry","Cleave+1","Brutality+1","Feel No Pain","Offering","TheCursedMod:Dregs","Amnesia","Fire Breathing"],"relics":["Burning Blood","Replay:Wax Seal","CaptainsWheel","Lizard Tail","Darkstone Periapt","Mercury Hourglass","Replay:Towering Pillar of Hats","Mummified Hand","Onion Ring","TungstenRod","Ring of Searing","Ring of Hypnosis","Replay:Bronze Core","StoneCalendar","Replay:Kaleidoscope","Ginger","StrikeDummy","Replay:Ringing Soul","HornCleat","Boot","King of Hearts","Molten Egg 2","Ring of Chaos","Ancient Tea Set","Calipers","Question Card","Pet Ghost","Ring of Greed","Smiling Mask","MawBank","ReplayTheSpireMod:Ring of Challenge","Nunchaku","Akabeko","Art of War","Replay:Bottled Steam","Toy Ornithopter","Potion Belt","ReplayTheSpireMod:TigerMarble","Red Mask"],"acts_visited":["Exordium","TheCity","TheBeyond"],"potions_floor_usage":[45,50,50,50],"damage_taken":[{"damage":6.0,"enemies":"Small Slimes","floor":1.0,"turns":5.0},{"damage":3.0,"enemies":"Cultist","floor":3.0,"turns":3.0},{"damage":18.0,"enemies":"Replay:BlueRogue","floor":6.0,"turns":6.0},{"damage":0.0,"enemies":"2 Louse","floor":11.0,"turns":1.0},{"damage":2.0,"enemies":"Lagavulin","floor":12.0,"turns":4.0},{"damage":1.0,"enemies":"Large Slime","floor":14.0,"turns":1.0},{"damage":16.0,"enemies":"Slime Boss","floor":16.0,"turns":5.0},{"damage":15.0,"enemies":"Chosen","floor":18.0,"turns":4.0},{"damage":16.0,"enemies":"2 Thieves","floor":21.0,"turns":3.0},{"damage":24,"enemies":"HollowMod:Nosk","floor":23,"turns":4},{"damage":5,"enemies":"Replay:Snechameleon","floor":25,"turns":3},{"damage":6,"enemies":"Centurion and Healer","floor":30,"turns":2},{"damage":9,"enemies":"Slavers","floor":31,"turns":2},{"damage":47,"enemies":"Champ","floor":33,"turns":6},{"damage":12,"enemies":"3 Darklings","floor":35,"turns":4},{"damage":12,"enemies":"Mind Bloom Boss Battle","floor":36,"turns":4},{"damage":10,"enemies":"Orb Walker","floor":37,"turns":2},{"damage":10,"enemies":"Giant Head","floor":40,"turns":5},{"damage":4,"enemies":"HollowMod:StalkingDevout","floor":42,"turns":3},{"damage":12,"enemies":"Giant Head","floor":45,"turns":4},{"damage":15,"enemies":"R_Hoarder","floor":47,"turns":5},{"damage":5,"enemies":"Maw","floor":48,"turns":5},{"damage":42,"enemies":"Awakened One","floor":50,"turns":8}],"seed_played":"2626249650523321592","potions_obtained":[{"floor":1.0,"key":"Fire Potion"},{"floor":3.0,"key":"EssenceOfSteel"},{"floor":21.0,"key":"Elixir"},{"floor":25,"key":"Adrenaline Potion"},{"floor":48,"key":"Weak Potion"}],"is_trial":true,"path_per_floor":["M","?","M","?","?","E","R","R","T","R","M","E","T","M","R","B",null,"M","?","$","M","?","E","R","E","T","R","T","R","M","E","R","B",null,"M","?","M","$","?","E","R","E","T","$","E","?","E","M","R","B",null],"character_chosen":"IRONCLAD","items_purchased":["Replay:Kaleidoscope","Pet Ghost","Replay:Bottled Steam","Feel No Pain"],"campfire_rested":0,"item_purchase_floors":[20,38,44,44],"current_hp_per_floor":[80,80,80,80,77,65,65,65,65,65,71,75,75,80,86,76,86,77,72,72,62,86,68,68,72,72,72,72,72,72,72,72,34,95,89,83,79,79,79,75,75,77,86,89,86,101,95,96,96,75],"gold":0,"neow_bonus":"","is_daily":false,"chose_seed":false,"campfire_upgraded":8,"win_rate":0.0,"timestamp":1609664814,"path_taken":["M","?","?","?","?","E","R","R","T","R","M","?","?","?","R","BOSS","M","?","$","M","?","E","R","E","T","R","?","R","M","?","R","BOSS","M","?","M","$","?","E","R","E","T","$","E","?","?","M","R","BOSS"],"items_purchased_type":["Relic","Relic","Relic","Card"],"build_version":"2020-12-22","purchased_purges":2,"victory":true,"max_hp_per_floor":[80,80,80,80,80,80,80,80,80,80,80,80,80,80,86,86,86,86,86,86,86,86,86,86,89,89,89,89,89,89,92,92,95,95,95,95,95,95,95,95,95,95,104,107,110,125,128,128,128,128],"card_choices":[{"not_picked":["ReplayTheSpireMod:Strike From Hell","Life Link"],"picked":"Pummel","floor":4.0},{"not_picked":["Reaper","ReplayTheSpireMod:Stacked","Shrug It Off"],"picked":"SKIP","floor":6.0},{"not_picked":["Power Through","Dropkick","Searing Blow"],"picked":"SKIP","floor":12.0},{"not_picked":["Sword Boomerang","Feed","Perfected Strike+1"],"picked":"SKIP","floor":23},{"not_picked":["ReplayReversal","Metallicize"],"picked":"Warcry","floor":25},{"not_picked":["Body Slam+1","Thunderclap+1"],"picked":"Cleave+1","floor":31},{"not_picked":["Immolate+1","Demonic Infusion"],"picked":"Brutality","floor":33},{"not_picked":["Blood for Blood+1","Searing Blow+1","Body Slam+1","Flex+1"],"picked":"SKIP","floor":40},{"not_picked":["Massacre+1","Twin Strike+1","Heavy Blade+1","Thunderclap+1"],"picked":"SKIP","floor":42},{"not_picked":["ReplayTheSpireMod:Limb From Limb+1","Flex","Perfected Strike+1"],"picked":"Offering","floor":45},{"not_picked":["Juggernaut","Disarm+1","Run Through+1"],"picked":"Fire Breathing","floor":47}],"player_experience":519814,"relics_obtained":[{"floor":1.0,"key":"Replay:Wax Seal"},{"floor":3.0,"key":"CaptainsWheel"},{"floor":6.0,"key":"Darkstone Periapt"},{"floor":9.0,"key":"Mercury Hourglass"},{"floor":11.0,"key":"Replay:Towering Pillar of Hats"},{"floor":12.0,"key":"Mummified Hand"},{"floor":13.0,"key":"Onion Ring"},{"floor":14.0,"key":"TungstenRod"},{"floor":15.0,"key":"Ring of Searing"},{"floor":15.0,"key":"Ring of Hypnosis"},{"floor":18.0,"key":"StoneCalendar"},{"floor":21.0,"key":"Ginger"},{"floor":23,"key":"StrikeDummy"},{"floor":25,"key":"Replay:Ringing Soul"},{"floor":26,"key":"HornCleat"},{"floor":28,"key":"Boot"},{"floor":30,"key":"King of Hearts"},{"floor":31,"key":"Molten Egg 2"},{"floor":35,"key":"Ancient Tea Set"},{"floor":36,"key":"Calipers"},{"floor":37,"key":"Question Card"},{"floor":39,"key":"Ring of Greed"},{"floor":39,"key":"Smiling Mask"},{"floor":39,"key":"MawBank"},{"floor":39,"key":"ReplayTheSpireMod:Ring of Challenge"},{"floor":40,"key":"Nunchaku"},{"floor":42,"key":"Akabeko"},{"floor":43,"key":"Art of War"},{"floor":45,"key":"Toy Ornithopter"},{"floor":47,"key":"Potion Belt"},{"floor":48,"key":"ReplayTheSpireMod:TigerMarble"}],"event_choices":[{"cards_removed":["Cleave"],"damage_healed":0.0,"max_hp_gain":0.0,"max_hp_loss":0.0,"gold_gain":0.0,"event_name":"Purifier","player_choice":"Purged","floor":2.0,"gold_loss":0.0,"damage_taken":0.0},{"damage_healed":0.0,"max_hp_gain":0.0,"max_hp_loss":0.0,"gold_gain":0.0,"event_name":"Scrap Ooze","player_choice":"Success","floor":5.0,"gold_loss":0.0,"damage_taken":3.0,"relics_obtained":["Lizard Tail"]},{"damage_healed":0.0,"max_hp_gain":0.0,"max_hp_loss":0.0,"gold_gain":0.0,"event_name":"Nest","player_choice":"Joined the Cult","floor":19.0,"gold_loss":0.0,"damage_taken":6.0,"cards_obtained":["RitualDagger"]},{"damage_healed":28.0,"max_hp_gain":0.0,"max_hp_loss":0.0,"gold_gain":0.0,"event_name":"The Library","player_choice":"Heal","floor":22.0,"gold_loss":0.0,"damage_taken":0.0},{"damage_healed":0,"gold_gain":0,"player_choice":"Fight","damage_taken":0,"max_hp_gain":0,"max_hp_loss":0,"event_name":"MindBloom","floor":36,"gold_loss":0},{"damage_healed":0,"gold_gain":300,"player_choice":"Gold","damage_taken":0,"max_hp_gain":0,"max_hp_loss":0,"event_name":"Wheel of Change","floor":46,"gold_loss":0},{"damage_healed":0,"gold_gain":0,"player_choice":"Paid","damage_taken":0,"relics_obtained":["Red Mask"],"max_hp_gain":0,"max_hp_loss":0,"event_name":"Tomb of Lord Red Mask","floor":49,"gold_loss":393}],"is_beta":false,"boss_relics":[{"not_picked":["Fusion Hammer","Busted Crown"],"picked":"Replay:Bronze Core"},{"not_picked":["Mark of Pain","Sozu"],"picked":"Ring of Chaos"}],"items_purged_floors":[20,44],"is_endless":false,"potions_floor_spawned":[1,3,21,23,25,30,33,40,42,48],"ascension_level":0}}