{"host":"29nokk5suv5vtcrv","time":1609699069,"event":{"mods":["BaseMod","Minty Spire (QoL Compilation)","Slay-I"],"gold_per_floor":[115,115,132,207,55,55,55,55,55,65,91,91,108,121,121,121,121],"floor_reached":16,"playtime":629,"items_purged":[],"score":145,"play_id":"ab06b7a0-208d-46d6-81f0-9bb2157fbda2","local_time":"20210103193749","is_ascension_mode":true,"campfire_choices":[{"data":"Body Slam","floor":6,"key":"SMITH"},{"data":"Cleave","floor":8,"key":"SMITH"},{"data":"Madness","floor":15,"key":"SMITH"}],"circlet_count":0,"master_deck":["Strike_R","Strike_R","Strike_R","Strike_R","Strike_R","Defend_R","Defend_R+1","Defend_R","Defend_R","Bash","Fiend Fire","Body Slam+1","Cleave+1","Shrug It Off+1","Madness+1","Evolve"],"relics":["Burning Blood","Anchor","Bronze Scales","War Paint"],"acts_visited":["Exordium"],"potions_floor_usage":[11,16,16],"damage_taken":[{"damage":15,"enemies":"Small Slimes","floor":1,"turns":5},{"damage":2,"enemies":"2 Louse","floor":3,"turns":2},{"damage":2,"enemies":"Jaw Worm","floor":10,"turns":2},{"damage":20,"enemies":"3 Sentries","floor":11,"turns":7},{"damage":3,"enemies":"Lots of Slimes","floor":13,"turns":2},{"damage":11,"enemies":"Looter","floor":14,"turns":3},{"damage":50,"enemies":"The Guardian","floor":16,"turns":12}],"seed_played":"-6925061836353411769","potions_obtained":[{"floor":3,"key":"SteroidPotion"},{"floor":10,"key":"SpeedPotion"},{"floor":14,"key":"Strength Potion"}],"is_trial":false,"path_per_floor":["M","?","M","?","$","R","$","R","T","M","E","?","M","M","R","B"],"character_chosen":"IRONCLAD","items_purchased":["Anchor"],"campfire_rested":0,"item_purchase_floors":[5],"current_hp_per_floor":[63,68,72,61,61,61,61,61,61,65,51,51,54,49,49,0,0],"gold":121,"neow_bonus":"ONE_RANDOM_RARE_CARD","is_daily":false,"chose_seed":false,"campfire_upgraded":3,"win_rate":0.0,"timestamp":1609699069,"path_taken":["M","?","M","?","$","R","$","R","T","M","E","?","?","M","R","BOSS"],"items_purchased_type":["Relic"],"build_version":"2020-12-22","purchased_purges":0,"victory":false,"max_hp_per_floor":[80,85,85,85,85,85,85,85,85,85,85,85,85,85,85,85,85],"card_choices":[{"not_picked":["Twin Strike","Anger"],"picked":"Body Slam","floor":1},{"not_picked":["Dropkick","Sever Soul"],"picked":"Cleave","floor":3},{"not_picked":["Rupture","Rage"],"picked":"Shrug It Off","floor":10},{"not_picked":["Spot Weakness","Feel No Pain","Cleave"],"picked":"SKIP","floor":11},{"not_picked":["Flex","Pommel Strike","Seeing Red"],"picked":"SKIP","floor":13},{"not_picked":["True Grit","Hemokinesis"],"picked":"Evolve","floor":14}],"player_experience":849521,"relics_obtained":[{"floor":9,"key":"Bronze Scales"},{"floor":11,"key":"War Paint"}],"event_choices":[{"damage_healed":0,"gold_gain":0,"player_choice":"Donut","damage_taken":0,"max_hp_gain":5,"max_hp_loss":0,"event_name":"Big Fish","floor":2,"gold_loss":0},{"damage_healed":0,"gold_gain":75,"player_choice":"Gather Gold","damage_taken":11,"max_hp_gain":0,"max_hp_loss":0,"event_name":"World of Goop","floor":4,"gold_loss":0},{"damage_healed":0,"gold_gain":0,"player_choice":"1 cards matched","damage_taken":0,"max_hp_gain":0,"max_hp_loss":0,"event_name":"Match and Keep!","floor":12,"gold_loss":0,"cards_obtained":["Madness"]}],"is_beta":false,"boss_relics":[],"items_purged_floors":[],"is_endless":false,"potions_floor_spawned":[3,10,14],"killed_by":"The Guardian","ascension_level":9}}