{"host":"khm4we1ijduz33xh","time":1609677902,"event":{"mods":["AchievementEnabler","BaseMod","Colored Map","Minty Spire (QoL Compilation)","Rare Cards Sparkle","StSLib","SuperFastMode"],"gold_per_floor":[118,137,137,154,168,168,203,203,253,271,271,282,14,29,29,124,124,143,156,166,177,77,77,104,119,119,119,34,34,50,61,61,157,157,172,172,47,57,76,76,101,101,125,89,106,106,116,116,116,116,116],"floor_reached":50,"playtime":2658,"items_purged":["Strike_G","Sucker Punch","A Thousand Cuts"],"score":658,"play_id":"0b10a73d-c592-4430-b921-cede1654bac8","local_time":"20210103214502","is_ascension_mode":true,"campfire_choices":[{"data":"Deadly Poison","floor":6.0,"key":"SMITH"},{"data":"Poisoned Stab","floor":8.0,"key":"SMITH"},{"data":"Poisoned Stab","floor":11.0,"key":"SMITH"},{"data":"Bouncing Flask","floor":15.0,"key":"SMITH"},{"floor":23.0,"key":"REST"},{"floor":27.0,"key":"REST"},{"data":"Setup","floor":29.0,"key":"SMITH"},{"floor":32.0,"key":"REST"},{"floor":40,"key":"RECALL"},{"floor":42,"key":"REST"},{"floor":49,"key":"REST"}],"circlet_count":0,"master_deck":["Survivor","Neutralize","Poisoned Stab+1","Deadly Poison+1","Footwork","Dodge and Roll","Poisoned Stab+1","PiercingWail","Bouncing Flask+1","Blur","Tactician","Bullet Time","Leg Sweep","Catalyst","Bane","Flying Knee+1","Backflip+1","Setup+1","Acrobatics+1","After Image","Cloak And Dagger+1","Parasite","PiercingWail+1","Noxious Fumes","Backflip+1"],"relics":["Ring of the Snake","NlothsMask","Ninja Scroll","Snake Skull","Pandora\u0027s Box","Lantern","White Beast Statue","Boot","Fusion Hammer","PreservedInsect"],"acts_visited":["Exordium","TheCity","TheBeyond"],"potions_floor_usage":[45,45,50,50],"damage_taken":[{"damage":0.0,"enemies":"2 Louse","floor":1.0,"turns":3.0},{"damage":0.0,"enemies":"Cultist","floor":2.0,"turns":3.0},{"damage":0.0,"enemies":"Small Slimes","floor":4.0,"turns":3.0},{"damage":4.0,"enemies":"Blue Slaver","floor":5.0,"turns":4.0},{"damage":16.0,"enemies":"Gremlin Nob","floor":7.0,"turns":4.0},{"damage":3.0,"enemies":"3 Louse","floor":10.0,"turns":2.0},{"damage":8.0,"enemies":"Large Slime","floor":12.0,"turns":5.0},{"damage":2.0,"enemies":"Lots of Slimes","floor":14.0,"turns":4.0},{"damage":12.0,"enemies":"Hexaghost","floor":16.0,"turns":6.0},{"damage":4.0,"enemies":"2 Thieves","floor":18.0,"turns":2.0},{"damage":0.0,"enemies":"3 Byrds","floor":19.0,"turns":4.0},{"damage":18.0,"enemies":"Snake Plant","floor":20.0,"turns":3.0},{"damage":14.0,"enemies":"Cultist and Chosen","floor":21.0,"turns":5.0},{"damage":16.0,"enemies":"Book of Stabbing","floor":24.0,"turns":5.0},{"damage":28.0,"enemies":"Shelled Parasite and Fungi","floor":25.0,"turns":4.0},{"damage":23.0,"enemies":"Centurion and Healer","floor":30.0,"turns":5.0},{"damage":0.0,"enemies":"Snake Plant","floor":31.0,"turns":2.0},{"damage":0.0,"enemies":"Champ","floor":33.0,"turns":11.0},{"damage":1.0,"enemies":"Orb Walker","floor":35.0,"turns":4.0},{"damage":1,"enemies":"3 Shapes","floor":38,"turns":4},{"damage":4,"enemies":"Writhing Mass","floor":39,"turns":5},{"damage":0,"enemies":"Giant Head","floor":41,"turns":6},{"damage":15,"enemies":"Jaw Worm Horde","floor":45,"turns":4},{"damage":23,"enemies":"4 Shapes","floor":47,"turns":6},{"damage":70,"enemies":"Donu and Deca","floor":50,"turns":8}],"seed_played":"-3632276439573821903","potions_obtained":[{"floor":1.0,"key":"Dexterity Potion"},{"floor":5.0,"key":"Strength Potion"},{"floor":12.0,"key":"FearPotion"},{"floor":14.0,"key":"AttackPotion"},{"floor":19.0,"key":"Fire Potion"},{"floor":20.0,"key":"PowerPotion"},{"floor":25.0,"key":"Regen Potion"},{"floor":30.0,"key":"SkillPotion"},{"floor":31.0,"key":"SpeedPotion"},{"floor":33.0,"key":"Ancient Potion"},{"floor":35.0,"key":"ColorlessPotion"},{"floor":39,"key":"Fire Potion"},{"floor":45,"key":"AttackPotion"},{"floor":47,"key":"Explosive Potion"}],"is_trial":false,"path_per_floor":["M","M","?","M","M","R","E","R","T","M","R","M","$","M","R","B",null,"M","M","M","M","$","R","E","M","T","R","?","R","M","M","R","B",null,"M","?","$","M","M","R","E","R","T","$","M","?","M","?","R","B"],"character_chosen":"THE_SILENT","items_purchased":["Bouncing Flask","Snake Skull","Noxious Fumes"],"campfire_rested":5,"item_purchase_floors":[13,13,44],"current_hp_per_floor":[63,63,63,63,59,59,43,43,43,40,40,32,32,30,30,18,63,59,59,41,27,27,45,29,1,1,19,19,19,10,10,28,28,63,62,60,60,59,55,55,55,60,60,60,45,45,22,70,70,0,0],"gold":116,"neow_bonus":"REMOVE_TWO","is_daily":false,"chose_seed":false,"campfire_upgraded":5,"win_rate":0.0,"timestamp":1609677902,"path_taken":["M","M","?","M","M","R","E","R","T","M","R","M","$","M","R","BOSS","M","M","M","?","$","R","E","M","T","R","?","R","M","M","R","BOSS","M","?","$","M","M","R","E","R","T","$","M","?","M","?","R","BOSS"],"items_purchased_type":["Card","Relic","Card"],"build_version":"2020-12-22","purchased_purges":3,"victory":false,"max_hp_per_floor":[63,63,63,63,63,63,63,63,63,63,63,63,63,63,63,63,63,63,63,63,63,63,63,63,63,63,63,63,63,63,63,63,63,63,63,60,60,60,60,60,60,60,60,60,60,60,60,70,70,70,70],"card_choices":[{"not_picked":["All Out Attack","Flying Knee"],"picked":"Poisoned Stab","floor":1.0},{"not_picked":["Poisoned Stab","Tactician"],"picked":"Deadly Poison","floor":2.0},{"not_picked":["Deadly Poison","Underhanded Strike","All Out Attack"],"picked":"SKIP","floor":4.0},{"not_picked":["Underhanded Strike","PiercingWail"],"picked":"Footwork","floor":5.0},{"not_picked":["Night Terror","Unload"],"picked":"Dodge and Roll","floor":7.0},{"not_picked":["Backstab","Finisher"],"picked":"Poisoned Stab","floor":10.0},{"not_picked":["Underhanded Strike","Cloak And Dagger"],"picked":"PiercingWail","floor":12.0},{"not_picked":["Dagger Spray","Well Laid Plans"],"picked":"Blur","floor":14.0},{"not_picked":["Die Die Die","Grand Finale"],"picked":"A Thousand Cuts","floor":16.0},{"not_picked":["Deflect+1","Deadly Poison"],"picked":"Bane","floor":18.0},{"not_picked":["Finisher","Bane"],"picked":"Flying Knee+1","floor":19.0},{"not_picked":["All Out Attack","PiercingWail","Deadly Poison"],"picked":"SKIP","floor":20.0},{"not_picked":["Wraith Form v2","Quick Slash"],"picked":"Backflip+1","floor":21.0},{"not_picked":["Tactician","Backflip","Quick Slash"],"picked":"SKIP","floor":24.0},{"not_picked":["Backstab+1","Eviscerate"],"picked":"Setup","floor":25.0},{"not_picked":["Backstab","Escape Plan","Riddle With Holes"],"picked":"SKIP","floor":30.0},{"not_picked":["Finisher","Accuracy"],"picked":"Acrobatics+1","floor":31.0},{"not_picked":["Malaise","Glass Knife"],"picked":"After Image","floor":33.0},{"not_picked":["Quick Slash","Heel Hook+1"],"picked":"Cloak And Dagger+1","floor":35.0},{"not_picked":["Flying Knee","Slice","Prepared"],"picked":"SKIP","floor":38},{"not_picked":["Distraction+1","Finisher","Skewer+1"],"picked":"SKIP","floor":39},{"not_picked":["Unload","Well Laid Plans+1"],"picked":"PiercingWail+1","floor":41},{"not_picked":["Concentrate","Bane","Blade Dance"],"picked":"SKIP","floor":45},{"not_picked":["Slice","Poisoned Stab+1"],"picked":"Backflip+1","floor":47}],"player_experience":177812,"relics_obtained":[{"floor":7.0,"key":"Ninja Scroll"},{"floor":24.0,"key":"Lantern"},{"floor":26.0,"key":"White Beast Statue"},{"floor":41,"key":"PreservedInsect"}],"event_choices":[{"damage_healed":0.0,"max_hp_gain":0.0,"max_hp_loss":0.0,"gold_gain":0.0,"event_name":"FaceTrader","player_choice":"Trade","floor":3.0,"gold_loss":0.0,"damage_taken":0.0,"relics_obtained":["NlothsMask"]},{"damage_healed":0.0,"max_hp_gain":0.0,"max_hp_loss":0.0,"gold_gain":0.0,"event_name":"Addict","player_choice":"Obtained Relic","floor":28.0,"gold_loss":85.0,"damage_taken":0.0,"relics_obtained":["Boot"]},{"damage_healed":0.0,"max_hp_gain":0.0,"max_hp_loss":3.0,"gold_gain":0.0,"event_name":"Winding Halls","player_choice":"Max HP","floor":36.0,"gold_loss":0.0,"damage_taken":0.0},{"cards_removed":["Infinite Blades"],"damage_healed":0,"gold_gain":0,"player_choice":"Removed Power","damage_taken":0,"max_hp_gain":0,"max_hp_loss":0,"event_name":"Falling","floor":46,"gold_loss":0},{"cards_removed":["Tools of the Trade"],"damage_healed":38,"gold_gain":0,"player_choice":"Offered Rare","damage_taken":0,"max_hp_gain":10,"max_hp_loss":0,"event_name":"Bonfire Elementals","floor":48,"gold_loss":0}],"is_beta":false,"boss_relics":[{"not_picked":["Astrolabe","SacredBark"],"picked":"Pandora\u0027s Box"},{"not_picked":["Black Star","Coffee Dripper"],"picked":"Fusion Hammer"}],"items_purged_floors":[13,22,37],"is_endless":false,"potions_floor_spawned":[1,5,12,14,19,20,21,25,30,31,33,35,38,39,41,45,47],"killed_by":"Donu and Deca","ascension_level":2}}