{"host":"yo9wwslrag05lh37","time":1609635803,"event":{"mods":["AchievementEnabler","BaseMod","Block Reminder","Colored Map","Colored Powertips","GifTheSpireLib","HexUI Lib","Highlight Path","Minty Spire (QoL Compilation)","Rare Cards Sparkle","Relic Stats","StSLib","everything is the same but u backflip on backflip"],"gold_per_floor":[117,129,148,59,19,19,19,50,73,73,103,103,123,155,155,229,229,248,258,258,258,258],"floor_reached":21,"playtime":1110,"items_purged":[],"score":494,"play_id":"2bc0a688-10b5-4aa6-9f3f-a1417c7d9374","local_time":"20210103020323","is_ascension_mode":true,"campfire_choices":[{"data":"Masterful Stab","floor":6.0,"key":"SMITH"},{"data":"Bouncing Flask","floor":10.0,"key":"SMITH"},{"data":"Footwork","floor":12.0,"key":"SMITH"},{"data":"Accuracy","floor":15.0,"key":"SMITH"}],"circlet_count":0,"master_deck":["AscendersBane","Strike_G","Strike_G","Strike_G","Defend_G","Defend_G","Defend_G","Survivor","Neutralize","After Image+1","Grand Finale+1","Blade Dance+1","Accuracy+1","Masterful Stab+1","PiercingWail","Footwork+1","Backflip","Bouncing Flask+1","Well Laid Plans","Corpse Explosion","Calculated Gamble"],"relics":["Astrolabe","Lantern","Pen Nib","Strawberry","PreservedInsect","SlaversCollar"],"acts_visited":["Exordium","TheCity"],"potions_floor_usage":[],"damage_taken":[{"damage":6.0,"enemies":"2 Louse","floor":1.0,"turns":3.0},{"damage":0.0,"enemies":"Cultist","floor":2.0,"turns":3.0},{"damage":0.0,"enemies":"Small Slimes","floor":3.0,"turns":3.0},{"damage":0.0,"enemies":"Looter","floor":5.0,"turns":4.0},{"damage":0.0,"enemies":"Gremlin Nob","floor":8.0,"turns":3.0},{"damage":11.0,"enemies":"Lagavulin","floor":11.0,"turns":7.0},{"damage":1.0,"enemies":"3 Louse","floor":13.0,"turns":4.0},{"damage":10.0,"enemies":"3 Sentries","floor":14.0,"turns":4.0},{"damage":30.0,"enemies":"Hexaghost","floor":16.0,"turns":8.0},{"damage":35.0,"enemies":"2 Thieves","floor":18.0,"turns":4.0},{"damage":14.0,"enemies":"Shell Parasite","floor":19.0,"turns":5.0},{"damage":14,"enemies":"Sentry and Sphere","floor":21,"turns":5}],"seed_played":"1253824335377050921","potions_obtained":[{"floor":2.0,"key":"Weak Potion"},{"floor":3.0,"key":"SteroidPotion"},{"floor":7.0,"key":"Strength Potion"},{"floor":11.0,"key":"ColorlessPotion"},{"floor":14.0,"key":"Weak Potion"},{"floor":16.0,"key":"ColorlessPotion"}],"is_trial":false,"path_per_floor":["M","M","M","$","M","R","?","E","T","R","E","R","M","E","R","B",null,"M","M","?","M"],"character_chosen":"THE_SILENT","items_purchased":["Footwork"],"campfire_rested":0,"item_purchase_floors":[4],"current_hp_per_floor":[53,53,53,53,53,53,53,53,53,53,49,49,48,38,38,8,57,22,8,8,0,0],"gold":258,"neow_bonus":"BOSS_RELIC","is_daily":false,"chose_seed":false,"campfire_upgraded":4,"win_rate":0.0,"timestamp":1609635803,"path_taken":["M","M","M","$","M","R","?","E","T","R","E","R","M","E","R","BOSS","M","?","?","?"],"items_purchased_type":["Card"],"build_version":"2020-12-22","purchased_purges":0,"victory":false,"max_hp_per_floor":[66,66,66,66,66,66,66,66,66,66,73,73,73,73,73,73,73,73,73,73,73,73],"relic_stats":{"counters":[12,53],"Astrolabe":["After Image","Grand Finale","Blade Dance"],"Pen Nib":[7],"PreservedInsect":0,"obtain_stats":[{"SlaversCollar":17,"Lantern":8,"Astrolabe":0,"Strawberry":11,"Pen Nib":9,"PreservedInsect":14,"Ring of the Snake":0},{"SlaversCollar":9,"Lantern":5,"Astrolabe":0,"Strawberry":6,"Pen Nib":5,"PreservedInsect":8,"Ring of the Snake":0},{"SlaversCollar":39,"Lantern":16,"Astrolabe":0,"Strawberry":23,"Pen Nib":16,"PreservedInsect":31,"Ring of the Snake":0}]},"card_choices":[{"not_picked":["Acrobatics","Infinite Blades"],"picked":"Accuracy","floor":1.0},{"not_picked":["Cloak And Dagger","Blur"],"picked":"Masterful Stab","floor":2.0},{"not_picked":["Prepared","Poisoned Stab"],"picked":"PiercingWail","floor":3.0},{"not_picked":["Storm of Steel","Flying Knee"],"picked":"Backflip","floor":5.0},{"not_picked":["Sucker Punch","Dagger Spray"],"picked":"Bouncing Flask","floor":8.0},{"not_picked":["Riddle With Holes","Bouncing Flask"],"picked":"Well Laid Plans","floor":11.0},{"not_picked":["Outmaneuver","Sucker Punch","Dagger Spray"],"picked":"SKIP","floor":13.0},{"not_picked":["All Out Attack","Flying Knee","Finisher"],"picked":"SKIP","floor":14.0},{"not_picked":["Doppelganger","Grand Finale"],"picked":"Corpse Explosion","floor":16.0},{"not_picked":["Distraction","Poisoned Stab","Dash"],"picked":"SKIP","floor":18.0},{"not_picked":["Poisoned Stab","Dagger Spray"],"picked":"Calculated Gamble","floor":19.0}],"player_experience":1463330,"relics_obtained":[{"floor":8.0,"key":"Lantern"},{"floor":9.0,"key":"Pen Nib"},{"floor":11.0,"key":"Strawberry"},{"floor":14.0,"key":"PreservedInsect"}],"event_choices":[{"damage_healed":0.0,"max_hp_gain":0.0,"max_hp_loss":0.0,"gold_gain":0.0,"event_name":"Lab","player_choice":"Got Potions","floor":7.0,"gold_loss":0.0,"damage_taken":0.0},{"cards_removed":["Strike_G"],"damage_healed":0.0,"max_hp_gain":0.0,"max_hp_loss":0.0,"gold_gain":0.0,"event_name":"Purifier","player_choice":"Purged","floor":20.0,"gold_loss":0.0,"damage_taken":0.0}],"is_beta":false,"boss_relics":[{"not_picked":["SacredBark","Sozu"],"picked":"SlaversCollar"}],"items_purged_floors":[],"is_endless":false,"potions_floor_spawned":[2,3,11,14,16],"killed_by":"Sentry and Sphere","ascension_level":20}}