{"host":"b4oqa93y40rb9616","time":1609706149,"event":{"mods":["BaseMod","Colored Map","Custom Start","DeckTracker","Downfall","Keyboard Shortcuts","Minty Spire (QoL Compilation)","Permanent Neow","Quick Restart","READ ME - Guardian Mod","StSLib","SuperFastMode","everything is the same but u backflip on backflip"],"gold_per_floor":[149,167,184,184,202,40,65,65,92,109,24,54,72,129,142,142,142,142],"floor_reached":16,"playtime":644,"items_purged":["Slimebound:Strike_Slimebound"],"score":112,"play_id":"c8aa1dc1-572b-4752-8a8d-9151c4489b0c","local_time":"20210104053549","is_ascension_mode":false,"campfire_choices":[{"data":"Slimebound:BestDefense","floor":1.0,"key":"SMITH"},{"data":"Slimebound:DisruptingSlam","floor":8.0,"key":"SMITH"}],"circlet_count":0,"master_deck":["Slimebound:Strike_Slimebound","Slimebound:Tackle","Slimebound:Defend_Slimebound","Slimebound:Defend_Slimebound","Slimebound:Defend_Slimebound","Slimebound:Defend_Slimebound","Slimebound:Split+1","Slimebound:CorrosiveSpit","Slimebound:BestDefense+1","Slimebound:RollThrough","Slimebound:SplitBruiser","Slimebound:ComboTackle","Slimebound:SplitAcid","Slimebound:DisruptingSlam+1","Slimebound:SlimeBarrage","Slimebound:Teamwork","Slimebound:RollThrough","Slimebound:LivingWall","Slimebound:SlimeBarrage","Slimebound:FlameTackle","Slimebound:DivideAndConquer","Slimebound:ForwardTackle"],"relics":["Tiny House","Bag of Preparation","Juzu Bracelet","Du-Vu Doll","Mercury Hourglass"],"acts_visited":["Exordium"],"potions_floor_usage":[16],"damage_taken":[{"damage":12.0,"enemies":"Small Slimes","floor":2.0,"turns":3.0},{"damage":14.0,"enemies":"Jaw Worm","floor":3.0,"turns":4.0},{"damage":13.0,"enemies":"Cultist","floor":5.0,"turns":3.0},{"damage":13.0,"enemies":"downfall:FleeingMerchant","floor":6.0,"turns":4.0},{"damage":34.0,"enemies":"3 Sentries","floor":9.0,"turns":3.0},{"damage":22.0,"enemies":"Large Slime","floor":10.0,"turns":5.0},{"damage":26.0,"enemies":"downfall:FleeingMerchant","floor":11.0,"turns":4.0},{"damage":14.0,"enemies":"Gremlin Nob","floor":12.0,"turns":4.0},{"damage":28.0,"enemies":"Exordium Wildlife","floor":13.0,"turns":4.0},{"damage":25.0,"enemies":"Lagavulin Event","floor":14.0,"turns":5.0},{"damage":6.0,"enemies":"2 Fungi Beasts","floor":15.0,"turns":2.0},{"damage":12,"enemies":"downfall:Silent","floor":16,"turns":2}],"seed_played":"-6803296219102516201","potions_obtained":[{"floor":0.0,"key":"FairyPotion"},{"floor":9.0,"key":"Strength Potion"},{"floor":10.0,"key":"champ:CounterPotion"},{"floor":14.0,"key":"DistilledChaos"}],"is_trial":false,"path_per_floor":["R","M","M","?","M","$","T","R","E","M","$","E","M","?","M","B"],"character_chosen":"SLIMEBOUND","items_purchased":["Slimebound:DisruptingSlam","Slimebound:LivingWall"],"campfire_rested":0,"item_purchase_floors":[6,11],"current_hp_per_floor":[65,61,55,55,54,53,53,53,35,29,19,17,27,14,12,0,0,0],"gold":142,"neow_bonus":"BOSS_RELIC","is_daily":false,"chose_seed":false,"campfire_upgraded":2,"win_rate":0.0,"timestamp":1609706149,"path_taken":["R","M","M","?","M","$","T","R","E","M","$","E","M","?","M","BOSS"],"items_purchased_type":["Card","Card"],"build_version":"2020-12-22","purchased_purges":1,"victory":false,"max_hp_per_floor":[65,65,65,65,65,65,65,65,65,65,65,65,65,65,65,65,65,65],"card_choices":[{"not_picked":["Slimebound:SplitBruiser","Slimebound:Schlurp"],"picked":"Slimebound:BestDefense","floor":0.0},{"not_picked":["Slimebound:SplitMire","Slimebound:GrowthPunch"],"picked":"Slimebound:RollThrough","floor":2.0},{"not_picked":["Slimebound:GrowthPunch","Slimebound:SplitMire"],"picked":"Slimebound:SplitBruiser","floor":3.0},{"not_picked":["Slimebound:PressTheAttack","Slimebound:SplitLeeching"],"picked":"Slimebound:ComboTackle","floor":5.0},{"not_picked":["Slimebound:Nibble","Slimebound:Grow"],"picked":"Slimebound:SplitAcid","floor":6.0},{"not_picked":["Slimebound:SlimeSpikes","Slimebound:TongueLash"],"picked":"Slimebound:SlimeBarrage","floor":9.0},{"not_picked":["Slimebound:SplitAcid","Slimebound:DivideAndConquer"],"picked":"Slimebound:Teamwork","floor":10.0},{"not_picked":["Slimebound:MegaLick","Slimebound:LeechingTouch"],"picked":"Slimebound:RollThrough","floor":11.0},{"not_picked":["Slimebound:Schlurp","Slimebound:LeechingTouch"],"picked":"Slimebound:SlimeBarrage","floor":12.0},{"not_picked":["Slimebound:SamplingLick","Slimebound:MegaLick"],"picked":"Slimebound:FlameTackle","floor":13.0},{"not_picked":["Slimebound:PressTheAttack","Slimebound:LeechingTouch"],"picked":"Slimebound:DivideAndConquer","floor":14.0},{"not_picked":["Slimebound:ServeAndProtect","Slimebound:SplitAcid"],"picked":"Slimebound:ForwardTackle","floor":15.0}],"player_experience":427770,"relics_obtained":[{"floor":7.0,"key":"Bag of Preparation"},{"floor":9.0,"key":"Juzu Bracelet"},{"floor":12.0,"key":"Du-Vu Doll"},{"floor":14.0,"key":"Mercury Hourglass"}],"event_choices":[{"cards_removed":["Slimebound:Strike_Slimebound"],"damage_healed":0.0,"max_hp_gain":0.0,"max_hp_loss":0.0,"gold_gain":0.0,"event_name":"The Cleric","player_choice":"Card Removal","floor":4.0,"gold_loss":0.0,"damage_taken":0.0}],"is_beta":false,"boss_relics":[],"items_purged_floors":[6],"is_endless":false,"potions_floor_spawned":[9,10,14],"killed_by":"downfall:Silent","ascension_level":0}}