{"host":"a4s27ghlnr83kbqz","time":1609643966,"event":{"mods":["AchievementEnabler","BaseMod","Colored Map","Minty Spire (QoL Compilation)","Permanent Neow","SuperFastMode"],"gold_per_floor":[19,38,49,65,82,82,111,128,155,80,80,5,37,72,84,96,96],"floor_reached":16,"playtime":284,"items_purged":["Strike_R"],"score":224,"play_id":"e20d4d44-2d9d-46f5-9496-fa65e7b0aec2","local_time":"20210103111926","is_ascension_mode":true,"campfire_choices":[{"data":"Immolate","floor":6,"key":"SMITH"},{"data":"Wild Strike","floor":11,"key":"SMITH"},{"data":"Flame Barrier","floor":15,"key":"SMITH"}],"circlet_count":0,"master_deck":["AscendersBane","Strike_R","Strike_R","Strike_R","Defend_R","Defend_R","Defend_R","Defend_R","Bash","Immolate+1","Flame Barrier+1","Wild Strike+1","Headbutt","Dark Embrace+1"],"relics":["Burning Blood","Frozen Egg 2","Dream Catcher","MawBank","Boot"],"acts_visited":["Exordium"],"potions_floor_usage":[7,13,16],"damage_taken":[{"damage":14,"enemies":"Jaw Worm","floor":1,"turns":4},{"damage":12,"enemies":"Cultist","floor":2,"turns":4},{"damage":3,"enemies":"Small Slimes","floor":3,"turns":2},{"damage":23,"enemies":"Red Slaver","floor":4,"turns":6},{"damage":0,"enemies":"3 Louse","floor":5,"turns":2},{"damage":8,"enemies":"Gremlin Nob","floor":7,"turns":3},{"damage":1,"enemies":"Large Slime","floor":8,"turns":5},{"damage":23,"enemies":"Lagavulin","floor":13,"turns":6},{"damage":33,"enemies":"The Guardian","floor":16,"turns":14}],"seed_played":"5044492954786409656","potions_obtained":[{"floor":3,"key":"BlessingOfTheForge"},{"floor":5,"key":"Explosive Potion"},{"floor":8,"key":"Swift Potion"},{"floor":13,"key":"Dexterity Potion"}],"is_trial":false,"path_per_floor":["M","M","M","M","M","R","E","M","T","$","R","?","E","T","R","B"],"character_chosen":"IRONCLAD","items_purchased":[],"campfire_rested":0,"item_purchase_floors":[],"current_hp_per_floor":[60,54,57,40,46,46,44,49,49,49,49,49,32,32,32,0,0],"gold":96,"neow_bonus":"THREE_RARE_CARDS","is_daily":false,"chose_seed":false,"campfire_upgraded":3,"win_rate":0.0,"timestamp":1609643966,"path_taken":["M","M","M","M","M","R","E","M","T","$","R","?","E","?","R","BOSS"],"items_purchased_type":[],"build_version":"2020-12-22","purchased_purges":1,"victory":false,"max_hp_per_floor":[75,75,75,75,75,75,75,75,75,75,75,75,75,75,75,75,75],"card_choices":[{"not_picked":["Limit Break","Corruption"],"picked":"Immolate","floor":0},{"not_picked":["Body Slam","Wild Strike"],"picked":"Flame Barrier","floor":1},{"not_picked":["Clothesline","Rage","Hemokinesis"],"picked":"SKIP","floor":2},{"not_picked":["Anger","Havoc"],"picked":"Wild Strike","floor":3},{"not_picked":["Cleave","Headbutt","Dark Embrace"],"picked":"SKIP","floor":4},{"not_picked":["Cleave","Dark Embrace"],"picked":"Headbutt","floor":4},{"not_picked":["Intimidate","Clash","Body Slam"],"picked":"SKIP","floor":5},{"not_picked":["Anger","Clash"],"picked":"Dark Embrace+1","floor":7},{"not_picked":["Limit Break","Warcry","Iron Wave"],"picked":"SKIP","floor":8},{"not_picked":["Pommel Strike","Cleave","Burning Pact"],"picked":"SKIP","floor":13}],"player_experience":1080235,"relics_obtained":[{"floor":7,"key":"Frozen Egg 2"},{"floor":9,"key":"Dream Catcher"},{"floor":13,"key":"MawBank"},{"floor":14,"key":"Boot"}],"event_choices":[{"cards_removed":["Strike_R"],"damage_healed":0,"gold_gain":0,"player_choice":"Card Removal","damage_taken":0,"max_hp_gain":0,"max_hp_loss":0,"event_name":"The Cleric","floor":12,"gold_loss":75}],"is_beta":false,"boss_relics":[],"items_purged_floors":[10],"is_endless":false,"potions_floor_spawned":[3,5,8,13],"killed_by":"The Guardian","ascension_level":20}}