{"host":"sum4dy402bbv9y4o","time":1609641221,"event":{"mods":["Aspiration","BaseMod","Conspire","Highlight Path","Minty Spire (QoL Compilation)","StSLib"],"gold_per_floor":[118,118,118,132,12,45,45,57,57,57,83,102,113,163,163,163,163],"floor_reached":16,"playtime":300,"items_purged":[],"score":270,"play_id":"8528b42e-ebbb-42d0-b72a-4e564e54f236","local_time":"20210103053341","is_ascension_mode":true,"campfire_choices":[{"floor":7,"key":"REST"},{"data":"Eruption","floor":10,"key":"SMITH"},{"floor":15,"key":"REST"}],"circlet_count":0,"master_deck":["AscendersBane","Strike_P+1","Strike_P+1","Strike_P","Strike_P","Defend_P","Defend_P","Defend_P+1","Defend_P","Eruption+1","Vigilance","DeceiveReality","FlurryOfBlows","Wallop+1","LikeWater","FollowUp","FlyingSleeves","LessonLearned","Protect","EmptyBody"],"relics":["PureWater","NeowsBlessing","aspiration:StickyExplosives","aspiration:FetidBarrel","PreservedInsect"],"acts_visited":["Exordium"],"potions_floor_usage":[12,16,16],"damage_taken":[{"damage":0,"enemies":"2 Louse","floor":1,"turns":1},{"damage":0,"enemies":"Jaw Worm","floor":4,"turns":1},{"damage":0,"enemies":"Lagavulin","floor":6,"turns":1},{"damage":0,"enemies":"Cultist","floor":8,"turns":3},{"damage":7,"enemies":"Gremlin Nob","floor":11,"turns":3},{"damage":0,"enemies":"Gremlin Gang","floor":12,"turns":2},{"damage":6,"enemies":"Exordium Thugs","floor":13,"turns":3},{"damage":47,"enemies":"Hexaghost","floor":16,"turns":9}],"seed_played":"-2348098633510109736","potions_obtained":[{"floor":1,"key":"BlessingOfTheForge"},{"floor":8,"key":"AttackPotion"},{"floor":12,"key":"BlessingOfTheForge"}],"is_trial":false,"path_per_floor":["M","?","?","M","$","E","R","M","T","R","E","M","M","?","R","B"],"character_chosen":"WATCHER","items_purchased":["Wallop","LikeWater"],"campfire_rested":2,"item_purchase_floors":[5,5],"current_hp_per_floor":[61,43,23,23,23,23,43,43,43,43,36,36,30,24,44,0,0],"gold":163,"neow_bonus":"THREE_ENEMY_KILL","is_daily":false,"chose_seed":false,"campfire_upgraded":1,"win_rate":0.0,"timestamp":1609641221,"path_taken":["M","?","?","M","$","E","R","M","T","R","E","M","M","?","R","BOSS"],"items_purchased_type":["Card","Card"],"build_version":"2020-12-22","purchased_purges":0,"victory":false,"max_hp_per_floor":[68,68,68,68,68,68,68,68,68,68,68,68,68,68,68,68,68],"card_choices":[{"not_picked":["Sanctity","Swivel"],"picked":"DeceiveReality","floor":1},{"not_picked":["Nirvana","Consecrate"],"picked":"FlurryOfBlows","floor":4},{"not_picked":["Halt","Sanctity"],"picked":"FollowUp","floor":6},{"not_picked":["JustLucky","ThirdEye"],"picked":"FlyingSleeves","floor":8},{"not_picked":["MentalFortress","ThirdEye"],"picked":"LessonLearned","floor":11},{"not_picked":["Crescendo","Scrawl"],"picked":"Protect","floor":12},{"not_picked":["Evaluate","Wallop"],"picked":"EmptyBody","floor":13}],"player_experience":2895028,"relics_obtained":[{"floor":6,"key":"aspiration:FetidBarrel"},{"floor":9,"key":"PreservedInsect"}],"event_choices":[{"damage_healed":0,"gold_gain":0,"player_choice":"Success","damage_taken":18,"relics_obtained":["aspiration:StickyExplosives"],"max_hp_gain":0,"max_hp_loss":0,"event_name":"Scrap Ooze","floor":2,"gold_loss":0},{"damage_healed":0,"gold_gain":0,"player_choice":"Entered Light","damage_taken":20,"max_hp_gain":0,"max_hp_loss":0,"event_name":"Shining Light","floor":3,"gold_loss":0,"cards_upgraded":["Strike_P","Strike_P"]},{"damage_healed":0,"gold_gain":50,"player_choice":"Touch","damage_taken":6,"max_hp_gain":0,"max_hp_loss":0,"event_name":"FaceTrader","floor":14,"gold_loss":0}],"is_beta":false,"boss_relics":[],"items_purged_floors":[],"is_endless":false,"potions_floor_spawned":[1,8,12],"killed_by":"Hexaghost","ascension_level":20}}