{"host":"2se5dq1do2gp0x9k","time":1609715089,"event":{"mods":["AchievementEnabler","BaseMod","Block Reminder","Colored Map","Colored Powertips","Minty Spire (QoL Compilation)","Relic Stats","StSLib","SuperFastMode"],"gold_per_floor":[119,194,144,154,166,195,195,195,195,212,230,230,265,332,332,436,436,451,469,469,469,482,482,508,520,532,544,575,613,625,654,666,781,793,817,844,638,657,667,692,512,545,545,545,590,615,630,641,641,641,641,641,110,138,138,138],"floor_reached":55,"playtime":3836,"items_purged":["Strike_P","Defend_P","Strike_P"],"score":1438,"play_id":"2ad7c40e-7383-4f05-9c61-f741997b3289","local_time":"20210103150449","is_ascension_mode":true,"campfire_choices":[{"data":"Wallop","floor":8.0,"key":"SMITH"},{"data":"Judgement","floor":12.0,"key":"SMITH"},{"data":"Establishment","floor":15.0,"key":"SMITH"},{"data":"Worship","floor":23.0,"key":"SMITH"},{"floor":25.0,"key":"REST"},{"floor":30.0,"key":"REST"},{"floor":32.0,"key":"REST"},{"floor":44,"key":"REST"},{"floor":49,"key":"RECALL"},{"data":"SpiritShield","floor":52,"key":"SMITH"}],"circlet_count":0,"master_deck":["Defend_P","Defend_P","Eruption","Vigilance","Judgement+1","CutThroughFate","Wallop+1","WaveOfTheHand","SignatureMove","Jack Of All Trades","Worship+1","ThirdEye","Establishment+1","Brilliance","Prostrate","Protect","SpiritShield+1","Sanctity","SpiritShield","Devotion","Protect","WindmillStrike+1","Protect","Parasite","Swivel","Wallop+1","SpiritShield","Wallop+1","Protect","DeceiveReality+1","Sanctity","WheelKick+1","DeceiveReality+1"],"relics":["PureWater","Calipers","Dead Branch","TeardropLocket","Snecko Eye","MawBank","Kunai","Anchor","Sozu","ClockworkSouvenir","Du-Vu Doll","CloakClasp","FossilizedHelix","Orichalcum","Orrery","Yang","Gremlin Horn"],"acts_visited":["Exordium","TheCity","TheBeyond","TheEnding"],"potions_floor_usage":[39,50],"damage_taken":[{"damage":4.0,"enemies":"Jaw Worm","floor":1.0,"turns":2.0},{"damage":0.0,"enemies":"2 Louse","floor":4.0,"turns":3.0},{"damage":0.0,"enemies":"Cultist","floor":5.0,"turns":3.0},{"damage":20.0,"enemies":"3 Sentries","floor":6.0,"turns":9.0},{"damage":0.0,"enemies":"Looter","floor":10.0,"turns":2.0},{"damage":5.0,"enemies":"Blue Slaver","floor":11.0,"turns":5.0},{"damage":0.0,"enemies":"Lagavulin","floor":13.0,"turns":4.0},{"damage":0.0,"enemies":"Slime Boss","floor":16.0,"turns":3.0},{"damage":0.0,"enemies":"Chosen","floor":18.0,"turns":2.0},{"damage":2.0,"enemies":"3 Byrds","floor":19.0,"turns":6.0},{"damage":0.0,"enemies":"Sentry and Sphere","floor":22.0,"turns":2.0},{"damage":32.0,"enemies":"Slavers","floor":24.0,"turns":6.0},{"damage":12.0,"enemies":"Cultist and Chosen","floor":28.0,"turns":5.0},{"damage":14.0,"enemies":"Book of Stabbing","floor":29.0,"turns":5.0},{"damage":0.0,"enemies":"Snake Plant","floor":31.0,"turns":2.0},{"damage":27.0,"enemies":"Automaton","floor":33.0,"turns":13.0},{"damage":13.0,"enemies":"Orb Walker","floor":35.0,"turns":7.0},{"damage":4.0,"enemies":"3 Darklings","floor":36.0,"turns":4.0},{"damage":0.0,"enemies":"Transient","floor":38.0,"turns":5.0},{"damage":12,"enemies":"Writhing Mass","floor":39,"turns":6},{"damage":7,"enemies":"Reptomancer","floor":40,"turns":10},{"damage":0,"enemies":"Giant Head","floor":42,"turns":6},{"damage":0,"enemies":"2 Orb Walkers","floor":45,"turns":3},{"damage":0,"enemies":"Nemesis","floor":46,"turns":11},{"damage":0,"enemies":"4 Shapes","floor":47,"turns":5},{"damage":0,"enemies":"Jaw Worm Horde","floor":48,"turns":4},{"damage":0,"enemies":"Time Eater","floor":50,"turns":13},{"damage":14,"enemies":"Shield and Spear","floor":54,"turns":10},{"damage":50,"enemies":"The Heart","floor":55,"turns":15}],"seed_played":"4328772719773336700","potions_obtained":[{"floor":5.0,"key":"BottledMiracle"},{"floor":10.0,"key":"Weak Potion"},{"floor":16.0,"key":"EssenceOfSteel"},{"floor":19.0,"key":"FearPotion"},{"floor":22.0,"key":"GamblersBrew"},{"floor":24.0,"key":"LiquidBronze"},{"floor":33.0,"key":"EssenceOfSteel"}],"is_trial":false,"path_per_floor":["M","?","?","M","M","E","?","R","T","M","M","R","E","?","R","B",null,"M","M","?","?","M","R","E","R","T","?","M","E","R","M","R","B",null,"M","M","$","M","M","E","$","E","T","R","?","E","M","M","R","B",null,"R","$","E","B"],"character_chosen":"WATCHER","items_purchased":["ClockworkSouvenir","Swivel","Orrery","Yang"],"campfire_rested":4,"item_purchase_floors":[37,41,53,53],"current_hp_per_floor":[61,50,50,50,50,30,30,30,30,30,25,25,25,25,25,25,55,55,53,42,42,42,42,10,31,31,31,19,5,26,26,47,20,58,45,41,41,41,29,22,22,22,22,43,43,43,43,43,43,43,63,63,63,49,0,0],"gold":138,"neow_bonus":"THREE_RARE_CARDS","is_daily":false,"chose_seed":false,"campfire_upgraded":5,"win_rate":0.0,"timestamp":1609715089,"path_taken":["M","?","?","M","M","E","?","R","T","M","?","R","E","?","R","BOSS","M","M","?","?","M","R","E","R","T","?","M","E","R","M","R","BOSS","M","M","$","M","M","E","$","E","T","R","?","E","M","M","R","BOSS","R","$","E","BOSS"],"items_purchased_type":["Relic","Card","Relic","Relic"],"build_version":"2020-12-22","purchased_purges":3,"victory":false,"max_hp_per_floor":[65,65,65,65,65,65,65,65,65,65,65,65,65,65,65,65,65,65,65,70,70,70,70,70,70,70,70,70,70,70,70,70,70,70,70,70,70,70,70,70,70,70,70,70,70,70,70,70,70,70,70,70,70,70,70,70],"relic_stats":{"Sozu":4,"Gremlin Horn":[0,0],"counters":[29,171],"Dead Branch":[98],"Snecko Eye":[239,253,274,236],"Yang":[33],"CloakClasp":[275],"Kunai":[26],"Orichalcum":[0],"MawBank":156,"obtain_stats":[{"Calipers":6,"Gremlin Horn":54,"Dead Branch":9,"Yang":53,"CloakClasp":42,"TeardropLocket":13,"Orichalcum":46,"MawBank":24,"ClockworkSouvenir":37,"Sozu":34,"Du-Vu Doll":40,"Anchor":29,"Snecko Eye":17,"Orrery":53,"Kunai":26,"PureWater":0,"FossilizedHelix":45},{"Calipers":4,"Gremlin Horn":28,"Dead Branch":4,"Yang":27,"CloakClasp":22,"TeardropLocket":7,"Orichalcum":24,"MawBank":12,"ClockworkSouvenir":18,"Sozu":16,"Du-Vu Doll":21,"Anchor":14,"Snecko Eye":8,"Orrery":27,"Kunai":12,"PureWater":0,"FossilizedHelix":23},{"Calipers":17,"Gremlin Horn":156,"Dead Branch":17,"Yang":146,"CloakClasp":110,"TeardropLocket":28,"Orichalcum":124,"MawBank":47,"ClockworkSouvenir":83,"Sozu":72,"Du-Vu Doll":104,"Anchor":57,"Snecko Eye":31,"Orrery":146,"Kunai":47,"PureWater":0,"FossilizedHelix":113}]},"card_choices":[{"not_picked":["Wish","DeusExMachina"],"picked":"Judgement","floor":0.0},{"not_picked":["JustLucky","EmptyBody"],"picked":"CutThroughFate","floor":1.0},{"not_picked":["FlyingSleeves","FlurryOfBlows"],"picked":"Wallop","floor":4.0},{"not_picked":["CrushJoints","EmptyFist"],"picked":"WaveOfTheHand","floor":5.0},{"not_picked":["JustLucky","Halt"],"picked":"SignatureMove","floor":6.0},{"not_picked":["FearNoEvil","Adaptation"],"picked":"ThirdEye","floor":10.0},{"not_picked":["MentalFortress","FlurryOfBlows","Wish"],"picked":"SKIP","floor":11.0},{"not_picked":["Wireheading","Halt"],"picked":"Establishment","floor":13.0},{"not_picked":["SpiritShield","LessonLearned"],"picked":"Brilliance","floor":16.0},{"not_picked":["MentalFortress","EmptyBody+1"],"picked":"Prostrate","floor":18.0},{"not_picked":["JustLucky","Consecrate","Prostrate"],"picked":"SKIP","floor":19.0},{"not_picked":["CrushJoints","EmptyMind","FlyingSleeves+1"],"picked":"SKIP","floor":22.0},{"not_picked":["Tantrum+1","Indignation"],"picked":"Protect","floor":24.0},{"not_picked":["BowlingBash","Consecrate+1","Prostrate"],"picked":"SKIP","floor":28.0},{"not_picked":["ThirdEye","InnerPeace","CrushJoints"],"picked":"SKIP","floor":29.0},{"not_picked":["EmptyFist+1","PathToVictory"],"picked":"SpiritShield","floor":31.0},{"not_picked":["DeusExMachina","Wish"],"picked":"Devotion","floor":33.0},{"not_picked":["FlurryOfBlows","DeceiveReality"],"picked":"Protect","floor":35.0},{"not_picked":["Prostrate","JustLucky+1"],"picked":"WindmillStrike+1","floor":36.0},{"not_picked":["FlyingSleeves+1","SashWhip"],"picked":"Protect","floor":38.0},{"not_picked":["SashWhip","WindmillStrike+1","CutThroughFate+1"],"picked":"SKIP","floor":39},{"not_picked":["Vengeance","ClearTheMind","CutThroughFate+1"],"picked":"SKIP","floor":40},{"not_picked":["PathToVictory+1","Perseverance+1"],"picked":"Wallop+1","floor":42},{"not_picked":["EmptyFist","SashWhip"],"picked":"SpiritShield","floor":46},{"not_picked":["Worship","FollowUp+1"],"picked":"Wallop+1","floor":47},{"not_picked":["ThirdEye+1","CarveReality+1","Crescendo+1"],"picked":"SKIP","floor":48},{"not_picked":["Adaptation+1","FearNoEvil"],"picked":"Protect","floor":53},{"not_picked":["MentalFortress","CutThroughFate"],"picked":"DeceiveReality+1","floor":53},{"not_picked":["Brilliance","Prostrate"],"picked":"Sanctity","floor":53},{"not_picked":["Collect","CutThroughFate+1"],"picked":"WheelKick+1","floor":53},{"not_picked":["EmptyFist","BattleHymn+1"],"picked":"DeceiveReality+1","floor":54}],"player_experience":3742194,"relics_obtained":[{"floor":6.0,"key":"Calipers"},{"floor":9.0,"key":"Dead Branch"},{"floor":13.0,"key":"TeardropLocket"},{"floor":24.0,"key":"MawBank"},{"floor":26.0,"key":"Kunai"},{"floor":29.0,"key":"Anchor"},{"floor":40,"key":"Du-Vu Doll"},{"floor":42,"key":"CloakClasp"},{"floor":45,"key":"FossilizedHelix"},{"floor":46,"key":"Orichalcum"},{"floor":54,"key":"Gremlin Horn"}],"event_choices":[{"damage_healed":0.0,"max_hp_gain":0.0,"max_hp_loss":0.0,"gold_gain":75.0,"event_name":"World of Goop","player_choice":"Gather Gold","floor":2.0,"gold_loss":0.0,"damage_taken":11.0},{"cards_removed":["Strike_P"],"damage_healed":0.0,"max_hp_gain":0.0,"max_hp_loss":0.0,"gold_gain":0.0,"event_name":"The Cleric","player_choice":"Card Removal","floor":3.0,"gold_loss":50.0,"damage_taken":0.0},{"damage_healed":0.0,"max_hp_gain":0.0,"max_hp_loss":0.0,"gold_gain":0.0,"event_name":"Match and Keep!","player_choice":"2 cards matched","floor":7.0,"gold_loss":0.0,"damage_taken":0.0,"cards_obtained":["Jack Of All Trades","Worship"]},{"damage_healed":0.0,"max_hp_gain":0.0,"max_hp_loss":0.0,"gold_gain":67.0,"event_name":"Golden Wing","player_choice":"Gained Gold","floor":14.0,"gold_loss":0.0,"damage_taken":0.0},{"damage_healed":0.0,"max_hp_gain":5.0,"max_hp_loss":0.0,"gold_gain":0.0,"event_name":"Forgotten Altar","player_choice":"Shed Blood","floor":20.0,"gold_loss":0.0,"damage_taken":16.0},{"damage_healed":0.0,"max_hp_gain":0.0,"max_hp_loss":0.0,"gold_gain":0.0,"event_name":"Vampires","player_choice":"Ignored","floor":21.0,"gold_loss":0.0,"damage_taken":0.0},{"damage_healed":0.0,"max_hp_gain":0.0,"max_hp_loss":0.0,"gold_gain":0.0,"cards_transformed":["Strike_P","Defend_P"],"event_name":"Drug Dealer","player_choice":"Became Test Subject","floor":27.0,"gold_loss":0.0,"damage_taken":0.0,"cards_obtained":["SpiritShield","Sanctity"]},{"damage_healed":0,"gold_gain":0,"player_choice":"Fight","damage_taken":0,"max_hp_gain":0,"max_hp_loss":0,"event_name":"Mysterious Sphere","floor":45,"gold_loss":0}],"is_beta":false,"boss_relics":[{"not_picked":["Runic Dome","Black Star"],"picked":"Snecko Eye"},{"not_picked":["Busted Crown","Runic Pyramid"],"picked":"Sozu"}],"items_purged_floors":[37,41,53],"is_endless":false,"potions_floor_spawned":[5,10,16,19,22,24,33,36,40,42,47],"killed_by":"The Heart","ascension_level":9}}