{"host":"9l4mw5jqza9qz9hr","time":1609663303,"event":{"mods":["AchievementEnabler","Always Whale","BaseMod","Colored Map","Minty Spire (QoL Compilation)","StSLib","SuperFastMode"],"gold_per_floor":[14,14,34,54,129,148,175,194,275,303,78,78,109,121,121,220,220,231,249,348,359,377,408,333,333,356,356,356,356,356],"floor_reached":29,"playtime":1624,"items_purged":["Defend_R"],"score":388,"play_id":"f709c486-eb3e-488f-a5da-90844b5b632e","local_time":"20210103174143","is_ascension_mode":true,"campfire_choices":[{"data":"Immolate","floor":12.0,"key":"SMITH"},{"data":"Shockwave","floor":15.0,"key":"SMITH"}],"circlet_count":0,"master_deck":["Strike_R","Strike_R","Strike_R","Strike_R","Strike_R","Defend_R","Defend_R","Defend_R","Bash","Perfected Strike+1","Twin Strike","Shockwave+1","Pummel","Perfected Strike","Bloodletting","Perfected Strike","Warcry","Shrug It Off","Pommel Strike","Immolate+1","Perfected Strike","Reaper","Burning Pact","Flame Barrier","Double Tap"],"relics":["Burning Blood","FossilizedHelix","Bird Faced Urn","Darkstone Periapt","Calipers","Orrery","Happy Flower","Mark of Pain","WingedGreaves","Ancient Tea Set"],"acts_visited":["Exordium","TheCity"],"potions_floor_usage":[],"damage_taken":[{"damage":0.0,"enemies":"Jaw Worm","floor":1.0,"turns":2.0},{"damage":0.0,"enemies":"2 Louse","floor":3.0,"turns":2.0},{"damage":0.0,"enemies":"Cultist","floor":4.0,"turns":2.0},{"damage":0.0,"enemies":"Red Slaver","floor":6.0,"turns":2.0},{"damage":20.0,"enemies":"Lagavulin","floor":7.0,"turns":5.0},{"damage":0.0,"enemies":"2 Fungi Beasts","floor":8.0,"turns":2.0},{"damage":0.0,"enemies":"Gremlin Nob","floor":10.0,"turns":3.0},{"damage":12.0,"enemies":"3 Sentries","floor":13.0,"turns":3.0},{"damage":0.0,"enemies":"Blue Slaver","floor":14.0,"turns":1.0},{"damage":37.0,"enemies":"Hexaghost","floor":16.0,"turns":5.0},{"damage":22.0,"enemies":"2 Thieves","floor":18.0,"turns":3.0},{"damage":0.0,"enemies":"3 Byrds","floor":19.0,"turns":2.0},{"damage":0.0,"enemies":"3 Cultists","floor":21.0,"turns":2.0},{"damage":12.0,"enemies":"Snake Plant","floor":22.0,"turns":2.0},{"damage":44.0,"enemies":"Book of Stabbing","floor":23.0,"turns":4.0},{"damage":32,"enemies":"Gremlin Leader","floor":29,"turns":3}],"seed_played":"2608313983834062393","potions_obtained":[{"floor":3.0,"key":"Ancient Potion"},{"floor":8.0,"key":"ElixirPotion"},{"floor":10.0,"key":"GamblersBrew"},{"floor":13.0,"key":"BlessingOfTheForge"},{"floor":16.0,"key":"Explosive Potion"},{"floor":23.0,"key":"SpeedPotion"}],"is_trial":false,"path_per_floor":["M","?","M","M","?","M","E","M","T","E","$","R","E","M","R","B",null,"M","M","?","M","M","E","$","?","T","$","?","E"],"character_chosen":"IRONCLAD","items_purchased":["Orrery","Flame Barrier"],"campfire_rested":0,"item_purchase_floors":[11,24],"current_hp_per_floor":[80,80,80,80,72,78,64,70,70,76,76,76,70,76,76,45,71,63,69,69,75,69,31,31,31,31,31,31,0,0],"gold":356,"neow_bonus":"ONE_RARE_RELIC","is_daily":false,"chose_seed":false,"campfire_upgraded":2,"win_rate":0.0,"timestamp":1609663303,"path_taken":["M","?","M","M","?","M","E","?","T","E","?","R","E","M","R","BOSS","M","M","?","M","M","E","$","?","T","$","?","E"],"items_purchased_type":["Relic","Card"],"build_version":"2020-12-22","purchased_purges":1,"victory":false,"max_hp_per_floor":[80,80,80,80,80,80,80,80,80,80,80,80,80,80,80,80,80,80,80,80,80,80,80,80,80,80,80,80,80,80],"card_choices":[{"not_picked":["Wild Strike","Heavy Blade"],"picked":"Perfected Strike","floor":1.0},{"not_picked":["Clash","Headbutt"],"picked":"Twin Strike","floor":3.0},{"not_picked":["Cleave","Clash"],"picked":"Shockwave","floor":4.0},{"not_picked":["Warcry","Entrench"],"picked":"Pummel","floor":6.0},{"not_picked":["Reaper","Metallicize"],"picked":"Perfected Strike","floor":7.0},{"not_picked":["True Grit","Havoc"],"picked":"Bloodletting","floor":8.0},{"not_picked":["Headbutt","Inflame","Havoc"],"picked":"SKIP","floor":10.0},{"not_picked":["Warcry","Wild Strike"],"picked":"Perfected Strike","floor":11.0},{"not_picked":["Headbutt","Burning Pact"],"picked":"Warcry","floor":11.0},{"not_picked":["Flame Barrier","Uppercut"],"picked":"Shrug It Off","floor":11.0},{"not_picked":["True Grit","Clash"],"picked":"Pommel Strike","floor":11.0},{"not_picked":["True Grit","Wild Strike"],"picked":"Immolate","floor":11.0},{"not_picked":["Twin Strike","Warcry","Clash"],"picked":"SKIP","floor":13.0},{"not_picked":["Seeing Red","Flame Barrier"],"picked":"Perfected Strike","floor":14.0},{"not_picked":["Immolate","Barricade"],"picked":"Reaper","floor":16.0},{"not_picked":["Twin Strike","Dropkick","Sword Boomerang+1"],"picked":"SKIP","floor":18.0},{"not_picked":["Infernal Blade","Dual Wield","Inflame"],"picked":"SKIP","floor":19.0},{"not_picked":["Seeing Red","Headbutt","Heavy Blade"],"picked":"SKIP","floor":21.0},{"not_picked":["Blood for Blood+1","Cleave","Clothesline"],"picked":"SKIP","floor":22.0},{"not_picked":["True Grit","Sword Boomerang"],"picked":"Burning Pact","floor":23.0}],"player_experience":147519,"relics_obtained":[{"floor":7.0,"key":"Bird Faced Urn"},{"floor":9.0,"key":"Darkstone Periapt"},{"floor":10.0,"key":"Calipers"},{"floor":13.0,"key":"Happy Flower"},{"floor":23.0,"key":"WingedGreaves"},{"floor":26.0,"key":"Ancient Tea Set"}],"event_choices":[{"damage_healed":0.0,"max_hp_gain":0.0,"max_hp_loss":0.0,"gold_gain":0.0,"event_name":"Living Wall","player_choice":"Grow","floor":2.0,"gold_loss":0.0,"damage_taken":0.0,"cards_upgraded":["Perfected Strike"]},{"damage_healed":0.0,"max_hp_gain":0.0,"max_hp_loss":0.0,"gold_gain":75.0,"event_name":"FaceTrader","player_choice":"Touch","floor":5.0,"gold_loss":0.0,"damage_taken":8.0},{"damage_healed":0.0,"max_hp_gain":0.0,"max_hp_loss":0.0,"gold_gain":99.0,"event_name":"Nest","player_choice":"Stole From Cult","floor":20.0,"gold_loss":0.0,"damage_taken":0.0},{"damage_healed":0.0,"max_hp_gain":0.0,"max_hp_loss":0.0,"gold_gain":0.0,"event_name":"The Library","player_choice":"Read","floor":25.0,"gold_loss":0.0,"damage_taken":0.0,"cards_obtained":["Double Tap"]},{"damage_healed":0,"gold_gain":0,"player_choice":"Ignored","damage_taken":0,"max_hp_gain":0,"max_hp_loss":0,"event_name":"The Mausoleum","floor":28,"gold_loss":0}],"is_beta":false,"boss_relics":[{"not_picked":["Runic Cube","Empty Cage"],"picked":"Mark of Pain"}],"items_purged_floors":[11],"is_endless":false,"potions_floor_spawned":[3,8,10,13,16,18,23],"killed_by":"Gremlin Leader","ascension_level":5}}