{"host":"am0cr9xwekqmrere","time":1609657216,"event":{"mods":["AchievementEnabler","Act Like it!","BaseMod","Better Altar","Better Match","Better Note","Better Sensory Stone","Better Skull","Better Third Choice","BetterRewards","Conspire","Hubris","Infinite Spire","Minty Spire (QoL Compilation)","Rare Cards Sparkle","Spicy Shops","StSLib","The Marked","Unceasing Turn Reminder"],"gold_per_floor":[133,133,168,55,70,70,424,424,424,424,440,474,587,604,604,725,725,744,944,1058,1058,1018,1018,1018,1018,1018,1037,939,939,904,917,917,917,917],"floor_reached":33,"playtime":1006,"items_purged":["Writhe"],"score":372,"play_id":"0566ad9a-b386-41db-b834-cf0f40fac282","local_time":"20210103010016","is_ascension_mode":false,"campfire_choices":[{"floor":6.0,"key":"REST"},{"floor":8.0,"key":"REST"},{"floor":15.0,"key":"REST"},{"data":"theMarked:Abjuration","floor":23.0,"key":"SMITH"},{"data":"theMarked:EmpowerWeapon","floor":25.0,"key":"SMITH"},{"data":"1","floor":29.0,"key":"LIFT"},{"floor":32.0,"key":"REST"}],"circlet_count":0,"master_deck":["theMarked:Strike","theMarked:Strike","theMarked:Strike","theMarked:Strike+1","theMarked:Strike+1","theMarked:Defend","theMarked:Defend","theMarked:Defend","theMarked:Defend","theMarked:SoldierOfQuellstein","theMarked:BanishingWave","Bandage Up","HandOfGreed","theMarked:BanishingStrike+1","Transmutation","theMarked:ElectricStrings+1","theMarked:Static","theMarked:Abjuration+1","theMarked:Parry","theMarked:TwofoldDefense","theMarked:BanishingStrike","theMarked:ParalyzingBlade","theMarked:TwofoldDefense","theMarked:EmpowerWeapon+1","theMarked:EmpowerWeapon+1","theMarked:Parry+1","theMarked:HeritageOfTheMarked"],"relics":["theMarked:ArtifactOfAir","Darkstone Periapt","infinitespire:Lucky Rock","Membership Card","Shuriken","Bronze Scales","Old Coin","Meat on the Bone","hubris:Icosahedron","hubris:TenFootPole","theMarked:SpiritSword","Girya","Nloth\u0027s Gift","Juzu Bracelet","hubris:CuriousFeather"],"acts_visited":["Exordium","TheCity"],"potions_floor_usage":[],"damage_taken":[{"damage":0.0,"enemies":"2 Louse","floor":1.0,"turns":2.0},{"damage":5.0,"enemies":"Small Slimes","floor":3.0,"turns":2.0},{"damage":2.0,"enemies":"conspire:RoseBush","floor":5.0,"turns":2.0},{"damage":14.0,"enemies":"3 Sentries","floor":7.0,"turns":6.0},{"damage":7.0,"enemies":"2 Fungi Beasts","floor":11.0,"turns":2.0},{"damage":1.0,"enemies":"conspire:MimicChest","floor":12.0,"turns":3.0},{"damage":4.0,"enemies":"Gremlin Gang","floor":13.0,"turns":2.0},{"damage":7.0,"enemies":"Blue Slaver","floor":14.0,"turns":2.0},{"damage":41.0,"enemies":"The Guardian","floor":16.0,"turns":7.0},{"damage":7.0,"enemies":"Shell Parasite","floor":18.0,"turns":4.0},{"damage":12.0,"enemies":"conspire:FuzzyDice","floor":20.0,"turns":5.0},{"damage":16.0,"enemies":"Snecko","floor":27.0,"turns":5.0},{"damage":26.0,"enemies":"Centurion and Healer","floor":30.0,"turns":5.0},{"damage":17.0,"enemies":"Sentry and Sphere","floor":31.0,"turns":5.0},{"damage":71,"enemies":"Champ","floor":33,"turns":9}],"seed_played":"4561098406990643748","potions_obtained":[{"floor":1.0,"key":"SteroidPotion"},{"floor":3.0,"key":"GamblersBrew"},{"floor":12.0,"key":"Fire Potion"},{"floor":14.0,"key":"Block Potion"},{"floor":31.0,"key":"theMarked:ChargePotion"}],"is_trial":false,"path_per_floor":["M","?","M","$","M","R","E","R","T","?","M","?","M","M","R","B",null,"M","?","M","T","?","R","?","R","T","M","$","R","M","M","R","B"],"character_chosen":"THE_DEFAULT","items_purchased":["Darkstone Periapt","theMarked:BanishingWave","Bandage Up","infinitespire:Lucky Rock","Membership Card","Whetstone","HandOfGreed","theMarked:BanishingStrike","LiquidMemories","Shuriken","Bronze Scales","theMarked:Abjuration","hubris:CuriousFeather"],"campfire_rested":4,"item_purchase_floors":[0,0,0,0,0,0,0,0,0,0,4,4,28],"current_hp_per_floor":[32,32,35,35,33,54,48,69,69,69,63,66,62,55,70,37,70,63,63,55,55,55,55,55,55,55,43,49,49,39,34,56,0,0],"gold":917,"neow_bonus":"","is_daily":false,"chose_seed":false,"campfire_upgraded":2,"win_rate":0.0,"timestamp":1609657216,"path_taken":["M","?","M","$","M","R","E","R","T","?","M","?","?","M","R","BOSS","M","?","M","?","?","R","?","R","T","M","$","R","M","M","R","BOSS"],"items_purchased_type":["Relic","Card","Card","Relic","Relic","Relic","Card","Card","Potion","Relic","Relic","Card","Relic"],"build_version":"2020-12-22","purchased_purges":1,"victory":false,"max_hp_per_floor":[70,70,70,70,70,70,70,70,70,70,70,70,70,70,70,70,70,70,70,70,70,70,70,70,70,70,70,76,76,76,76,76,76,76],"card_choices":[{"not_picked":["theMarked:RepellingDischarge","theMarked:Parkour"],"picked":"theMarked:ElectricStrings","floor":1.0},{"not_picked":["theMarked:Electrocute","theMarked:Parkour"],"picked":"theMarked:Static","floor":3.0},{"not_picked":["theMarked:KeepCalmAndFightOn","theMarked:ElectricStrings"],"picked":"theMarked:Parry","floor":5.0},{"not_picked":["theMarked:Overcharge","theMarked:WastefulAttack"],"picked":"theMarked:TwofoldDefense","floor":7.0},{"not_picked":["theMarked:ParalyzingBlade","theMarked:Aftermath"],"picked":"theMarked:BanishingStrike","floor":11.0},{"not_picked":["theMarked:FavorableWinds","theMarked:ElectricStrings"],"picked":"theMarked:ParalyzingBlade","floor":12.0},{"not_picked":["theMarked:ElectricStrings","theMarked:Improvise"],"picked":"theMarked:TwofoldDefense","floor":13.0},{"not_picked":["theMarked:Convert","theMarked:Static"],"picked":"theMarked:EmpowerWeapon","floor":14.0},{"not_picked":["theMarked:SelfDefenseTraining+1","theMarked:ResourceFulStrike"],"picked":"theMarked:EmpowerWeapon+1","floor":18.0},{"not_picked":["theMarked:Generate","theMarked:Panic"],"picked":"theMarked:Parry+1","floor":20.0},{"not_picked":["theMarked:MuscleMemory","theMarked:DeterminationOfTheMarked"],"picked":"theMarked:HeritageOfTheMarked","floor":27.0},{"not_picked":["theMarked:ElectricStrings","theMarked:Improvise","theMarked:RepellingDischarge"],"picked":"SKIP","floor":30.0},{"not_picked":["theMarked:RepellingDischarge","theMarked:Electrocute","theMarked:Standoff+1"],"picked":"SKIP","floor":31.0}],"player_experience":2588447,"relics_obtained":[{"floor":7.0,"key":"Old Coin"},{"floor":9.0,"key":"Meat on the Bone"},{"floor":12.0,"key":"hubris:TenFootPole"},{"floor":21.0,"key":"Girya"},{"floor":26.0,"key":"Juzu Bracelet"}],"event_choices":[{"damage_healed":0.0,"max_hp_gain":0.0,"max_hp_loss":0.0,"gold_gain":0.0,"event_name":"conspire:LoneGhost","player_choice":"Disagree","floor":2.0,"gold_loss":0.0,"damage_taken":0.0},{"damage_healed":0.0,"max_hp_gain":0.0,"max_hp_loss":0.0,"gold_gain":250.0,"event_name":"The Joust","player_choice":"Bet on Owner","floor":19.0,"gold_loss":50.0,"damage_taken":0.0},{"damage_healed":0.0,"max_hp_gain":0.0,"max_hp_loss":0.0,"gold_gain":0.0,"event_name":"Designer","player_choice":"Upgraded Two","floor":22.0,"gold_loss":40.0,"damage_taken":0.0,"cards_upgraded":["theMarked:ElectricStrings","theMarked:BanishingStrike"]},{"damage_healed":0.0,"max_hp_gain":0.0,"max_hp_loss":0.0,"gold_gain":0.0,"event_name":"N\u0027loth","player_choice":"Traded Relic","floor":24.0,"relics_lost":["Whetstone"],"gold_loss":0.0,"damage_taken":0.0,"relics_obtained":["Nloth\u0027s Gift"]}],"is_beta":false,"boss_relics":[{"not_picked":["conspire:SeveredTorchhead","Ectoplasm"],"picked":"theMarked:SpiritSword"}],"items_purged_floors":[28],"is_endless":false,"potions_floor_spawned":[1,3,12,14,31],"killed_by":"Champ","ascension_level":0}}