{"host":"mhk64yc8b8cafbgt","time":1609692061,"event":{"mods":["ATMod(°¢èªMod)","Act Like it!","BaseMod","BetterRewards","CapriCore","Friendly Minions","GifTheSpireLib","Gold Saver","Marked Mod","Minty Spire (QoL Compilation)","MostiFishMod","Quick Restart","READ ME - Guardian Mod","Robot Space Explorer","RumiaBox-Â¶Ã×æ«µÄÉñÃØºÐ×Ó","RyuuouÁúÍõ","Shop Mod","Spicy Shops","StSLib","TestMod","The Dragon Tamer","Uncapped","[IsaacMod]ÒÔÈö¼âËþ","noobMod","vexMod","¡¾¹¦ÄÜMod¡¿»ìãçÖ®»·ÐÞ¸´²¹¶¡","¡¾ÒÅÎï¿¨ÅÆ¡¿REMEMod","²ÐÁôÖ®Îï"],"gold_per_floor":[110,122,9,9,25,56,67,67,67,78,106,38,38,68,68,163,163,178,195,45,56,81,106,106,119,119,98,130,150,179,193,193,295,295,315,325,58,70,119,153,164,214,287,320,389,389,400,413,413,413,413,413,151,182,182],"floor_reached":56,"playtime":3018,"items_purged":["PlaceholderMod:BaseStrike","PlaceholderMod:PoisonWhip","PlaceholderMod:BaseStrike","PlaceholderMod:BaseDefend","PlaceholderMod:BaseStrike"],"score":1556,"play_id":"68e039de-26e8-44b3-8b79-5a3182829b8a","local_time":"20210104004101","is_ascension_mode":false,"campfire_choices":[{"floor":8.0,"key":"RECALL"},{"data":"Mayhem","floor":15.0,"key":"SMITH"},{"data":"PlaceholderMod:EvolutionSpray","floor":24.0,"key":"SMITH"},{"data":"PlaceholderMod:Crystallization","floor":32.0,"key":"SMITH"},{"data":"PlaceholderMod:ComplexForm","floor":46.0,"key":"SMITH"},{"data":"PlaceholderMod:ChainPoly","floor":49.0,"key":"SMITH"},{"data":"PlaceholderMod:StressReaction","floor":52,"key":"SMITH"}],"circlet_count":0,"master_deck":["PlaceholderMod:BaseStrike","PlaceholderMod:BaseDefend+1","PlaceholderMod:BaseDefend","PlaceholderMod:BaseDefend","PlaceholderMod:Crystal","Mayhem+1","PlaceholderMod:EvolutionSpray+1","PlaceholderMod:Crystallization+1","PlaceholderMod:ComplexForm+1","PlaceholderMod:StressReaction+1","PlaceholderMod:HardStrike","PlaceholderMod:Crystallization+1","PlaceholderMod:QualitativeChange","PlaceholderMod:ComplexForm","PlaceholderMod:ChainPoly+1","PlaceholderMod:HighConcentration","PlaceholderMod:Stable","PlaceholderMod:ConsolidateHit+1","PlaceholderMod:InnerStable+1","PlaceholderMod:DoublePoint","PlaceholderMod:Crystallization+1","PlaceholderMod:SevereHeat","PlaceholderMod:Break","PlaceholderMod:CrystallizationStrike"],"relics":["PlaceholderMod:Tancle","REME_ComplimentaryCards","DaveBox","testmod-TestBox","HushsDoor","KeepersGift","ice","AT_ATBox","testmod-CasingShield","testmod-Brilliant","AT_BellowingDragoncrestRing","AT_EbonyIvory","Odd Mushroom","SteamSale","Red Mask","MerchantsRug","White Beast Statue","PlaceholderMod:UnterZeeKulten","Black Star","GuppysTail","GodSword5","Bronze Scales","testmod-IndustrialRevolution","vexMod:ScavengeHelm","AT_ForceNature","AT_SunfireAegis","Blood Vial","HowToJump","TheAbacus","testmod-Maize","testmod-Muramasa"],"acts_visited":["Exordium","TheCity","TheBeyond","TheEnding"],"potions_floor_usage":[50,50,55,55],"damage_taken":[{"damage":3.0,"enemies":"Small Slimes","floor":1.0,"turns":3.0},{"damage":2.0,"enemies":"2 Louse","floor":2.0,"turns":4.0},{"damage":2.0,"enemies":"Jaw Worm","floor":5.0,"turns":4.0},{"damage":17.0,"enemies":"3 Sentries","floor":6.0,"turns":22.0},{"damage":2.0,"enemies":"Blue Slaver","floor":7.0,"turns":4.0},{"damage":0.0,"enemies":"Large Slime","floor":10.0,"turns":4.0},{"damage":0.0,"enemies":"Gremlin Nob","floor":11.0,"turns":4.0},{"damage":4.0,"enemies":"The Mushroom Lair","floor":14.0,"turns":4.0},{"damage":0.0,"enemies":"Slime Boss","floor":16.0,"turns":5.0},{"damage":5.0,"enemies":"Spheric Guardian","floor":18.0,"turns":4.0},{"damage":0.0,"enemies":"3 Byrds","floor":19.0,"turns":1.0},{"damage":0.0,"enemies":"Cultist and Chosen","floor":21.0,"turns":6.0},{"damage":3.0,"enemies":"Masked Bandits","floor":22.0,"turns":3.0},{"damage":0.0,"enemies":"Book of Stabbing","floor":23.0,"turns":4.0},{"damage":6.0,"enemies":"Centurion and Healer","floor":25.0,"turns":4.0},{"damage":9.0,"enemies":"Gremlin Leader","floor":28.0,"turns":4.0},{"damage":13.0,"enemies":"Snake Plant","floor":29.0,"turns":2.0},{"damage":9.0,"enemies":"Slavers","floor":30.0,"turns":3.0},{"damage":1.0,"enemies":"Sentry and Sphere","floor":31.0,"turns":4.0},{"damage":0.0,"enemies":"Automaton","floor":33.0,"turns":9.0},{"damage":0.0,"enemies":"3 Shapes","floor":35.0,"turns":1.0},{"damage":1.0,"enemies":"Orb Walker","floor":36.0,"turns":3.0},{"damage":0.0,"enemies":"Spire Growth","floor":38.0,"turns":4.0},{"damage":2.0,"enemies":"4 Shapes","floor":39.0,"turns":5.0},{"damage":35.0,"enemies":"Reptomancer","floor":40.0,"turns":6.0},{"damage":2.0,"enemies":"Jaw Worm Horde","floor":41.0,"turns":3.0},{"damage":3.0,"enemies":"Mind Bloom Boss Battle","floor":42.0,"turns":4.0},{"damage":10.0,"enemies":"Nemesis","floor":44.0,"turns":5.0},{"damage":0.0,"enemies":"Sphere and 2 Shapes","floor":47.0,"turns":1.0},{"damage":0.0,"enemies":"4 Shapes","floor":48.0,"turns":1.0},{"damage":0,"enemies":"Awakened One","floor":50,"turns":7},{"damage":13,"enemies":"Shield and Spear","floor":54,"turns":4},{"damage":46,"enemies":"The Heart","floor":55,"turns":7}],"seed_played":"1917084942741644043","potions_obtained":[{"floor":6.0,"key":"SkillPotion"},{"floor":7.0,"key":"Block Potion"},{"floor":16.0,"key":"FearPotion"},{"floor":18.0,"key":"FairyPotion"},{"floor":21.0,"key":"testmod-SpacePotion"},{"floor":29.0,"key":"testmod-SpacePotion"},{"floor":30.0,"key":"Fire Potion"},{"floor":31.0,"key":"Block Potion"},{"floor":33.0,"key":"Energy Potion"},{"floor":36.0,"key":"AttackPotion"},{"floor":38.0,"key":"REME_GoldPotion"},{"floor":39.0,"key":"AttackPotion"},{"floor":41.0,"key":"LiquidMemories"},{"floor":44.0,"key":"SteroidPotion"},{"floor":48.0,"key":"FairyPotion"},{"floor":54,"key":"BlessingOfTheForge"}],"is_trial":false,"path_per_floor":["M","M","$","?","M","E","M","R","T","M","E","$","?","?","R","B",null,"M","M","$","M","?","E","R","M","T","$","E","M","E","M","R","B",null,"M","M","$","M","M","E","M","?","T","E","T","R","M","M","R","B",null,"R","$","E","B",null],"character_chosen":"THE_PLACEHOLDER","items_purchased":["PlaceholderMod:Crystallization","PlaceholderMod:Crystallization","PlaceholderMod:ComplexForm","SteamSale","MerchantsRug","GuppysTail","GodSword5","Bronze Scales","PlaceholderMod:Break","HowToJump","TheAbacus"],"campfire_rested":0,"item_purchase_floors":[3,12,17,20,27,34,37,37,53,53,53],"current_hp_per_floor":[68,66,66,63,61,44,42,42,42,42,42,42,28,24,24,24,63,58,58,58,58,55,55,55,49,56,56,47,34,39,38,38,38,74,74,73,73,73,71,36,34,41,41,31,31,31,33,40,40,42,74,74,74,61,17],"gold":182,"neow_bonus":"ONE_RARE_RELIC","is_daily":false,"chose_seed":false,"campfire_upgraded":6,"win_rate":0.0,"timestamp":1609692061,"path_taken":["M","M","$","?","M","E","M","R","T","M","E","$","?","?","R","BOSS","M","M","$","M","?","E","R","M","T","?","E","M","E","M","R","BOSS","M","M","$","M","M","E","M","?","T","E","?","R","M","M","R","BOSS","R","$","E","BOSS"],"items_purchased_type":["Card","Card","Card","Relic","Relic","Relic","Relic","Relic","Card","Relic","Relic"],"build_version":"2020-12-22","purchased_purges":5,"victory":true,"max_hp_per_floor":[71,71,71,71,71,71,71,71,71,71,71,71,71,71,71,71,63,63,63,63,63,63,63,63,63,70,70,70,70,84,84,84,84,74,74,74,74,74,74,74,74,74,74,74,74,74,74,74,74,74,74,74,74,74,74],"card_choices":[{"not_picked":[],"picked":"Bomb","floor":0.0},{"not_picked":["PlaceholderMod:StrongAcid","PlaceholderMod:Sweep"],"picked":"PlaceholderMod:EvolutionSpray","floor":1.0},{"not_picked":["PlaceholderMod:PoisonAbsorb","PlaceholderMod:ConsolidateHit","PlaceholderMod:PoisonExcitation"],"picked":"SKIP","floor":2.0},{"not_picked":["PlaceholderMod:Polyp","PlaceholderMod:HornyCollision","PlaceholderMod:ParasiteChange"],"picked":"SKIP","floor":5.0},{"not_picked":["PlaceholderMod:StrongAcid","PlaceholderMod:ParasiteChange"],"picked":"PlaceholderMod:ComplexForm","floor":6.0},{"not_picked":["PlaceholderMod:StrongAcid","PlaceholderMod:Colorful"],"picked":"PlaceholderMod:StressReaction","floor":7.0},{"not_picked":["PlaceholderMod:Turn","Bomb"],"picked":"PlaceholderMod:HardStrike","floor":10.0},{"not_picked":["PlaceholderMod:HardStinger","PlaceholderMod:ParasiteChange"],"picked":"Bomb","floor":11.0},{"not_picked":["PlaceholderMod:Assimilation","PlaceholderMod:AbsorbTouch"],"picked":"PlaceholderMod:QualitativeChange","floor":16.0},{"not_picked":["PlaceholderMod:ContinueSpray","PlaceholderMod:PoisonExcitation","PlaceholderMod:Turn"],"picked":"SKIP","floor":18.0},{"not_picked":["PlaceholderMod:ParasiteChange+1","PlaceholderMod:StressReaction"],"picked":"PlaceholderMod:ChainPoly","floor":19.0},{"not_picked":["PlaceholderMod:HornyBlast","PlaceholderMod:HardStrike","PlaceholderMod:DiffusionChemical"],"picked":"SKIP","floor":21.0},{"not_picked":["PlaceholderMod:ChainPoly+1","PlaceholderMod:ConsolidateHit","PlaceholderMod:Turn+1"],"picked":"SKIP","floor":23.0},{"not_picked":["PlaceholderMod:AttackAsDefend","PlaceholderMod:EvolutionSpray","PlaceholderMod:HardStrike"],"picked":"SKIP","floor":25.0},{"not_picked":["PlaceholderMod:EnergyAbsorb+1","PlaceholderMod:Inner","PlaceholderMod:SevereHeat"],"picked":"SKIP","floor":28.0},{"not_picked":["PlaceholderMod:NearChange","PlaceholderMod:StrongAcid"],"picked":"PlaceholderMod:HighConcentration","floor":29.0},{"not_picked":["PlaceholderMod:QualitativeChange","PlaceholderMod:HornyBlast+1"],"picked":"PlaceholderMod:Stable","floor":30.0},{"not_picked":["PlaceholderMod:ParasiteChange+1","PlaceholderMod:Sweep"],"picked":"PlaceholderMod:ConsolidateHit+1","floor":31.0},{"not_picked":["PlaceholderMod:Internalization","PlaceholderMod:ProliferateStrike","PlaceholderMod:StressReaction+1"],"picked":"SKIP","floor":35.0},{"not_picked":["PlaceholderMod:ConsolidateHit+1","PlaceholderMod:Polyp+1","PlaceholderMod:MultipleOxi+1"],"picked":"SKIP","floor":36.0},{"not_picked":["PlaceholderMod:DirectingGroup+1","PlaceholderMod:HardStinger","PlaceholderMod:UnpureUse+1"],"picked":"SKIP","floor":38.0},{"not_picked":["PlaceholderMod:AngryAttack+1","PlaceholderMod:StressReaction+1"],"picked":"PlaceholderMod:InnerStable+1","floor":39.0},{"not_picked":["PlaceholderMod:SpinBlade","PlaceholderMod:InnerStable+1"],"picked":"PlaceholderMod:DoublePoint","floor":40.0},{"not_picked":["PlaceholderMod:Turn","PlaceholderMod:ParasiteChange+1"],"picked":"PlaceholderMod:Crystallization+1","floor":41.0},{"not_picked":["PlaceholderMod:NearChange+1","PlaceholderMod:Turn","PlaceholderMod:DiffusionChemical+1"],"picked":"SKIP","floor":44.0},{"not_picked":["PlaceholderMod:NearChange+1","PlaceholderMod:Turn","PlaceholderMod:DiffusionChemical+1"],"picked":"SKIP","floor":44.0},{"not_picked":["PlaceholderMod:Stable+1","PlaceholderMod:DissolvingSpikes+1","PlaceholderMod:Turn+1"],"picked":"SKIP","floor":47.0},{"not_picked":["PlaceholderMod:SprayAttack","PlaceholderMod:Internalization"],"picked":"PlaceholderMod:SevereHeat","floor":48.0},{"not_picked":["PlaceholderMod:InnerStable+1","PlaceholderMod:ConsolidateHit"],"picked":"PlaceholderMod:CrystallizationStrike","floor":54}],"player_experience":248593,"relics_obtained":[{"floor":6.0,"key":"AT_BellowingDragoncrestRing"},{"floor":11.0,"key":"AT_EbonyIvory"},{"floor":14.0,"key":"Odd Mushroom"},{"floor":22.0,"key":"Red Mask"},{"floor":23.0,"key":"Regal Pillow"},{"floor":26.0,"key":"Strawberry"},{"floor":28.0,"key":"White Beast Statue"},{"floor":30.0,"key":"PlaceholderMod:UnterZeeKulten"},{"floor":40.0,"key":"testmod-IndustrialRevolution"},{"floor":40.0,"key":"vexMod:ScavengeHelm"},{"floor":43.0,"key":"AT_ForceNature"},{"floor":44.0,"key":"AT_SunfireAegis"},{"floor":44.0,"key":"Blood Vial"},{"floor":54,"key":"testmod-Maize"},{"floor":54,"key":"testmod-Muramasa"}],"event_choices":[{"damage_healed":0.0,"max_hp_gain":0.0,"max_hp_loss":0.0,"gold_gain":0.0,"event_name":"Scrap Ooze","player_choice":"Success","floor":4.0,"gold_loss":0.0,"damage_taken":3.0,"relics_obtained":["testmod-Brilliant"]},{"damage_healed":0.0,"max_hp_gain":0.0,"max_hp_loss":0.0,"gold_gain":0.0,"event_name":"Shining Light","player_choice":"Entered Light","floor":13.0,"gold_loss":0.0,"damage_taken":14.0,"cards_upgraded":["PlaceholderMod:BaseDefend","PlaceholderMod:Crystallization"]},{"damage_healed":0.0,"max_hp_gain":0.0,"max_hp_loss":0.0,"gold_gain":0.0,"event_name":"Mushrooms","player_choice":"Fought Mushrooms","floor":14.0,"gold_loss":0.0,"damage_taken":0.0},{"damage_healed":0.0,"max_hp_gain":0.0,"max_hp_loss":0.0,"gold_gain":0.0,"event_name":"Masked Bandits","player_choice":"Fought Bandits","floor":22.0,"gold_loss":0.0,"damage_taken":0.0},{"damage_healed":0.0,"max_hp_gain":0.0,"max_hp_loss":0.0,"gold_gain":0.0,"event_name":"MindBloom","player_choice":"Fight","floor":42.0,"gold_loss":0.0,"damage_taken":0.0}],"is_beta":false,"boss_relics":[{"not_picked":["MostiFishMod:Hod","FrostBlade"],"picked":"Empty Cage"},{"not_picked":[]},{"not_picked":["vexMod:DeviousBotling","REME_DemonsWealth"],"picked":"Black Star"},{"not_picked":[]}],"items_purged_floors":[3,17,27,37,53],"is_endless":false,"potions_floor_spawned":[6,7,16,18,21,29,30,31,33,35,36,38,39,40,41,42,44,47,48,54],"ascension_level":0}}