{"host":"TheHustler","time":1609672372,"event":{"mods":["BaseMod","Block Reminder","Colored Map","Colored Powertips","Minty Spire (QoL Compilation)","Quick Restart","StSLib","SuperFastMode","Unceasing Turn Reminder"],"gold_per_floor":[119,50,60,72,90,90,117,117,164,189,210,135,135,147,147,243,243,254,154,165,175,189,189,219,230,230,230,145,157,179,202,214,226,226],"floor_reached":33,"playtime":978,"items_purged":["Defend_B","Defend_B"],"score":279,"play_id":"fc0d5d6b-30c9-4305-873c-ee383249f2af","local_time":"20210103121252","is_ascension_mode":false,"campfire_choices":[{"data":"Streamline","floor":6.0,"key":"SMITH"},{"data":"Coolheaded","floor":8.0,"key":"SMITH"},{"floor":15.0,"key":"REST"},{"floor":23.0,"key":"REST"},{"floor":27,"key":"REST"},{"data":"Echo Form","floor":29,"key":"SMITH"},{"floor":32,"key":"REST"}],"circlet_count":0,"master_deck":["Strike_B","Strike_B","Strike_B","Strike_B","Defend_B+1","Defend_B","Zap","Dualcast","White Noise","Glacier+1","Streamline+1","Machine Learning","Coolheaded+1","Melter","Echo Form+1","Capacitor","Fission","CurseOfTheBell","Ball Lightning","Core Surge","Undo+1","Lockon"],"relics":["Cracked Core","NeowsBlessing","White Beast Statue","Lantern","Juzu Bracelet","Odd Mushroom","Calling Bell","Singing Bowl","Peace Pipe","War Paint","Ornamental Fan","Torii","MawBank"],"acts_visited":["Exordium","TheCity"],"potions_floor_usage":[24,24,24,24,25,33],"damage_taken":[{"damage":0.0,"enemies":"Cultist","floor":1.0,"turns":1.0},{"damage":0.0,"enemies":"2 Louse","floor":3.0,"turns":1.0},{"damage":0.0,"enemies":"Jaw Worm","floor":4.0,"turns":1.0},{"damage":3.0,"enemies":"Blue Slaver","floor":5.0,"turns":4.0},{"damage":21.0,"enemies":"Gremlin Nob","floor":7.0,"turns":5.0},{"damage":19.0,"enemies":"Lagavulin","floor":10.0,"turns":7.0},{"damage":11.0,"enemies":"The Mushroom Lair","floor":11.0,"turns":7.0},{"damage":8.0,"enemies":"Red Slaver","floor":14.0,"turns":4.0},{"damage":24.0,"enemies":"The Guardian","floor":16.0,"turns":11.0},{"damage":4.0,"enemies":"3 Byrds","floor":18.0,"turns":7.0},{"damage":4.0,"enemies":"Chosen","floor":20.0,"turns":5.0},{"damage":32.0,"enemies":"Snake Plant","floor":21.0,"turns":5.0},{"damage":16.0,"enemies":"3 Cultists","floor":22.0,"turns":5.0},{"damage":25,"enemies":"Book of Stabbing","floor":24,"turns":5},{"damage":18,"enemies":"Shelled Parasite and Fungi","floor":25,"turns":7},{"damage":1,"enemies":"Centurion and Healer","floor":30,"turns":8},{"damage":12,"enemies":"3 Cultists","floor":31,"turns":7},{"damage":54,"enemies":"Collector","floor":33,"turns":5}],"seed_played":"-7955895760031502122","potions_obtained":[{"floor":1.0,"key":"Ancient Potion"},{"floor":4.0,"key":"EssenceOfSteel"},{"floor":10.0,"key":"FearPotion"},{"floor":13.0,"key":"EntropicBrew"},{"floor":13.0,"key":"PowerPotion"},{"floor":13.0,"key":"Ancient Potion"},{"floor":24,"key":"Dexterity Potion"},{"floor":25,"key":"CultistPotion"},{"floor":30,"key":"Energy Potion"}],"is_trial":false,"path_per_floor":["M","$","M","M","M","R","E","R","T","E","?","$","?","M","R","B",null,"M","$","M","M","M","R","E","M","T","R","?","R","M","M","R","B"],"character_chosen":"DEFECT","items_purchased":["Glacier"],"campfire_rested":4,"item_purchase_floors":[2],"current_hp_per_floor":[75,75,75,75,72,72,51,51,51,32,21,21,21,13,35,11,75,73,73,71,39,25,49,24,6,6,30,30,30,29,19,43,0,0],"gold":226,"neow_bonus":"THREE_ENEMY_KILL","is_daily":false,"chose_seed":false,"campfire_upgraded":3,"win_rate":0.0,"timestamp":1609672372,"path_taken":["M","$","?","M","M","R","E","R","T","E","?","$","?","M","R","BOSS","M","$","M","M","M","R","E","M","T","R","?","R","M","M","R","BOSS"],"items_purchased_type":["Card"],"build_version":"2020-12-18","purchased_purges":2,"victory":false,"max_hp_per_floor":[75,75,75,75,75,75,75,75,75,75,75,75,75,75,75,75,75,77,77,79,79,81,81,81,81,81,81,81,81,81,83,83,83,83],"card_choices":[{"not_picked":["Turbo","Leap"],"picked":"White Noise","floor":1.0},{"not_picked":["Go for the Eyes","Leap"],"picked":"Streamline","floor":3.0},{"not_picked":["Gash","Steam"],"picked":"Machine Learning","floor":4.0},{"not_picked":["Conserve Battery","Beam Cell"],"picked":"Coolheaded","floor":5.0},{"not_picked":["FTL","Doom and Gloom"],"picked":"Melter","floor":7.0},{"not_picked":["Barrage","Consume"],"picked":"Echo Form","floor":10.0},{"not_picked":["Coolheaded","Sweeping Beam"],"picked":"Capacitor","floor":14.0},{"not_picked":["Biased Cognition","Seek"],"picked":"Fission","floor":16.0},{"not_picked":["Go for the Eyes","Hologram","Steam"],"picked":"Singing Bowl","floor":18.0},{"not_picked":["Multi-Cast","Hello World","Cold Snap"],"picked":"Singing Bowl","floor":20.0},{"not_picked":["Force Field","Aggregate"],"picked":"Ball Lightning","floor":21.0},{"not_picked":["Redo","Compile Driver","Hologram"],"picked":"Singing Bowl","floor":22.0},{"not_picked":["Beam Cell+1","Sweeping Beam"],"picked":"Core Surge","floor":24},{"not_picked":["Go for the Eyes","Hologram"],"picked":"Undo+1","floor":25},{"not_picked":["Redo","Cold Snap+1"],"picked":"Lockon","floor":30},{"not_picked":["Stack+1","Hello World","Steam"],"picked":"Singing Bowl","floor":31}],"player_experience":617470,"relics_obtained":[{"floor":7.0,"key":"White Beast Statue"},{"floor":9.0,"key":"Lantern"},{"floor":10.0,"key":"Juzu Bracelet"},{"floor":11.0,"key":"Odd Mushroom"},{"floor":17.0,"key":"Singing Bowl"},{"floor":17.0,"key":"Peace Pipe"},{"floor":17.0,"key":"War Paint"},{"floor":24,"key":"Ornamental Fan"},{"floor":26,"key":"Torii"}],"event_choices":[{"damage_healed":0.0,"max_hp_gain":0.0,"max_hp_loss":0.0,"gold_gain":0.0,"event_name":"Mushrooms","player_choice":"Fought Mushrooms","floor":11.0,"gold_loss":0.0,"damage_taken":0.0},{"damage_healed":0.0,"max_hp_gain":0.0,"max_hp_loss":0.0,"gold_gain":0.0,"event_name":"Lab","player_choice":"Got Potions","floor":13.0,"gold_loss":0.0,"damage_taken":0.0},{"damage_healed":0,"gold_gain":0,"player_choice":"Obtained Relic","damage_taken":0,"relics_obtained":["MawBank"],"max_hp_gain":0,"max_hp_loss":0,"event_name":"Addict","floor":28,"gold_loss":85}],"is_beta":true,"boss_relics":[{"not_picked":["Inserter","Velvet Choker"],"picked":"Calling Bell"}],"items_purged_floors":[12,19],"is_endless":false,"potions_floor_spawned":[1,4,10,11,14,16,18,20,21,22,24,25,30,31],"killed_by":"Collector","ascension_level":0}}