{"host":"aav8addp4mncoxty","time":1609678497,"event":{"mods":["Act Like it!","BaseMod","CapriCore","Hallownest","Hermit","Koishi","Lobotomy","Minty Spire (QoL Compilation)","Prisma Mod","Replay The Spire","StSLib","The Bug Knight","The Cursed","The Hierophant","The Immortal","The Jungle","The Poker Player","The Runesmith","WarShipGirlsR/??á´Ò³R mod"],"gold_per_floor":[116,116,216,229,229,229,259,259,307,307,307],"floor_reached":10,"playtime":1031,"items_purged":[],"score":64,"play_id":"151852d3-9642-45ff-b587-6a921705a335","local_time":"20210103215457","is_ascension_mode":false,"campfire_choices":[{"data":"rmod:basicallowance","floor":6,"key":"SMITH"},{"floor":8,"key":"REST"}],"circlet_count":0,"master_deck":["rmod:strick","rmod:strick+1","rmod:strick","rmod:strick","rmod:defend","rmod:defend","rmod:defend+1","rmod:basicallowance+1","rmod:maingunfire","rmod:unsinkable","BeautyBeast","rmod:garrisonisland","rmod:firesupport","FieryBird","rmod:supportaircraftcarrier","PunishingBird"],"relics":["rmod:firstchargereward","CogitoBucket","Juzu Bracelet","Orichalcum"],"acts_visited":["Exordium"],"potions_floor_usage":[7],"damage_taken":[{"damage":4,"enemies":"Jaw Worm","floor":1,"turns":3},{"damage":0,"enemies":"Small Slimes","floor":4,"turns":3},{"damage":30,"enemies":"Lagavulin","floor":7,"turns":6},{"damage":96,"enemies":"3 Sentries","floor":10,"turns":3}],"seed_played":"-7621344694769720684","potions_obtained":[{"floor":4,"key":"SkillPotion"}],"is_trial":false,"path_per_floor":["M","?","?","M","?","R","E","R","T","E"],"character_chosen":"PRAEFECT","items_purchased":[],"campfire_rested":1,"item_purchase_floors":[],"current_hp_per_floor":[71,71,71,71,56,56,26,48,48,0,0],"gold":307,"neow_bonus":"","is_daily":false,"chose_seed":false,"campfire_upgraded":1,"win_rate":0.0,"timestamp":1609678497,"path_taken":["M","?","?","?","?","R","E","R","T","E"],"items_purchased_type":[],"build_version":"2020-12-22","purchased_purges":0,"victory":false,"max_hp_per_floor":[75,75,75,75,75,75,75,75,75,75,75],"card_choices":[{"not_picked":["rmod:aluminumsupply","rmod:tearstotiara"],"picked":"rmod:unsinkable","floor":1},{"not_picked":["SpiderBud","ShyLook"],"picked":"BeautyBeast","floor":1},{"not_picked":["rmod:victimresponsibility","rmod:circuitoustactics"],"picked":"rmod:firesupport","floor":4},{"not_picked":["OSAHOGD","Bloodbath"],"picked":"FieryBird","floor":4},{"not_picked":["rmod:u235","rmod:supportescort"],"picked":"rmod:supportaircraftcarrier","floor":7},{"not_picked":["MHz","WallGazer"],"picked":"PunishingBird","floor":7}],"player_experience":202998,"relics_obtained":[{"floor":7,"key":"Juzu Bracelet"},{"floor":9,"key":"Orichalcum"}],"event_choices":[{"damage_healed":0,"gold_gain":0,"cards_transformed":["rmod:defend"],"player_choice":"Change","damage_taken":0,"max_hp_gain":0,"max_hp_loss":0,"event_name":"Living Wall","floor":2,"gold_loss":0,"cards_obtained":["rmod:garrisonisland"]},{"damage_healed":0,"gold_gain":100,"player_choice":"Gold","damage_taken":0,"max_hp_gain":0,"max_hp_loss":0,"event_name":"Wheel of Change","floor":3,"gold_loss":0},{"damage_healed":0,"gold_gain":0,"player_choice":"Entered Light","damage_taken":15,"max_hp_gain":0,"max_hp_loss":0,"event_name":"Shining Light","floor":5,"gold_loss":0,"cards_upgraded":["rmod:defend","rmod:strick"]}],"is_beta":false,"boss_relics":[],"items_purged_floors":[],"is_endless":false,"potions_floor_spawned":[4],"killed_by":"3 Sentries","ascension_level":0}}