{"host":"54vghy6hfkyy1r39","time":1609643941,"event":{"mods":["AchievementEnabler","BaseMod","Minty Spire (QoL Compilation)","StSLib","SuperFastMode","everything is the same but u backflip on backflip"],"gold_per_floor":[153,153,53,3,55,55,92,92,92,92,148,148,187,267,267,267,267],"floor_reached":16,"playtime":354,"items_purged":["Strike_R"],"score":90,"play_id":"59467cf0-a5fc-4fab-a2df-a8e4c4ca16ae","local_time":"20210103121901","is_ascension_mode":false,"campfire_choices":[{"data":"Searing Blow","floor":6,"key":"SMITH"},{"data":"Searing Blow+1","floor":12,"key":"SMITH"},{"floor":15,"key":"REST"}],"circlet_count":0,"master_deck":["Strike_R","Strike_R","Strike_R","Defend_R","Defend_R","Defend_R","Defend_R","Bash+1","HandOfGreed","Searing Blow+2","Shrug It Off+1","Shrug It Off"],"relics":["Burning Blood","Nunchaku","Blue Candle","Letter Opener","Odd Mushroom"],"acts_visited":["Exordium"],"potions_floor_usage":[14,16],"damage_taken":[{"damage":0,"enemies":"2 Louse","floor":1,"turns":4},{"damage":0,"enemies":"Small Slimes","floor":5,"turns":3},{"damage":1,"enemies":"Cultist","floor":7,"turns":3},{"damage":16,"enemies":"Exordium Wildlife","floor":11,"turns":4},{"damage":7,"enemies":"Looter","floor":13,"turns":4},{"damage":37,"enemies":"The Mushroom Lair","floor":14,"turns":8},{"damage":43,"enemies":"Hexaghost","floor":16,"turns":9}],"seed_played":"-9002872351113061838","potions_obtained":[{"floor":5,"key":"BloodPotion"},{"floor":13,"key":"BlessingOfTheForge"}],"is_trial":false,"path_per_floor":["M","?","$","?","M","R","M","?","T","?","M","R","M","?","R","B"],"character_chosen":"IRONCLAD","items_purchased":["Shrug It Off"],"campfire_rested":1,"item_purchase_floors":[3],"current_hp_per_floor":[62,50,50,50,56,56,61,45,45,45,35,35,34,19,43,0,0],"gold":267,"neow_bonus":"RANDOM_COLORLESS_2","is_daily":false,"chose_seed":false,"campfire_upgraded":2,"win_rate":0.0,"timestamp":1609643941,"path_taken":["M","?","$","?","M","R","M","?","T","?","M","R","M","?","R","BOSS"],"items_purchased_type":["Card"],"build_version":"2020-12-22","purchased_purges":1,"victory":false,"max_hp_per_floor":[80,80,80,80,80,80,80,80,80,80,80,80,80,80,80,80,80],"card_choices":[{"not_picked":["Violence","Transmutation"],"picked":"HandOfGreed","floor":0},{"not_picked":["Dark Embrace","Battle Trance"],"picked":"Searing Blow","floor":1},{"not_picked":["Clash","Clothesline","Pommel Strike"],"picked":"SKIP","floor":5},{"not_picked":["Rage","Intimidate","Perfected Strike"],"picked":"SKIP","floor":7},{"not_picked":["Thunderclap","Sentinel","Shrug It Off"],"picked":"SKIP","floor":11},{"not_picked":["Cleave","Heavy Blade"],"picked":"Shrug It Off","floor":13}],"player_experience":174835,"relics_obtained":[{"floor":9,"key":"Blue Candle"},{"floor":14,"key":"Odd Mushroom"}],"event_choices":[{"damage_healed":0,"gold_gain":0,"player_choice":"Success","damage_taken":12,"relics_obtained":["Nunchaku"],"max_hp_gain":0,"max_hp_loss":0,"event_name":"Scrap Ooze","floor":2,"gold_loss":0},{"cards_removed":["Strike_R"],"damage_healed":0,"gold_gain":0,"player_choice":"Card Removal","damage_taken":0,"max_hp_gain":0,"max_hp_loss":0,"event_name":"The Cleric","floor":4,"gold_loss":50},{"damage_healed":0,"gold_gain":0,"player_choice":"Entered Light","damage_taken":16,"max_hp_gain":0,"max_hp_loss":0,"event_name":"Shining Light","floor":8,"gold_loss":0,"cards_upgraded":["Bash","Shrug It Off"]},{"damage_healed":0,"gold_gain":0,"player_choice":"Searched \u00271\u0027 times","damage_taken":0,"relics_obtained":["Letter Opener"],"max_hp_gain":0,"max_hp_loss":0,"event_name":"Dead Adventurer","floor":10,"gold_loss":0},{"damage_healed":0,"gold_gain":0,"player_choice":"Fought Mushrooms","damage_taken":0,"max_hp_gain":0,"max_hp_loss":0,"event_name":"Mushrooms","floor":14,"gold_loss":0}],"is_beta":false,"boss_relics":[],"items_purged_floors":[3],"is_endless":false,"potions_floor_spawned":[5,13],"killed_by":"Hexaghost","ascension_level":0}}