{"host":"na09lpbrez4gbfiz","time":1609642144,"event":{"mods":["Act Like it!","BaseMod","BetterRewards","Colored Map","Colored Powertips","DeckTracker","Googly Eyes","Highlight Path","Minty Spire (QoL Compilation)","Quick Restart","Spicy Shops","StSLib","SuperFastMode","Synergy Search"],"gold_per_floor":[119,133,6,6,6,6,46,46,69,69,134,161,176,216,216,216,216],"floor_reached":16,"playtime":416,"items_purged":["Strike_R"],"score":170,"play_id":"f93eaeeb-4a18-4420-a670-436f4c1a5459","local_time":"20210103034904","is_ascension_mode":true,"campfire_choices":[{"data":"Bash","floor":6,"key":"SMITH"},{"floor":10,"key":"REST"},{"floor":15,"key":"REST"}],"circlet_count":0,"master_deck":["AscendersBane","Strike_R","Strike_R","Strike_R","Strike_R","Defend_R","Defend_R","Defend_R","Defend_R","Bash+1","True Grit","Feel No Pain","Regret","Warcry","Rampage"],"relics":["Burning Blood","Bronze Scales","PreservedInsect","Golden Idol","Lantern","Centennial Puzzle","Orichalcum","Nunchaku","Dead Branch"],"acts_visited":["Exordium"],"potions_floor_usage":[7,16,16],"damage_taken":[{"damage":15,"enemies":"Cultist","floor":1,"turns":4},{"damage":3,"enemies":"2 Louse","floor":2,"turns":3},{"damage":29,"enemies":"Lagavulin","floor":7,"turns":5},{"damage":7,"enemies":"Small Slimes","floor":13,"turns":3},{"damage":23,"enemies":"Gremlin Nob","floor":14,"turns":4},{"damage":36,"enemies":"The Guardian","floor":16,"turns":14}],"seed_played":"-2667062735504022582","potions_obtained":[{"floor":2,"key":"Explosive Potion"},{"floor":14,"key":"LiquidMemories"}],"is_trial":false,"path_per_floor":["M","M","$","?","?","R","E","?","T","R","?","T","M","E","R","B"],"character_chosen":"IRONCLAD","items_purchased":["PowerPotion"],"campfire_rested":2,"item_purchase_floors":[3],"current_hp_per_floor":[63,66,66,66,46,46,23,5,5,29,29,29,28,11,35,0,0],"gold":216,"neow_bonus":"RANDOM_COMMON_RELIC","is_daily":false,"chose_seed":false,"campfire_upgraded":1,"win_rate":0.0,"timestamp":1609642144,"path_taken":["M","M","$","?","?","R","E","?","T","R","?","?","M","E","R","BOSS"],"items_purchased_type":["Potion"],"build_version":"2020-12-22","purchased_purges":1,"victory":false,"max_hp_per_floor":[80,80,80,80,80,80,80,80,80,80,80,80,80,80,80,80,80],"card_choices":[{"not_picked":["Body Slam","Power Through"],"picked":"True Grit","floor":1},{"not_picked":["Flame Barrier","Wild Strike"],"picked":"Feel No Pain","floor":2},{"not_picked":["Pummel","Anger","Twin Strike"],"picked":"SKIP","floor":7},{"not_picked":["Iron Wave","Dark Embrace"],"picked":"Warcry","floor":13},{"not_picked":["Bloodletting","Sword Boomerang"],"picked":"Rampage","floor":14}],"player_experience":263135,"relics_obtained":[{"floor":7,"key":"Lantern"},{"floor":9,"key":"Orichalcum"},{"floor":12,"key":"Nunchaku"},{"floor":14,"key":"Dead Branch"}],"event_choices":[{"damage_healed":0,"gold_gain":0,"player_choice":"Box","damage_taken":0,"relics_obtained":["PreservedInsect"],"max_hp_gain":0,"max_hp_loss":0,"event_name":"Big Fish","floor":4,"gold_loss":0,"cards_obtained":["Regret"]},{"damage_healed":0,"gold_gain":0,"player_choice":"Take Damage","damage_taken":20,"relics_obtained":["Golden Idol"],"max_hp_gain":0,"max_hp_loss":0,"event_name":"Golden Idol","floor":5,"gold_loss":0},{"damage_healed":0,"gold_gain":0,"player_choice":"Success","damage_taken":18,"relics_obtained":["Centennial Puzzle"],"max_hp_gain":0,"max_hp_loss":0,"event_name":"Scrap Ooze","floor":8,"gold_loss":0},{"damage_healed":0,"gold_gain":65,"player_choice":"Gained Gold","damage_taken":0,"max_hp_gain":0,"max_hp_loss":0,"event_name":"Golden Wing","floor":11,"gold_loss":0}],"is_beta":false,"boss_relics":[],"items_purged_floors":[3],"is_endless":false,"potions_floor_spawned":[2,14],"killed_by":"The Guardian","ascension_level":12}}