{"host":"sjo4oracihb00px1","time":1609634431,"event":{"mods":["Astrologer","BaseMod","Better Note","Colored Powertips","Defective Defect","Friendly Minions","Hermit","HololiveMod","Hubris","Jorbs\u0027s Wanderer Trilogy","Kiyohime????","Marisa????????","Minty Spire (QoL Compilation)","Quick Restart","Random Character Button","Remilia??????","Replay The Spire","Shop Mod","ShortenTheSpire","Somnambulant","StSLib","The Administrix","The Animator","The Awakened One except there are too many feathers","The Bug Knight","The Cursed","The Death Knight","The Disciple","The Gatherer","The IronCluck","The Necromancer","The Problem Sleuth","The Runesmith","The Servant 0.9.4","The Vixen","TheBandit","Waifu the Spire","Wandering Minibosses","Yuri Mod","everything is the same but u backflip on backflip","slay the spire mod where everything is the same but ironclad has a cowboy hat","thorton"],"gold_per_floor":[112,34,34,134,65,93,158,233,258,292,303,303,366,398,398,495,495,495,495],"floor_reached":18,"playtime":1591,"items_purged":[],"score":201,"play_id":"9184cb93-0bee-4d02-9893-95fbb6b65dbc","local_time":"20210102194031","is_ascension_mode":false,"campfire_choices":[{"data":"hermit:Adapt","floor":15.0,"key":"SMITH"}],"circlet_count":0,"master_deck":["hermit:Strike_Hermit","hermit:Strike_Hermit","hermit:Strike_Hermit","hermit:Strike_Hermit","hermit:Defend_Hermit","hermit:Defend_Hermit","hermit:Defend_Hermit","hermit:Defend_Hermit","hermit:Snapshot","hermit:Covet","hermit:Malice","stsjorbsmod:PollutedStrike","hermit:Spite","Delirium","ReplayTheSpireMod:Splinters","hermit:Roulette","hermit:Manifest","hermit:HeroicBravado","hermit:Vantage","hermit:ShadowCloak","hermit:Quickdraw","hermit:WideOpen","hermit:Misfire","hermit:Adapt+1","hermit:DeadOrAlive"],"relics":["hermit:Momento","NeowsBlessing","ReplayTheSpireMod:CursedCoin","HollowMod:PaleOreRelic","ReplayTheSpireMod:Ring of Challenge","MealTicket","Shovel","Darkstone Periapt","Centennial Puzzle","Ginger","Garlic","Counterbalance","Painkiller Herb"],"acts_visited":["Exordium","TheCity"],"potions_floor_usage":[],"damage_taken":[{"damage":0.0,"enemies":"Jaw Worm","floor":1.0,"turns":1.0},{"damage":0.0,"enemies":"Gremlin Nob","floor":6.0,"turns":1.0},{"damage":0.0,"enemies":"3 Sentries","floor":7.0,"turns":2.0},{"damage":2.0,"enemies":"Lagavulin","floor":10.0,"turns":8.0},{"damage":1.0,"enemies":"Small Slimes","floor":11.0,"turns":3.0},{"damage":0.0,"enemies":"2 Louse","floor":13.0,"turns":3.0},{"damage":5.0,"enemies":"3 Sentries","floor":14.0,"turns":7.0},{"damage":25.0,"enemies":"Hexaghost","floor":16.0,"turns":12.0},{"damage":0,"enemies":"3 Byrds","floor":18,"turns":1}],"seed_played":"-904308161272390266","potions_obtained":[{"floor":1.0,"key":"Energy Potion"},{"floor":6.0,"key":"BlessingOfTheForge"},{"floor":10.0,"key":"Fire Potion"},{"floor":11.0,"key":"Energy Potion"}],"is_trial":false,"path_per_floor":["M","$","?","?","$","E","?","?","T","E","M","T","M","E","R","B",null,"?"],"character_chosen":"HERMIT","items_purchased":["ReplayTheSpireMod:CursedCoin","HollowMod:PaleOreRelic","hermit:Spite","hermit:HeroicBravado"],"campfire_rested":0,"item_purchase_floors":[2,2,2,5],"current_hp_per_floor":[75,75,75,75,75,75,75,64,64,62,61,61,61,56,56,31,75,75,75],"gold":495,"neow_bonus":"THREE_ENEMY_KILL","is_daily":false,"chose_seed":false,"campfire_upgraded":1,"win_rate":0.0,"timestamp":1609634431,"path_taken":["M","$","?","?","?","E","?","?","T","E","?","?","M","E","R","BOSS","?"],"items_purchased_type":["Relic","Relic","Card","Card"],"build_version":"2020-12-22","purchased_purges":0,"victory":false,"max_hp_per_floor":[75,75,75,75,75,75,75,75,75,75,75,75,75,75,75,75,75,75,75],"card_choices":[{"not_picked":["hermit:DeadMansHand","hermit:TakeAim"],"picked":"hermit:Malice","floor":1.0},{"not_picked":["hermit:Combo","hermit:ItchyTrigger"],"picked":"hermit:Roulette","floor":4.0},{"not_picked":["hermit:Roulette","hermit:BodyArmor"],"picked":"hermit:Manifest","floor":4.0},{"not_picked":["hermit:HighCaliber","hermit:Headshot"],"picked":"hermit:Vantage","floor":6.0},{"not_picked":["hermit:Cheat","hermit:SprayPray"],"picked":"hermit:ShadowCloak","floor":7.0},{"not_picked":["hermit:Determination","hermit:Roulette"],"picked":"hermit:Quickdraw","floor":10.0},{"not_picked":["hermit:Quickdraw","hermit:Snipe"],"picked":"hermit:WideOpen","floor":11.0},{"not_picked":["hermit:Coalescence","hermit:Glare"],"picked":"hermit:Misfire","floor":13.0},{"not_picked":["hermit:GhostlyPresence","hermit:Showdown"],"picked":"hermit:Adapt","floor":14.0},{"not_picked":["hermit:Roughhouse","hermit:RoundhouseKick"],"picked":"hermit:DeadOrAlive","floor":16.0}],"player_experience":712489,"relics_obtained":[{"floor":3.0,"key":"ReplayTheSpireMod:Ring of Challenge"},{"floor":4.0,"key":"MealTicket"},{"floor":6.0,"key":"Shovel"},{"floor":7.0,"key":"Darkstone Periapt"},{"floor":9.0,"key":"Centennial Puzzle"},{"floor":10.0,"key":"Ginger"},{"floor":12.0,"key":"Garlic"},{"floor":14.0,"key":"Counterbalance"}],"event_choices":[{"damage_healed":0.0,"max_hp_gain":0.0,"max_hp_loss":0.0,"gold_gain":0.0,"event_name":"Dead Adventurer","player_choice":"Searched \u00272\u0027 times","floor":7.0,"gold_loss":0.0,"damage_taken":0.0},{"damage_healed":0.0,"max_hp_gain":0.0,"max_hp_loss":0.0,"gold_gain":75.0,"event_name":"World of Goop","player_choice":"Gather Gold","floor":8.0,"gold_loss":0.0,"damage_taken":11.0}],"is_beta":false,"boss_relics":[{"not_picked":["hermit:DentedPlate","Astrolabe"],"picked":"Painkiller Herb"}],"items_purged_floors":[],"is_endless":false,"potions_floor_spawned":[1,6,10,11],"killed_by":"3 Byrds","ascension_level":0}}