{"host":"mzp3pvw1g1kyjyte","time":1609679976,"event":{"mods":["AchievementEnabler","BaseMod","Colored Powertips","Highlight Path","Minty Spire (QoL Compilation)","Relic Stats","Remilia£®¿Ÿ√◊¿Ú—«£©","Shop Mod","StSLib","SuperFastMode","[IsaacMod]“‘»ˆº‚À˛"],"gold_per_floor":[115,127,127,127,30,30,30,30,30,30,67,67,83,101,101,198,198,235,251,251,251,266,284,312,312,312],"floor_reached":25,"playtime":1846,"items_purged":["Decay"],"score":263,"play_id":"b183eaa4-d2d9-408c-991a-5640ff9b9dc7","local_time":"20210103211936","is_ascension_mode":false,"campfire_choices":[{"data":"DoctorFetus","floor":6,"key":"SMITH"},{"data":"ScarletShoot","floor":8,"key":"SMITH"},{"data":"RedMoon","floor":12,"key":"SMITH"},{"data":"BlasphemousPunishment","floor":15,"key":"SMITH"}],"circlet_count":0,"master_deck":["Strike_RM+1","Strike_RM+1","Strike_RM+1","Defend_RM+1","Defend_RM+1","Defend_RM+1","RedMoon+1","ScarletShoot+1","DoctorFetus+1","VampirishNight","FavorOfDestiny","MastersStateliness","TransientEternity","BlasphemousPunishment+1","TransientEternity","HeartBreak","ChaoticDestiny","CharismaGuard","EndlessAdversity","UnstableMagic","ScarletSymphony","ReincarnationDial+1","BloodAndWine","NightLord+1"],"relics":["ScarletHat","HushsDoor","D6","MealTicket","Peace Pipe","Black Star","Shuriken","BelialBook"],"acts_visited":["Exordium","TheCity"],"potions_floor_usage":[14,16,16,19,23,24],"damage_taken":[{"damage":2,"enemies":"Small Slimes","floor":1,"turns":3},{"damage":1,"enemies":"Cultist","floor":2,"turns":5},{"damage":5,"enemies":"2 Louse","floor":11,"turns":4},{"damage":13,"enemies":"Lots of Slimes","floor":13,"turns":3},{"damage":0,"enemies":"3 Louse","floor":14,"turns":3},{"damage":10,"enemies":"Slime Boss","floor":16,"turns":5},{"damage":21,"enemies":"2 Thieves","floor":18,"turns":4},{"damage":15,"enemies":"3 Byrds","floor":19,"turns":4},{"damage":21,"enemies":"Snake Plant","floor":22,"turns":5},{"damage":9,"enemies":"Shelled Parasite and Fungi","floor":23,"turns":6},{"damage":29,"enemies":"Gremlin Leader","floor":24,"turns":3},{"damage":36,"enemies":"3 Cultists","floor":25,"turns":4}],"seed_played":"8061922201729869030","potions_obtained":[{"floor":1,"key":"SkillPotion"},{"floor":13,"key":"SteroidPotion"},{"floor":13,"key":"SkillPotion"},{"floor":14,"key":"PowerPotion"},{"floor":14,"key":"EssenceOfSteel"},{"floor":16,"key":"GamblersBrew"},{"floor":18,"key":"Strength Potion"},{"floor":19,"key":"Fire Potion"},{"floor":23,"key":"AttackPotion"},{"floor":24,"key":"Dexterity Potion"}],"is_trial":false,"path_per_floor":["M","M","?","?","$","R","?","R","T","$","M","R","M","M","R","B",null,"M","M","?","?","M","M","E","M"],"character_chosen":"REMILIA","items_purchased":["MastersStateliness","HeartBreak","ChaoticDestiny"],"campfire_rested":0,"item_purchase_floors":[5,17,17],"current_hp_per_floor":[80,81,81,81,81,81,66,66,66,81,77,77,71,77,77,72,74,54,49,49,49,33,36,21,0,0],"gold":312,"neow_bonus":"TEN_PERCENT_HP_BONUS","is_daily":false,"chose_seed":false,"campfire_upgraded":4,"win_rate":0.0,"timestamp":1609679976,"path_taken":["M","M","?","?","$","R","?","R","T","$","?","R","M","M","R","BOSS","M","M","?","?","M","M","E","M"],"items_purchased_type":["Card","Card","Card"],"build_version":"2020-12-22","purchased_purges":1,"victory":false,"max_hp_per_floor":[82,82,82,82,82,82,82,82,82,82,82,82,82,82,82,82,74,74,74,74,74,74,74,74,74,74],"relic_stats":{"Peace Pipe":0,"counters":[12,49],"Shuriken":[1],"MealTicket":15,"Black Star":1,"obtain_stats":[{"KeepersGift":0,"Peace Pipe":9,"D6":1,"Shuriken":24,"BelialBook":24,"MealTicket":7,"Black Star":17,"HushsDoor":0,"ScarletHat":0},{"KeepersGift":0,"Peace Pipe":2,"D6":1,"Shuriken":11,"BelialBook":11,"MealTicket":2,"Black Star":6,"HushsDoor":0,"ScarletHat":0},{"KeepersGift":0,"Peace Pipe":8,"D6":3,"Shuriken":45,"BelialBook":45,"MealTicket":8,"Black Star":23,"HushsDoor":0,"ScarletHat":0}]},"card_choices":[{"not_picked":[],"picked":"DoctorFetus","floor":0},{"not_picked":["BloodHunter","ScarletDevil"],"picked":"VampirishNight","floor":1},{"not_picked":["ScarletImprint","NightDance"],"picked":"FavorOfDestiny","floor":2},{"not_picked":["RedRainbow","ScarletImprint"],"picked":"Bomb","floor":11},{"not_picked":["ReincarnationDial","ScarletDevil"],"picked":"TransientEternity","floor":13},{"not_picked":["ScarletDream","ScarletImprint"],"picked":"BlasphemousPunishment","floor":14},{"not_picked":["CurseOfVladTepes","HellCatastrophe"],"picked":"TransientEternity","floor":16},{"not_picked":["ScarletSymphony+1","EmergencyRegeneration+1"],"picked":"CharismaGuard","floor":18},{"not_picked":["DevilSight","BloodyMagicSquare"],"picked":"EndlessAdversity","floor":19},{"not_picked":["EndlessAdversity","RedMagic"],"picked":"ReincarnationDial+1","floor":22},{"not_picked":["ScarletImprint","MastersStateliness+1"],"picked":"BloodAndWine","floor":23},{"not_picked":["RedRainbow+1","FavorOfDestiny+1"],"picked":"NightLord+1","floor":24}],"player_experience":7881,"relics_obtained":[{"floor":9,"key":"Peace Pipe"},{"floor":24,"key":"Shuriken"},{"floor":24,"key":"BelialBook"}],"event_choices":[{"damage_healed":0,"gold_gain":0,"player_choice":"Cursed","damage_taken":0,"max_hp_gain":0,"max_hp_loss":0,"event_name":"Wheel of Change","floor":4,"gold_loss":0,"cards_obtained":["Decay"]},{"damage_healed":0,"gold_gain":0,"cards_transformed":["Defend_RM","Strike_RM"],"player_choice":"Became Test Subject","damage_taken":0,"max_hp_gain":0,"max_hp_loss":0,"event_name":"Drug Dealer","floor":20,"gold_loss":0,"cards_obtained":["UnstableMagic","ScarletSymphony"]},{"damage_healed":0,"gold_gain":0,"player_choice":"Simplicity","damage_taken":0,"max_hp_gain":0,"max_hp_loss":0,"event_name":"Back to Basics","floor":21,"gold_loss":0,"cards_upgraded":["Strike_RM","Strike_RM","Strike_RM","Defend_RM","Defend_RM","Defend_RM"]}],"is_beta":false,"boss_relics":[{"not_picked":["SlaversCollar","APieceOfRedMist"],"picked":"Black Star"},{"not_picked":[]}],"items_purged_floors":[5],"is_endless":false,"potions_floor_spawned":[1,13,14,18,24],"killed_by":"3 Cultists","ascension_level":0}}