{"host":"uxq2rly8rxtwffuf","time":1609655153,"event":{"mods":["BaseMod","Koishi","Minty Spire (QoL Compilation)","StSLib","The Judge","The Servant 0.9.4"],"gold_per_floor":[115,40,60,73,90,90,110,125,149,182,10,30,30,40,40,112,112,122,37,61,11,20,20,9,9,9,28,78,78,78],"floor_reached":29,"playtime":867,"items_purged":["Strike_S","Strike_S"],"score":443,"play_id":"72694943-0092-485c-ae67-93b59e64beeb","local_time":"20210103092553","is_ascension_mode":true,"campfire_choices":[{"data":"Sunlight","floor":6.0,"key":"SMITH"},{"floor":13.0,"key":"REST"},{"floor":15.0,"key":"REST"},{"floor":23,"key":"REST"},{"floor":25,"key":"RECALL"}],"circlet_count":0,"master_deck":["AscendersBane","Strike_S","Strike_S","Defend_S","Defend_S","Defend_S","Defend_S","KidneyShot","Exchange","Sunlight+1","Foresight","Rearm","FanOfKnives","ShatteredReality","ShiftingGears","Dilation","Potential","Luminosity","Solidify","Barrier","ShatteredReality","Writhe","Comet","BottledTime"],"relics":["Uniform","Centennial Puzzle","Matryoshka","Membership Card","Black Star","CeramicFish","Blood Vial","Bronze Scales"],"acts_visited":["Exordium","TheCity"],"potions_floor_usage":[18,20,27],"damage_taken":[{"damage":1.0,"enemies":"Cultist","floor":1.0,"turns":4.0},{"damage":5.0,"enemies":"2 Louse","floor":3.0,"turns":3.0},{"damage":12.0,"enemies":"Jaw Worm","floor":4.0,"turns":3.0},{"damage":0.0,"enemies":"2 Fungi Beasts","floor":5.0,"turns":2.0},{"damage":6.0,"enemies":"Blue Slaver","floor":7.0,"turns":3.0},{"damage":0.0,"enemies":"Lots of Slimes","floor":8.0,"turns":1.0},{"damage":14.0,"enemies":"3 Sentries","floor":10.0,"turns":4.0},{"damage":14.0,"enemies":"Exordium Thugs","floor":12.0,"turns":3.0},{"damage":0.0,"enemies":"2 Fungi Beasts","floor":14.0,"turns":2.0},{"damage":18.0,"enemies":"Hexaghost","floor":16.0,"turns":8.0},{"damage":11,"enemies":"2 Thieves","floor":18,"turns":2},{"damage":3,"enemies":"3 Byrds","floor":20,"turns":4},{"damage":43,"enemies":"Shelled Parasite and Fungi","floor":27,"turns":5},{"damage":32,"enemies":"Slavers","floor":29,"turns":2}],"seed_played":"5040415999980357001","potions_obtained":[{"floor":3.0,"key":"Fire Potion"},{"floor":4.0,"key":"Weak Potion"},{"floor":7.0,"key":"DuplicationPotion"},{"floor":8.0,"key":"GamblersBrew"},{"floor":10.0,"key":"SpeedPotion"},{"floor":18,"key":"Regen Potion"},{"floor":27,"key":"Ancient Potion"}],"is_trial":false,"path_per_floor":["M","$","M","M","M","R","M","M","T","E","$","M","R","M","R","B",null,"M","?","M","$","?","R","$","R","T","M","?","E"],"character_chosen":"THE_SERVANT","items_purchased":["Membership Card","Comet"],"campfire_rested":3,"item_purchase_floors":[11,24],"current_hp_per_floor":[53,53,48,36,36,36,30,30,30,16,16,2,20,20,38,20,50,39,39,36,36,36,54,54,54,54,26,26,0,0],"gold":78,"neow_bonus":"ONE_RANDOM_RARE_CARD","is_daily":false,"chose_seed":false,"campfire_upgraded":1,"win_rate":0.0,"timestamp":1609655153,"path_taken":["M","$","M","M","M","R","M","M","T","E","$","M","R","?","R","BOSS","M","?","M","$","?","R","?","R","T","M","?","E"],"items_purchased_type":["Relic","Card"],"build_version":"2020-12-22","purchased_purges":2,"victory":false,"max_hp_per_floor":[60,60,60,60,60,60,60,60,60,60,60,60,60,60,60,60,60,60,60,60,60,60,60,60,60,60,60,60,60,60],"card_choices":[{"not_picked":["Defy","FastForward"],"picked":"Foresight","floor":1.0},{"not_picked":["Replace","Reset","Sabotage"],"picked":"SKIP","floor":3.0},{"not_picked":["Rewind","DoubleEdge"],"picked":"Rearm","floor":4.0},{"not_picked":["Manipulate","Shuttle"],"picked":"FanOfKnives","floor":5.0},{"not_picked":["Defy","Potential"],"picked":"ShatteredReality","floor":7.0},{"not_picked":["Starlight","Hightail"],"picked":"ShiftingGears","floor":8.0},{"not_picked":["Alleviate","TimeWarp"],"picked":"Dilation","floor":10.0},{"not_picked":["Unruled","FastForward"],"picked":"Potential","floor":12.0},{"not_picked":["Replace","Ricochet"],"picked":"Luminosity","floor":14.0},{"not_picked":["LightFlow","ForgedInTime"],"picked":"Solidify","floor":16.0},{"not_picked":["Snipe","Replace"],"picked":"Barrier","floor":18},{"not_picked":["Spin+1","Revamp"],"picked":"ShatteredReality","floor":20},{"not_picked":["ReturningBlade","Sabotage"],"picked":"BottledTime","floor":27}],"player_experience":1375887,"relics_obtained":[{"floor":9.0,"key":"Centennial Puzzle"},{"floor":10.0,"key":"Matryoshka"},{"floor":26,"key":"Bronze Scales"}],"event_choices":[{"damage_healed":0,"gold_gain":0,"player_choice":"Obtained Relic","damage_taken":0,"relics_obtained":["CeramicFish"],"max_hp_gain":0,"max_hp_loss":0,"event_name":"Addict","floor":19,"gold_loss":85},{"damage_healed":0,"gold_gain":0,"player_choice":"Opened","damage_taken":0,"relics_obtained":["Blood Vial"],"max_hp_gain":0,"max_hp_loss":0,"event_name":"The Mausoleum","floor":22,"gold_loss":0,"cards_obtained":["Writhe"]},{"damage_healed":0,"gold_gain":50,"player_choice":"Stole From Cult","damage_taken":0,"max_hp_gain":0,"max_hp_loss":0,"event_name":"Nest","floor":28,"gold_loss":0}],"is_beta":false,"boss_relics":[{"not_picked":["Sozu","Ectoplasm"],"picked":"Black Star"}],"items_purged_floors":[2,21],"is_endless":false,"potions_floor_spawned":[3,4,7,8,10,18,27],"killed_by":"Slavers","ascension_level":19}}