{"host":"27tk4xseidcli2mr","time":1609665755,"event":{"mods":["2.2 Compatiblity","AchievementEnabler","Aspiration","BaseMod","Better Third Choice","Conspire","Custom Start","Hubris","Jorbs\u0027s Wanderer Trilogy","Minty Spire (QoL Compilation)","Replay The Spire","StSLib","SuperFastMode","[IsaacMod]????"],"gold_per_floor":[12,12,12,12,23,56,56,68,94,132,157,180,210,274,286,372,384,416,478,520,203,203,233,247,247,247],"floor_reached":25,"playtime":1268,"items_purged":["conspire:GhostlyStrike"],"score":587,"play_id":"a01a2f12-f47e-4698-82d3-416eb2c8bd32","local_time":"20210103102235","is_ascension_mode":true,"campfire_choices":[{"floor":7,"key":"REST"},{"data":"Defragment","floor":15,"key":"SMITH"}],"circlet_count":0,"master_deck":["AscendersBane","Echo Form","conspire:GhostlyDefend","conspire:GhostlyDefend","conspire:GhostlyDefend","conspire:GhostlyDefend","Zap","Dualcast","ReplayRNGCard","Coolheaded","Unload","Dagger Throw","Neutralize","Tempest","Conserve Battery","Defragment","Chaos","Redo","Darkness","Defragment+1","Coolheaded","Electrodynamics","Defragment","ReplayTheSpireMod:Calculation Training","Time Bomb","Ball Lightning"],"relics":["Cracked Core","HushsDoor","BookOfRevelations","MawBank","TungstenRod","hubris:ScarierMask","Pocketwatch","Blood Vial","Kunai"],"acts_visited":["Exordium","TheCity"],"potions_floor_usage":[5,10,13,16,20,23],"damage_taken":[{"damage":13,"enemies":"2 Louse","floor":1,"turns":3},{"damage":7,"enemies":"Jaw Worm","floor":5,"turns":4},{"damage":9,"enemies":"Lagavulin","floor":6,"turns":11},{"damage":0,"enemies":"Cultist","floor":8,"turns":3},{"damage":26,"enemies":"Gremlin Nob","floor":10,"turns":5},{"damage":10,"enemies":"Looter","floor":11,"turns":4},{"damage":0,"enemies":"Large Slime","floor":12,"turns":5},{"damage":6,"enemies":"Exordium Wildlife","floor":13,"turns":4},{"damage":0,"enemies":"The Guardian","floor":16,"turns":12},{"damage":21,"enemies":"Shell Parasite","floor":18,"turns":8},{"damage":4,"enemies":"conspire:MimicChest","floor":20,"turns":9},{"damage":7,"enemies":"Slavers","floor":23,"turns":3},{"damage":10,"enemies":"3 Byrds","floor":24,"turns":5},{"damage":20,"enemies":"Replay:Snechameleon","floor":25,"turns":2}],"seed_played":"6085360365750638821","potions_obtained":[{"floor":1,"key":"Block Potion"},{"floor":8,"key":"BlessingOfTheForge"},{"floor":11,"key":"EssenceOfSteel"},{"floor":12,"key":"LifebloodPotion"},{"floor":14,"key":"Swift Potion"},{"floor":14,"key":"Flashbang"},{"floor":18,"key":"LiquidMemories"},{"floor":24,"key":"FearPotion"}],"is_trial":false,"path_per_floor":["M","?","$","?","M","E","R","M","T","E","M","M","M","?","R","B",null,"M","?","?","$","?","E","M","E"],"character_chosen":"DEFECT","items_purchased":["Defragment","Blood Vial","Time Bomb"],"campfire_rested":1,"item_purchase_floors":[17,21,21],"current_hp_per_floor":[51,51,51,51,44,35,56,56,56,30,20,20,14,14,14,14,55,34,34,30,30,30,25,17,0,0],"gold":247,"neow_bonus":"THREE_RARE_CARDS","is_daily":false,"chose_seed":false,"campfire_upgraded":1,"win_rate":0.0,"timestamp":1609665755,"path_taken":["M","?","$","?","M","E","R","M","T","E","?","M","M","?","R","BOSS","M","?","?","$","?","E","M","E"],"items_purchased_type":["Card","Relic","Card"],"build_version":"2020-12-22","purchased_purges":1,"victory":false,"max_hp_per_floor":[71,71,71,71,71,71,71,71,71,71,71,71,71,71,71,71,68,68,68,68,68,68,68,68,68,68],"card_choices":[{"not_picked":["ElectricPowerLearning","Rainbow"],"picked":"ReplayRNGCard","floor":0},{"not_picked":["ReplayTheSpireMod:System Scan","Hello World"],"picked":"Coolheaded","floor":1},{"not_picked":["Cold Snap","Beam Cell"],"picked":"Tempest","floor":5},{"not_picked":["conspire:SharedLibrary","Blizzard"],"picked":"Conserve Battery","floor":6},{"not_picked":["Beam Cell","ReplaySolidLightProjector"],"picked":"Defragment","floor":8},{"not_picked":["Beam Cell","Undo"],"picked":"Chaos","floor":10},{"not_picked":["ReplayTheSpireMod:GoodbyeWorld","Beam Cell"],"picked":"Redo","floor":11},{"not_picked":["Barrage","ReplayTheSpireMod:GoodbyeWorld"],"picked":"Darkness","floor":12},{"not_picked":["Leap","Darkness"],"picked":"Defragment","floor":13},{"not_picked":["ReplaySort","BasicCrystalCard"],"picked":"Coolheaded","floor":14},{"not_picked":["ReplayTheSpireMod:Omega Cannon","hubris:SpecializedCircuitry"],"picked":"Electrodynamics","floor":16},{"not_picked":["Gash","Streamline","Compile Driver"],"picked":"SKIP","floor":18},{"not_picked":["Streamline","Doom and Gloom"],"picked":"ReplayTheSpireMod:Calculation Training","floor":20},{"not_picked":["Electrodynamics","Steam Power"],"picked":"Ball Lightning","floor":23},{"not_picked":["Stack","conspire:Rain","Heatsinks"],"picked":"SKIP","floor":24}],"player_experience":1243086,"relics_obtained":[{"floor":9,"key":"MawBank"},{"floor":10,"key":"TungstenRod"},{"floor":20,"key":"Pocketwatch"},{"floor":23,"key":"Kunai"}],"event_choices":[{"damage_healed":0,"gold_gain":0,"player_choice":"Agree","damage_taken":0,"max_hp_gain":0,"max_hp_loss":0,"event_name":"conspire:LoneGhost","floor":4,"gold_loss":0},{"damage_healed":0,"gold_gain":50,"player_choice":"Steal","damage_taken":0,"max_hp_gain":0,"max_hp_loss":0,"event_name":"betterThird:BetterNest","floor":19,"gold_loss":0}],"is_beta":false,"boss_relics":[{"not_picked":["hubris:HollowSoul","ReplayTheSpireMod:DimensionalGlitch"],"picked":"hubris:ScarierMask"},{"not_picked":[]}],"items_purged_floors":[21],"is_endless":false,"potions_floor_spawned":[1,8,11,12,18,24],"killed_by":"Replay:Snechameleon","ascension_level":20}}