{"host":"ylxam20yo7j5dy26","time":1609659149,"event":{"mods":["Act Like it!","BaseMod","Downfall","Gensokyo","Infinite Spire","Minty Spire (QoL Compilation)","Quick Restart","Replay The Spire","StSLib","UnlockEverythingMod","vexMod"],"gold_per_floor":[118,118,118,138,150,176,176,176,196,161,161,177,189,189,189,201,201,304,304,314,334,334,350,107,133,146,146,171,197,209,209,209,209,221,232,232,337,437,456,95,108,108,123,177,177,177,177,177,227,239,284,629,641,553,580,592,604,356,374,399,399,415,415,415,428,428,428,444,444,547,547,558,572,572,520,443,476,476,476,526,526,536,536,536,552,552,654,654,674,525,442,442,442,442,442,468,468,497,512,512,542,590,590,590,590,590,481,508,508],"floor_reached":110,"playtime":9248,"items_purged":["Strike_R","Strike_R","Regret","Regret"],"score":2083,"play_id":"cef36c83-ab07-4169-825e-10e24fe4ef26","local_time":"20210103153229","is_ascension_mode":false,"campfire_choices":[{"floor":14.0,"key":"REST"},{"floor":17.0,"key":"REST"},{"floor":27.0,"key":"REST"},{"floor":33.0,"key":"RECALL"},{"floor":36.0,"key":"REST"},{"floor":46.0,"key":"REST"},{"floor":48.0,"key":"REST"},{"floor":50.0,"key":"REST"},{"data":"expansioncontent:StudyTheSpire","floor":67,"key":"SMITH"},{"floor":69,"key":"DIG"},{"data":"Replay:Many Hands","floor":79,"key":"SMITH"},{"data":"Feed","floor":81,"key":"SMITH"},{"data":"Feed","floor":83,"key":"SMITH"},{"data":"Pommel Strike","floor":86,"key":"SMITH"},{"data":"infinitespire:Starlight","floor":103,"key":"SMITH"}],"circlet_count":1,"master_deck":["Bash","Shrug It Off","Headbutt","Iron Wave+1","Thunderclap","Armaments+1","Shrug It Off","Replay:Undeath\u0027s Touch+1","Iron Wave","Cleave","Feed+1","Fire Breathing+1","Infernal Blade","Whirlwind","expansioncontent:QuickStudy","Power Through+1","Disarm","ReplayTheSpireMod:Strike From Hell+1","ReplayReversal","Metallicize","Reaper","expansioncontent:StudyTheSpire+1","Armaments+1","vexMod:UltimateCard","Metallicize","Dark Embrace","Pommel Strike+1","Clumsy","Impervious","Dual Wield","Run Through","Impervious","Spot Weakness","Feed+1","Sentinel","Body Slam","Pot Of Greed","Pot Of Greed","Pot Of Greed","Pot Of Greed","Replay:Many Hands+1","Evolve","Carnage","Evolve","Twin Strike+1","Pot Of Greed","sneckomod:Bewildered","Writhe","infinitespire:DeathsTouch+1","Gensokyo:UnhurriedMind+1","infinitespire:Starlight+1","Fiend Fire+1","Normality","expansioncontent:Chronoboost+1","expansioncontent:Chronoboost+1"],"relics":["Omamori","Mirror","Replay:WaspNest","FossilizedHelix","Ooze Armor","Boot","Dream Catcher","Blue Candle","Replay:Wanted Poster","Membership Card","Anchor","Calipers","Mercury Hourglass","ReplayTheSpireMod:Ring of Addiction","Chameleon Ring","SacredBark","Ring of Greed","MawBank","Charon\u0027s Ashes","SlaversCollar","Gensokyo:CelestialsFlawlessClothing","Onion Ring","Blood Vial","Snack Pack","ReplayTheSpireMod:TigerMarble","Gensokyo:NagashiBinaDoll","Shuriken","Pandora\u0027s Box","Blue Doll","Grinning Jar","Pen Nib","Replay:Grab Bag","ChewingGum","Circlet","Empty Cage","Black Star","Replay:Baseball","OrangePellets","Bag of Marbles","Akabeko","Whetstone","Bag of Preparation","Mango","Sundial","Golden Egg","Bottled Tornado","Frozen Eye","Replay:Accelerometer","ReplayTheSpireMod:Shallot"],"acts_visited":["Gensokyo:Gensokyo","Gensokyo:Gensokyoer","Gensokyo:Gensokyoest","TheEnding"],"potions_floor_usage":[51,51,54,54,60,68,77,85,87,89,89,96,98,104,104,108],"damage_taken":[{"damage":2.0,"enemies":"Small Slimes","floor":1.0,"turns":4.0},{"damage":7.0,"enemies":"2 Louse","floor":4.0,"turns":3.0},{"damage":1.0,"enemies":"Cultist","floor":5.0,"turns":3.0},{"damage":24.0,"enemies":"Gremlin Nob","floor":6.0,"turns":5.0},{"damage":18.0,"enemies":"Lots of Slimes","floor":9.0,"turns":9.0},{"damage":5.0,"enemies":"Exordium Thugs","floor":12.0,"turns":7.0},{"damage":16.0,"enemies":"Large Slime","floor":13.0,"turns":6.0},{"damage":1.0,"enemies":"2 Fungi Beasts","floor":16.0,"turns":3.0},{"damage":35.0,"enemies":"Hexaghost","floor":18.0,"turns":9.0},{"damage":5.0,"enemies":"2 Thieves","floor":20.0,"turns":3.0},{"damage":0.0,"enemies":"Chosen","floor":21.0,"turns":6.0},{"damage":5.0,"enemies":"Snecko","floor":23.0,"turns":6.0},{"damage":51.0,"enemies":"Gremlin Leader","floor":25.0,"turns":9.0},{"damage":0.0,"enemies":"Chosen and Byrds","floor":26.0,"turns":5.0},{"damage":5.0,"enemies":"Replay:Snechameleon","floor":29.0,"turns":7.0},{"damage":12.0,"enemies":"3 Cultists","floor":30.0,"turns":5.0},{"damage":10.0,"enemies":"Shelled Parasite and Fungi","floor":34.0,"turns":5.0},{"damage":23.0,"enemies":"Centurion and Healer","floor":35.0,"turns":6.0},{"damage":38.0,"enemies":"Champ","floor":37.0,"turns":13.0},{"damage":12.0,"enemies":"3 Darklings","floor":39.0,"turns":4.0},{"damage":14.0,"enemies":"Orb Walker","floor":41.0,"turns":4.0},{"damage":27.0,"enemies":"3 Darklings","floor":43.0,"turns":4.0},{"damage":51.0,"enemies":"2 Orb Walkers","floor":44.0,"turns":5.0},{"damage":7,"enemies":"Nemesis","floor":51,"turns":8},{"damage":26,"enemies":"Awakened One","floor":54,"turns":14},{"damage":0,"enemies":"Gensokyo:3_Fairies","floor":55,"turns":3},{"damage":0,"enemies":"Gensokyo:2_Kodama","floor":59,"turns":2},{"damage":0,"enemies":"Gensokyo:Mamizou","floor":60,"turns":4},{"damage":0,"enemies":"Gensokyo:Gryphon","floor":62,"turns":3},{"damage":0,"enemies":"Gensokyo:LivingMonolith","floor":65,"turns":1},{"damage":0,"enemies":"Gensokyo:3_Kodama","floor":68,"turns":1},{"damage":0,"enemies":"Gensokyo:Yukari","floor":70,"turns":5},{"damage":0,"enemies":"Gensokyo:2_Gloops","floor":72,"turns":3},{"damage":0,"enemies":"Gensokyo:CosmicMonolith","floor":73,"turns":2},{"damage":6,"enemies":"Nightmare","floor":77,"turns":6},{"damage":0,"enemies":"Gensokyo:Wraith","floor":82,"turns":2},{"damage":0,"enemies":"Gensokyo:Monolith_and_Dog","floor":85,"turns":1},{"damage":2,"enemies":"Gensokyo:Kaguya","floor":87,"turns":6},{"damage":32,"enemies":"Gensokyo:AncientGuardian","floor":89,"turns":7},{"damage":0,"enemies":"Gensokyo:3_Boulders","floor":91,"turns":3},{"damage":11,"enemies":"Gensokyo:3_Boulders","floor":93,"turns":7},{"damage":19,"enemies":"Nightmare","floor":96,"turns":7},{"damage":0,"enemies":"Gensokyo:Marisa","floor":98,"turns":4},{"damage":0,"enemies":"Gensokyo:4_Bats","floor":99,"turns":1},{"damage":20,"enemies":"Gensokyo:Doremy","floor":101,"turns":4},{"damage":0,"enemies":"Gensokyo:Scarlet_Devils","floor":104,"turns":6},{"damage":15,"enemies":"Shield and Spear","floor":108,"turns":5},{"damage":53,"enemies":"The Heart","floor":109,"turns":6}],"seed_played":"-20591090784979161","potions_obtained":[{"floor":4.0,"key":"champ:CounterPotion"},{"floor":5.0,"key":"ElixirPotion"},{"floor":6.0,"key":"LifebloodPotion"},{"floor":18.0,"key":"champ:CounterPotion"},{"floor":26.0,"key":"GamblersBrew"},{"floor":29.0,"key":"ColorlessPotion"},{"floor":30.0,"key":"BloodPotion"},{"floor":34.0,"key":"FearPotion"},{"floor":39.0,"key":"BlessingOfTheForge"},{"floor":49.0,"key":"Block Potion"},{"floor":53,"key":"HeartOfIron"},{"floor":53,"key":"Milkshake"},{"floor":59,"key":"Guardian:BlockOnCardUsePotion"},{"floor":61,"key":"Reflective Coating"},{"floor":61,"key":"infinitespire:BlackPotion"},{"floor":77,"key":"Explosive Potion"},{"floor":82,"key":"EntropicBrew"},{"floor":98,"key":"BloodPotion"},{"floor":100,"key":"Weak Potion"},{"floor":100,"key":"LifebloodPotion"},{"floor":106,"key":"ColorlessPotion"},{"floor":106,"key":"DuplicationPotion"}],"is_trial":false,"path_per_floor":["M","?","?","M","M","E","PTL","PTL","M","?","T","M","M","R","T","M","R","B",null,"M","M","?","M","$","E","M","R","T","E","M","PTL","PTL","R","M","M","R","B",null,"M","$","M","?","M","?","$","R","T","R","?","R","E","?","R","B","M","AVR","?","$","M","E","R","M","T","?","M","?","R","M","R","B",null,"M","M","?","COS","$","NM","?","R","T","R","M","R","?","M","R","B",null,"M","$","M","?","?","?","COS","NM","T","E","M","R","E","?","R","B",null,"R","$","E","B",null],"character_chosen":"IRONCLAD","items_purchased":["expansioncontent:QuickStudy","Membership Card","expansioncontent:StudyTheSpire","Anchor","Onion Ring","Blood Vial","Blue Doll","OrangePellets","Frozen Eye","expansioncontent:Chronoboost"],"campfire_rested":7,"item_purchase_floors":[24,40,40,40,58,58,76,90,107,107],"current_hp_per_floor":[78,78,66,59,58,34,34,34,16,36,36,31,15,39,39,38,62,27,80,77,77,77,72,72,33,33,57,57,52,40,40,40,40,46,23,47,9,82,84,84,70,70,53,2,2,27,27,52,52,77,70,70,70,84,84,84,63,63,65,67,67,75,75,75,77,77,77,78,78,82,82,80,80,80,78,78,75,75,75,75,75,79,79,77,77,77,77,77,47,47,53,53,53,53,53,55,55,89,91,91,87,87,87,89,89,89,89,74,45],"gold":508,"neow_bonus":"BOSS_RELIC","is_daily":false,"chose_seed":false,"campfire_upgraded":6,"win_rate":0.0,"timestamp":1609659149,"path_taken":["M","?","?","M","M","E","PTL","PTL","M","?","T","M","M","R","?","M","R","BOSS","M","M","?","M","$","E","M","R","T","E","M","PTL","PTL","R","?","?","R","BOSS","M","$","M","?","?","?","$","R","T","R","?","R","E","?","R","BOSS","M","AVR","?","$","M","E","R","?","T","?","M","?","R","M","R","BOSS","M","M","?","COS","?","NM","?","R","T","R","M","R","?","?","R","BOSS","M","$","M","?","?","?","COS","NM","T","E","?","R","E","?","R","BOSS","R","$","E","BOSS"],"items_purchased_type":["Card","Relic","Card","Relic","Relic","Relic","Relic","Relic","Relic","Card"],"build_version":"2020-12-22","purchased_purges":4,"victory":true,"max_hp_per_floor":[80,80,80,80,80,80,80,80,80,80,80,80,80,80,80,80,80,80,80,82,82,82,82,82,82,82,82,82,82,82,82,82,82,82,82,82,82,82,84,84,84,84,84,84,84,84,84,84,84,84,84,84,84,84,84,84,84,82,82,82,82,82,82,80,80,80,78,78,78,82,82,80,80,80,78,78,81,81,81,81,79,79,79,77,77,77,77,77,77,77,77,77,75,75,75,77,77,91,91,91,91,89,89,89,89,89,89,87,87],"card_choices":[{"not_picked":["Clash","Run Through"],"picked":"Shrug It Off","floor":1.0},{"not_picked":["Warcry","Headbutt"],"picked":"Iron Wave","floor":4.0},{"not_picked":["Combust","Bloodletting"],"picked":"Thunderclap","floor":5.0},{"not_picked":["Immolate","Massacre"],"picked":"Armaments","floor":6.0},{"not_picked":["Warcry","Sword Boomerang"],"picked":"Shrug It Off","floor":9.0},{"not_picked":["ReplayTheSpireMod:LeadingStrike","Pommel Strike"],"picked":"Replay:Undeath\u0027s Touch","floor":12.0},{"not_picked":["Headbutt","Defy Death"],"picked":"Iron Wave","floor":13.0},{"not_picked":["Clothesline","Shockwave"],"picked":"Cleave","floor":16.0},{"not_picked":["Corruption","Impervious"],"picked":"Feed","floor":18.0},{"not_picked":["Seeing Red+1","Infernal Blade"],"picked":"Fire Breathing+1","floor":20.0},{"not_picked":["Life Link+1","Twin Strike"],"picked":"Infernal Blade","floor":21.0},{"not_picked":["Anger+1","Rampage"],"picked":"Whirlwind","floor":23.0},{"not_picked":["Rupture","True Grit","Flex+1"],"picked":"SKIP","floor":25.0},{"not_picked":["Pummel","True Grit+1"],"picked":"Power Through+1","floor":26.0},{"not_picked":["Combust+1","Bloodletting"],"picked":"Disarm","floor":27.0},{"not_picked":["Wild Strike","Sever Soul"],"picked":"ReplayTheSpireMod:Strike From Hell+1","floor":29.0},{"not_picked":["Blood for Blood","Whirlwind"],"picked":"ReplayReversal","floor":30.0},{"not_picked":["Flex","Sentinel","Iron Wave+1"],"picked":"SKIP","floor":34.0},{"not_picked":["Wild Strike","Massacre","Cleave"],"picked":"SKIP","floor":35.0},{"not_picked":["Replay:Undeath\u0027s Touch","Rupture"],"picked":"Metallicize","floor":36.0},{"not_picked":["Limit Break","Bludgeon"],"picked":"Reaper","floor":37.0},{"not_picked":["Rupture","Body Slam","Thunderclap+1"],"picked":"SKIP","floor":39.0},{"not_picked":["Shrug It Off","Cleave","Flex+1"],"picked":"SKIP","floor":41.0},{"not_picked":["Battle Trance+1","Anger+1","Rampage+1"],"picked":"SKIP","floor":43.0},{"not_picked":["Shockwave+1","ReplayTheSpireMod:Strike From Hell+1"],"picked":"Armaments+1","floor":46.0},{"not_picked":["Defy Death","Carnage+1"],"picked":"Replay:Undeath\u0027s Touch","floor":51},{"not_picked":["ReplayTheSpireMod:Limb From Limb","Combust"],"picked":"Metallicize","floor":55},{"not_picked":["ReplayTheSpireMod:Strike From Hell","Sentinel"],"picked":"Dark Embrace","floor":59},{"not_picked":["Brutality","Second Wind","Run Through"],"picked":"SKIP","floor":60},{"not_picked":["True Grit","infinitespire:OneForAll","Dark Embrace"],"picked":"SKIP","floor":62},{"not_picked":["Shrug It Off","Replay:Undeath\u0027s Touch"],"picked":"Pommel Strike","floor":64},{"not_picked":["Armaments","Reaper","Pummel"],"picked":"SKIP","floor":65},{"not_picked":["Headbutt","Inflame","Whirlwind"],"picked":"SKIP","floor":68},{"not_picked":["Offering","Berserk"],"picked":"Impervious","floor":70},{"not_picked":["Iron Wave+1","Thunderclap"],"picked":"Body Slam","floor":72},{"not_picked":["Warcry+1","Cleave","Wild Strike+1"],"picked":"SKIP","floor":73},{"not_picked":["Body Slam","Battle Trance","Anger"],"picked":"SKIP","floor":77},{"not_picked":["Clash","ReplayTheSpireMod:LeadingStrike"],"picked":"Evolve","floor":82},{"not_picked":["True Grit+1","Dark Embrace"],"picked":"Evolve","floor":85},{"not_picked":["Pummel","Shockwave"],"picked":"Twin Strike+1","floor":89},{"not_picked":["Twin Strike+1","Combust+1","Warcry+1"],"picked":"SKIP","floor":91},{"not_picked":["infinitespire:Collect","ReplayTheSpireMod:Echoes of Time"],"picked":"infinitespire:DeathsTouch","floor":92},{"not_picked":["Gensokyo:Dawn+1","Gensokyo:MorningStar+1"],"picked":"Gensokyo:UnhurriedMind+1","floor":93},{"not_picked":["infinitespire:FinalStrike","infinitespire:SealOfDarkness+"],"picked":"infinitespire:Starlight","floor":96},{"not_picked":["Run Through+1","Havoc","Feel No Pain+1"],"picked":"SKIP","floor":96},{"not_picked":["Massacre","ReplayTheSpireMod:Limb From Limb+1","Shrug It Off"],"picked":"SKIP","floor":98},{"not_picked":["Dual Wield","Thunderclap","Cleave+1"],"picked":"SKIP","floor":99},{"not_picked":["ReplayTheSpireMod:Strike From Hell+1","Thunderclap+1"],"picked":"Fiend Fire","floor":101},{"not_picked":["Pommel Strike+1","Immolate","Cleave+1"],"picked":"SKIP","floor":108}],"player_experience":1925,"relics_obtained":[{"floor":6.0,"key":"Mirror"},{"floor":11.0,"key":"Replay:WaspNest"},{"floor":15.0,"key":"FossilizedHelix"},{"floor":25.0,"key":"Dream Catcher"},{"floor":29.0,"key":"Blue Candle"},{"floor":44.0,"key":"Calipers"},{"floor":47.0,"key":"Mercury Hourglass"},{"floor":49.0,"key":"ReplayTheSpireMod:Ring of Addiction"},{"floor":49.0,"key":"Chameleon Ring"},{"floor":49.0,"key":"SacredBark"},{"floor":49.0,"key":"Ring of Greed"},{"floor":49.0,"key":"Golden Idol"},{"floor":49.0,"key":"MawBank"},{"floor":51,"key":"Charon\u0027s Ashes"},{"floor":60,"key":"Snack Pack"},{"floor":63,"key":"ReplayTheSpireMod:TigerMarble"},{"floor":69,"key":"Shuriken"},{"floor":77,"key":"Grinning Jar"},{"floor":80,"key":"Pen Nib"},{"floor":96,"key":"Bag of Marbles"},{"floor":96,"key":"Akabeko"},{"floor":97,"key":"Whetstone"},{"floor":98,"key":"Bag of Preparation"},{"floor":98,"key":"Mango"},{"floor":101,"key":"Sundial"},{"floor":101,"key":"Golden Egg"},{"floor":102,"key":"Bottled Tornado"},{"floor":108,"key":"Replay:Accelerometer"},{"floor":108,"key":"ReplayTheSpireMod:Shallot"}],"event_choices":[{"damage_healed":0.0,"max_hp_gain":0.0,"max_hp_loss":0.0,"gold_gain":0.0,"cards_transformed":["Strike_R"],"event_name":"Living Wall","player_choice":"Change","floor":2.0,"gold_loss":0.0,"damage_taken":0.0,"cards_obtained":["Headbutt"]},{"damage_healed":0.0,"max_hp_gain":0.0,"max_hp_loss":0.0,"gold_gain":0.0,"event_name":"Scrap Ooze","player_choice":"Success","floor":3.0,"gold_loss":0.0,"damage_taken":12.0,"relics_obtained":["Omamori"]},{"damage_healed":20.0,"max_hp_gain":0.0,"max_hp_loss":0.0,"gold_gain":0.0,"event_name":"The Cleric","player_choice":"Healed","floor":10.0,"gold_loss":35.0,"damage_taken":0.0},{"damage_healed":0.0,"max_hp_gain":0.0,"max_hp_loss":0.0,"gold_gain":0.0,"event_name":"The Mausoleum","player_choice":"Opened","floor":22.0,"gold_loss":0.0,"damage_taken":0.0,"relics_obtained":["Boot"],"cards_obtained":["Writhe"]},{"damage_healed":0.0,"max_hp_gain":0.0,"max_hp_loss":0.0,"gold_gain":0.0,"event_name":"Upgrade Shrine","player_choice":"Upgraded","floor":42.0,"gold_loss":0.0,"damage_taken":0.0,"cards_upgraded":["Armaments"]},{"damage_healed":0.0,"max_hp_gain":0.0,"max_hp_loss":0.0,"gold_gain":0.0,"event_name":"Mysterious Sphere","player_choice":"Fight","floor":44.0,"gold_loss":0.0,"damage_taken":0.0},{"damage_healed":0,"gold_gain":333,"player_choice":"Gave Idol","damage_taken":0,"max_hp_gain":0,"max_hp_loss":0,"event_name":"The Moai Head","floor":52,"relics_lost":["Golden Idol"],"gold_loss":0}],"is_beta":false,"boss_relics":[{"not_picked":["Busted Crown","ReplayTheSpireMod:DimensionalGlitch"],"picked":"Ooze Armor"},{"not_picked":["Kintsugi","Runic Cube"],"picked":"Replay:Wanted Poster"},{"not_picked":["Fusion Hammer","Coffee Dripper"],"picked":"Pandora\u0027s Box"},{"not_picked":["Honey Jar","Snecko Eye"],"picked":"Replay:Grab Bag"},{"not_picked":["Velvet Choker","Sozu"],"picked":"ChewingGum"},{"not_picked":["Cursed Key","Philosopher\u0027s Stone"],"picked":"Circlet"},{"not_picked":["Mark of Pain","Astrolabe"],"picked":"Empty Cage"},{"not_picked":["Tiny House","Runic Pyramid"],"picked":"Black Star"}],"items_purged_floors":[24,40,58,90],"is_endless":false,"potions_floor_spawned":[4,5,6,18,20,26,29,30,34,39,44,55,59,65,77,82,98],"ascension_level":0}}