{"host":"8kweeulvvasqx820","time":1609715346,"event":{"mods":["Aspiration","BaseMod","Better Altar","Better Match","Better Note","Better Sensory Stone","Better Skull","Better Third Choice","BetterRewards","CatGirl Mod","Colored Map","Conspire","Displayed Cursed Tome","Downfall","Hubris","Infinite Spire","Jorbs\u0027s Wanderer Trilogy","Minty Spire (QoL Compilation)","Relic Stats","Replay The Spire","Spicy Shops","StSLib","SuperFastMode","Swap Starting Deck Mod","The Construct","The Marked","The Mystic","The Necromancer","The Servant 0.9.4","TheBandit","everything is the same but u backflip on backflip","slay the spire mod where everything is the same but ironclad has a cowboy hat"],"gold_per_floor":[99,99,99,99,99,99,153,153,186,186,201,201,201,226,238,337,337,262,273,273,273,288,288,336,352,42,53,73,73,92,104,116,116,116,116],"floor_reached":33,"playtime":2671,"items_purged":["Guardian:TemporalStrike","Regret"],"score":305,"play_id":"53c5055d-b6f1-4ac0-b84c-3a5bf5358581","local_time":"20210103180906","is_ascension_mode":false,"campfire_choices":[{"data":"hexamod:Sear","floor":1,"key":"SMITH"},{"data":"hexamod:EmpoweringStance","floor":10,"key":"SMITH"},{"data":"hexamod:RetreatToShadows","floor":12,"key":"SMITH"},{"data":"hexamod:Float","floor":18,"key":"SMITH"},{"data":"hexamod:NecessarySacrifice","floor":23,"key":"SMITH"},{"data":"hexamod:GhostflameBarrier","floor":29,"key":"SMITH"}],"circlet_count":0,"master_deck":["hexamod:Strike","hexamod:Strike+1","hexamod:Strike+1","hexamod:Strike+1","hexamod:Defend","hexamod:Defend","hexamod:Defend","hexamod:Defend","hexamod:Sear+1","hexamod:Float+1","hexamod:NightmareStrike","Injury","hexamod:NecessarySacrifice+1","hexamod:EmpoweringStance+1","hexamod:RetreatToShadows+1","hexamod:GhostOfSpirePast","hexamod:HeatMetal+1","hexamod:HexaLevel","hexamod:AdvancingGuard","Sweeping Beam+1","hexamod:NightmareStrike+1","hexamod:FastForward","hexamod:GhostflameBarrier+1","hexamod:EmpoweredFlame","hexamod:StepThrough+1","hexamod:FourthSeal","hexamod:NightmareGuise","hexamod:EmpoweredFlame","hexamod:Hexaguard"],"relics":["hexamod:SpiritBrand","downfall:HeartsMalice","Molten Egg 2","Blood Vial","hexamod:SoulConsumer","Bronze Scales","ReplayFunnel","aspiration:RunicSpoon","downfall:HeartBlessingBlue","Philosopher\u0027s Stone","ReplayTheSpireMod:EnergyBall","Replay:Wax Seal","Lee\u0027s Waffle"],"acts_visited":["Exordium","TheCity"],"potions_floor_usage":[16,26,28,31,32,32,33,33],"damage_taken":[{"damage":0,"enemies":"Jaw Worm","floor":2,"turns":1},{"damage":0,"enemies":"2 Louse","floor":8,"turns":1},{"damage":0,"enemies":"Gremlin Nob","floor":9,"turns":1},{"damage":1,"enemies":"Small Slimes","floor":11,"turns":3},{"damage":8,"enemies":"Lagavulin","floor":14,"turns":5},{"damage":12,"enemies":"3 Louse","floor":15,"turns":3},{"damage":12,"enemies":"downfall:Watcher","floor":16,"turns":6},{"damage":22,"enemies":"Spheric Guardian","floor":19,"turns":6},{"damage":23,"enemies":"Snecko","floor":22,"turns":5},{"damage":19,"enemies":"Snake Plant","floor":25,"turns":4},{"damage":5,"enemies":"downfall:FleeingMerchant","floor":26,"turns":4},{"damage":12,"enemies":"Cultist and Chosen","floor":27,"turns":7},{"damage":17,"enemies":"Sentry and Sphere","floor":28,"turns":6},{"damage":5,"enemies":"Snake Plant","floor":30,"turns":4},{"damage":20,"enemies":"3 Cultists","floor":31,"turns":7},{"damage":7,"enemies":"Centurion and Healer","floor":32,"turns":5},{"damage":47,"enemies":"downfall:Ironclad","floor":33,"turns":4}],"seed_played":"3907685500147170592","potions_obtained":[{"floor":9,"key":"SpeedPotion"},{"floor":11,"key":"SkillPotion"},{"floor":15,"key":"SteroidPotion"},{"floor":25,"key":"Energy Potion"},{"floor":27,"key":"Fire Potion"},{"floor":30,"key":"ColorlessPotion"},{"floor":31,"key":"LiquidMemories"},{"floor":31,"key":"Fire Potion"},{"floor":32,"key":"DuplicationPotion"}],"is_trial":false,"path_per_floor":["R","M","?","?","T","?","T","M","E","R","M","R","?","E","M","B",null,"R","M","AVR","?","M","R","T","M","$","M","M","R","M","M","M","B"],"character_chosen":"THE_SPIRIT","items_purchased":["hexamod:EmpoweredFlame","Lee\u0027s Waffle"],"campfire_rested":0,"item_purchase_floors":[26,26],"current_hp_per_floor":[70,70,70,70,70,70,70,70,70,70,69,69,69,62,52,42,70,80,58,58,58,37,37,37,20,87,75,60,60,57,39,34,0,0,0],"gold":116,"neow_bonus":"THREE_ENEMY_KILL","is_daily":false,"chose_seed":false,"campfire_upgraded":6,"win_rate":0.0,"timestamp":1609715346,"path_taken":["R","M","?","?","?","?","T","M","E","R","M","R","?","E","M","BOSS","R","M","AVR","?","M","R","T","M","$","M","M","R","M","M","M","BOSS"],"items_purchased_type":["Card","Relic"],"build_version":"2020-12-22","purchased_purges":2,"victory":false,"max_hp_per_floor":[70,70,70,70,70,70,70,70,70,70,70,70,70,70,70,70,70,80,80,80,80,80,80,80,80,87,87,87,87,87,87,87,87,87,87],"relic_stats":{"Blood Vial":21,"Lee\u0027s Waffle":70,"counters":[17,69],"Bronze Scales":[134],"aspiration:RunicSpoon":[61],"obtain_stats":[{"ReplayFunnel":14,"Lee\u0027s Waffle":26,"aspiration:RunicSpoon":17,"downfall:HeartsMalice":0,"Blood Vial":7,"ReplayTheSpireMod:EnergyBall":20,"downfall:HeartBlessingBlue":18,"Bronze Scales":13,"Molten Egg 2":4,"Philosopher\u0027s Stone":20,"hexamod:SoulConsumer":9,"Replay:Wax Seal":24,"hexamod:SpiritBrand":0},{"ReplayFunnel":5,"Lee\u0027s Waffle":11,"aspiration:RunicSpoon":7,"downfall:HeartsMalice":0,"Blood Vial":1,"ReplayTheSpireMod:EnergyBall":8,"downfall:HeartBlessingBlue":7,"Bronze Scales":4,"Molten Egg 2":1,"Philosopher\u0027s Stone":8,"hexamod:SoulConsumer":3,"Replay:Wax Seal":9,"hexamod:SpiritBrand":0},{"ReplayFunnel":8,"Lee\u0027s Waffle":36,"aspiration:RunicSpoon":17,"downfall:HeartsMalice":0,"Blood Vial":0,"ReplayTheSpireMod:EnergyBall":23,"downfall:HeartBlessingBlue":17,"Bronze Scales":3,"Molten Egg 2":0,"Philosopher\u0027s Stone":23,"hexamod:SoulConsumer":0,"Replay:Wax Seal":28,"hexamod:SpiritBrand":0}]},"card_choices":[{"not_picked":["hexamod:EmpoweredFlame","hexamod:InspiringFlames"],"picked":"hexamod:NightmareStrike","floor":2},{"not_picked":["hexamod:Again","hexamod:FastForward"],"picked":"hexamod:NecessarySacrifice","floor":8},{"not_picked":["hexamod:ThermalTransfer+1","hexamod:RainOfEmbers+1"],"picked":"hexamod:EmpoweringStance","floor":9},{"not_picked":["hexamod:GhostShield","hexamod:Hexaguard"],"picked":"hexamod:RetreatToShadows","floor":11},{"not_picked":["hexamod:CatchUp","hexamod:GhostOfSpirePresent"],"picked":"hexamod:GhostOfSpirePast","floor":14},{"not_picked":["hexamod:NecessarySacrifice","hexamod:EtherealExpedition"],"picked":"hexamod:HeatMetal+1","floor":15},{"not_picked":["hexamod:EmpoweringStance","hexamod:UnleashSpirits+1"],"picked":"hexamod:HexaLevel","floor":16},{"not_picked":["hexamod:InspiringFlames","hexamod:GhostShield"],"picked":"hexamod:AdvancingGuard","floor":19},{"not_picked":["hexamod:InspiringFlames","hexamod:Incineration+1"],"picked":"hexamod:NightmareStrike+1","floor":22},{"not_picked":["hexamod:ExtraCrispy","hexamod:AdvancingGuard"],"picked":"hexamod:FastForward","floor":25},{"not_picked":["hexamod:UnleashSpirits+1","hexamod:SwordOfDarkness+1"],"picked":"hexamod:GhostflameBarrier","floor":26},{"not_picked":["hexamod:CatchUp+1","hexamod:HauntingEcho+1"],"picked":"hexamod:StepThrough+1","floor":27},{"not_picked":["hexamod:ChargedBarrage","hexamod:BurningTouch"],"picked":"hexamod:FourthSeal","floor":28},{"not_picked":["hexamod:StepThrough+1","hexamod:Hexaguard"],"picked":"hexamod:NightmareGuise","floor":30},{"not_picked":["hexamod:Firestarter+1","hexamod:ShieldOfDarkness"],"picked":"hexamod:EmpoweredFlame","floor":31},{"not_picked":["hexamod:GhostShield","hexamod:RainOfEmbers+1"],"picked":"hexamod:Hexaguard","floor":32}],"player_experience":22601,"relics_obtained":[{"floor":7,"key":"Blood Vial"},{"floor":9,"key":"hexamod:SoulConsumer"},{"floor":14,"key":"ReplayFunnel"},{"floor":24,"key":"Replay:Wax Seal"}],"event_choices":[{"cards_removed":["Regret"],"damage_healed":0,"gold_gain":0,"player_choice":"Take \u0026 Give","damage_taken":0,"max_hp_gain":0,"max_hp_loss":0,"event_name":"betterNote:BetterNote","floor":21,"gold_loss":0,"cards_obtained":["Sweeping Beam"]}],"is_beta":false,"boss_relics":[{"not_picked":["Replay:Drink Me","ReplayTheSpireMod:DimensionalGlitch"],"picked":"aspiration:RunicSpoon"}],"items_purged_floors":[20,26],"is_endless":false,"potions_floor_spawned":[9,11,15,25,27,30,31],"killed_by":"downfall:Ironclad","ascension_level":0}}