{"host":"3rixevx6n8b56xaj","time":1609663850,"event":{"mods":["2.2 Compatiblity","AchievementEnabler","Arknights The Spire","BaseMod","Colored Map","DeckTracker","Friendly Minions","Minty Spire (QoL Compilation)","StSLib","SuperFastMode"],"gold_per_floor":[109,120,100,115,134,168,188,201,224,240,270,282,316,316,316,411,411,426,439,263,280,300,300,300],"floor_reached":23,"playtime":717,"items_purged":["Strike_P"],"score":221,"play_id":"3b8e6834-2ea3-47c4-b5d7-ab54179d0374","local_time":"20210103175050","is_ascension_mode":false,"campfire_choices":[{"floor":15,"key":"REST"}],"circlet_count":0,"master_deck":["Strike_P","Strike_P","Strike_P","Defend_P","Defend_P","Defend_P","Defend_P","Eruption+1","Vigilance","CrushJoints","Scrawl","Wallop","Collect","SignatureMove","WheelKick","EmptyBody","DevaForm","Pray+1","Adaptation"],"relics":["PureWater","The Courier","Ice Cream","Ancient Tea Set","Runic Pyramid","Juzu Bracelet"],"acts_visited":["Exordium","TheCity"],"potions_floor_usage":[11,13,13,14,16,23],"damage_taken":[{"damage":0.0,"enemies":"2 Louse","floor":1.0,"turns":2.0},{"damage":0.0,"enemies":"Cultist","floor":2.0,"turns":2.0},{"damage":0.0,"enemies":"Jaw Worm","floor":4.0,"turns":2.0},{"damage":6.0,"enemies":"Red Slaver","floor":5.0,"turns":3.0},{"damage":40.0,"enemies":"3 Sentries","floor":6.0,"turns":8.0},{"damage":2.0,"enemies":"Blue Slaver","floor":7.0,"turns":3.0},{"damage":0.0,"enemies":"2 Fungi Beasts","floor":8.0,"turns":2.0},{"damage":1,"enemies":"Looter","floor":10,"turns":2},{"damage":15,"enemies":"Lagavulin","floor":11,"turns":4},{"damage":0,"enemies":"Red Slaver","floor":12,"turns":5},{"damage":5,"enemies":"3 Sentries","floor":13,"turns":4},{"damage":0,"enemies":"Lots of Slimes","floor":14,"turns":1},{"damage":22,"enemies":"The Guardian","floor":16,"turns":13},{"damage":30,"enemies":"Chosen","floor":18,"turns":5},{"damage":0,"enemies":"Shell Parasite","floor":19,"turns":6},{"damage":15,"enemies":"Centurion and Healer","floor":21,"turns":4},{"damage":2,"enemies":"Snecko","floor":22,"turns":5},{"damage":34,"enemies":"Book of Stabbing","floor":23,"turns":5}],"seed_played":"-3389516414042805742","potions_obtained":[{"floor":2.0,"key":"SmokeBomb"},{"floor":3.0,"key":"SmokeBomb"},{"floor":6.0,"key":"BlessingOfTheForge"},{"floor":10,"key":"SneckoOil"},{"floor":12,"key":"BlessingOfTheForge"},{"floor":13,"key":"SkillPotion"},{"floor":22,"key":"ColorlessPotion"}],"is_trial":false,"path_per_floor":["M","M","?","M","M","E","M","M","T","M","E","M","E","M","R","B",null,"M","M","$","M","M","E"],"character_chosen":"WATCHER","items_purchased":["Juzu Bracelet"],"campfire_rested":1,"item_purchase_floors":[20],"current_hp_per_floor":[72,72,72,72,66,26,24,24,24,23,8,8,3,3,24,2,72,42,42,42,27,25,0,0],"gold":300,"neow_bonus":"UPGRADE_CARD","is_daily":false,"chose_seed":false,"campfire_upgraded":0,"win_rate":0.0,"timestamp":1609663850,"path_taken":["M","M","?","M","M","E","M","M","T","M","E","M","E","M","R","BOSS","M","?","$","M","M","E"],"items_purchased_type":["Relic"],"build_version":"2020-12-22","purchased_purges":1,"victory":false,"max_hp_per_floor":[72,72,72,72,72,72,72,72,72,72,72,72,72,72,72,72,72,72,72,72,72,72,72,72],"card_choices":[{"not_picked":["FlyingSleeves","ClearTheMind","Halt"],"picked":"SKIP","floor":1.0},{"not_picked":["FlyingSleeves","ThirdEye"],"picked":"CrushJoints","floor":2.0},{"not_picked":["JustLucky","Fasting2"],"picked":"Scrawl","floor":4.0},{"not_picked":["PathToVictory","CrushJoints","Study"],"picked":"SKIP","floor":5.0},{"not_picked":["Prostrate","FlyingSleeves"],"picked":"Wallop","floor":6.0},{"not_picked":["Protect","Halt"],"picked":"Collect","floor":7.0},{"not_picked":["Consecrate","Blasphemy","Meditate"],"picked":"SKIP","floor":8.0},{"not_picked":["Worship","JustLucky"],"picked":"SignatureMove","floor":10},{"not_picked":["DeceiveReality","ClearTheMind"],"picked":"WheelKick","floor":11},{"not_picked":["Pray","ThirdEye"],"picked":"EmptyBody","floor":12},{"not_picked":["MasterReality","Protect","SashWhip"],"picked":"SKIP","floor":13},{"not_picked":["Judgement","Brilliance"],"picked":"DevaForm","floor":16},{"not_picked":["DeceiveReality","SashWhip"],"picked":"Pray+1","floor":18},{"not_picked":["CutThroughFate+1","Collect+1","Meditate"],"picked":"SKIP","floor":19},{"not_picked":["JustLucky","ReachHeaven"],"picked":"Adaptation","floor":21},{"not_picked":["CrushJoints+1","FollowUp","JustLucky+1"],"picked":"SKIP","floor":22}],"player_experience":602877,"relics_obtained":[{"floor":6.0,"key":"The Courier"},{"floor":11,"key":"Ice Cream"},{"floor":13,"key":"Ancient Tea Set"}],"event_choices":[{"damage_healed":0.0,"max_hp_gain":0.0,"max_hp_loss":0.0,"gold_gain":0.0,"event_name":"The Woman in Blue","player_choice":"Bought 1 Potion","floor":3.0,"gold_loss":0.0,"damage_taken":0.0}],"is_beta":false,"boss_relics":[{"not_picked":["Sozu","Busted Crown"],"picked":"Runic Pyramid"}],"items_purged_floors":[20],"is_endless":false,"potions_floor_spawned":[2,6,10,12,13,14,22],"killed_by":"Book of Stabbing","ascension_level":0}}