{"host":"newqdrzxfhh2im9e","time":1609640890,"event":{"mods":["AchievementEnabler","BaseMod","BetterRewards","Block Reminder","Colored Map","Jorbs\u0027s Wanderer Trilogy","Minty Spire (QoL Compilation)","Rare Cards Sparkle","Shop Mod","StSLib"],"gold_per_floor":[115,115,115,115,133,133,148,148,222,247,266,305,270,288,288,408,471,489,21,21,21,21,21,35,58,81,81,6,6,6,105,105,105,105],"floor_reached":33,"playtime":908,"items_purged":["Shame"],"score":304,"play_id":"e7b5a63e-cb77-4f24-a229-65da1134a825","local_time":"20210102182810","is_ascension_mode":true,"campfire_choices":[{"data":"Tempest","floor":6,"key":"SMITH"},{"data":"Gash","floor":8,"key":"SMITH"},{"floor":15,"key":"REST"},{"data":"Machine Learning","floor":23,"key":"SMITH"},{"floor":27,"key":"REST"},{"floor":32,"key":"REST"}],"circlet_count":0,"master_deck":["Strike_B","Strike_B","Strike_B","Strike_B","Defend_B","Defend_B","Defend_B","Defend_B","Zap","Dualcast","Static Discharge+1","Tempest+1","Gash+1","Machine Learning+1","Melter","Go for the Eyes","Sunder","Fission+1","Reprogram","Sweeping Beam","Buffer","Capacitor+1"],"relics":["Cracked Core","Art of War","Golden Idol","Singing Bowl","Emotion Chip","Tiny House","Boot","Lantern","InkBottle","PreservedInsect","Sundial"],"acts_visited":["Exordium","TheCity"],"potions_floor_usage":[11,11,12,12,24,24,24],"damage_taken":[{"damage":2,"enemies":"Jaw Worm","floor":1,"turns":3},{"damage":1,"enemies":"Cultist","floor":5,"turns":3},{"damage":12,"enemies":"Small Slimes","floor":7,"turns":2},{"damage":13,"enemies":"Blue Slaver","floor":10,"turns":2},{"damage":8,"enemies":"3 Louse","floor":11,"turns":3},{"damage":16,"enemies":"Gremlin Nob","floor":12,"turns":3},{"damage":12,"enemies":"Exordium Wildlife","floor":14,"turns":2},{"damage":21,"enemies":"The Guardian","floor":16,"turns":8},{"damage":0,"enemies":"Spheric Guardian","floor":18,"turns":1},{"damage":7,"enemies":"Shell Parasite","floor":24,"turns":4},{"damage":26,"enemies":"Chosen and Byrds","floor":25,"turns":3},{"damage":49,"enemies":"Colosseum Slavers","floor":29,"turns":4},{"damage":36,"enemies":"Automaton","floor":33,"turns":4}],"seed_played":"-7806441527644438603","potions_obtained":[{"floor":4,"key":"Dexterity Potion"},{"floor":4,"key":"EssenceOfDarkness"},{"floor":4,"key":"PotionOfCapacity"},{"floor":10,"key":"Block Potion"},{"floor":11,"key":"Regen Potion"},{"floor":16,"key":"BlessingOfTheForge"},{"floor":17,"key":"Dexterity Potion"},{"floor":18,"key":"LiquidBronze"}],"is_trial":false,"path_per_floor":["M","?","?","?","M","R","M","R","T","M","M","E","?","M","R","B",null,"M","$","?","?","T","R","M","M","T","R","$","?","?","?","R","B"],"character_chosen":"DEFECT","items_purchased":["Boot","Buffer","Lantern"],"campfire_rested":3,"item_purchase_floors":[19,19,19],"current_hp_per_floor":[73,55,55,55,54,54,42,42,42,29,21,14,32,20,42,21,67,67,67,67,67,67,67,60,36,36,60,60,11,11,11,35,0,0],"gold":105,"neow_bonus":"RANDOM_COMMON_RELIC","is_daily":false,"chose_seed":false,"campfire_upgraded":3,"win_rate":0.0,"timestamp":1609640890,"path_taken":["M","?","?","?","M","R","?","R","T","M","M","E","?","M","R","BOSS","M","$","?","?","?","R","?","M","T","R","$","?","?","?","R","BOSS"],"items_purchased_type":["Relic","Card","Relic"],"build_version":"2020-12-22","purchased_purges":1,"victory":false,"max_hp_per_floor":[75,75,75,75,75,75,75,75,75,75,75,75,75,75,75,75,80,80,80,80,80,80,80,80,82,82,82,82,82,82,82,82,82,82],"card_choices":[{"not_picked":["Stack","Chaos"],"picked":"Static Discharge","floor":1},{"not_picked":["Steam","Coolheaded"],"picked":"Tempest","floor":5},{"not_picked":["Darkness","Steam"],"picked":"Gash","floor":7},{"not_picked":["Steam","Heatsinks"],"picked":"Machine Learning","floor":10},{"not_picked":["Compile Driver","Turbo"],"picked":"Melter","floor":11},{"not_picked":["Stack","Gash"],"picked":"Go for the Eyes","floor":12},{"not_picked":["Go for the Eyes","Skim"],"picked":"Sunder","floor":14},{"not_picked":["Biased Cognition","Seek"],"picked":"Fission","floor":16},{"not_picked":["Turbo","Leap"],"picked":"Reprogram","floor":17},{"not_picked":["Hologram","Steam"],"picked":"Sweeping Beam","floor":18},{"not_picked":["Streamline","Compile Driver+1"],"picked":"Capacitor+1","floor":24},{"not_picked":["Hologram+1","Coolheaded","Barrage+1"],"picked":"Singing Bowl","floor":25}],"player_experience":673073,"relics_obtained":[{"floor":9,"key":"Singing Bowl"},{"floor":12,"key":"Emotion Chip"},{"floor":26,"key":"PreservedInsect"}],"event_choices":[{"damage_healed":0,"gold_gain":0,"player_choice":"Take Damage","damage_taken":18,"relics_obtained":["Golden Idol"],"max_hp_gain":0,"max_hp_loss":0,"event_name":"Golden Idol","floor":2,"gold_loss":0},{"damage_healed":0,"gold_gain":0,"player_choice":"Grow","damage_taken":0,"max_hp_gain":0,"max_hp_loss":0,"event_name":"Living Wall","floor":3,"gold_loss":0,"cards_upgraded":["Static Discharge"]},{"damage_healed":0,"gold_gain":0,"player_choice":"Got Potions","damage_taken":0,"max_hp_gain":0,"max_hp_loss":0,"event_name":"Lab","floor":4,"gold_loss":0},{"damage_healed":18,"gold_gain":0,"player_choice":"Healed","damage_taken":0,"max_hp_gain":0,"max_hp_loss":0,"event_name":"The Cleric","floor":13,"gold_loss":35},{"damage_healed":0,"gold_gain":0,"player_choice":"Ignored","damage_taken":0,"max_hp_gain":0,"max_hp_loss":0,"event_name":"Ghosts","floor":20,"gold_loss":0},{"damage_healed":0,"gold_gain":0,"player_choice":"Stole Relic","damage_taken":0,"relics_obtained":["InkBottle"],"max_hp_gain":0,"max_hp_loss":0,"event_name":"Addict","floor":21,"gold_loss":0,"cards_obtained":["Shame"]},{"damage_healed":0,"gold_gain":0,"player_choice":"Fight","damage_taken":0,"max_hp_gain":0,"max_hp_loss":0,"event_name":"Colosseum","floor":29,"gold_loss":0},{"damage_healed":0,"gold_gain":0,"player_choice":"Fled From Nobs","damage_taken":0,"max_hp_gain":0,"max_hp_loss":0,"event_name":"Colosseum","floor":29,"gold_loss":0},{"damage_healed":0,"gold_gain":0,"player_choice":"Opened","damage_taken":0,"relics_obtained":["Sundial"],"max_hp_gain":0,"max_hp_loss":0,"event_name":"The Mausoleum","floor":30,"gold_loss":0},{"damage_healed":0,"gold_gain":99,"player_choice":"Stole From Cult","damage_taken":0,"max_hp_gain":0,"max_hp_loss":0,"event_name":"Nest","floor":31,"gold_loss":0}],"is_beta":false,"boss_relics":[{"not_picked":["Snecko Eye","Fusion Hammer"],"picked":"Tiny House"}],"items_purged_floors":[28],"is_endless":false,"potions_floor_spawned":[5,10,11,16,18,29],"killed_by":"Automaton","ascension_level":5}}