{"host":"6dzkwbf36t1khqct","time":1609642617,"event":{"mods":["AchievementEnabler","BaseMod","Beaked The Cultist","Better Third Choice","Colored Map","Colored Powertips","Conspire","Curses Come First","Displayed Cursed Tome","Downfall","Friendly Minions","Glutton Mod","Hubris","Infinite Spire","Koishi","Lobotomy","Mad Scientist","Marisa????????","Minty Spire (QoL Compilation)","Quick Restart","Replay The Spire","Robot Space Explorer","Say the Spire","StSLib","The Blackbeard","The Construct","The Cursed","The Disciple","The Hierophant","The Mystic","The Runesmith","The Servant 0.9.4","The Witch","??????REMEMod"],"gold_per_floor":[113,3,3,3,21,55,55,55,102,121,46,46,80,100,100,195,195,206,206,206,206,166,166,186,203,255,272,46,46,46,56,56,161,161,181,181,231,231,258,258,305,337,337,373,411,411,452,492,492,492,492],"floor_reached":50,"playtime":20891,"items_purged":["TheCursedMod:CleanUpWorkshop"],"score":557,"play_id":"4162d1fb-a014-4dfc-a737-919ac9b12484","local_time":"20210103005657","is_ascension_mode":false,"campfire_choices":[{"data":"Armaments","floor":15,"key":"SMITH"},{"data":"Carnage","floor":23,"key":"SMITH"},{"floor":29,"key":"REST"},{"data":"Double Tap","floor":32,"key":"SMITH"},{"data":"REME_ACTH","floor":40,"key":"SMITH"},{"data":"infinitespire:Menacing","floor":46,"key":"SMITH"},{"data":"Bloodletting","floor":49,"key":"SMITH"}],"circlet_count":0,"master_deck":["Strike_R","Strike_R+1","Strike_R","Strike_R","Strike_R","Defend_R+1","Defend_R+1","Defend_R","Bash","Run Through","Shrug It Off","Life Link+1","ReplayTheSpireMod:Stacked+1","Warcry","Carnage+1","Armaments+1","Eclipse","ReplayTheSpireMod:Compounding Headache","Double Tap+1","Enlightenment","infinitespire:DeathsTouch+1","Sever Soul+1","RitualDagger","Rampage+1","infinitespire:Menacing+1","REME_ACTH","Defy Death","Inflame+1","REME_ACTH+1","Entrench+1","Shrug It Off+1","Hemokinesis+1","Bloodletting+1"],"relics":["Burning Blood","REME_ComplimentaryCards","NeowsBlessing","Centennial Puzzle","Another Sword","Bronze Scales","War Paint","ReplayTheSpireMod:SealedPack","HornCleat","infinitespire:Satchel","ClockworkSouvenir","hubris:GrandSneckoEye","TungstenRod","infinitespire:EvilPickle","MealTicket","Sundial"],"acts_visited":["Exordium","TheCity","TheBeyond"],"potions_floor_usage":[16,25,33,33,33,45,47],"damage_taken":[{"damage":0,"enemies":"Small Slimes","floor":1,"turns":1},{"damage":0,"enemies":"Cultist","floor":5,"turns":1},{"damage":0,"enemies":"Lagavulin","floor":6,"turns":1},{"damage":2,"enemies":"conspire:RoseBush","floor":10,"turns":2},{"damage":14,"enemies":"Gremlin Nob","floor":13,"turns":3},{"damage":0,"enemies":"Looter","floor":14,"turns":2},{"damage":38,"enemies":"The Guardian","floor":16,"turns":9},{"damage":12,"enemies":"Shell Parasite","floor":18,"turns":4},{"damage":9,"enemies":"conspire:FuzzyDice","floor":24,"turns":2},{"damage":12,"enemies":"Centurion and Healer","floor":25,"turns":3},{"damage":8,"enemies":"Snecko","floor":27,"turns":4},{"damage":0,"enemies":"conspire:HollyBat","floor":31,"turns":7},{"damage":24,"enemies":"Pondfish","floor":33,"turns":6},{"damage":4,"enemies":"3 Darklings","floor":35,"turns":3},{"damage":0,"enemies":"Mind Bloom Boss Battle","floor":37,"turns":3},{"damage":0,"enemies":"3 Shapes","floor":39,"turns":4},{"damage":0,"enemies":"Nemesis","floor":41,"turns":4},{"damage":0,"enemies":"Sphere and 2 Shapes","floor":42,"turns":2},{"damage":0,"enemies":"Jaw Worm Horde","floor":44,"turns":2},{"damage":15,"enemies":"Spire Growth","floor":45,"turns":4},{"damage":1,"enemies":"Writhing Mass","floor":47,"turns":3},{"damage":0,"enemies":"Jaw Worm Horde","floor":48,"turns":3},{"damage":118,"enemies":"conspire:OrnateMirror","floor":50,"turns":3}],"seed_played":"1235136620084815233","potions_obtained":[{"floor":1,"key":"LiquidBronze"},{"floor":13,"key":"LiquidBronze"},{"floor":16,"key":"Explosive Potion"},{"floor":18,"key":"Weak Potion"},{"floor":24,"key":"Reflective Coating"},{"floor":25,"key":"AttackPotion"},{"floor":37,"key":"Milkshake"},{"floor":42,"key":"LiquidBronze"},{"floor":45,"key":"Block Potion"},{"floor":48,"key":"Fruit Juice"}],"is_trial":false,"path_per_floor":["M","$","?","$","M","E","?","?","T","M","$","?","E","M","R","B",null,"M","?","?","?","?","R","M","M","T","M","$","R","AVR","M","R","B",null,"M","$","?","?","M","R","E","M","T","M","M","R","M","M","R","B"],"character_chosen":"IRONCLAD","items_purchased":["Shrug It Off","Life Link+1","Carnage","ClockworkSouvenir"],"campfire_rested":1,"item_purchase_floors":[2,2,11,28],"current_hp_per_floor":[80,80,80,80,80,80,80,80,80,80,80,80,72,78,78,46,80,74,68,68,60,60,60,57,51,51,49,49,73,73,79,79,61,80,80,80,80,80,80,80,80,80,80,80,71,71,76,80,80,0,0],"gold":492,"neow_bonus":"THREE_ENEMY_KILL","is_daily":false,"chose_seed":false,"campfire_upgraded":6,"win_rate":0.0,"timestamp":1609642617,"path_taken":["M","$","?","$","?","E","?","?","T","?","?","?","E","M","R","BOSS","M","?","?","?","?","R","?","M","T","M","$","R","AVR","M","R","BOSS","M","$","?","?","?","R","E","M","T","M","M","R","M","?","R","BOSS"],"items_purchased_type":["Card","Card","Card","Relic"],"build_version":"2020-12-22","purchased_purges":1,"victory":false,"max_hp_per_floor":[80,80,80,80,80,80,80,80,80,80,80,80,80,80,80,80,80,80,80,80,80,80,80,80,80,80,80,80,80,80,80,80,80,80,80,80,80,80,80,80,80,80,80,80,80,80,80,80,80,80,80],"card_choices":[{"not_picked":["infinitespire:OneForAll","Hemokinesis"],"picked":"Run Through","floor":1},{"not_picked":["Defy Death","hubris:SharpeningStone"],"picked":"ReplayTheSpireMod:Stacked","floor":5},{"not_picked":["Sword Boomerang","REME_TheLastStrike"],"picked":"Warcry","floor":6},{"not_picked":["True Grit","Anger","Replay:Undeath\u0027s Touch"],"picked":"SKIP","floor":10},{"not_picked":["Abandon","Infernal Blade"],"picked":"Armaments","floor":13},{"not_picked":["Fire Breathing","Clothesline","Body Slam"],"picked":"SKIP","floor":14},{"not_picked":["hubris:StunningStrike","Juggernaut"],"picked":"Eclipse","floor":16},{"not_picked":["WhiteAim","Zap"],"picked":"TheCursedMod:CleanUpWorkshop","floor":17},{"not_picked":["Impervious","Juggernaut"],"picked":"Double Tap","floor":17},{"not_picked":["expansioncontent:Chronoboost","expansioncontent:GuardianWhirl"],"picked":"Enlightenment","floor":17},{"not_picked":["infinitespire:TheBestDefense","infinitespire:Punishment"],"picked":"infinitespire:DeathsTouch","floor":17},{"not_picked":["Thunderclap","Intimidate+1"],"picked":"Sever Soul+1","floor":18},{"not_picked":["REME_Fury","Dark Embrace+1","Shrug It Off"],"picked":"SKIP","floor":24},{"not_picked":["True Grit+1","conspire:ExplosiveBarrier"],"picked":"Rampage+1","floor":25},{"not_picked":["conspire:ExplosiveBarrier","REME_FearOfPain","ReplayTheSpireMod:Strike From Hell"],"picked":"SKIP","floor":27},{"not_picked":["Twin Strike","Shockwave","ReplayTheSpireMod:Corrosion Curse"],"picked":"SKIP","floor":31},{"not_picked":["REME_TheLastStrike","Reaper"],"picked":"REME_ACTH","floor":33},{"not_picked":["Flex+1","Thunderclap"],"picked":"Defy Death","floor":35},{"not_picked":["ReplayTheSpireMod:Muscle Training+1","Body Slam+1"],"picked":"Inflame+1","floor":37},{"not_picked":["hubris:SharpeningStone+1","Iron Wave"],"picked":"Entrench+1","floor":39},{"not_picked":["Flex","REME_FearOfPain+1","Pummel"],"picked":"SKIP","floor":41},{"not_picked":["Sword Boomerang","Armaments"],"picked":"Shrug It Off+1","floor":42},{"not_picked":["Armaments","Headbutt","ReplayTheSpireMod:Strike From Hell+1"],"picked":"SKIP","floor":44},{"not_picked":["True Grit+1","ReplayTheSpireMod:Corrosion Curse+1"],"picked":"Hemokinesis+1","floor":45},{"not_picked":["Clash","Perfected Strike+1","Warcry"],"picked":"SKIP","floor":47},{"not_picked":["Infernal Blade","Feed"],"picked":"Bloodletting","floor":48}],"player_experience":10493,"relics_obtained":[{"floor":6,"key":"Centennial Puzzle"},{"floor":7,"key":"Another Sword"},{"floor":9,"key":"Bronze Scales"},{"floor":13,"key":"War Paint"},{"floor":26,"key":"infinitespire:Satchel"},{"floor":37,"key":"TungstenRod"},{"floor":41,"key":"MealTicket"},{"floor":43,"key":"Sundial"}],"event_choices":[{"cards_removed":["Defend_R"],"damage_healed":0,"gold_gain":0,"player_choice":"Purged","damage_taken":0,"max_hp_gain":0,"max_hp_loss":0,"event_name":"Purifier","floor":3,"gold_loss":0},{"damage_healed":0,"gold_gain":0,"player_choice":"Bought 0 Potions","damage_taken":0,"max_hp_gain":0,"max_hp_loss":0,"event_name":"The Woman in Blue","floor":8,"gold_loss":0},{"damage_healed":0,"gold_gain":0,"player_choice":"Leave","damage_taken":0,"max_hp_gain":0,"max_hp_loss":0,"event_name":"conspire:Investor","floor":12,"gold_loss":0},{"damage_healed":0,"gold_gain":0,"player_choice":"Dagger","damage_taken":6,"max_hp_gain":0,"max_hp_loss":0,"event_name":"betterThird:BetterNest","floor":19,"gold_loss":0,"cards_obtained":["RitualDagger"]},{"damage_healed":0,"gold_gain":0,"player_choice":"HornCleat","damage_taken":0,"relics_obtained":["HornCleat"],"max_hp_gain":0,"max_hp_loss":0,"event_name":"blackbeard:ShipwreckEvent","floor":21,"gold_loss":0},{"damage_healed":0,"gold_gain":0,"player_choice":"Upgraded Two","damage_taken":0,"max_hp_gain":0,"max_hp_loss":0,"event_name":"Designer","floor":22,"gold_loss":40,"cards_upgraded":["Strike_R","Defend_R"]},{"damage_healed":0,"gold_gain":0,"player_choice":"Fight","damage_taken":0,"max_hp_gain":0,"max_hp_loss":0,"event_name":"MindBloom","floor":37,"gold_loss":0},{"damage_healed":0,"gold_gain":0,"player_choice":"Copied","damage_taken":0,"max_hp_gain":0,"max_hp_loss":0,"event_name":"Duplicator","floor":38,"gold_loss":0,"cards_obtained":["REME_ACTH"]}],"is_beta":false,"boss_relics":[{"not_picked":["hubris:TerracottaHorce","Honey Jar"],"picked":"ReplayTheSpireMod:SealedPack"},{"not_picked":["ChewingGum","Velvet Choker"],"picked":"hubris:GrandSneckoEye"}],"items_purged_floors":[28],"is_endless":false,"potions_floor_spawned":[1,13,14,16,18,24,25,37,42,45,48],"killed_by":"conspire:OrnateMirror","ascension_level":0}}