{"host":"lkyw40t68mxhwfjf","time":1609681131,"event":{"mods":["2.2 Compatiblity","Act Like it!","Arknights The Spire","BaseMod","Better Note","Hallownest","HololiveMod","Hubris","Koishi","Lobotomy","Marisa¡]Ãú«B¡@Å]²z¨F¡^","Minty Spire (QoL Compilation)","Prisma Mod","Reimu¡]³Õ???¡^","Remilia¡]Á¢¦Ì²ú?¡^","Replay The Spire","RumiaBox-ÅS¦Ì?ªº¯«¯µ²°¤l","StSLib","The Animator","The Servant 0.9.4","WarShipGirlsR/??¤Ö¤kR mod","Youmu¡]»î¾z§¯?¡^","Yuyuko"],"gold_per_floor":[111,124,136,136,155,165,198,198,198,74,74,74,74,91,91,190,190,200,218,228,228,241,276,46,62,62,55,55,55,75,89,89,190,190,209,222,271,271,15,15,30,30,54,54,54],"floor_reached":44,"playtime":1983,"items_purged":["Defend_S","Strike_S"],"score":479,"play_id":"042e7578-7b0b-4a63-a3f7-53add823cab1","local_time":"20210103213851","is_ascension_mode":false,"campfire_choices":[{"data":"MoonPhase","floor":8,"key":"SMITH"},{"data":"Luminosity","floor":13,"key":"SMITH"},{"data":"Potential","floor":15,"key":"SMITH"},{"data":"FanOfKnives","floor":29,"key":"SMITH"},{"floor":32,"key":"REST"},{"data":"SilverBlades","floor":40,"key":"SMITH"}],"circlet_count":0,"master_deck":["Strike_S","Strike_S","Defend_S","Defend_S","Defend_S","KidneyShot","Exchange","Unruled+1","BottledTime","ShatteredReality","MoonPhase+1","Ricochet","Rearm","Potential+1","InstantArmor","KillingDoll","SilverBlades+1","SurpressingFire","SpecialFormula","TimeWarp","Potential","Potential","DoubleEdge+1","SilverBlades+1","SoulSculpture","Advance+1","Sunlight","SpecialFormula","ReplayTheSpireMod:Faulty Equipment","BottledTime+1"],"relics":["Uniform","AddBug","SecretRecord","SecretRecord","SecretRecord","Baka2","SecretRecord","SecretRecord","SecretRecord"],"acts_visited":["Exordium","TheCity","TheBeyond"],"potions_floor_usage":[7,7,18,27],"damage_taken":[{"damage":2,"enemies":"Small Slimes","floor":1,"turns":5},{"damage":1,"enemies":"Jaw Worm","floor":2,"turns":4},{"damage":2,"enemies":"2 Louse","floor":3,"turns":3},{"damage":7,"enemies":"Red Slaver","floor":5,"turns":4},{"damage":0,"enemies":"Looter","floor":6,"turns":4},{"damage":15,"enemies":"Lagavulin","floor":7,"turns":4},{"damage":0,"enemies":"Exordium Thugs","floor":12,"turns":3},{"damage":14,"enemies":"Large Slime","floor":14,"turns":2},{"damage":12,"enemies":"Hexaghost","floor":16,"turns":6},{"damage":0,"enemies":"Shell Parasite","floor":18,"turns":6},{"damage":0,"enemies":"Spheric Guardian","floor":19,"turns":3},{"damage":21,"enemies":"Shelled Parasite and Fungi","floor":20,"turns":4},{"damage":3,"enemies":"Snecko","floor":22,"turns":2},{"damage":37,"enemies":"Gremlin Leader","floor":23,"turns":4},{"damage":0,"enemies":"Centurion and Healer","floor":25,"turns":5},{"damage":0,"enemies":"Book of Stabbing","floor":27,"turns":4},{"damage":10,"enemies":"Shelled Parasite and Fungi","floor":30,"turns":3},{"damage":14,"enemies":"Snake Plant","floor":31,"turns":3},{"damage":21,"enemies":"Collector","floor":33,"turns":3},{"damage":0,"enemies":"Orb Walker","floor":35,"turns":3},{"damage":30,"enemies":"3 Darklings","floor":36,"turns":4},{"damage":0,"enemies":"Orin","floor":37,"turns":3},{"damage":0,"enemies":"Spire Growth","floor":41,"turns":3},{"damage":93,"enemies":"Transient","floor":44,"turns":4}],"seed_played":"-590789329814326398","potions_obtained":[{"floor":5,"key":"FearPotion"},{"floor":6,"key":"Dexterity Potion"},{"floor":12,"key":"Flashbang"},{"floor":14,"key":"SmokeBomb"},{"floor":18,"key":"ZuzhouPotion:ReiMu"},{"floor":19,"key":"ZuzhouPotion:ReiMu"},{"floor":22,"key":"SteroidPotion"},{"floor":25,"key":"EssenceOfSteel"},{"floor":27,"key":"Strength Potion"},{"floor":36,"key":"SkillPotion"}],"is_trial":false,"path_per_floor":["M","M","M","?","M","M","E","R","T","$","?","M","R","M","R","B",null,"M","M","M","?","M","E","$","M","T","E","?","R","M","M","R","B",null,"M","M","?","?","$","R","M","$","T","M"],"character_chosen":"THE_SERVANT","items_purchased":["Ricochet","SurpressingFire","SpecialFormula","TimeWarp","Potential","Pan"],"campfire_rested":1,"item_purchase_floors":[10,24,24,24,24,39],"current_hp_per_floor":[63,62,60,60,53,53,38,38,38,38,38,38,38,24,24,12,65,65,65,44,44,44,40,40,48,48,48,48,48,38,39,59,44,68,68,38,49,49,49,49,49,49,49,0,0],"gold":54,"neow_bonus":"REMOVE_CARD","is_daily":false,"chose_seed":false,"campfire_upgraded":5,"win_rate":0.0,"timestamp":1609681131,"path_taken":["M","M","M","?","M","M","E","R","T","$","?","M","R","M","R","BOSS","M","M","M","?","M","E","$","M","T","E","?","R","?","M","R","BOSS","M","M","?","?","$","R","M","$","T","?"],"items_purchased_type":["Card","Card","Card","Card","Card","Relic"],"build_version":"2020-12-22","purchased_purges":2,"victory":false,"max_hp_per_floor":[65,65,65,65,65,65,65,65,65,65,65,65,65,65,65,65,65,65,65,65,65,65,68,68,68,68,68,68,68,68,68,68,68,68,68,68,68,68,68,68,68,68,68,68,68],"card_choices":[{"not_picked":["FastForward","Spin"],"picked":"Unruled","floor":1},{"not_picked":["Replace","StarChef"],"picked":"Luminosity","floor":2},{"not_picked":["Starlight","Unruled"],"picked":"BottledTime","floor":3},{"not_picked":["Advance","Read","Moondial"],"picked":"SKIP","floor":5},{"not_picked":["ReturningBlade","Defy"],"picked":"ShatteredReality","floor":6},{"not_picked":["Defy","Collapse"],"picked":"MoonPhase","floor":7},{"not_picked":["Revamp","Deny"],"picked":"Potential","floor":12},{"not_picked":["Revamp","ShatteredReality"],"picked":"InstantArmor","floor":14},{"not_picked":["PendulumOfEternity","TheWorld"],"picked":"KillingDoll","floor":16},{"not_picked":["Rewind","Snipe","Gouge"],"picked":"SKIP","floor":18},{"not_picked":["Unruled","ShatteredReality"],"picked":"SilverBlades+1","floor":19},{"not_picked":["Barrier+1","ShatteredReality+1","Rewind"],"picked":"SKIP","floor":20},{"not_picked":["BottledTime","TimeTheft","Rewind+1"],"picked":"SKIP","floor":22},{"not_picked":["FastForward+1","Defy+1","KillingDoll"],"picked":"SKIP","floor":23},{"not_picked":["Orbit","Unruled"],"picked":"DoubleEdge+1","floor":25},{"not_picked":["ReturningBlade+1","Moondial+1"],"picked":"FanOfKnives","floor":27},{"not_picked":["Rearm","Collapse+1","ShatteredReality"],"picked":"SKIP","floor":30},{"not_picked":["InstantArmor","Hightail"],"picked":"SilverBlades","floor":31},{"not_picked":["Sunlight","SilverMatrix"],"picked":"SoulSculpture","floor":33},{"not_picked":["Potential","TimeWarp"],"picked":"Advance+1","floor":35},{"not_picked":["Ricochet+1","BottledTime","Snipe+1"],"picked":"SKIP","floor":36},{"not_picked":["SpecialFormula+1","Ricochet"],"picked":"BottledTime+1","floor":41}],"player_experience":410260,"relics_obtained":[{"floor":1,"key":"AddBug"},{"floor":1,"key":"Baka"},{"floor":7,"key":"SecretRecord"},{"floor":7,"key":"MagicDraw3"},{"floor":18,"key":"SecretRecord"},{"floor":20,"key":"Baka2"},{"floor":23,"key":"Regal Pillow"},{"floor":25,"key":"SecretRecord"},{"floor":26,"key":"Question Card"},{"floor":27,"key":"Ornamental Fan"},{"floor":31,"key":"SecretRecord"},{"floor":36,"key":"SecretRecord"},{"floor":37,"key":"CatCart"},{"floor":43,"key":"Blue Doll"}],"event_choices":[{"damage_healed":0,"gold_gain":0,"player_choice":"Grow","damage_taken":0,"max_hp_gain":0,"max_hp_loss":0,"event_name":"Living Wall","floor":4,"gold_loss":0,"cards_upgraded":["Unruled"]},{"damage_healed":0,"gold_gain":0,"player_choice":"Ignored","damage_taken":0,"max_hp_gain":0,"max_hp_loss":0,"event_name":"betterNote:BetterNote","floor":21,"gold_loss":0,"cards_obtained":["ats:Healing Strengthening"]},{"damage_healed":0,"gold_gain":0,"player_choice":"Ignored","damage_taken":0,"max_hp_gain":0,"max_hp_loss":0,"event_name":"Vampires","floor":28,"gold_loss":0},{"damage_healed":0,"gold_gain":0,"player_choice":"Fight","damage_taken":0,"max_hp_gain":0,"max_hp_loss":0,"event_name":"OrinTheCat","floor":37,"gold_loss":0},{"damage_healed":0,"gold_gain":0,"player_choice":"2 cards matched","damage_taken":0,"max_hp_gain":0,"max_hp_loss":0,"event_name":"Match and Keep!","floor":38,"gold_loss":0,"cards_obtained":["Sunlight","SpecialFormula"]}],"is_beta":false,"boss_relics":[{"not_picked":["Hololive_TopUpMoneyS","Replay:Drink Me"],"picked":"SacredBark"},{"not_picked":["Ring of Chaos","hubris:BlackHole"],"picked":"hubris:Backtick"}],"items_purged_floors":[10,39],"is_endless":false,"potions_floor_spawned":[5,6,12,14,18,19,22,25,27,36],"killed_by":"Transient","ascension_level":0}}