{"host":"t9wo05e1llrbe5dt","time":1609638666,"event":{"mods":["2.2 Compatiblity","AchievementEnabler","Ascension Unlocker","BaseMod","Bestiary","Better Altar","Better Match","Better Note","Better Sensory Stone","Better Skull","Better Third Choice","Better Vampires","Better-Laid Plans","Block Reminder","Colored Map","Colored Powertips","Curses Come First","DeckTracker","Displayed Cursed Tome","Downfall","Filter the Spire","Googly Eyes","Gremlin Mod","GungeonMod","Hermit","Highlight Path","Marked Mod","Minty Spire (QoL Compilation)","Quick Restart","Random Character Button","Rare Cards Sparkle","Reorder Act Four","Reworked Bosses","Spicy Shops","StSLib","The Bug Knight","The Cursed","The Hierophant","The IronCluck","The Mystic","The Necromancer","The Runesmith","Transform Curses","Uncapped","everything is the same but u backflip on backflip","slay the spire mod where everything is the same but ironclad has a cowboy hat"],"gold_per_floor":[14,26,26,41,60,85,85,85,108,108,85,105,121,121,121,225,225,225,225,225,101,101,101,101,101,101,28,28,28,28,28,28,28,28,28,28,28,28,28,28,28,28,28,28,28,28,28,28,28,28],"floor_reached":51,"playtime":2881,"items_purged":[],"score":878,"play_id":"1ca10a94-cc4c-4b0e-956b-e16413b6530c","local_time":"20210102195106","is_ascension_mode":true,"campfire_choices":[{"floor":10,"key":"REST"},{"data":"Gremlin:GremlinDance","floor":15,"key":"SMITH"},{"data":"Gremlin:Nob","floor":30,"key":"SMITH"},{"data":"Gremlin:Wizardry","floor":32,"key":"SMITH"},{"data":"Gremlin:Encore","floor":40,"key":"SMITH"},{"floor":42,"key":"REST"}],"circlet_count":0,"master_deck":["Gremlin:Strike","Gremlin:Strike","Gremlin:Strike","Gremlin:Strike+1","Gremlin:Defend","Gremlin:Defend","Gremlin:TagTeam","Gremlin:GremlinDance+1","Gremlin:Nob+1","Gremlin:Irritability","Gremlin:Changeo","Gremlin:DaggerDance","Gremlin:BulkUp+1","Gremlin:ToeStub","Gremlin:Encore+1","Gremlin:PartyStick","Gremlin:TwistTheKnife","Gremlin:Necromancy","Gremlin:Pinprick","Gremlin:BulkUp","Gremlin:CatScratch","Gremlin:Tricksy","Gremlin:CatScratch","Gremlin:Whiz","Gremlin:Wizardry+1","Shame","Gremlin:ProperTools","Gremlin:Rhythm","Gremlin:FairyDust","Gremlin:IrksomeBlow+1","Gremlin:Encore","Gremlin:CounterStrike+1","Gremlin:InfiniteBlocks+1","Gremlin:Mockery","Gremlin:Glimmer"],"relics":["Gremlin:GremlinKnob","HornCleat","Orichalcum","betterThird:SlimedRelic","Ectoplasm","Juzu Bracelet","PreservedInsect","WingedGreaves","DemoMod:PinkGuonStone","Sozu","Centennial Puzzle","Omamori","Oddly Smooth Stone","White Beast Statue"],"acts_visited":["Exordium","TheCity","TheBeyond"],"potions_floor_usage":[33,39,48],"damage_taken":[{"damage":7,"enemies":"2 Louse","floor":1,"turns":3},{"damage":1,"enemies":"Cultist","floor":2,"turns":4},{"damage":16,"enemies":"Jaw Worm","floor":4,"turns":5},{"damage":8,"enemies":"Large Slime","floor":5,"turns":7},{"damage":32,"enemies":"Gremlin Nob","floor":6,"turns":5},{"damage":0,"enemies":"3 Louse","floor":12,"turns":3},{"damage":0,"enemies":"2 Fungi Beasts","floor":13,"turns":3},{"damage":0,"enemies":"Hexaghost","floor":16,"turns":12},{"damage":0,"enemies":"Shell Parasite","floor":18,"turns":4},{"damage":0,"enemies":"Shelled Parasite and Fungi","floor":22,"turns":6},{"damage":41,"enemies":"Gremlin Leader","floor":23,"turns":8},{"damage":0,"enemies":"Centurion and Healer","floor":29,"turns":9},{"damage":32,"enemies":"Slavers","floor":31,"turns":7},{"damage":0,"enemies":"bossMod:newChamp","floor":33,"turns":11},{"damage":2,"enemies":"3 Darklings","floor":35,"turns":7},{"damage":36,"enemies":"3 Shapes","floor":39,"turns":11},{"damage":15,"enemies":"Giant Head","floor":41,"turns":8},{"damage":21,"enemies":"Reptomancer","floor":44,"turns":6},{"damage":15,"enemies":"Writhing Mass","floor":48,"turns":8},{"damage":60,"enemies":"Time Eater","floor":50,"turns":13}],"seed_played":"8856689090045234577","potions_obtained":[{"floor":4,"key":"EssenceOfSteel"},{"floor":5,"key":"EssenceOfSteel"},{"floor":6,"key":"hexamod:EctoCoolerPotion"}],"is_trial":false,"path_per_floor":["M","M","?","M","M","E","R","?","T","R","?","M","M","?","R","B",null,"M","?","?","$","M","E","R","?","T","$","?","M","R","E","R","B",null,"M","?","?","$","M","R","E","R","T","E","?","T","R","M","R","B",null],"character_chosen":"GREMLIN","items_purchased":["Gremlin:BulkUp","Gremlin:CatScratch","Gremlin:Tricksy","Gremlin:Wizardry"],"campfire_rested":2,"item_purchase_floors":[21,21,21,27],"current_hp_per_floor":[20,20,20,3,20,7,7,7,7,12,1,11,19,20,20,12,20,20,20,14,14,20,20,19,19,19,19,19,14,14,14,14,17,21,19,19,19,19,20,20,4,10,10,20,20,20,19,19,18,18],"gold":28,"neow_bonus":"THREE_RARE_CARDS","is_daily":false,"chose_seed":false,"campfire_upgraded":4,"win_rate":0.0,"timestamp":1609638666,"path_taken":["M","M","?","?","M","E","R","?","T","R","?","M","M","?","R","BOSS","M","?","?","$","M","E","R","?","T","$","?","M","R","E","R","BOSS","M","?","?","$","M","R","E","R","T","E","?","?","R","M","R","BOSS"],"items_purchased_type":["Card","Card","Card","Card"],"build_version":"2020-12-22","purchased_purges":0,"victory":true,"max_hp_per_floor":[20,20,20,20,20,20,19,19,19,19,19,19,19,20,20,20,20,20,20,20,20,20,20,19,19,19,19,19,19,19,21,21,21,21,21,20,20,20,20,20,20,20,20,20,20,20,19,19,18,18],"card_choices":[{"not_picked":["Gremlin:FairyDust","Gremlin:Erupt"],"picked":"Gremlin:Nob","floor":0},{"not_picked":["Gremlin:PourSalt","Gremlin:TwistTheKnife"],"picked":"Gremlin:Irritability","floor":1},{"not_picked":["Gremlin:AggressiveDefense","Gremlin:GremlinToss"],"picked":"Gremlin:Changeo","floor":2},{"not_picked":["Gremlin:Jeer","Gremlin:PartyStick"],"picked":"Gremlin:BulkUp","floor":4},{"not_picked":["Gremlin:Heckle","Gremlin:DaggerDance"],"picked":"Gremlin:ToeStub","floor":5},{"not_picked":["Gremlin:Fury","Gremlin:SharpenBlades"],"picked":"Gremlin:Encore","floor":6},{"not_picked":["Gremlin:Enthusiasm","Gremlin:BulkUp"],"picked":"Gremlin:PartyStick","floor":12},{"not_picked":["Gremlin:Enthusiasm","Gremlin:ToeStub"],"picked":"Gremlin:TwistTheKnife","floor":13},{"not_picked":["Gremlin:Nob","Gremlin:Exacerbate"],"picked":"Gremlin:Necromancy","floor":16},{"not_picked":["Gremlin:ToeStub","Gremlin:PartyStick"],"picked":"Gremlin:Pinprick","floor":18},{"not_picked":["Gremlin:Dazzle","Gremlin:GremlinArms"],"picked":"Gremlin:CatScratch","floor":22},{"not_picked":["Gremlin:Pinprick+1","Gremlin:Kablamo"],"picked":"Gremlin:Whiz","floor":23},{"not_picked":["Gremlin:GremlinMeal","Gremlin:Glimmer"],"picked":"Gremlin:ProperTools","floor":29},{"not_picked":["Gremlin:ToeStub","Gremlin:Pretaliation"],"picked":"Gremlin:Rhythm","floor":31},{"not_picked":["Gremlin:Nob","Gremlin:FlipOut"],"picked":"Gremlin:FairyDust","floor":33},{"not_picked":["Gremlin:Scatter+1","Gremlin:DaggerDance+1"],"picked":"Gremlin:IrksomeBlow+1","floor":35},{"not_picked":["Gremlin:Patsy+1","Gremlin:GlitterGuard"],"picked":"Gremlin:CounterStrike+1","floor":39},{"not_picked":["Gremlin:TwistTheKnife","Gremlin:ArmsTheft"],"picked":"Gremlin:InfiniteBlocks+1","floor":41},{"not_picked":["Gremlin:Pinprick","Gremlin:GlitterGuard"],"picked":"Gremlin:Mockery","floor":44},{"not_picked":["Gremlin:Heckle+1","Gremlin:PourSalt"],"picked":"Gremlin:Glimmer","floor":48}],"player_experience":154068,"relics_obtained":[{"floor":6,"key":"HornCleat"},{"floor":9,"key":"Orichalcum"},{"floor":23,"key":"Juzu Bracelet"},{"floor":26,"key":"PreservedInsect"},{"floor":31,"key":"DemoMod:PinkGuonStone"},{"floor":41,"key":"Centennial Puzzle"},{"floor":43,"key":"Omamori"},{"floor":44,"key":"Oddly Smooth Stone"},{"floor":46,"key":"White Beast Statue"}],"event_choices":[{"damage_healed":0,"gold_gain":0,"cards_transformed":["Gremlin:Defend"],"player_choice":"Transformed","damage_taken":0,"max_hp_gain":0,"max_hp_loss":0,"event_name":"Transmorgrifier","floor":3,"gold_loss":0,"cards_obtained":["Gremlin:DaggerDance"]},{"damage_healed":0,"gold_gain":0,"player_choice":"Grow","damage_taken":0,"max_hp_gain":0,"max_hp_loss":0,"event_name":"Living Wall","floor":8,"gold_loss":0,"cards_upgraded":["Gremlin:BulkUp"]},{"damage_healed":0,"gold_gain":0,"player_choice":"Slimed","damage_taken":11,"max_hp_gain":0,"max_hp_loss":0,"event_name":"betterThird:BetterGoop","floor":11,"gold_loss":23},{"damage_healed":0,"gold_gain":0,"player_choice":"Donut","damage_taken":0,"max_hp_gain":5,"max_hp_loss":0,"event_name":"Big Fish","floor":14,"gold_loss":0},{"damage_healed":0,"gold_gain":0,"player_choice":"Ignored","damage_taken":0,"max_hp_gain":0,"max_hp_loss":0,"event_name":"betterNote:BetterNote","floor":19,"gold_loss":0,"cards_obtained":["Apotheosis"]},{"damage_healed":0,"gold_gain":0,"player_choice":"UP ","damage_taken":8,"relics_obtained":[],"max_hp_gain":0,"max_hp_loss":0,"event_name":"betterSkull:BetterSkull","floor":20,"gold_loss":0,"cards_upgraded":["Gremlin:Strike"]},{"damage_healed":0,"gold_gain":0,"player_choice":"Ignored","damage_taken":0,"max_hp_gain":0,"max_hp_loss":0,"event_name":"Beggar","floor":25,"gold_loss":0},{"damage_healed":0,"gold_gain":0,"player_choice":"Stole Relic","damage_taken":0,"relics_obtained":["WingedGreaves"],"max_hp_gain":0,"max_hp_loss":0,"event_name":"Addict","floor":28,"gold_loss":0,"cards_obtained":["Shame"]},{"damage_healed":0,"gold_gain":0,"player_choice":"Max HP","damage_taken":0,"max_hp_gain":0,"max_hp_loss":1,"event_name":"Winding Halls","floor":36,"gold_loss":0},{"damage_healed":0,"gold_gain":0,"player_choice":"Copied","damage_taken":0,"max_hp_gain":0,"max_hp_loss":0,"event_name":"Duplicator","floor":37,"gold_loss":0,"cards_obtained":["Gremlin:Encore"]},{"cards_removed":["Gremlin:Defend"],"damage_healed":0,"gold_gain":0,"player_choice":"Removed Skill","damage_taken":0,"max_hp_gain":0,"max_hp_loss":0,"event_name":"Falling","floor":45,"gold_loss":0}],"is_beta":false,"boss_relics":[{"not_picked":["Velvet Choker","SacredBark"],"picked":"Ectoplasm"},{"not_picked":["SlaversCollar","Snecko Eye"],"picked":"Sozu"}],"items_purged_floors":[],"is_endless":false,"potions_floor_spawned":[4,5,6,18,39,44,48],"ascension_level":1}}