{"host":"sfqxmtwcpkqrvrbt","time":1609665481,"event":{"mods":["AchievementEnabler","BaseMod","DeckTracker","Minty Spire (QoL Compilation)"],"gold_per_floor":[114,114,114,132,142,142,168,188,188,188,214,230,243,60,60,164,164,168,267,0,10,10,10,42,42,116,77,77,87,140,140,140,264,264,276,29,49,0,0,0,0,0,0,28,78,128,78,117,117,137],"floor_reached":51,"playtime":2617,"items_purged":[],"score":1205,"play_id":"db0772d0-0aba-4d06-b903-e92ee21f73f9","local_time":"20210103181801","is_ascension_mode":true,"campfire_choices":[{"data":"Predator","floor":6.0,"key":"SMITH"},{"floor":10.0,"key":"REST"},{"floor":15.0,"key":"REST"},{"floor":23.0,"key":"REST"},{"floor":25.0,"key":"REST"},{"floor":32.0,"key":"REST"},{"floor":40.0,"key":"REST"},{"data":"Dash","floor":42.0,"key":"SMITH"},{"floor":49,"key":"REST"}],"circlet_count":0,"master_deck":["AscendersBane","Survivor","Acrobatics","Expertise","Predator+1","Underhanded Strike","Underhanded Strike","HandOfGreed","Doppelganger","Crippling Poison","Well Laid Plans","Finisher","Footwork","Adrenaline","Footwork","Reflex","Night Terror","Dash+1","Envenom","Underhanded Strike","Eviscerate","Eviscerate+1","Dash+1","Glass Knife+1","Predator+1","Eviscerate+1","Wraith Form v2","Predator+1","Underhanded Strike+1"],"relics":["Snecko Eye","White Beast Statue","Gremlin Horn","Happy Flower","Pandora\u0027s Box","Membership Card","Oddly Smooth Stone","Molten Egg 2","Vajra","HoveringKite","Mummified Hand","Shuriken","Red Mask","Ninja Scroll","Bottled Tornado","Unceasing Top","Strawberry","Tingsha"],"acts_visited":["Exordium","TheCity","TheBeyond"],"potions_floor_usage":[50,50],"damage_taken":[{"damage":3.0,"enemies":"2 Louse","floor":1.0,"turns":4.0},{"damage":1.0,"enemies":"Small Slimes","floor":4.0,"turns":4.0},{"damage":31.0,"enemies":"Cultist","floor":5.0,"turns":7.0},{"damage":20.0,"enemies":"Gremlin Nob","floor":7.0,"turns":4.0},{"damage":4.0,"enemies":"Blue Slaver","floor":8.0,"turns":4.0},{"damage":10.0,"enemies":"3 Sentries","floor":11.0,"turns":4.0},{"damage":9.0,"enemies":"2 Fungi Beasts","floor":12.0,"turns":4.0},{"damage":0.0,"enemies":"Looter","floor":13.0,"turns":2.0},{"damage":2.0,"enemies":"The Guardian","floor":16.0,"turns":6.0},{"damage":41.0,"enemies":"2 Thieves","floor":18.0,"turns":4.0},{"damage":0.0,"enemies":"Spheric Guardian","floor":21.0,"turns":3.0},{"damage":26.0,"enemies":"Gremlin Leader","floor":24.0,"turns":4.0},{"damage":11.0,"enemies":"Snake Plant","floor":29.0,"turns":3.0},{"damage":16.0,"enemies":"Automaton","floor":33.0,"turns":5.0},{"damage":15.0,"enemies":"3 Darklings","floor":35.0,"turns":4.0},{"damage":0.0,"enemies":"Orb Walker","floor":37.0,"turns":1.0},{"damage":0.0,"enemies":"Reptomancer","floor":44.0,"turns":2.0},{"damage":0,"enemies":"Mind Bloom Boss Battle","floor":45,"turns":3},{"damage":9,"enemies":"Giant Head","floor":46,"turns":5},{"damage":6,"enemies":"4 Shapes","floor":48,"turns":3},{"damage":28,"enemies":"Awakened One","floor":50,"turns":5}],"seed_played":"5083196629286640126","potions_obtained":[{"floor":4.0,"key":"AttackPotion"},{"floor":8.0,"key":"Explosive Potion"},{"floor":11.0,"key":"SneckoOil"},{"floor":12.0,"key":"PowerPotion"},{"floor":13.0,"key":"BlessingOfTheForge"},{"floor":16.0,"key":"EssenceOfSteel"},{"floor":18.0,"key":"Block Potion"},{"floor":21.0,"key":"Dexterity Potion"},{"floor":24.0,"key":"AttackPotion"},{"floor":29.0,"key":"CultistPotion"},{"floor":33.0,"key":"SkillPotion"},{"floor":35.0,"key":"DistilledChaos"},{"floor":37.0,"key":"SteroidPotion"},{"floor":44.0,"key":"LiquidMemories"}],"is_trial":false,"path_per_floor":["M","?","?","M","M","R","E","M","T","R","E","M","M","$","R","B",null,"M","?","$","M","?","R","E","R","T","$","?","M","T","?","R","B",null,"M","$","M","?","?","R","$","R","T","E","?","E","?","M","R","B",null],"character_chosen":"THE_SILENT","items_purchased":["HandOfGreed","Membership Card","Dash","Envenom","Eviscerate+1","Mummified Hand","Shuriken"],"campfire_rested":7,"item_purchase_floors":[14,20,20,20,27,36,36],"current_hp_per_floor":[60,60,60,59,28,28,8,4,4,25,15,6,6,6,27,25,59,18,18,18,18,18,39,13,34,34,34,34,23,23,23,44,28,60,45,45,45,45,45,66,66,66,66,66,66,64,64,58,77,49],"gold":137,"neow_bonus":"BOSS_RELIC","is_daily":false,"chose_seed":false,"campfire_upgraded":2,"win_rate":0.0,"timestamp":1609665481,"path_taken":["M","?","?","M","M","R","E","?","T","R","E","M","M","$","R","BOSS","M","?","$","M","?","R","E","R","T","$","?","M","?","?","R","BOSS","M","$","M","?","?","R","$","R","T","E","?","E","?","M","R","BOSS"],"items_purchased_type":["Card","Relic","Card","Card","Card","Relic","Relic"],"build_version":"2020-12-22","purchased_purges":0,"victory":true,"max_hp_per_floor":[70,70,70,70,70,70,70,70,70,70,70,70,70,70,70,70,70,70,70,70,70,70,70,70,70,70,70,70,70,70,70,70,70,70,70,70,70,70,70,70,70,70,70,70,70,77,77,77,77,77],"card_choices":[{"not_picked":["Prepared","Slice"],"picked":"Acrobatics","floor":1.0},{"not_picked":["Prepared","Deadly Poison"],"picked":"Expertise","floor":4.0},{"not_picked":["Finisher","Poisoned Stab"],"picked":"Predator","floor":5.0},{"not_picked":["Poisoned Stab","Deadly Poison","Deflect"],"picked":"SKIP","floor":7.0},{"not_picked":["Backflip","Blade Dance"],"picked":"Underhanded Strike","floor":8.0},{"not_picked":["Slice","Backstab"],"picked":"Underhanded Strike","floor":11.0},{"not_picked":["Infinite Blades","Dodge and Roll","Blade Dance"],"picked":"SKIP","floor":12.0},{"not_picked":["Dagger Throw","Acrobatics","Cloak And Dagger"],"picked":"SKIP","floor":13.0},{"not_picked":["Burst","Adrenaline"],"picked":"Doppelganger","floor":16.0},{"not_picked":["Slice","Noxious Fumes","Poisoned Stab+1"],"picked":"SKIP","floor":18.0},{"not_picked":["Cloak And Dagger","Dodge and Roll"],"picked":"Underhanded Strike","floor":21.0},{"not_picked":["Backflip","Deadly Poison","PiercingWail"],"picked":"SKIP","floor":24.0},{"not_picked":["Dagger Throw+1","Burst"],"picked":"Dash+1","floor":29.0},{"not_picked":["Grand Finale+1","Unload+1"],"picked":"Glass Knife+1","floor":33.0},{"not_picked":["Slice+1","Sucker Punch+1"],"picked":"Predator+1","floor":35.0},{"not_picked":["Outmaneuver","Terror+1"],"picked":"Eviscerate+1","floor":37.0},{"not_picked":["Bane+1","Reflex"],"picked":"Wraith Form v2","floor":44.0},{"not_picked":["Calculated Gamble+1","Sucker Punch+1"],"picked":"Predator+1","floor":45},{"not_picked":["PiercingWail","Accuracy","Footwork+1"],"picked":"SKIP","floor":46},{"not_picked":["Cloak And Dagger","Bouncing Flask+1"],"picked":"Underhanded Strike+1","floor":48}],"player_experience":62059,"relics_obtained":[{"floor":7.0,"key":"White Beast Statue"},{"floor":9.0,"key":"Gremlin Horn"},{"floor":11.0,"key":"Happy Flower"},{"floor":24.0,"key":"Oddly Smooth Stone"},{"floor":26.0,"key":"Molten Egg 2"},{"floor":30.0,"key":"Vajra"},{"floor":43.0,"key":"Ninja Scroll"},{"floor":44.0,"key":"Bottled Tornado"},{"floor":45,"key":"Unceasing Top"},{"floor":46,"key":"Strawberry"}],"event_choices":[{"damage_healed":0.0,"max_hp_gain":0.0,"max_hp_loss":0.0,"gold_gain":0.0,"event_name":"Liars Game","player_choice":"Ignored","floor":2.0,"gold_loss":0.0,"damage_taken":0.0},{"cards_removed":["Strike_G"],"damage_healed":0.0,"max_hp_gain":0.0,"max_hp_loss":0.0,"gold_gain":0.0,"event_name":"Purifier","player_choice":"Purged","floor":3.0,"gold_loss":0.0,"damage_taken":0.0},{"damage_healed":0.0,"max_hp_gain":0.0,"max_hp_loss":0.0,"gold_gain":99.0,"event_name":"Nest","player_choice":"Stole From Cult","floor":19.0,"gold_loss":0.0,"damage_taken":0.0},{"damage_healed":0.0,"max_hp_gain":0.0,"max_hp_loss":0.0,"gold_gain":0.0,"event_name":"The Library","player_choice":"Read","floor":22.0,"gold_loss":0.0,"damage_taken":0.0,"cards_obtained":["Eviscerate"]},{"cards_removed":["Neutralize"],"damage_healed":0.0,"max_hp_gain":0.0,"max_hp_loss":0.0,"gold_gain":0.0,"event_name":"Back to Basics","player_choice":"Elegance","floor":28.0,"gold_loss":0.0,"damage_taken":0.0},{"damage_healed":0.0,"max_hp_gain":0.0,"max_hp_loss":0.0,"gold_gain":0.0,"event_name":"Ghosts","player_choice":"Ignored","floor":31.0,"gold_loss":0.0,"damage_taken":0.0},{"damage_healed":0.0,"max_hp_gain":0.0,"max_hp_loss":0.0,"gold_gain":0.0,"event_name":"Tomb of Lord Red Mask","player_choice":"Paid","floor":38.0,"gold_loss":49.0,"damage_taken":0.0,"relics_obtained":["Red Mask"]},{"cards_removed":["Blade Dance"],"damage_healed":0.0,"max_hp_gain":0.0,"max_hp_loss":0.0,"gold_gain":0.0,"event_name":"Falling","player_choice":"Removed Skill","floor":39.0,"gold_loss":0.0,"damage_taken":0.0},{"damage_healed":0,"gold_gain":0,"player_choice":"Fight","damage_taken":0,"max_hp_gain":0,"max_hp_loss":0,"event_name":"MindBloom","floor":45,"gold_loss":0},{"damage_healed":0,"gold_gain":0,"player_choice":"Paid Gold","damage_taken":0,"relics_obtained":["Tingsha"],"max_hp_gain":0,"max_hp_loss":0,"event_name":"WeMeetAgain","floor":47,"gold_loss":50}],"is_beta":false,"boss_relics":[{"not_picked":["Sozu","Philosopher\u0027s Stone"],"picked":"Pandora\u0027s Box"},{"not_picked":["Runic Pyramid","Tiny House"],"picked":"HoveringKite"}],"items_purged_floors":[],"is_endless":false,"potions_floor_spawned":[4,8,11,12,13,16,18,21,24,29,33,35,37,44,45,46,48],"ascension_level":11}}