{"host":"Rich","time":1609715829,"event":{"mods":["AchievementEnabler","BaseMod","Highlight Path","Minty Spire (QoL Compilation)","Relic Stats"],"gold_per_floor":[114,114,130,130,130,161,181,216,216,234,234,234,251,278,278,352,352,352,277,327,507,519,519,519,519],"floor_reached":24,"playtime":615,"items_purged":[],"score":478,"play_id":"ec275c58-838e-40d8-b4c2-be9259664f0f","local_time":"20210103181709","is_ascension_mode":true,"campfire_choices":[{"data":"True Grit","floor":11.0,"key":"SMITH"},{"floor":15.0,"key":"REST"},{"floor":23,"key":"REST"}],"circlet_count":0,"master_deck":["AscendersBane","Strike_R+1","Strike_R","Defend_R","Defend_R","Defend_R","Defend_R","Twin Strike+1","Body Slam+1","True Grit+1","Whirlwind+1","Shrug It Off","Shockwave+1","True Grit","Infernal Blade","Feed+1","Inflame"],"relics":["Burning Blood","NeowsBlessing","Molten Egg 2","Kunai","Smiling Mask","Ornamental Fan","Paper Frog","Empty Cage"],"acts_visited":["Exordium","TheCity"],"potions_floor_usage":[18],"damage_taken":[{"damage":0.0,"enemies":"Jaw Worm","floor":1.0,"turns":1.0},{"damage":0.0,"enemies":"2 Louse","floor":3.0,"turns":1.0},{"damage":0.0,"enemies":"Gremlin Nob","floor":6.0,"turns":1.0},{"damage":0.0,"enemies":"Small Slimes","floor":7.0,"turns":4.0},{"damage":22.0,"enemies":"Lagavulin","floor":8.0,"turns":5.0},{"damage":1.0,"enemies":"Red Slaver","floor":10.0,"turns":3.0},{"damage":9.0,"enemies":"2 Fungi Beasts","floor":13.0,"turns":2.0},{"damage":21.0,"enemies":"3 Sentries","floor":14.0,"turns":6.0},{"damage":18.0,"enemies":"The Guardian","floor":16.0,"turns":16.0},{"damage":0,"enemies":"Spheric Guardian","floor":18,"turns":1},{"damage":32,"enemies":"2 Thieves","floor":22,"turns":5},{"damage":54,"enemies":"Book of Stabbing","floor":24,"turns":6}],"seed_played":"139302855984470983","potions_obtained":[{"floor":1.0,"key":"DuplicationPotion"},{"floor":6.0,"key":"SmokeBomb"},{"floor":8.0,"key":"ElixirPotion"},{"floor":22,"key":"SteroidPotion"}],"is_trial":false,"path_per_floor":["M","?","M","?","?","E","M","E","T","M","R","?","M","E","R","B",null,"M","?","?","?","M","R","E"],"character_chosen":"IRONCLAD","items_purchased":[],"campfire_rested":2,"item_purchase_floors":[],"current_hp_per_floor":[74,69,75,68,68,74,75,59,59,64,64,41,38,23,45,33,65,71,71,71,52,30,53,0,0],"gold":519,"neow_bonus":"THREE_ENEMY_KILL","is_daily":false,"chose_seed":false,"campfire_upgraded":1,"win_rate":0.0,"timestamp":1609715829,"path_taken":["M","?","M","?","?","E","M","E","T","?","R","?","M","E","R","BOSS","M","?","?","?","M","R","E"],"items_purchased_type":[],"build_version":"2020-12-18","purchased_purges":0,"victory":false,"max_hp_per_floor":[75,75,75,75,75,75,75,75,75,75,75,75,75,75,75,75,75,75,75,75,75,79,79,79,79],"relic_stats":{"counters":[12,51],"Ornamental Fan":[12],"Kunai":[7],"Smiling Mask":0,"obtain_stats":[{"NeowsBlessing":0,"Ornamental Fan":9,"Molten Egg 2":2,"Kunai":6,"Smiling Mask":8,"Empty Cage":17,"Burning Blood":0,"Paper Frog":14},{"NeowsBlessing":0,"Ornamental Fan":5,"Molten Egg 2":1,"Kunai":3,"Smiling Mask":5,"Empty Cage":9,"Burning Blood":0,"Paper Frog":8},{"NeowsBlessing":0,"Ornamental Fan":12,"Molten Egg 2":1,"Kunai":3,"Smiling Mask":12,"Empty Cage":39,"Burning Blood":0,"Paper Frog":23}],"Burning Blood":61},"card_choices":[{"not_picked":["Second Wind","Headbutt"],"picked":"Twin Strike","floor":1.0},{"not_picked":["Clothesline+1","Iron Wave+1"],"picked":"Body Slam+1","floor":3.0},{"not_picked":["Dropkick+1","Heavy Blade+1"],"picked":"True Grit","floor":6.0},{"not_picked":["Second Wind","Warcry"],"picked":"Whirlwind+1","floor":7.0},{"not_picked":["Pummel+1","Fiend Fire+1"],"picked":"Shrug It Off","floor":8.0},{"not_picked":["Perfected Strike+1","Warcry"],"picked":"Shockwave","floor":10.0},{"not_picked":["Bloodletting","Cleave+1"],"picked":"True Grit","floor":13.0},{"not_picked":["Clothesline+1","Twin Strike+1"],"picked":"Infernal Blade","floor":14.0},{"not_picked":["Reaper+1","Fiend Fire+1"],"picked":"Feed+1","floor":16.0},{"not_picked":["Headbutt+1","Second Wind"],"picked":"Inflame","floor":22}],"player_experience":1956662,"relics_obtained":[{"floor":6.0,"key":"Kunai"},{"floor":8.0,"key":"Smiling Mask"},{"floor":9.0,"key":"Ornamental Fan"},{"floor":14.0,"key":"Paper Frog"}],"event_choices":[{"damage_healed":0.0,"max_hp_gain":0.0,"max_hp_loss":0.0,"gold_gain":0.0,"event_name":"Scrap Ooze","player_choice":"Success","floor":2.0,"gold_loss":0.0,"damage_taken":5.0,"relics_obtained":["Molten Egg 2"]},{"cards_removed":["Strike_R"],"damage_healed":0.0,"max_hp_gain":0.0,"max_hp_loss":0.0,"gold_gain":0.0,"event_name":"Golden Wing","player_choice":"Card Removal","floor":4.0,"gold_loss":0.0,"damage_taken":7.0},{"damage_healed":0.0,"max_hp_gain":0.0,"max_hp_loss":0.0,"gold_gain":0.0,"event_name":"Upgrade Shrine","player_choice":"Upgraded","floor":5.0,"gold_loss":0.0,"damage_taken":0.0,"cards_upgraded":["Twin Strike"]},{"damage_healed":0.0,"max_hp_gain":0.0,"max_hp_loss":0.0,"gold_gain":0.0,"event_name":"Shining Light","player_choice":"Entered Light","floor":12.0,"gold_loss":0.0,"damage_taken":23.0,"cards_upgraded":["Shockwave","Strike_R"]},{"cards_removed":["Strike_R"],"damage_healed":0,"gold_gain":0,"player_choice":"Gave Gold","damage_taken":0,"max_hp_gain":0,"max_hp_loss":0,"event_name":"Beggar","floor":19,"gold_loss":75},{"damage_healed":0,"gold_gain":50,"player_choice":"Stole From Cult","damage_taken":0,"max_hp_gain":0,"max_hp_loss":0,"event_name":"Nest","floor":20,"gold_loss":0},{"damage_healed":0,"gold_gain":180,"player_choice":"GOLD GOLD ","damage_taken":19,"max_hp_gain":0,"max_hp_loss":0,"event_name":"Knowing Skull","floor":21,"potions_obtained":[],"gold_loss":0,"cards_obtained":[]}],"is_beta":true,"boss_relics":[{"not_picked":["Pandora\u0027s Box","Black Blood"],"picked":"Empty Cage"}],"items_purged_floors":[],"is_endless":false,"potions_floor_spawned":[1,6,8,14,18,22],"killed_by":"Book of Stabbing","ascension_level":20}}