{"host":"v52ntiwll8g9892u","time":1609672671,"event":{"mods":["ATMod(°¢èªMod)","BaseMod","Minty Spire (QoL Compilation)","Prisma Mod","StSLib"],"gold_per_floor":[115,115,130,149,159,185,185,185,185],"floor_reached":8,"playtime":279,"items_purged":[],"score":116,"play_id":"29c0be2b-5223-4690-a949-943bf9f1f448","local_time":"20210103191751","is_ascension_mode":true,"campfire_choices":[],"circlet_count":0,"master_deck":["AscendersBane","Strike_P","Strike_P","Strike_P","Strike_P","Defend_P","Defend_P","Defend_P","Defend_P","Eruption","Vigilance","AT_RealColorLess","BowlingBash","Crescendo","Fasting2"],"relics":["AT_ATBox","Runic Dome","Mummified Hand","Art of War"],"acts_visited":["Exordium"],"potions_floor_usage":[8,8],"damage_taken":[{"damage":5.0,"enemies":"Small Slimes","floor":1.0,"turns":2.0},{"damage":2.0,"enemies":"Jaw Worm","floor":3.0,"turns":2.0},{"damage":2.0,"enemies":"Cultist","floor":4.0,"turns":3.0},{"damage":15.0,"enemies":"Exordium Thugs","floor":5.0,"turns":4.0},{"damage":15.0,"enemies":"3 Sentries","floor":6.0,"turns":4.0},{"damage":6,"enemies":"Gremlin Nob","floor":8,"turns":3}],"seed_played":"-1260163755944097772","potions_obtained":[{"floor":3.0,"key":"FearPotion"},{"floor":6.0,"key":"Weak Potion"}],"is_trial":false,"path_per_floor":["M","?","M","M","M","E","?","E"],"character_chosen":"WATCHER","items_purchased":[],"campfire_rested":0,"item_purchase_floors":[],"current_hp_per_floor":[56,45,43,41,26,11,11,5,5],"gold":185,"neow_bonus":"BOSS_RELIC","is_daily":false,"chose_seed":false,"campfire_upgraded":0,"win_rate":0.0,"timestamp":1609672671,"path_taken":["M","?","M","M","M","E","?","E"],"items_purchased_type":[],"build_version":"2020-12-22","purchased_purges":0,"victory":false,"max_hp_per_floor":[68,68,68,68,68,68,68,68,68],"card_choices":[{"not_picked":["EmptyFist","JustLucky","SashWhip"],"picked":"SKIP","floor":1.0},{"not_picked":["FollowUp","Perseverance","WreathOfFlame"],"picked":"SKIP","floor":3.0},{"not_picked":["InnerPeace","Protect"],"picked":"BowlingBash","floor":4.0},{"not_picked":["FlurryOfBlows","Prostrate"],"picked":"Crescendo","floor":5.0},{"not_picked":["Crescendo","ClearTheMind"],"picked":"Fasting2","floor":6.0}],"player_experience":1246095,"relics_obtained":[{"floor":6.0,"key":"Art of War"}],"event_choices":[{"damage_healed":0.0,"max_hp_gain":0.0,"max_hp_loss":0.0,"gold_gain":0.0,"event_name":"Scrap Ooze","player_choice":"Success","floor":2.0,"gold_loss":0.0,"damage_taken":11.0,"relics_obtained":["Mummified Hand"]},{"damage_healed":0.0,"max_hp_gain":0.0,"max_hp_loss":0.0,"gold_gain":0.0,"event_name":"Liars Game","player_choice":"Ignored","floor":7.0,"gold_loss":0.0,"damage_taken":0.0}],"is_beta":false,"boss_relics":[],"items_purged_floors":[],"is_endless":false,"potions_floor_spawned":[3,6],"killed_by":"Gremlin Nob","ascension_level":20}}