{"host":"u7lm8z2rvb4dg2oo","time":1609643921,"event":{"mods":["AchievementEnabler","BaseMod","Colored Map","Colored Powertips","Curses Come First","Googly Eyes","Highlight Path","Minty Spire (QoL Compilation)","Quick Restart","StSLib"],"gold_per_floor":[111,111,41,6,26,26,57,69,81,23,39,85,96,108,108,209,209,228,178,189,223,223,250,250,198,198,208,208,240,240,260,260,260,260],"floor_reached":33,"playtime":1526,"items_purged":[],"score":433,"play_id":"ff971e5e-fe45-4548-8d43-c6507fdfb76d","local_time":"20210102221841","is_ascension_mode":true,"campfire_choices":[{"data":"Scrawl","floor":8.0,"key":"SMITH"},{"data":"Eruption","floor":15.0,"key":"SMITH"},{"floor":24.0,"key":"RECALL"},{"data":"FearNoEvil","floor":28.0,"key":"SMITH"},{"floor":32,"key":"REST"}],"circlet_count":0,"master_deck":["Strike_P","Strike_P","Strike_P","Strike_P","Defend_P","Defend_P+1","Defend_P","Defend_P","Eruption+1","Vigilance+1","CutThroughFate+1","ReachHeaven","BattleHymn","Scrawl+1","FearNoEvil+1","Protect","WheelKick","Judgement","CutThroughFate","Wireheading","Conclude","LessonLearned"],"relics":["PureWater","NeowsBlessing","MawBank","Juzu Bracelet","Happy Flower","Philosopher\u0027s Stone","Red Mask","StrikeDummy","Pen Nib"],"acts_visited":["Exordium","TheCity"],"potions_floor_usage":[29,29,31,31],"damage_taken":[{"damage":0.0,"enemies":"2 Louse","floor":1.0,"turns":1.0},{"damage":0.0,"enemies":"Cultist","floor":5.0,"turns":1.0},{"damage":0.0,"enemies":"Gremlin Nob","floor":7.0,"turns":1.0},{"damage":0.0,"enemies":"Small Slimes","floor":11.0,"turns":3.0},{"damage":6.0,"enemies":"Looter","floor":13.0,"turns":2.0},{"damage":0.0,"enemies":"Large Slime","floor":14.0,"turns":1.0},{"damage":29.0,"enemies":"Hexaghost","floor":16.0,"turns":7.0},{"damage":2.0,"enemies":"Chosen","floor":18.0,"turns":3.0},{"damage":4.0,"enemies":"Shell Parasite","floor":20.0,"turns":3.0},{"damage":0.0,"enemies":"Masked Bandits","floor":21.0,"turns":3.0},{"damage":0.0,"enemies":"Gremlin Leader","floor":23.0,"turns":4.0},{"damage":0.0,"enemies":"Snecko","floor":27.0,"turns":2.0},{"damage":22,"enemies":"Book of Stabbing","floor":29,"turns":4},{"damage":0,"enemies":"Shelled Parasite and Fungi","floor":31,"turns":1},{"damage":45,"enemies":"Champ","floor":33,"turns":5}],"seed_played":"-1934777849218535160","potions_obtained":[{"floor":1.0,"key":"SkillPotion"},{"floor":11.0,"key":"DuplicationPotion"},{"floor":14.0,"key":"EssenceOfSteel"},{"floor":20.0,"key":"StancePotion"},{"floor":23.0,"key":"Swift Potion"},{"floor":27.0,"key":"FearPotion"},{"floor":29,"key":"DuplicationPotion"}],"is_trial":false,"path_per_floor":["M","?","$","?","M","?","E","R","T","$","M","T","M","M","R","B",null,"M","?","M","?","?","E","R","$","T","M","R","E","?","M","R","B"],"character_chosen":"WATCHER","items_purchased":["ReachHeaven","FearNoEvil","Block Potion"],"campfire_rested":1,"item_purchase_floors":[3,10,25],"current_hp_per_floor":[65,65,65,72,72,58,58,58,58,58,58,58,52,52,52,23,60,58,58,54,54,51,51,51,51,51,51,51,29,23,23,44,0,0],"gold":260,"neow_bonus":"THREE_ENEMY_KILL","is_daily":false,"chose_seed":false,"campfire_upgraded":3,"win_rate":0.0,"timestamp":1609643921,"path_taken":["M","?","?","?","M","?","E","R","T","$","M","?","M","M","R","BOSS","M","?","M","?","?","E","R","$","T","M","R","E","?","M","R","BOSS"],"items_purchased_type":["Card","Card","Potion"],"build_version":"2020-12-22","purchased_purges":0,"victory":false,"max_hp_per_floor":[72,72,72,72,72,72,72,72,72,72,72,72,72,72,72,72,72,72,72,72,72,72,72,72,72,72,72,72,72,72,72,72,72,72],"card_choices":[{"not_picked":["JustLucky","ThirdEye"],"picked":"CutThroughFate","floor":1.0},{"not_picked":["Perseverance","Indignation"],"picked":"BattleHymn","floor":5.0},{"not_picked":["ReachHeaven","EmptyBody"],"picked":"Scrawl","floor":7.0},{"not_picked":["JustLucky","Crescendo","Indignation"],"picked":"SKIP","floor":11.0},{"not_picked":["JustLucky","MentalFortress"],"picked":"Protect","floor":13.0},{"not_picked":["ReachHeaven","Crescendo"],"picked":"WheelKick","floor":14.0},{"not_picked":["Scrawl","ConjureBlade"],"picked":"Judgement","floor":16.0},{"not_picked":["LikeWater","Consecrate"],"picked":"CutThroughFate","floor":18.0},{"not_picked":["FlurryOfBlows","Halt"],"picked":"Wireheading","floor":20.0},{"not_picked":["EmptyMind","Halt"],"picked":"Conclude","floor":21.0},{"not_picked":["Meditate","Crescendo","EmptyFist"],"picked":"SKIP","floor":23.0},{"not_picked":["Perseverance","Collect","ClearTheMind"],"picked":"SKIP","floor":27.0},{"not_picked":["WindmillStrike+1","FlyingSleeves"],"picked":"LessonLearned","floor":29},{"not_picked":["EmptyFist","Nirvana","CrushJoints"],"picked":"SKIP","floor":31}],"player_experience":1065299,"relics_obtained":[{"floor":7.0,"key":"MawBank"},{"floor":9.0,"key":"Juzu Bracelet"},{"floor":12.0,"key":"Happy Flower"},{"floor":21.0,"key":"Red Mask"},{"floor":23.0,"key":"StrikeDummy"},{"floor":29,"key":"Pen Nib"}],"event_choices":[{"damage_healed":0.0,"max_hp_gain":0.0,"max_hp_loss":0.0,"gold_gain":0.0,"event_name":"Upgrade Shrine","player_choice":"Upgraded","floor":2.0,"gold_loss":0.0,"damage_taken":0.0,"cards_upgraded":["CutThroughFate"]},{"damage_healed":18.0,"max_hp_gain":0.0,"max_hp_loss":0.0,"gold_gain":0.0,"event_name":"The Cleric","player_choice":"Healed","floor":4.0,"gold_loss":35.0,"damage_taken":0.0},{"damage_healed":0.0,"max_hp_gain":0.0,"max_hp_loss":0.0,"gold_gain":0.0,"event_name":"Shining Light","player_choice":"Entered Light","floor":6.0,"gold_loss":0.0,"damage_taken":14.0,"cards_upgraded":["Defend_P","Vigilance"]},{"damage_healed":0.0,"max_hp_gain":0.0,"max_hp_loss":0.0,"gold_gain":0.0,"event_name":"The Joust","player_choice":"Bet on Murderer","floor":19.0,"gold_loss":50.0,"damage_taken":0.0},{"damage_healed":0.0,"max_hp_gain":0.0,"max_hp_loss":0.0,"gold_gain":0.0,"event_name":"Masked Bandits","player_choice":"Fought Bandits","floor":21.0,"gold_loss":0.0,"damage_taken":0.0},{"damage_healed":0.0,"max_hp_gain":0.0,"max_hp_loss":0.0,"gold_gain":0.0,"event_name":"Designer","player_choice":"Punched","floor":22.0,"gold_loss":0.0,"damage_taken":3.0},{"damage_healed":0,"gold_gain":0,"player_choice":"","damage_taken":6,"max_hp_gain":0,"max_hp_loss":0,"event_name":"Knowing Skull","floor":30,"potions_obtained":[],"gold_loss":0,"cards_obtained":[]}],"is_beta":false,"boss_relics":[{"not_picked":["Busted Crown","Snecko Eye"],"picked":"Philosopher\u0027s Stone"}],"items_purged_floors":[],"is_endless":false,"potions_floor_spawned":[1,11,14,16,20,23,27,29],"killed_by":"Champ","ascension_level":6}}