{"host":"73u9ojxmo0iakdto","time":1609716065,"event":{"mods":["BaseMod","Better Third Choice","Downfall","Minty Spire (QoL Compilation)","Permanent Neow","Replay The Spire","StSLib"],"gold_per_floor":[118,129,129,143,156,189,168,168,168,168,201,126,140,173,173,270,370,381,296,327,173,184,184,209,209,209,222,256,274,274,300,300,399,399,409,457,457,457,470,500,510,544,544,578,578,589,619,206,206,206,206,206,81,111,111,111],"floor_reached":55,"playtime":4373,"items_purged":["Defend_R","Defend_R","Defend_R"],"score":1026,"play_id":"faa010e8-9a4e-43ae-bc80-3a0f3b965fff","local_time":"20210103172105","is_ascension_mode":true,"campfire_choices":[{"data":"Limit Break","floor":8,"key":"SMITH"},{"data":"Demon Form","floor":15,"key":"SMITH"},{"data":"Berserk","floor":23,"key":"SMITH"},{"data":"Replay:Many Hands","floor":25,"key":"SMITH"},{"data":"Inflame","floor":30,"key":"SMITH"},{"data":"Bash","floor":32,"key":"SMITH"},{"floor":45,"key":"RECALL"},{"data":"Demonic Infusion","floor":49,"key":"SMITH"},{"data":"Twin Strike","floor":52,"key":"SMITH"}],"circlet_count":0,"master_deck":["Strike_R","Strike_R","Strike_R","Strike_R+1","Strike_R+1","Bash+1","Clash","Inflame+1","Limit Break+1","Demon Form+1","Twin Strike+1","Replay:Many Hands+1","Berserk+1","Heavy Blade+1","Pummel+1","Flex+1","Heavy Blade+1","Battle Trance+1","Demonic Infusion+1","Warcry+1","Sword Boomerang+1","Bloodletting+1"],"relics":["Burning Blood","Thread and Needle","FaceOfCleric","Turnip","betterThird:SlimedRelic","Durian","Pantograph","Bird Faced Urn","Prayer Wheel","Replay:Wanted Poster","Ornamental Fan","Red Mask","Sling","Magic Flower","Torii","Centennial Puzzle","Happy Flower","Coffee Dripper","FossilizedHelix","Whetstone","Gremlin Horn","Strawberry","White Beast Statue","Ice Cream","Pocketwatch"],"acts_visited":["Exordium","TheCity","TheBeyond","TheEnding"],"potions_floor_usage":[13,14,14,16,33,40,50,55,55,55],"damage_taken":[{"damage":7,"enemies":"Jaw Worm","floor":1,"turns":4},{"damage":0,"enemies":"Cultist","floor":2,"turns":3},{"damage":0,"enemies":"2 Louse","floor":4,"turns":2},{"damage":4,"enemies":"Blue Slaver","floor":5,"turns":3},{"damage":51,"enemies":"3 Sentries","floor":6,"turns":9},{"damage":18,"enemies":"Lagavulin","floor":11,"turns":7},{"damage":8,"enemies":"Gremlin Gang","floor":13,"turns":5},{"damage":15,"enemies":"Gremlin Nob","floor":14,"turns":4},{"damage":24,"enemies":"Hexaghost","floor":16,"turns":7},{"damage":24,"enemies":"Chosen","floor":18,"turns":6},{"damage":33,"enemies":"Masked Bandits","floor":20,"turns":5},{"damage":6,"enemies":"Spheric Guardian","floor":22,"turns":3},{"damage":7,"enemies":"Gremlin Leader","floor":24,"turns":4},{"damage":3,"enemies":"3 Cultists","floor":27,"turns":4},{"damage":8,"enemies":"Replay:Snechameleon","floor":28,"turns":3},{"damage":7,"enemies":"Snake Plant","floor":29,"turns":3},{"damage":0,"enemies":"Slavers","floor":31,"turns":2},{"damage":41,"enemies":"Collector","floor":33,"turns":4},{"damage":1,"enemies":"3 Shapes","floor":35,"turns":3},{"damage":16,"enemies":"2 Orb Walkers","floor":36,"turns":4},{"damage":0,"enemies":"Orb Walker","floor":39,"turns":2},{"damage":8,"enemies":"Nemesis","floor":40,"turns":5},{"damage":17,"enemies":"3 Darklings","floor":41,"turns":4},{"damage":0,"enemies":"R_Hoarder","floor":42,"turns":4},{"damage":0,"enemies":"Reptomancer","floor":44,"turns":3},{"damage":1,"enemies":"Spire Growth","floor":46,"turns":2},{"damage":1,"enemies":"Nemesis","floor":47,"turns":3},{"damage":81,"enemies":"Replay:Hell Engine","floor":50,"turns":5},{"damage":55,"enemies":"Shield and Spear","floor":54,"turns":3},{"damage":134,"enemies":"The Heart","floor":55,"turns":6}],"seed_played":"-1346494170245775147","potions_obtained":[{"floor":2,"key":"Adrenaline Potion"},{"floor":11,"key":"Death Potion"},{"floor":13,"key":"ColorlessPotion"},{"floor":14,"key":"Toxic Potion"},{"floor":27,"key":"Strength Potion"},{"floor":28,"key":"Dexterity Potion"},{"floor":29,"key":"Block Potion"},{"floor":36,"key":"BloodPotion"},{"floor":39,"key":"Venom Potion"},{"floor":46,"key":"BlessingOfTheForge"},{"floor":47,"key":"BloodPotion"},{"floor":54,"key":"champ:CounterPotion"}],"is_trial":false,"path_per_floor":["M","M","?","M","M","E","?","R","T","T","E","$","M","E","R","B",null,"M","?","?","$","M","R","E","R","T","M","E","M","R","E","R","B",null,"M","?","?","?","M","E","M","E","T","E","R","M","E","$","R","B",null,"R","$","E","B"],"character_chosen":"IRONCLAD","items_purchased":["Sling","Ice Cream"],"campfire_rested":0,"item_purchase_floors":[21,48],"current_hp_per_floor":[71,72,72,73,74,30,19,19,24,24,13,13,16,14,14,26,70,59,59,35,35,42,42,48,48,48,62,65,72,72,83,83,64,86,94,89,89,89,91,92,92,94,94,102,102,103,104,104,104,67,96,96,96,55,0,0],"gold":111,"neow_bonus":"ONE_RARE_RELIC","is_daily":false,"chose_seed":false,"campfire_upgraded":8,"win_rate":0.0,"timestamp":1609716065,"path_taken":["M","M","?","?","M","E","?","R","T","?","E","$","?","E","R","BOSS","M","?","?","?","M","R","E","R","T","M","E","M","R","E","R","BOSS","M","?","?","?","M","E","M","E","T","E","R","?","E","?","R","BOSS","R","$","E","BOSS"],"items_purchased_type":["Relic","Relic"],"build_version":"2020-12-22","purchased_purges":3,"victory":false,"max_hp_per_floor":[72,72,72,73,74,75,75,75,80,80,81,81,82,83,83,84,84,85,85,86,86,87,87,88,88,88,89,90,91,91,92,92,93,93,94,95,90,90,91,92,93,94,94,102,102,103,104,104,104,105,105,105,105,106,106,106],"card_choices":[{"not_picked":["Wild Strike","Havoc"],"picked":"Clash","floor":1},{"not_picked":["Armaments","Shrug It Off"],"picked":"Inflame","floor":2},{"not_picked":["Wild Strike","Cleave"],"picked":"Limit Break","floor":4},{"not_picked":["Seeing Red","True Grit"],"picked":"Demon Form","floor":5},{"not_picked":["ReplayTheSpireMod:LeadingStrike","Burning Pact","Clothesline"],"picked":"SKIP","floor":6},{"not_picked":["Anger","Clothesline"],"picked":"Twin Strike","floor":11},{"not_picked":["Armaments","ReplayTheSpireMod:Stacked","Body Slam"],"picked":"SKIP","floor":13},{"not_picked":["Heavy Blade","ReplayTheSpireMod:Strike From Hell"],"picked":"Replay:Many Hands","floor":14},{"not_picked":["Double Tap","Exhume"],"picked":"Berserk","floor":16},{"not_picked":["Sword Boomerang","ReplayTheSpireMod:Limb From Limb+1"],"picked":"Heavy Blade+1","floor":18},{"not_picked":["Shrug It Off","Clothesline","Blood for Blood"],"picked":"SKIP","floor":18},{"not_picked":["Thunderclap","Juggernaut"],"picked":"Pummel+1","floor":20},{"not_picked":["Body Slam","Intimidate","True Grit"],"picked":"SKIP","floor":22},{"not_picked":["Twin Strike","Flex","Inflame"],"picked":"SKIP","floor":22},{"not_picked":["Perfected Strike","Iron Wave"],"picked":"Flex+1","floor":24},{"not_picked":["Rupture","Abandon"],"picked":"Heavy Blade+1","floor":27},{"not_picked":["Carnage","Searing Blow","Cleave+1"],"picked":"SKIP","floor":27},{"not_picked":["ReplayTheSpireMod:Corrosion Curse","Intimidate","Immolate"],"picked":"SKIP","floor":28},{"not_picked":["True Grit","Thunderclap"],"picked":"Battle Trance+1","floor":29},{"not_picked":["Cleave+1","Anger+1","Burning Pact"],"picked":"SKIP","floor":29},{"not_picked":["Rampage","Double Tap","Entrench+1"],"picked":"SKIP","floor":31},{"not_picked":["Brutality","Juggernaut"],"picked":"Demonic Infusion","floor":33},{"not_picked":["Sword Boomerang","Run Through+1"],"picked":"Warcry+1","floor":35},{"not_picked":["Body Slam+1","Iron Wave","Searing Blow"],"picked":"SKIP","floor":35},{"not_picked":["Ghostly Armor+1","ReplayTheSpireMod:Strike From Hell","Shockwave"],"picked":"SKIP","floor":39},{"not_picked":["Life Link+1","Sever Soul+1","Flex"],"picked":"SKIP","floor":39},{"not_picked":["Pommel Strike+1","Heavy Blade"],"picked":"Sword Boomerang+1","floor":40},{"not_picked":["Combust","Flame Barrier"],"picked":"Bloodletting+1","floor":41},{"not_picked":["ReplayTheSpireMod:Strike From Hell","Burning Pact+1","Intimidate+1"],"picked":"SKIP","floor":41},{"not_picked":["Dual Wield+1","Run Through","Havoc+1"],"picked":"SKIP","floor":42},{"not_picked":["Havoc+1","ReplayTheSpireMod:LeadingStrike+1","Headbutt+1"],"picked":"SKIP","floor":44},{"not_picked":["ReplayTheSpireMod:Stacked+1","Havoc+1","Juggernaut"],"picked":"SKIP","floor":46},{"not_picked":["Armaments+1","Sword Boomerang+1","Perfected Strike+1"],"picked":"SKIP","floor":46},{"not_picked":["True Grit","Reckless Charge+1","ReplayTheSpireMod:Strike From Hell"],"picked":"SKIP","floor":47},{"not_picked":["Cleave+1","Infernal Blade+1","Headbutt"],"picked":"SKIP","floor":54}],"player_experience":219932,"relics_obtained":[{"floor":6,"key":"Turnip"},{"floor":9,"key":"Durian"},{"floor":10,"key":"Pantograph"},{"floor":11,"key":"Bird Faced Urn"},{"floor":14,"key":"Prayer Wheel"},{"floor":20,"key":"Red Mask"},{"floor":24,"key":"Magic Flower"},{"floor":26,"key":"Torii"},{"floor":28,"key":"Centennial Puzzle"},{"floor":31,"key":"Happy Flower"},{"floor":36,"key":"FossilizedHelix"},{"floor":40,"key":"Whetstone"},{"floor":42,"key":"Gremlin Horn"},{"floor":44,"key":"Strawberry"},{"floor":47,"key":"White Beast Statue"},{"floor":54,"key":"Pocketwatch"}],"event_choices":[{"damage_healed":0,"gold_gain":0,"player_choice":"Trade","damage_taken":0,"relics_obtained":["FaceOfCleric"],"max_hp_gain":0,"max_hp_loss":0,"event_name":"FaceTrader","floor":3,"gold_loss":0},{"damage_healed":0,"gold_gain":0,"player_choice":"Slimed","damage_taken":11,"max_hp_gain":0,"max_hp_loss":0,"event_name":"betterThird:BetterGoop","floor":7,"gold_loss":21},{"damage_healed":0,"gold_gain":0,"player_choice":"Obtained Relic","damage_taken":0,"relics_obtained":["Ornamental Fan"],"max_hp_gain":0,"max_hp_loss":0,"event_name":"Addict","floor":19,"gold_loss":85},{"damage_healed":0,"gold_gain":0,"player_choice":"Fought Bandits","damage_taken":0,"max_hp_gain":0,"max_hp_loss":0,"event_name":"Masked Bandits","floor":20,"gold_loss":0},{"damage_healed":0,"gold_gain":0,"player_choice":"Fight","damage_taken":0,"max_hp_gain":0,"max_hp_loss":0,"event_name":"Mysterious Sphere","floor":36,"gold_loss":0},{"damage_healed":0,"gold_gain":0,"player_choice":"Max HP","damage_taken":0,"max_hp_gain":0,"max_hp_loss":5,"event_name":"Winding Halls","floor":37,"gold_loss":0},{"cards_removed":["Defend_R"],"damage_healed":0,"gold_gain":0,"player_choice":"Removed Skill","damage_taken":0,"max_hp_gain":0,"max_hp_loss":0,"event_name":"Falling","floor":38,"gold_loss":0}],"is_beta":false,"boss_relics":[{"not_picked":["Calling Bell","Cursed Key"],"picked":"Replay:Wanted Poster"},{"not_picked":["Painkiller Herb","Mark of Pain"],"picked":"Coffee Dripper"}],"items_purged_floors":[12,48,53],"is_endless":false,"potions_floor_spawned":[2,11,13,14,27,28,29,36,39,46,47,54],"killed_by":"The Heart","ascension_level":5}}