{"host":"jq8d8epkoknfq6em","time":1609711915,"event":{"mods":["AchievementEnabler","BaseMod","Colored Map","Colored Powertips","Highlight Path","Minty Spire (QoL Compilation)","Quick Restart","StSLib"],"gold_per_floor":[114,114,132,142,152,181,198,211,211,228,228,244,269,48,48,151,151,151,76,76,36,36,36,36,36,36,36,36,36,36,36,36,36,36],"floor_reached":33,"playtime":4105,"items_purged":["Strike_R"],"score":488,"play_id":"e6b5d3c4-d59c-4887-b6cd-3c138d98340a","local_time":"20210103231155","is_ascension_mode":true,"campfire_choices":[{"data":"Fire Breathing","floor":11,"key":"SMITH"},{"floor":15,"key":"REST"},{"data":"1","floor":25,"key":"LIFT"},{"data":"2","floor":27,"key":"LIFT"},{"data":"3","floor":29,"key":"LIFT"},{"floor":32,"key":"REST"}],"circlet_count":0,"master_deck":["AscendersBane","Strike_R","Strike_R","Strike_R","Defend_R","Defend_R","Defend_R","Defend_R","Bash","Clothesline","Inflame","Cleave","Fiend Fire","Fire Breathing+1","Power Through","Wild Strike","Flame Barrier","Dual Wield","True Grit+1","Fire Breathing","Sentinel","Shockwave","Wild Strike+1","Feel No Pain+1","Intimidate","Battle Trance","Power Through","Headbutt+1"],"relics":["Burning Blood","Pear","Darkstone Periapt","Girya","Orrery","Ectoplasm","Ancient Tea Set","Question Card","StoneCalendar"],"acts_visited":["Exordium","TheCity"],"potions_floor_usage":[4,10,16,23,33],"damage_taken":[{"damage":24,"enemies":"Jaw Worm","floor":1,"turns":5},{"damage":4,"enemies":"Cultist","floor":3,"turns":3},{"damage":5,"enemies":"2 Louse","floor":4,"turns":3},{"damage":9,"enemies":"Looter","floor":5,"turns":4},{"damage":35,"enemies":"Lagavulin","floor":6,"turns":6},{"damage":24,"enemies":"Red Slaver","floor":7,"turns":4},{"damage":1,"enemies":"2 Fungi Beasts","floor":8,"turns":4},{"damage":0,"enemies":"3 Louse","floor":10,"turns":2},{"damage":15,"enemies":"Large Slime","floor":12,"turns":6},{"damage":17,"enemies":"Gremlin Nob","floor":13,"turns":5},{"damage":34,"enemies":"Hexaghost","floor":16,"turns":9},{"damage":37,"enemies":"3 Byrds","floor":18,"turns":4},{"damage":0,"enemies":"Chosen","floor":20,"turns":5},{"damage":15,"enemies":"Snake Plant","floor":22,"turns":4},{"damage":31,"enemies":"Slavers","floor":23,"turns":6},{"damage":20,"enemies":"Snecko","floor":28,"turns":6},{"damage":18,"enemies":"Book of Stabbing","floor":31,"turns":4},{"damage":102,"enemies":"Champ","floor":33,"turns":9}],"seed_played":"1463160781555632308","potions_obtained":[{"floor":3,"key":"LiquidMemories"},{"floor":6,"key":"FairyPotion"},{"floor":7,"key":"LiquidBronze"},{"floor":13,"key":"CultistPotion"},{"floor":16,"key":"Ancient Potion"},{"floor":18,"key":"Energy Potion"},{"floor":23,"key":"SpeedPotion"}],"is_trial":false,"path_per_floor":["M","?","M","M","M","E","M","M","T","M","R","M","E","$","R","B",null,"M","$","M","?","M","E","?","R","T","R","M","R","?","E","R","B"],"character_chosen":"IRONCLAD","items_purchased":["Fire Breathing","Orrery"],"campfire_rested":2,"item_purchase_floors":[14,14],"current_hp_per_floor":[62,62,64,65,62,43,25,30,30,36,36,27,16,16,45,17,78,47,47,53,53,44,19,51,51,51,51,37,37,37,25,54,0,0],"gold":36,"neow_bonus":"TEN_PERCENT_HP_BONUS","is_daily":false,"chose_seed":false,"campfire_upgraded":1,"win_rate":0.0,"timestamp":1609711915,"path_taken":["M","?","M","?","M","E","M","M","T","?","R","M","E","$","R","BOSS","M","$","M","?","?","E","?","R","T","R","M","R","?","E","R","BOSS"],"items_purchased_type":["Card","Relic"],"build_version":"2020-12-22","purchased_purges":1,"victory":false,"max_hp_per_floor":[88,88,88,88,88,98,98,98,98,98,98,98,98,98,98,98,98,98,98,98,98,98,98,98,98,98,98,98,98,98,98,98,98,98],"card_choices":[{"not_picked":["Thunderclap","Anger"],"picked":"Clothesline","floor":1},{"not_picked":["Flex","Entrench"],"picked":"Inflame","floor":3},{"not_picked":["Clothesline","Clash"],"picked":"Cleave","floor":4},{"not_picked":["Armaments","Headbutt"],"picked":"Fiend Fire","floor":5},{"not_picked":["Armaments","Carnage"],"picked":"Fire Breathing","floor":6},{"not_picked":["Sentinel","Flex"],"picked":"Power Through","floor":7},{"not_picked":["Combust","Twin Strike"],"picked":"Wild Strike","floor":8},{"not_picked":["Pommel Strike","Searing Blow"],"picked":"Flame Barrier","floor":10},{"not_picked":["Headbutt","Combust"],"picked":"Dual Wield","floor":12},{"not_picked":["Perfected Strike","Demon Form"],"picked":"True Grit","floor":13},{"not_picked":["Flex","Anger"],"picked":"Sentinel","floor":14},{"not_picked":["Iron Wave","Warcry"],"picked":"Shockwave","floor":14},{"not_picked":["Anger","Sentinel"],"picked":"Wild Strike+1","floor":18},{"not_picked":["Twin Strike+1","Perfected Strike","Clash"],"picked":"SKIP","floor":20},{"not_picked":["Pommel Strike","Body Slam"],"picked":"Feel No Pain+1","floor":22},{"not_picked":["Body Slam+1","Second Wind"],"picked":"Intimidate","floor":23},{"not_picked":["Pommel Strike","Feel No Pain+1","Bloodletting"],"picked":"Battle Trance","floor":28},{"not_picked":["Dropkick","Inflame","Carnage"],"picked":"Headbutt+1","floor":31}],"player_experience":927998,"relics_obtained":[{"floor":6,"key":"Pear"},{"floor":9,"key":"Darkstone Periapt"},{"floor":13,"key":"Girya"},{"floor":23,"key":"Ancient Tea Set"},{"floor":26,"key":"Question Card"},{"floor":31,"key":"StoneCalendar"}],"event_choices":[{"cards_removed":["Strike_R"],"damage_healed":0,"gold_gain":0,"player_choice":"Purged","damage_taken":0,"max_hp_gain":0,"max_hp_loss":0,"event_name":"Purifier","floor":2,"gold_loss":0},{"damage_healed":0,"gold_gain":0,"player_choice":"Upgrade","damage_taken":0,"max_hp_gain":0,"max_hp_loss":0,"event_name":"Designer","floor":21,"gold_loss":40,"cards_upgraded":["True Grit"]},{"damage_healed":32,"gold_gain":0,"player_choice":"Heal","damage_taken":0,"max_hp_gain":0,"max_hp_loss":0,"event_name":"The Library","floor":24,"gold_loss":0},{"damage_healed":0,"gold_gain":0,"player_choice":"Copied","damage_taken":0,"max_hp_gain":0,"max_hp_loss":0,"event_name":"Duplicator","floor":30,"gold_loss":0,"cards_obtained":["Power Through"]}],"is_beta":false,"boss_relics":[{"not_picked":["Runic Pyramid","Empty Cage"],"picked":"Ectoplasm"}],"items_purged_floors":[19],"is_endless":false,"potions_floor_spawned":[3,6,7,8,13,16,18,23,31],"killed_by":"Champ","ascension_level":11}}