{"host":"pgqkv8mh62pnrbci","time":1609656139,"event":{"mods":["2.2 Compatiblity","AchievementEnabler","BaseMod","Custom Start","DeckTracker","Minty Spire (QoL Compilation)","Replay The Spire","StSLib","SuperFastMode","¡¼?Úª?ø«¡½REMEMod"],"gold_per_floor":[119,139,139,189,203,230,230,255,303,303,333,348,448,463,463,534,534,551,551,113,130,146,178,178,198,198,198,227,152,152,172,172,246,246,265,283,283,298,345,377,377,408,433,465,128,148,148,148,148,148],"floor_reached":51,"playtime":1610,"items_purged":[],"score":2328,"play_id":"5e7dcb24-3379-405f-86bb-e43041e9d183","local_time":"20210103154219","is_ascension_mode":true,"campfire_choices":[{"data":"Neutralize","floor":7.0,"key":"SMITH"},{"data":"Blade Dance","floor":10.0,"key":"SMITH"},{"data":"Blade Dance","floor":15.0,"key":"SMITH"},{"data":"Adrenaline","floor":24.0,"key":"SMITH"},{"data":"ReplayTheSpireMod:The Works","floor":27.0,"key":"SMITH"},{"data":"REME_ShadowForm","floor":30.0,"key":"SMITH"},{"data":"Backstab","floor":32.0,"key":"SMITH"},{"data":"ReplayTheSpireMod:Shiv Toss","floor":41.0,"key":"SMITH"},{"data":"Storm of Steel","floor":47,"key":"SMITH"},{"floor":49,"key":"REST"}],"circlet_count":0,"master_deck":["Blade Dance+1","Neutralize+1","Dark Embrace+1","Collect+1","ReplayTheSpireMod:The Works+1","Blade Dance+1","REME_ShadowForm+1","Adrenaline+1","ReplayTheSpireMod:Shiv Toss+1","Storm of Steel+1"],"relics":["Ring of the Snake","REME_ComplimentaryCards","REME_PoisonedDagger","ReplayTheSpireMod:Lightbulb","Toy Ornithopter","Byrd Skull","SacredBark","Gremlin Horn","Blue Candle","Replay:Mystery Machine","Letter Opener","Busted Crown","Prayer Wheel","Mummified Hand","Smiling Mask","PreservedInsect","Lizard Tail","Vajra","ClockworkSouvenir"],"acts_visited":["Exordium","TheCity","TheBeyond"],"potions_floor_usage":[46],"damage_taken":[{"damage":9.0,"enemies":"Jaw Worm","floor":1.0,"turns":2.0},{"damage":13.0,"enemies":"2 Louse","floor":2.0,"turns":2.0},{"damage":0.0,"enemies":"Cultist","floor":5.0,"turns":1.0},{"damage":0.0,"enemies":"3 Sentries","floor":6.0,"turns":1.0},{"damage":0.0,"enemies":"Lagavulin","floor":8.0,"turns":1.0},{"damage":0.0,"enemies":"3 Sentries","floor":11.0,"turns":1.0},{"damage":0.0,"enemies":"Exordium Wildlife","floor":12.0,"turns":1.0},{"damage":0.0,"enemies":"Exordium Thugs","floor":14.0,"turns":1.0},{"damage":0.0,"enemies":"Hexaghost","floor":16.0,"turns":1.0},{"damage":0.0,"enemies":"Shell Parasite","floor":18.0,"turns":1.0},{"damage":0.0,"enemies":"3 Byrds","floor":21.0,"turns":1.0},{"damage":0.0,"enemies":"Snake Plant","floor":22.0,"turns":1.0},{"damage":0.0,"enemies":"REME_1_Revenger","floor":23.0,"turns":1.0},{"damage":0.0,"enemies":"Shelled Parasite and Fungi","floor":25.0,"turns":1.0},{"damage":0.0,"enemies":"Book of Stabbing","floor":28.0,"turns":1.0},{"damage":0.0,"enemies":"Snecko","floor":31.0,"turns":1.0},{"damage":0.0,"enemies":"Automaton","floor":33.0,"turns":1.0},{"damage":8.0,"enemies":"Orb Walker","floor":35.0,"turns":2.0},{"damage":0.0,"enemies":"3 Darklings","floor":36.0,"turns":1.0},{"damage":0.0,"enemies":"Spire Growth","floor":38.0,"turns":1.0},{"damage":0.0,"enemies":"2 Orb Walkers","floor":39.0,"turns":1.0},{"damage":0.0,"enemies":"Giant Head","floor":40.0,"turns":1.0},{"damage":0.0,"enemies":"Nemesis","floor":42.0,"turns":1.0},{"damage":0.0,"enemies":"R_Hoarder","floor":44.0,"turns":2.0},{"damage":0,"enemies":"Writhing Mass","floor":46,"turns":1},{"damage":0,"enemies":"Awakened One","floor":50,"turns":2}],"seed_played":"4584793414969733008","potions_obtained":[{"floor":1.0,"key":"Elixir"},{"floor":6.0,"key":"Milkshake"},{"floor":14.0,"key":"DuplicationPotion"},{"floor":36.0,"key":"EntropicBrew"},{"floor":38.0,"key":"SkillPotion"},{"floor":44.0,"key":"DistilledChaos"}],"is_trial":true,"path_per_floor":["M","M","?","?","M","E","R","E","T","R","E","M","?","M","R","B",null,"M","?","$","M","M","E","R","M","T","R","E","?","R","M","R","B",null,"M","M","?","M","?","E","R","E","T","E","$","M","R","?","R","B",null],"character_chosen":"THE_SILENT","items_purchased":["Gremlin Horn","Adrenaline","Vajra","ClockworkSouvenir"],"campfire_rested":1,"item_purchase_floors":[20,20,45,45],"current_hp_per_floor":[50,37,37,31,31,31,31,31,31,31,31,31,31,36,36,36,59,59,66,66,66,66,66,66,66,66,66,66,66,66,66,66,66,66,58,58,58,63,63,63,63,66,66,66,66,66,66,66,66,66],"gold":148,"neow_bonus":"","is_daily":false,"chose_seed":false,"campfire_upgraded":9,"win_rate":0.0,"timestamp":1609656139,"path_taken":["M","M","?","?","?","E","R","E","T","R","E","M","?","M","R","BOSS","M","?","$","M","?","E","R","M","T","R","E","?","R","M","R","BOSS","M","M","?","M","?","E","R","E","T","E","?","M","R","?","R","BOSS"],"items_purchased_type":["Relic","Card","Relic","Relic"],"build_version":"2020-12-22","purchased_purges":0,"victory":true,"max_hp_per_floor":[66,66,66,66,66,66,66,66,66,66,66,66,66,66,66,66,66,66,66,66,66,66,66,66,66,66,66,66,66,66,66,66,66,66,66,66,66,66,66,66,66,66,66,66,66,66,66,66,66,66],"card_choices":[{"not_picked":["Dagger Throw","Dagger Spray","Prepared"],"picked":"SKIP","floor":1.0},{"not_picked":["Outmaneuver","Bouncing Flask"],"picked":"ReplayTheSpireMod:The Works","floor":2.0},{"not_picked":["Draining Mist","Escape Plan","Slice"],"picked":"SKIP","floor":5.0},{"not_picked":["Poisoned Stab","Prepared"],"picked":"Blade Dance","floor":6.0},{"not_picked":["Masterful Stab","Deadly Poison"],"picked":"Hidden Blade","floor":8.0},{"not_picked":["Backflip","Blade Dance","Fluid Movement"],"picked":"SKIP","floor":11.0},{"not_picked":["Deflect","Hidden Blade"],"picked":"Backstab","floor":12.0},{"not_picked":["Dagger Spray","Dagger Throw","Setup"],"picked":"SKIP","floor":14.0},{"not_picked":["Wraith Form v2","Atom Bomb"],"picked":"REME_ShadowForm","floor":16.0},{"not_picked":["Expertise","Underhanded Strike","Flying Knee"],"picked":"SKIP","floor":18.0},{"not_picked":["Dagger Throw","Dodge and Roll","Acrobatics"],"picked":"SKIP","floor":21.0},{"not_picked":["Blur+1","Slice","Hidden Blade"],"picked":"SKIP","floor":22.0},{"not_picked":["Blur+1","Slice","Hidden Blade"],"picked":"SKIP","floor":22.0},{"not_picked":["Bane","Doppelganger","Footwork+1"],"picked":"SKIP","floor":23.0},{"not_picked":["Prepared","Bane+1","Cloak And Dagger"],"picked":"SKIP","floor":25.0},{"not_picked":["ReplayTheSpireMod:Shiv Toss","Venomology","ReplayTheSpireMod:Exploit Weakness"],"picked":"SKIP","floor":28.0},{"not_picked":["Venomology","ReplayTheSpireMod:Exploit Weakness"],"picked":"ReplayTheSpireMod:Shiv Toss","floor":28.0},{"not_picked":["Sucker Punch","Dodge and Roll","Underhanded Strike"],"picked":"SKIP","floor":31.0},{"not_picked":["Burst","Night Terror"],"picked":"Storm of Steel","floor":33.0},{"not_picked":["Cloak And Dagger"],"picked":"SKIP","floor":35.0},{"not_picked":["Replay:Poison Smokescreen"],"picked":"SKIP","floor":36.0},{"not_picked":["Sucker Punch"],"picked":"SKIP","floor":38.0},{"not_picked":["Sucker Punch"],"picked":"SKIP","floor":40.0},{"not_picked":["Deflect+1"],"picked":"SKIP","floor":42.0},{"not_picked":["PiercingWail"],"picked":"SKIP","floor":44.0},{"not_picked":["Prepared"],"picked":"SKIP","floor":46},{"not_picked":["Riddle With Holes"],"picked":"SKIP","floor":46}],"player_experience":595572,"relics_obtained":[{"floor":6.0,"key":"REME_PoisonedDagger"},{"floor":8.0,"key":"ReplayTheSpireMod:Lightbulb"},{"floor":9.0,"key":"Toy Ornithopter"},{"floor":11.0,"key":"Byrd Skull"},{"floor":23.0,"key":"Blue Candle"},{"floor":26.0,"key":"Replay:Mystery Machine"},{"floor":28.0,"key":"Letter Opener"},{"floor":39.0,"key":"Prayer Wheel"},{"floor":40.0,"key":"Mummified Hand"},{"floor":42.0,"key":"Smiling Mask"},{"floor":43.0,"key":"PreservedInsect"},{"floor":44.0,"key":"Lizard Tail"}],"event_choices":[{"damage_healed":0.0,"max_hp_gain":0.0,"max_hp_loss":0.0,"gold_gain":0.0,"event_name":"Living Wall","player_choice":"Grow","floor":3.0,"gold_loss":0.0,"damage_taken":0.0,"cards_upgraded":["Collect"]},{"damage_healed":0.0,"max_hp_gain":0.0,"max_hp_loss":0.0,"gold_gain":50.0,"event_name":"FaceTrader","player_choice":"Touch","floor":4.0,"gold_loss":0.0,"damage_taken":6.0},{"damage_healed":0.0,"max_hp_gain":0.0,"max_hp_loss":0.0,"gold_gain":100.0,"event_name":"Wheel of Change","player_choice":"Gold","floor":13.0,"gold_loss":0.0,"damage_taken":0.0},{"cards_removed":["ReplayTheSpireMod:Scrap Shanks"],"damage_healed":7.0,"max_hp_gain":0.0,"max_hp_loss":0.0,"gold_gain":0.0,"event_name":"Bonfire Elementals","player_choice":"Offered Uncommon","floor":19.0,"gold_loss":0.0,"damage_taken":0.0},{"cards_removed":["Hidden Blade"],"damage_healed":0.0,"max_hp_gain":0.0,"max_hp_loss":0.0,"gold_gain":0.0,"event_name":"Beggar","player_choice":"Gave Gold","floor":29.0,"gold_loss":75.0,"damage_taken":0.0},{"cards_removed":["Backstab"],"damage_healed":0.0,"max_hp_gain":0.0,"max_hp_loss":0.0,"gold_gain":0.0,"event_name":"Falling","player_choice":"Removed Attack","floor":37.0,"gold_loss":0.0,"damage_taken":0.0},{"damage_healed":0.0,"max_hp_gain":0.0,"max_hp_loss":0.0,"gold_gain":0.0,"event_name":"Mysterious Sphere","player_choice":"Fight","floor":39.0,"gold_loss":0.0,"damage_taken":0.0},{"damage_healed":0,"gold_gain":0,"player_choice":"Ignored","damage_taken":0,"max_hp_gain":0,"max_hp_loss":0,"event_name":"Purifier","floor":48,"gold_loss":0}],"is_beta":false,"boss_relics":[{"not_picked":["HoveringKite","Black Star"],"picked":"SacredBark"},{"not_picked":["Runic Pyramid","Sozu"],"picked":"Busted Crown"}],"items_purged_floors":[],"is_endless":false,"potions_floor_spawned":[1,6,11,12,14,22,25,36,38,44],"ascension_level":19}}