{"host":"g5zc4ej6zn2at89o","time":1609660059,"event":{"mods":["2.2 Compatiblity","AchievementEnabler","BaseMod","Colored Map","DeckTracker","Highlight Path","KOR Keyword Fix","Keyboard Shortcuts","Minty Spire (QoL Compilation)","Permanent Neow","Quick Restart","Say the Spire","StSLib","SuperFastMode","everything is the same but u backflip on backflip"],"gold_per_floor":[117,117,19,30,30,42,317,329,329,74,74,85,101,125,125,125,125],"floor_reached":16,"playtime":680,"items_purged":["Pain","Defend_R"],"score":92,"play_id":"9d4bcd95-0d7d-449c-a542-b9edfe934c3c","local_time":"20210103164739","is_ascension_mode":false,"campfire_choices":[{"floor":11,"key":"DIG"},{"floor":15,"key":"REST"}],"circlet_count":0,"master_deck":["Strike_R","Strike_R","Strike_R","Strike_R","Strike_R","Defend_R","Defend_R","Defend_R","Bash","Pommel Strike","Thunderclap","Rupture","Clash","Regret","Perfected Strike","Brutality","Spot Weakness"],"relics":["Burning Blood","Ginger","Paper Frog","Shovel","Darkstone Periapt","PreservedInsect","Self Forming Clay","Odd Mushroom"],"acts_visited":["Exordium"],"potions_floor_usage":[16],"damage_taken":[{"damage":5,"enemies":"2 Louse","floor":1,"turns":4},{"damage":1,"enemies":"Cultist","floor":4,"turns":4},{"damage":5,"enemies":"Small Slimes","floor":6,"turns":3},{"damage":11,"enemies":"3 Louse","floor":8,"turns":3},{"damage":15,"enemies":"Gremlin Gang","floor":12,"turns":4},{"damage":13,"enemies":"Lots of Slimes","floor":13,"turns":4},{"damage":28,"enemies":"The Mushroom Lair","floor":14,"turns":3},{"damage":37,"enemies":"The Guardian","floor":16,"turns":7}],"seed_played":"5633167527748312339","potions_obtained":[{"floor":1,"key":"LiquidMemories"},{"floor":6,"key":"Strength Potion"},{"floor":12,"key":"LiquidMemories"}],"is_trial":false,"path_per_floor":["M","?","$","M","?","M","?","M","T","$","R","M","M","?","R","B"],"character_chosen":"IRONCLAD","items_purchased":["Thunderclap","PreservedInsect"],"campfire_rested":1,"item_purchase_floors":[3,10],"current_hp_per_floor":[80,80,80,80,68,69,69,64,64,64,64,55,48,26,50,13,13],"gold":125,"neow_bonus":"ONE_RARE_RELIC","is_daily":false,"chose_seed":false,"campfire_upgraded":0,"win_rate":0.0,"timestamp":1609660059,"path_taken":["M","?","?","?","?","M","?","?","T","?","R","M","M","?","R","BOSS"],"items_purchased_type":["Card","Relic"],"build_version":"2020-12-22","purchased_purges":2,"victory":false,"max_hp_per_floor":[80,80,80,80,80,80,80,80,80,80,80,80,80,80,80,80,80],"card_choices":[{"not_picked":["Havoc","Heavy Blade"],"picked":"Pommel Strike","floor":1},{"not_picked":["Feel No Pain","Clothesline"],"picked":"Rupture","floor":4},{"not_picked":["Headbutt","Body Slam"],"picked":"Clash","floor":6},{"not_picked":["Shrug It Off","Body Slam"],"picked":"Perfected Strike","floor":8},{"not_picked":["Headbutt","Iron Wave"],"picked":"Brutality","floor":12},{"not_picked":["Havoc","Clash","Whirlwind"],"picked":"SKIP","floor":13},{"not_picked":["Twin Strike","Headbutt"],"picked":"Spot Weakness","floor":14}],"player_experience":123243,"relics_obtained":[{"floor":9,"key":"Darkstone Periapt"},{"floor":11,"key":"Self Forming Clay"},{"floor":14,"key":"Odd Mushroom"}],"event_choices":[{"damage_healed":0,"gold_gain":0,"player_choice":"Gave Potion","damage_taken":0,"relics_obtained":["Paper Frog"],"max_hp_gain":0,"max_hp_loss":0,"event_name":"WeMeetAgain","floor":2,"gold_loss":0},{"damage_healed":0,"gold_gain":0,"player_choice":"Success","damage_taken":12,"relics_obtained":["Shovel"],"max_hp_gain":0,"max_hp_loss":0,"event_name":"Scrap Ooze","floor":5,"gold_loss":0},{"damage_healed":0,"gold_gain":275,"player_choice":"Desecrate","damage_taken":0,"max_hp_gain":0,"max_hp_loss":0,"event_name":"Golden Shrine","floor":7,"gold_loss":0,"cards_obtained":["Regret"]},{"damage_healed":0,"gold_gain":0,"player_choice":"Fought Mushrooms","damage_taken":0,"max_hp_gain":0,"max_hp_loss":0,"event_name":"Mushrooms","floor":14,"gold_loss":0}],"is_beta":false,"boss_relics":[],"items_purged_floors":[3,10],"is_endless":false,"potions_floor_spawned":[1,6,12],"killed_by":"The Guardian","ascension_level":0}}