{"host":"h0xw20cia6ppa69g","time":1609673613,"event":{"mods":["AchievementEnabler","BaseMod","Colored Map","Filter the Spire","Googly Eyes","Minty Spire (QoL Compilation)","Relic Stats","StSLib","The Awakened One except there are too many feathers","everything is the same but u backflip on backflip"],"gold_per_floor":[116,136,154,174,174,202,202,202,202,202,234,254,283,299,299,397,397,417,165,165,179,9,39,51,51,123,151,162,191,191,202,202,297,297,311,366,381,381,381,381,381],"floor_reached":40,"playtime":1987,"items_purged":["Zap"],"score":570,"play_id":"aeee1c04-d6ca-49a8-83e2-d9064039dc2e","local_time":"20210103053333","is_ascension_mode":true,"campfire_choices":[{"data":"Consume","floor":7.0,"key":"SMITH"},{"data":"Darkness","floor":10.0,"key":"SMITH"},{"data":"Coolheaded","floor":15.0,"key":"SMITH"},{"data":"Echo Form","floor":32.0,"key":"SMITH"}],"circlet_count":0,"master_deck":["Dualcast","BootSequence","Consume+1","Stack","Rebound","Hyperbeam","Capacitor+1","Darkness+1","Loop+1","Cold Snap","Turbo","Electrodynamics","FTL","Coolheaded+1","Leap","Echo Form+1","Fusion+1","Leap","Tempest","Heatsinks","Turbo","Hologram","Recycle","Coolheaded","Turbo","Compile Driver+1","Undo","Creative AI","Skim","Barrage","Pain"],"relics":["Pandora\u0027s Box","Nunchaku","Oddly Smooth Stone","Pantograph","Matryoshka","Inserter","PreservedInsect","Membership Card","Toy Ornithopter","Kunai","StrikeDummy","Bottled Flame","Pen Nib","Black Star","Peace Pipe","WarpedTongs"],"acts_visited":["Exordium","TheCity","TheBeyond"],"potions_floor_usage":[36,36,39,40],"damage_taken":[{"damage":0.0,"enemies":"2 Louse","floor":1.0,"turns":1.0},{"damage":1.0,"enemies":"Jaw Worm","floor":2.0,"turns":2.0},{"damage":0.0,"enemies":"Cultist","floor":3.0,"turns":3.0},{"damage":0.0,"enemies":"2 Fungi Beasts","floor":4.0,"turns":2.0},{"damage":24.0,"enemies":"Gremlin Nob","floor":6.0,"turns":5.0},{"damage":6.0,"enemies":"3 Sentries","floor":11.0,"turns":3.0},{"damage":0.0,"enemies":"Looter","floor":12.0,"turns":2.0},{"damage":0.0,"enemies":"Lagavulin","floor":13.0,"turns":4.0},{"damage":2.0,"enemies":"Red Slaver","floor":14.0,"turns":3.0},{"damage":22.0,"enemies":"The Guardian","floor":16.0,"turns":6.0},{"damage":0.0,"enemies":"Shell Parasite","floor":18.0,"turns":4.0},{"damage":5.0,"enemies":"Spheric Guardian","floor":21.0,"turns":7.0},{"damage":0.0,"enemies":"Slavers","floor":23.0,"turns":2.0},{"damage":29.0,"enemies":"Centurion and Healer","floor":24.0,"turns":4.0},{"damage":27.0,"enemies":"Gremlin Leader","floor":27.0,"turns":6.0},{"damage":9.0,"enemies":"Snake Plant","floor":28.0,"turns":5.0},{"damage":13.0,"enemies":"Book of Stabbing","floor":29.0,"turns":8.0},{"damage":22.0,"enemies":"Cultist and Chosen","floor":31.0,"turns":7.0},{"damage":44.0,"enemies":"Collector","floor":33.0,"turns":11.0},{"damage":12.0,"enemies":"3 Darklings","floor":35.0,"turns":6.0},{"damage":64,"enemies":"2 Orb Walkers","floor":36,"turns":4},{"damage":7,"enemies":"Orb Walker","floor":37,"turns":7},{"damage":0,"enemies":"Writhing Mass","floor":39,"turns":2},{"damage":13,"enemies":"Giant Head","floor":40,"turns":6}],"seed_played":"-8372577482142397044","potions_obtained":[{"floor":1.0,"key":"LiquidBronze"},{"floor":3.0,"key":"Explosive Potion"},{"floor":4.0,"key":"Energy Potion"},{"floor":12.0,"key":"Block Potion"},{"floor":21.0,"key":"SpeedPotion"},{"floor":27.0,"key":"SteroidPotion"},{"floor":28.0,"key":"SmokeBomb"},{"floor":31.0,"key":"Swift Potion"},{"floor":36,"key":"FearPotion"}],"is_trial":false,"path_per_floor":["M","M","M","M","?","E","R","?","T","R","E","M","E","M","R","B",null,"M","$","?","M","$","E","M","?","T","E","M","E","?","M","R","B",null,"M","?","M","?","M","E"],"character_chosen":"DEFECT","items_purchased":["PreservedInsect","Leap","Membership Card","Heatsinks"],"campfire_rested":0,"item_purchase_floors":[19,19,22,22],"current_hp_per_floor":[75,74,74,74,59,35,35,35,35,35,29,29,29,27,27,30,75,75,75,75,70,70,70,41,41,41,19,10,2,75,53,53,31,75,63,9,2,2,7,0,0],"gold":381,"neow_bonus":"BOSS_RELIC","is_daily":false,"chose_seed":false,"campfire_upgraded":4,"win_rate":0.0,"timestamp":1609673613,"path_taken":["M","M","M","M","?","E","R","?","T","R","E","M","E","M","R","BOSS","M","$","?","M","$","E","M","?","T","E","M","E","?","?","R","BOSS","M","?","M","?","?","E"],"items_purchased_type":["Relic","Card","Relic","Card"],"build_version":"2020-12-22","purchased_purges":1,"victory":false,"max_hp_per_floor":[75,75,75,75,75,75,75,75,75,75,75,75,75,75,75,75,75,75,75,75,75,75,75,75,75,75,75,75,75,75,75,75,75,75,75,75,75,75,75,75,75],"relic_stats":{"Inserter":[39],"counters":[24,110],"PreservedInsect":253,"Pen Nib":[2],"WarpedTongs":[8],"Peace Pipe":0,"Nunchaku":[7],"Pantograph":47,"Pandora\u0027s Box":["BootSequence","Hello World","Consume","Stack","Go for the Eyes","Rebound","Hyperbeam","Capacitor"],"Black Star":0,"Kunai":[2],"obtain_stats":[{"Inserter":17,"Oddly Smooth Stone":9,"PreservedInsect":19,"Pen Nib":29,"WarpedTongs":38,"Peace Pipe":36,"Nunchaku":6,"Bottled Flame":27,"Matryoshka":13,"Pantograph":11,"Pandora\u0027s Box":0,"Black Star":34,"Membership Card":22,"Kunai":26,"Cracked Core":0,"StrikeDummy":26,"Toy Ornithopter":23},{"Inserter":10,"Oddly Smooth Stone":5,"PreservedInsect":11,"Pen Nib":17,"WarpedTongs":22,"Peace Pipe":21,"Nunchaku":5,"Bottled Flame":15,"Matryoshka":8,"Pantograph":6,"Pandora\u0027s Box":0,"Black Star":19,"Membership Card":12,"Kunai":14,"Cracked Core":0,"StrikeDummy":14,"Toy Ornithopter":13},{"Inserter":31,"Oddly Smooth Stone":13,"PreservedInsect":35,"Pen Nib":67,"WarpedTongs":102,"Peace Pipe":95,"Nunchaku":13,"Bottled Flame":54,"Matryoshka":22,"Pantograph":16,"Pandora\u0027s Box":0,"Black Star":85,"Membership Card":42,"Kunai":48,"Cracked Core":0,"StrikeDummy":48,"Toy Ornithopter":44}],"Toy Ornithopter":30},"card_choices":[{"not_picked":["FTL","Force Field"],"picked":"Darkness","floor":1.0},{"not_picked":["Stack","Beam Cell"],"picked":"Loop","floor":2.0},{"not_picked":["Gash","Coolheaded"],"picked":"Cold Snap","floor":3.0},{"not_picked":["Hologram","Steam"],"picked":"Turbo","floor":4.0},{"not_picked":["Multi-Cast","Compile Driver"],"picked":"Electrodynamics","floor":6.0},{"not_picked":["Auto Shields","Redo"],"picked":"FTL","floor":11.0},{"not_picked":["Hologram","Rip and Tear"],"picked":"Coolheaded","floor":12.0},{"not_picked":["Sweeping Beam","Gash","Redo"],"picked":"SKIP","floor":13.0},{"not_picked":["Scrape","Stack"],"picked":"Leap","floor":14.0},{"not_picked":["Core Surge","Machine Learning"],"picked":"Echo Form","floor":16.0},{"not_picked":["Rip and Tear","Scrape"],"picked":"Fusion+1","floor":18.0},{"not_picked":["Go for the Eyes","Rebound"],"picked":"Tempest","floor":21.0},{"not_picked":["Fusion","Gash"],"picked":"Turbo","floor":23.0},{"not_picked":["Turbo","Compile Driver"],"picked":"Hologram","floor":24.0},{"not_picked":["Fission","Sunder"],"picked":"Turbo","floor":27.0},{"not_picked":["FTL","Aggregate"],"picked":"Compile Driver+1","floor":28.0},{"not_picked":["Hyperbeam","Turbo"],"picked":"Self Repair","floor":29.0},{"not_picked":["Go for the Eyes","Steam"],"picked":"Undo","floor":31.0},{"not_picked":["Fission","Amplify"],"picked":"Creative AI","floor":33.0},{"not_picked":["Coolheaded","Blizzard"],"picked":"Skim","floor":35.0},{"not_picked":["Turbo","Ball Lightning"],"picked":"Barrage","floor":36},{"not_picked":["Turbo+1","Double Energy+1","Beam Cell"],"picked":"SKIP","floor":37}],"player_experience":3599730,"relics_obtained":[{"floor":6.0,"key":"Nunchaku"},{"floor":9.0,"key":"Oddly Smooth Stone"},{"floor":11.0,"key":"Pantograph"},{"floor":13.0,"key":"Matryoshka"},{"floor":23.0,"key":"Toy Ornithopter"},{"floor":26.0,"key":"Kunai"},{"floor":26.0,"key":"StrikeDummy"},{"floor":27.0,"key":"Bottled Flame"},{"floor":29.0,"key":"Pen Nib"},{"floor":36,"key":"Peace Pipe"}],"event_choices":[{"damage_healed":0.0,"max_hp_gain":0.0,"max_hp_loss":0.0,"gold_gain":0.0,"event_name":"Shining Light","player_choice":"Entered Light","floor":5.0,"gold_loss":0.0,"damage_taken":15.0,"cards_upgraded":["Capacitor","Loop"]},{"damage_healed":0.0,"max_hp_gain":0.0,"max_hp_loss":0.0,"gold_gain":0.0,"event_name":"Match and Keep!","player_choice":"0 cards matched","floor":8.0,"gold_loss":0.0,"damage_taken":0.0,"cards_obtained":[]},{"damage_healed":0.0,"max_hp_gain":0.0,"max_hp_loss":0.0,"gold_gain":0.0,"event_name":"Ghosts","player_choice":"Ignored","floor":20.0,"gold_loss":0.0,"damage_taken":0.0},{"damage_healed":0.0,"max_hp_gain":0.0,"max_hp_loss":0.0,"gold_gain":0.0,"cards_transformed":["Hello World","Go for the Eyes"],"event_name":"Drug Dealer","player_choice":"Became Test Subject","floor":25.0,"gold_loss":0.0,"damage_taken":0.0,"cards_obtained":["Recycle","Coolheaded"]},{"cards_removed":["Self Repair"],"damage_healed":73.0,"max_hp_gain":0.0,"max_hp_loss":0.0,"gold_gain":0.0,"event_name":"Bonfire Elementals","player_choice":"Offered Uncommon","floor":30.0,"gold_loss":0.0,"damage_taken":0.0},{"damage_healed":0,"gold_gain":0,"player_choice":"Fight","damage_taken":0,"max_hp_gain":0,"max_hp_loss":0,"event_name":"Mysterious Sphere","floor":36,"gold_loss":0},{"damage_healed":0,"gold_gain":0,"player_choice":"Rummage","damage_taken":0,"relics_obtained":["WarpedTongs"],"max_hp_gain":0,"max_hp_loss":0,"event_name":"Accursed Blacksmith","floor":38,"gold_loss":0,"cards_obtained":["Pain"]}],"is_beta":false,"boss_relics":[{"not_picked":["Runic Pyramid","SlaversCollar"],"picked":"Inserter"},{"not_picked":["Cursed Key","Snecko Eye"],"picked":"Black Star"}],"items_purged_floors":[19],"is_endless":false,"potions_floor_spawned":[1,3,4,12,21,27,28,31,36,39],"killed_by":"Giant Head","ascension_level":1}}