{"host":"no7lpkw32q9rsjhi","time":1609652560,"event":{"mods":["BaseMod","Colored Map","Conspire","Infinite Spire","Jorbs\u0027s Wanderer Trilogy","Minty Spire (QoL Compilation)","Replay The Spire","StSLib","The Hierophant"],"gold_per_floor":[110,125,144,144,41,76,76,76,101,44,59,71,102,121,121,226,226,240,240,240],"floor_reached":19,"playtime":1941,"items_purged":[],"score":179,"play_id":"1c6cb605-96b5-434f-9897-c88050d1018e","local_time":"20210103004240","is_ascension_mode":false,"campfire_choices":[{"floor":7,"key":"REST"},{"floor":15,"key":"REST"}],"circlet_count":0,"master_deck":["stsjorbsmod:ForbiddenGrimoire+1","stsjorbsmod:Strike_Wanderer","stsjorbsmod:Strike_Wanderer+1","stsjorbsmod:Strike_Wanderer","stsjorbsmod:Strike_Wanderer+1","stsjorbsmod:Defend_Wanderer","stsjorbsmod:Defend_Wanderer","stsjorbsmod:Defend_Wanderer","stsjorbsmod:FreshAdventure","stsjorbsmod:EyeOfTheStorm","stsjorbsmod:Firebolt","stsjorbsmod:Inferno","stsjorbsmod:DisguiseSelf","stsjorbsmod:Prestidigitation","stsjorbsmod:WanderingMind","stsjorbsmod:SmithingStrike","stsjorbsmod:RefuseToForget","stsjorbsmod:RefuseToForget","stsjorbsmod:FindFamiliar","stsjorbsmod:Mending","stsjorbsmod:Aid","stsjorbsmod:DisguiseSelf","stsjorbsmod:Pyromancy","stsjorbsmod:ChainLightning"],"relics":["stsjorbsmod:GrimoireRelic","Gremlin Food","Smiling Mask","Replay:Baseball","Black Star"],"acts_visited":["Exordium","TheCity"],"potions_floor_usage":[13,16,19],"damage_taken":[{"damage":2,"enemies":"Cultist","floor":1,"turns":4},{"damage":0,"enemies":"conspire:RoseBush","floor":2,"turns":3},{"damage":17,"enemies":"infinitespire:Voidling","floor":3,"turns":4},{"damage":40,"enemies":"Gremlin Nob","floor":6,"turns":5},{"damage":20,"enemies":"Looter","floor":11,"turns":4},{"damage":3,"enemies":"2 Fungi Beasts","floor":12,"turns":4},{"damage":21,"enemies":"3 Sentries","floor":13,"turns":6},{"damage":7,"enemies":"Exordium Thugs","floor":14,"turns":5},{"damage":28,"enemies":"Hexaghost","floor":16,"turns":8},{"damage":54,"enemies":"Spheric Guardian","floor":18,"turns":7},{"damage":27,"enemies":"3 Byrds","floor":19,"turns":3}],"seed_played":"-6274417965756600819","potions_obtained":[{"floor":1,"key":"Venom Potion"},{"floor":3,"key":"Elixir"},{"floor":12,"key":"LiquidBronze"},{"floor":13,"key":"Swift Potion"},{"floor":14,"key":"Dexterity Potion"},{"floor":18,"key":"Venom Potion"}],"is_trial":false,"path_per_floor":["M","M","M","?","$","E","R","?","T","$","M","M","E","M","R","B",null,"M","M"],"character_chosen":"WANDERER","items_purchased":["stsjorbsmod:Prestidigitation","stsjorbsmod:WanderingMind","stsjorbsmod:RefuseToForget"],"campfire_rested":2,"item_purchase_floors":[5,5,10],"current_hp_per_floor":[73,74,59,59,59,21,43,43,43,43,24,24,7,10,32,4,76,26,0,0],"gold":240,"neow_bonus":"TEN_PERCENT_HP_BONUS","is_daily":false,"chose_seed":false,"campfire_upgraded":0,"win_rate":0.0,"timestamp":1609652560,"path_taken":["M","M","M","?","?","E","R","?","T","$","M","?","E","M","R","BOSS","M","M"],"items_purchased_type":["Card","Card","Card"],"build_version":"2020-12-22","purchased_purges":0,"victory":false,"max_hp_per_floor":[74,74,74,74,74,74,74,74,74,74,74,74,74,76,76,76,76,76,76,76],"card_choices":[{"not_picked":["stsjorbsmod:Message","stsjorbsmod:BlackTentacles"],"picked":"stsjorbsmod:Patron","floor":1},{"not_picked":["stsjorbsmod:ParryingBlow","stsjorbsmod:BlackTentacles"],"picked":"stsjorbsmod:Firebolt","floor":2},{"not_picked":["stsjorbsmod:Introspection","stsjorbsmod:ChainLightning"],"picked":"stsjorbsmod:Inferno","floor":3},{"not_picked":["stsjorbsmod:WeightOfMemory","stsjorbsmod:Hibernate"],"picked":"stsjorbsmod:SmithingStrike","floor":6},{"not_picked":["stsjorbsmod:SchoolsOfMagic","stsjorbsmod:LoseGrip"],"picked":"stsjorbsmod:FindFamiliar","floor":11},{"not_picked":["stsjorbsmod:ChatteringStrike","stsjorbsmod:Hurt"],"picked":"stsjorbsmod:Mending","floor":12},{"not_picked":["stsjorbsmod:UnseenServant","stsjorbsmod:FlameWard"],"picked":"stsjorbsmod:Aid","floor":13},{"not_picked":["stsjorbsmod:Mindworm","stsjorbsmod:UnseenServant"],"picked":"stsjorbsmod:DisguiseSelf","floor":14},{"not_picked":["stsjorbsmod:PurgeMind","stsjorbsmod:Fear"],"picked":"stsjorbsmod:Pyromancy","floor":16},{"not_picked":["stsjorbsmod:BlackTentacles","stsjorbsmod:Materialize"],"picked":"stsjorbsmod:ChainLightning","floor":18}],"player_experience":64496,"relics_obtained":[{"floor":6,"key":"Gremlin Food"},{"floor":13,"key":"Replay:Baseball"}],"event_choices":[{"damage_healed":0,"gold_gain":0,"cards_transformed":["stsjorbsmod:Defend_Wanderer"],"player_choice":"Transformed","damage_taken":0,"max_hp_gain":0,"max_hp_loss":0,"event_name":"Transmorgrifier","floor":4,"gold_loss":0,"cards_obtained":["stsjorbsmod:DisguiseSelf"]},{"damage_healed":0,"gold_gain":0,"player_choice":"Gave Potion","damage_taken":0,"relics_obtained":["Smiling Mask"],"max_hp_gain":0,"max_hp_loss":0,"event_name":"WeMeetAgain","floor":8,"gold_loss":0}],"is_beta":false,"boss_relics":[{"not_picked":["SacredBark","Ring of Chaos"],"picked":"Black Star"}],"items_purged_floors":[],"is_endless":false,"potions_floor_spawned":[1,3,12,13,14,18],"killed_by":"3 Byrds","ascension_level":0}}