{"host":"0i8dz4ityulxi1rd","time":1609638845,"event":{"mods":["BaseMod","Colored Map","Colored Powertips","Custom Start","Highlight Path","Hubris","Keyboard Shortcuts","Minty Spire (QoL Compilation)","StSLib","SuperFastMode"],"gold_per_floor":[362,287,287,97,109,109,12,44,67,67,78,106,123,123,123,198,198,211,54,54,54,54,54],"floor_reached":22,"playtime":424,"items_purged":["Normality"],"score":430,"play_id":"c50ecdce-c08e-4d6c-8dc5-6d19b3fb0fdb","local_time":"20210103105405","is_ascension_mode":true,"campfire_choices":[{"data":"Sword Boomerang","floor":6,"key":"SMITH"},{"data":"Bash","floor":10,"key":"SMITH"},{"data":"Anger","floor":15,"key":"SMITH"}],"circlet_count":0,"master_deck":["AscendersBane","Strike_R","Strike_R","Strike_R","Strike_R","Strike_R","Defend_R","Defend_R+1","Defend_R","Defend_R+1","Bash+1","Sword Boomerang","Sword Boomerang+1","Power Through","Twin Strike","Brutality","Disarm","Anger+1","Hemokinesis","Offering","Wild Strike","Discovery","Madness","hubris:Insight","Purity"],"relics":["Burning Blood","hubris:AstralHammer","Brimstone","StoneCalendar","War Paint","hubris:OldNail","Paper Frog","hubris:BlackHole","ClockworkSouvenir"],"acts_visited":["Exordium","TheCity"],"potions_floor_usage":[16,16],"damage_taken":[{"damage":7,"enemies":"2 Louse","floor":1,"turns":4},{"damage":0,"enemies":"Cultist","floor":5,"turns":2},{"damage":23,"enemies":"3 Sentries","floor":8,"turns":4},{"damage":1,"enemies":"Jaw Worm","floor":11,"turns":2},{"damage":1,"enemies":"Gremlin Nob","floor":12,"turns":2},{"damage":0,"enemies":"Large Slime","floor":13,"turns":3},{"damage":58,"enemies":"Hexaghost","floor":16,"turns":4},{"damage":21,"enemies":"3 Byrds","floor":18,"turns":4},{"damage":22,"enemies":"Chosen","floor":22,"turns":2}],"seed_played":"6618810163682368516","potions_obtained":[{"floor":1,"key":"Fire Potion"},{"floor":8,"key":"PowerPotion"}],"is_trial":false,"path_per_floor":["M","$","?","$","M","R","$","E","T","R","M","E","M","?","R","B",null,"M","$","?","?","M"],"character_chosen":"IRONCLAD","items_purchased":["Brimstone","Sword Boomerang","Power Through","Twin Strike","ClockworkSouvenir"],"campfire_rested":0,"item_purchase_floors":[4,4,7,7,19],"current_hp_per_floor":[67,67,67,67,73,73,73,56,56,56,61,66,72,67,67,15,60,45,45,45,9,0,0],"gold":54,"neow_bonus":"TWO_FIFTY_GOLD","is_daily":false,"chose_seed":false,"campfire_upgraded":3,"win_rate":0.0,"timestamp":1609638845,"path_taken":["M","$","?","$","?","R","$","E","T","R","M","E","M","?","R","BOSS","M","$","?","?","?"],"items_purchased_type":["Relic","Card","Card","Card","Relic"],"build_version":"2020-12-22","purchased_purges":1,"victory":false,"max_hp_per_floor":[75,75,75,75,75,75,75,75,75,75,75,75,75,75,75,75,75,75,75,75,75,75,75],"card_choices":[{"not_picked":["Shockwave","Clothesline"],"picked":"Fire Breathing","floor":1},{"not_picked":["True Grit","Flex"],"picked":"Sword Boomerang","floor":5},{"not_picked":["Thunderclap","Power Through"],"picked":"Brutality","floor":8},{"not_picked":["Carnage","Body Slam"],"picked":"Disarm","floor":11},{"not_picked":["Clothesline","Heavy Blade"],"picked":"Anger","floor":12},{"not_picked":["Dropkick","Sentinel"],"picked":"Hemokinesis","floor":13},{"not_picked":["Double Tap","Berserk"],"picked":"Offering","floor":16},{"not_picked":["Havoc","Flex"],"picked":"Wild Strike","floor":18}],"player_experience":1306739,"relics_obtained":[{"floor":8,"key":"StoneCalendar"},{"floor":9,"key":"War Paint"},{"floor":12,"key":"hubris:OldNail"}],"event_choices":[{"cards_removed":["Fire Breathing"],"damage_healed":0,"gold_gain":0,"player_choice":"Gave Card","damage_taken":0,"relics_obtained":["hubris:AstralHammer"],"max_hp_gain":0,"max_hp_loss":0,"event_name":"WeMeetAgain","floor":3,"gold_loss":0},{"damage_healed":0,"gold_gain":0,"player_choice":"Success","damage_taken":5,"relics_obtained":["Paper Frog"],"max_hp_gain":0,"max_hp_loss":0,"event_name":"Scrap Ooze","floor":14,"gold_loss":0},{"damage_healed":0,"gold_gain":0,"player_choice":"CARD CARD CARD CARD ","damage_taken":36,"max_hp_gain":0,"max_hp_loss":0,"event_name":"Knowing Skull","floor":21,"potions_obtained":[],"gold_loss":0,"cards_obtained":["Discovery","Madness","hubris:Insight","Purity"]}],"is_beta":false,"boss_relics":[{"not_picked":["hubris:GrandSneckoEye","Mark of Pain"],"picked":"hubris:BlackHole"}],"items_purged_floors":[2],"is_endless":false,"potions_floor_spawned":[1,8],"killed_by":"Chosen","ascension_level":20}}