{"host":"05f2hnymw1jwv8z0","time":1609646717,"event":{"mods":["BaseMod","Downfall","Minty Spire (QoL Compilation)","StSLib"],"gold_per_floor":[99,99,99,99,199,76,76,76,92,119,119,129,142,27,45,142,142,142,154,289,309,134,184,235,264,514,527,14,40,40,103,118,221,221,71,21,38,88,103,117,117,42,75,91,104,104,121,28,40,40,40,68,68,68,68],"floor_reached":56,"playtime":4020,"items_purged":["Slimebound:Strike_Slimebound","Slimebound:Defend_Slimebound","Slimebound:Defend_Slimebound","Slimebound:SplitBruiser"],"score":1217,"play_id":"5ef95908-4ecf-4bb1-ad45-685d30abda2f","local_time":"20210103120517","is_ascension_mode":false,"campfire_choices":[{"data":"Slimebound:Split","floor":1.0,"key":"SMITH"},{"data":"Slimebound:LevelUp","floor":8.0,"key":"SMITH"},{"data":"Slimebound:SlimeTap","floor":11.0,"key":"SMITH"},{"data":"Slimebound:Teamwork","floor":18.0,"key":"SMITH"},{"floor":30.0,"key":"RECALL"},{"data":"Slimebound:OneTwoCombo","floor":35.0,"key":"SMITH"},{"data":"Slimebound:Repurpose","floor":42,"key":"SMITH"},{"data":"Slimebound:Teamwork","floor":54,"key":"SMITH"}],"circlet_count":0,"master_deck":["Slimebound:Strike_Slimebound+1","Slimebound:Defend_Slimebound","Slimebound:Split+1","Slimebound:CorrosiveSpit","Slimebound:SamplingLick","Slimebound:SplitLeeching","Slimebound:SplitMire","Slimebound:SlimeTap+1","Slimebound:LevelUp+1","Slimebound:ProtectTheBoss","Slimebound:SlimeBrawl","Slimebound:SplitBruiser","Slimebound:SlimeTap","Slimebound:Teamwork+1","Slimebound:SlimeSpikes+1","Slimebound:SplitLeeching+1","Slimebound:RainOfGoop+1","Slimebound:Replication","Slimebound:Repurpose+1","Slimebound:OneTwoCombo+1","Slimebound:SplitLeeching","Slimebound:SplitAcid+1","Slimebound:Teamwork+1","Slimebound:RejuvenatingLick+1","Slimebound:SplitAcid+1","Slimebound:LeechEnergy+1","Slimebound:HauntingLick","Slimebound:LivingWall","Slimebound:Teamwork+1"],"relics":["Slimebound:AbsorbEndCombat","downfall:HeartsMalice","downfall:CloakOfManyFaces","CultistMask","FaceOfCleric","NlothsMask","GremlinMask","SsserpentHead","Blue Candle","Astrolabe","Ice Cream","PreservedInsect","TungstenRod","Whetstone","Philosopher\u0027s Stone","downfall:HeartBlessingRed","downfall:HeartBlessingGreen","Bird Faced Urn","downfall:HeartBlessingBlue","Toy Ornithopter","Kunai"],"acts_visited":["Exordium","TheCity","TheBeyond","TheEnding"],"potions_floor_usage":[50,55,55,55],"damage_taken":[{"damage":0.0,"enemies":"2 Louse","floor":2.0,"turns":1.0},{"damage":0.0,"enemies":"Cultist","floor":3.0,"turns":1.0},{"damage":0.0,"enemies":"Small Slimes","floor":4.0,"turns":1.0},{"damage":25.0,"enemies":"downfall:FaceTrader","floor":5.0,"turns":7.0},{"damage":21.0,"enemies":"downfall:FleeingMerchant","floor":6.0,"turns":4.0},{"damage":20.0,"enemies":"2 Fungi Beasts","floor":9.0,"turns":2.0},{"damage":37.0,"enemies":"Lagavulin","floor":10.0,"turns":4.0},{"damage":28.0,"enemies":"Lots of Slimes","floor":12.0,"turns":4.0},{"damage":25.0,"enemies":"Exordium Thugs","floor":13.0,"turns":3.0},{"damage":33.0,"enemies":"downfall:FleeingMerchant","floor":14.0,"turns":4.0},{"damage":13.0,"enemies":"2 Fungi Beasts","floor":15.0,"turns":2.0},{"damage":63.0,"enemies":"downfall:Defect","floor":16.0,"turns":6.0},{"damage":12.0,"enemies":"3 Byrds","floor":19.0,"turns":2.0},{"damage":36.0,"enemies":"Chosen","floor":21.0,"turns":4.0},{"damage":36.0,"enemies":"downfall:FleeingMerchant","floor":22.0,"turns":4.0},{"damage":43.0,"enemies":"Slavers","floor":25.0,"turns":5.0},{"damage":30.0,"enemies":"Snecko","floor":27.0,"turns":7.0},{"damage":19.0,"enemies":"Book of Stabbing","floor":29.0,"turns":6.0},{"damage":18.0,"enemies":"Shelled Parasite and Fungi","floor":31.0,"turns":3.0},{"damage":19.0,"enemies":"Snake Plant","floor":32.0,"turns":3.0},{"damage":39.0,"enemies":"downfall:Watcher","floor":33.0,"turns":8.0},{"damage":35.0,"enemies":"3 Darklings","floor":37.0,"turns":4.0},{"damage":12.0,"enemies":"Orb Walker","floor":39.0,"turns":2.0},{"damage":34,"enemies":"Jaw Worm Horde","floor":40,"turns":3},{"damage":25,"enemies":"Reptomancer","floor":43,"turns":3},{"damage":15,"enemies":"4 Shapes","floor":44,"turns":3},{"damage":30,"enemies":"Sphere and 2 Shapes","floor":45,"turns":3},{"damage":27,"enemies":"Transient","floor":47,"turns":5},{"damage":28,"enemies":"Writhing Mass","floor":49,"turns":2},{"damage":55,"enemies":"downfall:Silent","floor":50,"turns":7},{"damage":49,"enemies":"downfall:CharBossMerchant","floor":52,"turns":6},{"damage":79,"enemies":"downfall:NeowBoss","floor":55,"turns":34}],"seed_played":"4207472831812247355","potions_obtained":[{"floor":5.0,"key":"Fire Potion"},{"floor":9.0,"key":"Weak Potion"},{"floor":10.0,"key":"SteroidPotion"},{"floor":15.0,"key":"Fire Potion"},{"floor":19.0,"key":"Fire Potion"},{"floor":27.0,"key":"GamblersBrew"},{"floor":29.0,"key":"PowerPotion"},{"floor":32.0,"key":"hexamod:EctoCoolerPotion"},{"floor":40,"key":"Fire Potion"},{"floor":44,"key":"Regen Potion"},{"floor":49,"key":"DistilledChaos"},{"floor":52,"key":"SteroidPotion"}],"is_trial":false,"path_per_floor":["R","M","M","M","?","$","T","R","M","E","R","M","M","$","M","B",null,"R","M","?","M","$","?","T","E","?","M","$","E","R","M","M","B",null,"R","$","M","?","M","M","T","R","E","M","M","$","M","$","M","B",null,"E","$","R","B",null],"character_chosen":"SLIMEBOUND","items_purchased":["Slimebound:LevelUp","Ice Cream","Slimebound:Replication","TungstenRod","Regen Potion","Slimebound:SplitLeeching","Slimebound:HauntingLick","Slimebound:LivingWall"],"campfire_rested":0,"item_purchase_floors":[6,22,22,28,28,36,48,48],"current_hp_per_floor":[60,60,60,60,53,59,59,59,60,46,46,41,41,39,43,11,68,68,69,57,50,49,49,49,29,29,26,26,50,50,59,67,56,77,77,77,74,74,79,66,66,76,89,88,92,92,94,94,91,94,96,84,84,84,83],"gold":68,"neow_bonus":"THREE_ENEMY_KILL","is_daily":false,"chose_seed":false,"campfire_upgraded":7,"win_rate":0.0,"timestamp":1609646717,"path_taken":["R","M","M","M","?","$","T","R","M","E","R","M","M","$","M","BOSS","R","M","?","M","$","?","T","E","?","M","$","E","R","?","M","BOSS","R","$","M","?","M","M","T","R","E","M","M","$","M","?","M","BOSS","E","$","R","BOSS"],"items_purchased_type":["Card","Relic","Card","Relic","Potion","Card","Card","Card"],"build_version":"2020-12-22","purchased_purges":4,"victory":true,"max_hp_per_floor":[60,60,60,60,60,61,61,61,62,63,63,64,65,66,67,68,68,68,69,69,70,71,71,71,72,72,73,73,74,74,75,76,77,77,77,77,78,78,79,80,80,90,91,92,93,93,94,94,95,96,96,97,97,97,98],"card_choices":[{"not_picked":["Slimebound:GrowthPunch","Slimebound:LeechingTouch"],"picked":"Slimebound:SamplingLick","floor":2.0},{"not_picked":["Slimebound:SplitLeeching","Slimebound:RejuvenatingLick"],"picked":"Slimebound:SplitBruiser","floor":3.0},{"not_picked":["Slimebound:Schlurp","Slimebound:HauntingLick"],"picked":"Slimebound:SplitLeeching","floor":4.0},{"not_picked":["Slimebound:LeechingTouch","Slimebound:RollThrough"],"picked":"Slimebound:SplitMire","floor":5.0},{"not_picked":["Slimebound:Schlurp","Slimebound:Chomp"],"picked":"Slimebound:SlimeTap","floor":6.0},{"not_picked":["Slimebound:ForwardTackle","Slimebound:PressTheAttack"],"picked":"Slimebound:ProtectTheBoss","floor":9.0},{"not_picked":["Slimebound:ViciousTackle","Slimebound:FlameTackle","Slimebound:DouseInSlime"],"picked":"SKIP","floor":10.0},{"not_picked":["Slimebound:RollThrough","Slimebound:Schlurp"],"picked":"Slimebound:SlimeBrawl","floor":12.0},{"not_picked":["Slimebound:LeechingTouch","Slimebound:FlameTackle"],"picked":"Slimebound:SplitBruiser","floor":13.0},{"not_picked":["Slimebound:SamplingLick","Slimebound:DouseInSlime","Slimebound:SplitLeeching"],"picked":"SKIP","floor":14.0},{"not_picked":["Slimebound:SlimeSpikes","Slimebound:RollThrough"],"picked":"Slimebound:SlimeTap","floor":15.0},{"not_picked":["Slimebound:RallyTheTroops","Slimebound:MassFeed"],"picked":"Slimebound:Teamwork","floor":16.0},{"not_picked":["Slimebound:LeechingTouch","Slimebound:ViciousTackle","Slimebound:Nibble"],"picked":"SKIP","floor":19.0},{"not_picked":["Slimebound:Grow","Slimebound:SplitLeeching","Slimebound:ForwardTackle"],"picked":"SKIP","floor":21.0},{"not_picked":["Slimebound:RollThrough","Slimebound:LeadByExample","Slimebound:DouseInSlime"],"picked":"SKIP","floor":22.0},{"not_picked":["Slimebound:RejuvenatingLick","Slimebound:PressTheAttack"],"picked":"Slimebound:Repurpose","floor":25.0},{"not_picked":["Slimebound:LeadByExample","Slimebound:GoopSpray","Slimebound:ViciousTackle+1"],"picked":"SKIP","floor":27.0},{"not_picked":["Slimebound:RollThrough+1","Slimebound:ItLooksTasty+1","Slimebound:SplitAcid"],"picked":"SKIP","floor":29.0},{"not_picked":["Slimebound:Dissolve+1","Slimebound:GoopSpray","Slimebound:Schlurp"],"picked":"SKIP","floor":31.0},{"not_picked":["Slimebound:Replication","Slimebound:SamplingLick","Slimebound:SplitAcid"],"picked":"SKIP","floor":32.0},{"not_picked":["Slimebound:Teamwork","Slimebound:OozeBath"],"picked":"Slimebound:OneTwoCombo","floor":33.0},{"not_picked":["Slimebound:SplitMire+1","Slimebound:SpikyOuterGoop"],"picked":"Slimebound:SplitAcid+1","floor":37.0},{"not_picked":["Slimebound:DisruptingSlam+1","Slimebound:GoopSpray+1","Slimebound:LeechingTouch+1"],"picked":"SKIP","floor":39.0},{"not_picked":["Slimebound:SplitLeeching","Slimebound:SplitAcid+1"],"picked":"Slimebound:RejuvenatingLick+1","floor":40},{"not_picked":["Slimebound:Prepare","Slimebound:FormOfPuddle","Slimebound:FinishingTackle"],"picked":"SKIP","floor":43},{"not_picked":["Slimebound:PressTheAttack","Slimebound:ComboTackle+1"],"picked":"Slimebound:SplitAcid+1","floor":44},{"not_picked":["Slimebound:FormOfPuddle+1","Slimebound:GoopTackle+1","Slimebound:ComboTackle"],"picked":"SKIP","floor":45},{"not_picked":["Slimebound:ViciousTackle+1","Slimebound:RollThrough+1"],"picked":"Slimebound:LeechEnergy+1","floor":47},{"not_picked":["Slimebound:DisruptingSlam","Slimebound:FinishingTackle+1","Slimebound:SamplingLick+1"],"picked":"SKIP","floor":49},{"not_picked":["Slimebound:LeechingTouch","Slimebound:GoopTackle"],"picked":"Slimebound:Teamwork","floor":52}],"player_experience":101027,"relics_obtained":[{"floor":5.0,"key":"downfall:CloakOfManyFaces"},{"floor":10.0,"key":"Blue Candle"},{"floor":25.0,"key":"PreservedInsect"},{"floor":29.0,"key":"Whetstone"},{"floor":41,"key":"Bird Faced Urn"},{"floor":43,"key":"Toy Ornithopter"},{"floor":52,"key":"Kunai"}],"event_choices":[{"damage_healed":0.0,"max_hp_gain":0.0,"max_hp_loss":0.0,"gold_gain":200.0,"event_name":"Wheel of Change","player_choice":"Gold","floor":26.0,"gold_loss":0.0,"damage_taken":0.0},{"damage_healed":0.0,"max_hp_gain":0.0,"max_hp_loss":0.0,"gold_gain":0.0,"event_name":"Duplicator","player_choice":"Copied","floor":38.0,"gold_loss":0.0,"damage_taken":0.0,"cards_obtained":["Slimebound:Teamwork"]}],"is_beta":false,"boss_relics":[{"not_picked":["Runic Dome","Coffee Dripper"],"picked":"Astrolabe"},{"not_picked":["Calling Bell","Cursed Key"],"picked":"Philosopher\u0027s Stone"}],"items_purged_floors":[6,14,22,28],"is_endless":false,"potions_floor_spawned":[5,9,10,15,19,27,29,32,40,44,49,52],"ascension_level":0}}