{"host":"3a1ypf1irl30q4k8","time":1609672090,"event":{"mods":["AchievementEnabler","BaseMod","Bestiary","Colored Map","Minty Spire (QoL Compilation)","Relic Stats"],"gold_per_floor":[110,123,298,5,5,34,34,49,49,77,77,93,105,134,134,238,238,258,274,286,32,48,74,74,109,132,132,132,143,162,162,162,162,162],"floor_reached":33,"playtime":2423,"items_purged":["Doubt"],"score":322,"play_id":"a70ec1de-7d4a-4204-a643-dbc161b1237c","local_time":"20210103110810","is_ascension_mode":true,"campfire_choices":[{"data":"Eruption","floor":7,"key":"SMITH"},{"data":"CutThroughFate","floor":11,"key":"SMITH"},{"floor":15,"key":"REST"},{"floor":24,"key":"REST"},{"floor":28,"key":"REST"},{"floor":32,"key":"REST"}],"circlet_count":0,"master_deck":["Strike_P+1","Strike_P","Strike_P+1","Strike_P","Defend_P","Defend_P","Eruption+1","Vigilance+1","ThirdEye+1","CutThroughFate+1","PathToVictory","FearNoEvil","PathToVictory","CrushJoints","EmptyMind","Wallop","Vault","Sanctity","ClearTheMind","BowlingBash","MentalFortress","ClearTheMind","MentalFortress","Scrawl","WaveOfTheHand","Adaptation","Protect+1","FollowUp+1"],"relics":["Empty Cage","Membership Card","War Paint","Pantograph","White Beast Statue","Whetstone","Question Card","VioletLotus","Oddly Smooth Stone","Kunai","Pen Nib","The Courier","Regal Pillow"],"acts_visited":["Exordium","TheCity"],"potions_floor_usage":[10,13,14,14,16,18,20,22,23,23,23,25,29,30,33],"damage_taken":[{"damage":0,"enemies":"Small Slimes","floor":1,"turns":2},{"damage":0,"enemies":"2 Louse","floor":2,"turns":2},{"damage":12,"enemies":"Gremlin Nob","floor":6,"turns":3},{"damage":2,"enemies":"Jaw Worm","floor":8,"turns":2},{"damage":4,"enemies":"3 Sentries","floor":10,"turns":7},{"damage":9,"enemies":"Exordium Wildlife","floor":12,"turns":3},{"damage":7,"enemies":"Large Slime","floor":13,"turns":2},{"damage":36,"enemies":"Lagavulin","floor":14,"turns":4},{"damage":7,"enemies":"The Guardian","floor":16,"turns":7},{"damage":18,"enemies":"3 Byrds","floor":18,"turns":6},{"damage":2,"enemies":"Chosen","floor":19,"turns":4},{"damage":0,"enemies":"Snake Plant","floor":20,"turns":2},{"damage":4,"enemies":"Cultist and Chosen","floor":22,"turns":6},{"damage":30,"enemies":"Slavers","floor":23,"turns":6},{"damage":43,"enemies":"Gremlin Leader","floor":25,"turns":7},{"damage":42,"enemies":"Sentry and Sphere","floor":29,"turns":7},{"damage":2,"enemies":"Centurion and Healer","floor":30,"turns":10},{"damage":84,"enemies":"Champ","floor":33,"turns":14}],"seed_played":"3259201488886508849","potions_obtained":[{"floor":1,"key":"LiquidMemories"},{"floor":8,"key":"FearPotion"},{"floor":10,"key":"Energy Potion"},{"floor":12,"key":"ColorlessPotion"},{"floor":13,"key":"BlessingOfTheForge"},{"floor":14,"key":"FearPotion"},{"floor":16,"key":"Fire Potion"},{"floor":18,"key":"Swift Potion"},{"floor":19,"key":"Explosive Potion"},{"floor":20,"key":"DuplicationPotion"},{"floor":22,"key":"BlessingOfTheForge"},{"floor":23,"key":"Regen Potion"},{"floor":25,"key":"Dexterity Potion"},{"floor":29,"key":"BottledMiracle"},{"floor":30,"key":"ColorlessPotion"}],"is_trial":false,"path_per_floor":["M","M","?","$","?","E","R","M","T","E","R","M","M","E","R","B",null,"M","M","M","$","M","E","R","E","T","?","R","M","M","?","R","B"],"character_chosen":"WATCHER","items_purchased":["Membership Card","War Paint","PathToVictory","MentalFortress","Oddly Smooth Stone","Kunai","ClearTheMind"],"campfire_rested":4,"item_purchase_floors":[4,4,4,21,21,21,21],"current_hp_per_floor":[72,72,72,72,77,65,65,63,63,59,59,50,43,7,30,48,77,59,57,57,57,53,23,46,18,18,18,56,14,12,12,50,0,0],"gold":162,"neow_bonus":"BOSS_RELIC","is_daily":false,"chose_seed":false,"campfire_upgraded":2,"win_rate":0.0,"timestamp":1609672090,"path_taken":["M","M","?","$","?","E","R","M","T","E","R","M","M","E","R","BOSS","M","M","M","$","M","E","R","E","T","?","R","M","M","?","R","BOSS"],"items_purchased_type":["Relic","Relic","Card","Card","Relic","Relic","Card"],"build_version":"2020-12-22","purchased_purges":1,"victory":false,"max_hp_per_floor":[72,72,72,72,77,77,77,77,77,77,77,77,77,77,77,77,77,77,77,77,77,77,77,77,77,77,77,77,77,77,77,77,77,77],"relic_stats":{"Regal Pillow":30,"counters":[18,94],"Pantograph":50,"VioletLotus":[13],"Pen Nib":[5],"Whetstone":["Strike_P","Strike_P"],"Kunai":[8],"War Paint":["Vigilance","ThirdEye"],"Question Card":9,"obtain_stats":[{"Regal Pillow":26,"Oddly Smooth Stone":21,"Pen Nib":23,"The Courier":25,"Whetstone":10,"War Paint":4,"Empty Cage":0,"Question Card":14,"White Beast Statue":9,"Pantograph":6,"VioletLotus":17,"Membership Card":4,"Kunai":21,"PureWater":0},{"Regal Pillow":15,"Oddly Smooth Stone":12,"Pen Nib":14,"The Courier":15,"Whetstone":5,"War Paint":2,"Empty Cage":0,"Question Card":8,"White Beast Statue":4,"Pantograph":3,"VioletLotus":9,"Membership Card":2,"Kunai":12,"PureWater":0},{"Regal Pillow":63,"Oddly Smooth Stone":44,"Pen Nib":56,"The Courier":63,"Whetstone":16,"War Paint":4,"Empty Cage":0,"Question Card":25,"White Beast Statue":9,"Pantograph":7,"VioletLotus":32,"Membership Card":4,"Kunai":44,"PureWater":0}]},"card_choices":[{"not_picked":["LikeWater","SashWhip"],"picked":"ThirdEye","floor":1},{"not_picked":["EmptyFist","CrushJoints"],"picked":"CutThroughFate","floor":2},{"not_picked":["PathToVictory","CarveReality"],"picked":"FearNoEvil","floor":6},{"not_picked":["CrushJoints","Conclude"],"picked":"PathToVictory","floor":8},{"not_picked":["Ragnarok","WreathOfFlame"],"picked":"CrushJoints","floor":10},{"not_picked":["Crescendo","BattleHymn","Swivel"],"picked":"SKIP","floor":12},{"not_picked":["Evaluate","CrushJoints"],"picked":"EmptyMind","floor":13},{"not_picked":["Indignation","MentalFortress"],"picked":"Wallop","floor":14},{"not_picked":["Ragnarok","Alpha","Brilliance"],"picked":"Vault","floor":16},{"not_picked":["Crescendo","EmptyFist","SashWhip"],"picked":"Sanctity","floor":18},{"not_picked":["PathToVictory","Wallop+1","Protect+1"],"picked":"ClearTheMind","floor":19},{"not_picked":["FollowUp","Prostrate","ClearTheMind"],"picked":"BowlingBash","floor":20},{"not_picked":["EmptyBody","JustLucky","Evaluate"],"picked":"MentalFortress","floor":22},{"not_picked":["SandsOfTime","ClearTheMind+1","FlyingSleeves"],"picked":"Scrawl","floor":23},{"not_picked":["Fasting2","ClearTheMind+1","FollowUp"],"picked":"WaveOfTheHand","floor":25},{"not_picked":["CrushJoints","Wireheading","Meditate"],"picked":"Protect+1","floor":29},{"not_picked":["SashWhip","Protect","CutThroughFate"],"picked":"FollowUp+1","floor":30}],"player_experience":962861,"relics_obtained":[{"floor":6,"key":"Pantograph"},{"floor":9,"key":"White Beast Statue"},{"floor":10,"key":"Whetstone"},{"floor":14,"key":"Question Card"},{"floor":23,"key":"Pen Nib"},{"floor":25,"key":"The Courier"},{"floor":26,"key":"Regal Pillow"}],"event_choices":[{"damage_healed":0,"gold_gain":175,"player_choice":"AGREE","damage_taken":0,"max_hp_gain":0,"max_hp_loss":0,"event_name":"Liars Game","floor":3,"gold_loss":0,"cards_obtained":["Doubt"]},{"damage_healed":0,"gold_gain":0,"player_choice":"Donut","damage_taken":0,"max_hp_gain":5,"max_hp_loss":0,"event_name":"Big Fish","floor":5,"gold_loss":0},{"damage_healed":0,"gold_gain":0,"player_choice":"Read","damage_taken":0,"max_hp_gain":0,"max_hp_loss":0,"event_name":"The Library","floor":27,"gold_loss":0,"cards_obtained":["Adaptation"]},{"damage_healed":0,"gold_gain":0,"player_choice":"Ignored","damage_taken":0,"max_hp_gain":0,"max_hp_loss":0,"event_name":"Cursed Tome","floor":31,"gold_loss":0}],"is_beta":false,"boss_relics":[{"not_picked":["Cursed Key","SlaversCollar"],"picked":"VioletLotus"}],"items_purged_floors":[4],"is_endless":false,"potions_floor_spawned":[1,8,10,12,13,14,16,18,19,20,22,23,25,29,30],"killed_by":"Champ","ascension_level":1}}