{"host":"73u9ojxmo0iakdto","time":1609637808,"event":{"mods":["BaseMod","Better Third Choice","Downfall","Minty Spire (QoL Compilation)","Permanent Neow","StSLib"],"gold_per_floor":[162,162,162,243,393,522,633,633,687,687,687,687],"floor_reached":10,"playtime":820,"items_purged":[],"score":298,"play_id":"f155db94-5820-41bb-b9e0-f0372f13348f","local_time":"20210102193648","daily_mods":["SealedDeck","Vintage","Heirloom","Time Dilation","Flight","downfall:Lament","DeadlyEvents","Elite Swarm","Midas"],"is_ascension_mode":true,"campfire_choices":[{"floor":8,"key":"REST"}],"circlet_count":0,"master_deck":["AscendersBane","hexamod:HauntingEcho+1","hexamod:StepThrough+1","hexamod:Incineration","hexamod:Again","hexamod:BacktrackSmack","hexamod:BacktrackSmack+1","hexamod:ThirdSeal","hexamod:SecondSeal","hexamod:GhostOfSpirePast+1","hexamod:ThirdSeal","hexamod:DynamicBlow","hexamod:EmpoweredFlame","Doubt","hexamod:FifthSeal","hexamod:TimeOfNeed","hexamod:SixthSeal","hexamod:TimeOfNeed"],"relics":["hexamod:SpiritBrand","NeowsBlessing","Mango","Nunchaku","Orichalcum","Regal Pillow","Whetstone","Bag of Preparation"],"acts_visited":["Exordium"],"potions_floor_usage":[7],"damage_taken":[{"damage":0,"enemies":"Jaw Worm","floor":1,"turns":1},{"damage":6,"enemies":"2 Louse","floor":4,"turns":3},{"damage":0,"enemies":"Lagavulin","floor":6,"turns":2},{"damage":30,"enemies":"3 Sentries","floor":7,"turns":6},{"damage":67,"enemies":"Gremlin Nob","floor":10,"turns":4}],"seed_played":"1498166264918853990","potions_obtained":[{"floor":1,"key":"LiquidMemories"}],"is_trial":true,"path_per_floor":["M","?","?","M","?","E","E","R","T","E"],"character_chosen":"THE_SPIRIT","items_purchased":[],"campfire_rested":1,"item_purchase_floors":[],"current_hp_per_floor":[71,48,48,42,42,42,12,50,50,0,0,0],"gold":687,"neow_bonus":"","is_daily":false,"chose_seed":false,"campfire_upgraded":0,"win_rate":0.0,"timestamp":1609637808,"path_taken":["M","?","?","?","?","E","?","R","T","?"],"items_purchased_type":[],"build_version":"2020-12-22","purchased_purges":0,"victory":false,"max_hp_per_floor":[77,77,77,77,77,77,77,77,77,77,77,77],"card_choices":[{"not_picked":["hexamod:SwordOfDarkness","hexamod:GhostOfSpireFuture"],"picked":"hexamod:ThirdSeal","floor":1},{"not_picked":["hexamod:RecurringNightmare","hexamod:NightmareGuise"],"picked":"hexamod:EmpoweredFlame","floor":4},{"not_picked":["hexamod:AdvancingGuard","hexamod:BurningTouch","hexamod:NecessarySacrifice"],"picked":"SKIP","floor":4},{"not_picked":["hexamod:TurnItUp","hexamod:TimeWarp"],"picked":"hexamod:FifthSeal","floor":6},{"not_picked":["hexamod:ParanormalForm","hexamod:Toasty"],"picked":"hexamod:TimeOfNeed","floor":6},{"not_picked":["hexamod:WildfireWeapon","hexamod:CrushingStance","hexamod:SearingWound"],"picked":"SKIP","floor":6},{"not_picked":["hexamod:SecondSeal","hexamod:FourthSeal"],"picked":"hexamod:SixthSeal","floor":7},{"not_picked":["hexamod:ParanormalForm","hexamod:VolcanoVisage"],"picked":"hexamod:TimeOfNeed","floor":7},{"not_picked":["hexamod:GiftsFromTheDead","hexamod:WildfireWeapon","hexamod:CrushingStance"],"picked":"SKIP","floor":7}],"player_experience":217061,"relics_obtained":[{"floor":1,"key":"Nunchaku"},{"floor":4,"key":"Orichalcum"},{"floor":6,"key":"Regal Pillow"},{"floor":7,"key":"Whetstone"},{"floor":9,"key":"Bag of Preparation"}],"event_choices":[{"damage_healed":71,"gold_gain":0,"player_choice":"Upgrade","damage_taken":23,"max_hp_gain":0,"max_hp_loss":77,"event_name":"betterThird:BetterShining","floor":2,"gold_loss":0,"cards_upgraded":["hexamod:HauntingEcho","hexamod:GhostOfSpirePast"]},{"damage_healed":0,"gold_gain":0,"cards_transformed":["hexamod:Again"],"player_choice":"Transformed","damage_taken":0,"max_hp_gain":0,"max_hp_loss":0,"event_name":"Transmorgrifier","floor":3,"gold_loss":0,"cards_obtained":["hexamod:DynamicBlow"]},{"damage_healed":0,"gold_gain":150,"player_choice":"AGREE","damage_taken":243,"max_hp_gain":0,"max_hp_loss":0,"event_name":"betterThird:BetterSerpent","floor":5,"gold_loss":0}],"is_beta":false,"boss_relics":[],"items_purged_floors":[],"is_endless":true,"potions_floor_spawned":[1],"killed_by":"Gremlin Nob","ascension_level":20}}