{"host":"3hmbl3ngp1w6m17c","time":1609698290,"event":{"mods":["ATMod(°¢èªMod)","Arknights The Spire","BaseMod","Colored Powertips","Dota2Spire","KinomotoSakuraMod(Ä¾Ö®±¾Ó£)","Lobotomy","LobotomyExtend","Marisa£¨ìFÓê¡¡Ä§ÀíÉ³£©","Minty Spire (QoL Compilation)","Replay The Spire","StSLib","The Cursed","The Hierophant","Waifu the Spire","Yakumo Yukari mod","¡¾ÒÅÎï¿¨ÅÆ¡¿REMEMod","²ÐÁôÖ®Îï"],"gold_per_floor":[131,131,143,193,205,231,243,255,290,302,343,355,383,413,425,537,549,579,606,629,660,672,684,696,708,720,145,162,177,193,210,210,310,310,321,333,381,39,39,39,56,56,107,117,145,156,156,181,181,181],"floor_reached":51,"playtime":3660,"items_purged":[],"score":671,"play_id":"1aa58c07-d9d8-4940-a515-010965522bca","local_time":"20210104022450","is_ascension_mode":false,"campfire_choices":[{"floor":7,"key":"REST"},{"floor":12,"key":"REST"},{"floor":15,"key":"REST"},{"floor":23,"key":"REST"},{"floor":25,"key":"REST"},{"floor":32,"key":"DIG"},{"floor":40,"key":"REST"},{"floor":47,"key":"REST"},{"floor":49,"key":"DIG"}],"circlet_count":0,"master_deck":["AT_purpleEX","AT_purpleEX","AT_purpleEX","AT_purpleEX","Defend_purpleEX+1","Defend_purpleEX","Defend_purpleEX","Defend_purpleEX","Observe_purple_1","Observe_purple_2","GluttonyofRealm_purpleEX","ExternalForce_HighSpeedFlying_purple","PositiveMatter_Antimatter_Universe_purple","Mirror_FormAndEmptin_purple","CommonSense_AntiCommonSense_purple","EighthInstrument_OneDividesIntoTwo_purple","Parasite","WangLiang_OokamiKakushi_purple","Bait_Toxicbait_purple","ExistenceContinue_purple","Mirror_TwoAndThreeElementRealm_purple","WatchEChange_purple","Photoelasticity_Doppler_Effect_purple","Line_surface_state_purple","Anti_communist_purple","Boundary_of_Extermination_purpleEX","SfantasyHide_purple","BarrageBoundary_PipeDream_purple","AdvanceAttack_purple","MetroBOOM_purple","MeetDecomposer_purple","Umbrella_purple","DimensionStaggered_purple","ProofOfUnderstanding_purple","CurseOfTheBell","WeekHit_purple+1","Bait_HighSpeedFlying_purple","Mirror_FourBoundary_purple+1","Bait_HighSpeedFlying_purple","RealityDreamConfluencek_purple+1","AdvanceAttack_purple","Swift Strike","AT_EmpoweredMortalDraw","The Bomb","Umbrella_purple","OmniscientAndOmnipotent_Monster_purple+1","Charmbait_purple+1","Worldmountain_purple","Charmbait_purple+1"],"relics":["Boundary_crack","Memoryfragments_purpleEX","AT_ATBox","REME_ComplimentaryCards","LetterFromLob","Dota2Spire:CrimsonGuard","MawBank","AT_ArcaneBoots","Replay:Towering Pillar of Hats","Sozu","Ornamental Fan","Shovel","Pear","Calling Bell","Dota2Spire:EchoSabre","Dota2Spire:Dagon","Dota2Spire:OctarineCore","Dota2Spire:Mjollnir","Lantern","AT_BellDemon","Replay:Baseball","Parasol_purpleEX","Bag of Marbles"],"acts_visited":["Exordium","TheCity","TheBeyond"],"potions_floor_usage":[6,11,16,16,16,16,21,41],"damage_taken":[{"damage":1,"enemies":"2 Louse","floor":1,"turns":3},{"damage":8,"enemies":"Jaw Worm","floor":3,"turns":4},{"damage":10,"enemies":"Small Slimes","floor":5,"turns":5},{"damage":29,"enemies":"Gremlin Nob","floor":6,"turns":6},{"damage":41,"enemies":"Lagavulin","floor":11,"turns":10},{"damage":2,"enemies":"3 Louse","floor":13,"turns":10},{"damage":7,"enemies":"Looter","floor":14,"turns":5},{"damage":56,"enemies":"Fading Forest","floor":16,"turns":11},{"damage":17,"enemies":"Shell Parasite","floor":18,"turns":5},{"damage":41,"enemies":"2 Thieves","floor":19,"turns":5},{"damage":25,"enemies":"Snake Plant","floor":20,"turns":4},{"damage":26,"enemies":"Centurion and Healer","floor":21,"turns":6},{"damage":14,"enemies":"Shelled Parasite and Fungi","floor":28,"turns":6},{"damage":6,"enemies":"Snecko","floor":29,"turns":4},{"damage":0,"enemies":"Centurion and Healer","floor":30,"turns":5},{"damage":3,"enemies":"Snake Plant","floor":31,"turns":3},{"damage":42,"enemies":"Collector","floor":33,"turns":6},{"damage":0,"enemies":"3 Shapes","floor":35,"turns":2},{"damage":3,"enemies":"Orb Walker","floor":36,"turns":3},{"damage":57,"enemies":"2 Orb Walkers","floor":37,"turns":4},{"damage":0,"enemies":"Maw","floor":41,"turns":4},{"damage":16,"enemies":"3 Darklings","floor":44,"turns":4},{"damage":55,"enemies":"Giant Head","floor":45,"turns":7},{"damage":20,"enemies":"Jaw Worm Horde","floor":46,"turns":3},{"damage":0,"enemies":"R_Hoarder","floor":48,"turns":5},{"damage":22,"enemies":"Replay:Hell Engine","floor":50,"turns":6}],"seed_played":"-3603601912144264271","potions_obtained":[{"floor":4,"key":"Swift Potion"},{"floor":6,"key":"Swift Potion"},{"floor":13,"key":"EntropicBrew"},{"floor":14,"key":"Block Potion"},{"floor":16,"key":"DistilledChaos"}],"is_trial":false,"path_per_floor":["M","?","M","?","M","E","R","?","T","?","E","R","M","M","R","B",null,"M","M","M","M","?","R","?","R","T","$","M","M","M","M","R","B",null,"M","M","?","$","?","R","M","?","T","M","E","M","R","E","R","B",null],"character_chosen":"Youkari","items_purchased":["Shovel","Boundary_of_Extermination_purpleEX","SfantasyHide_purple","BarrageBoundary_PipeDream_purple","AdvanceAttack_purple","Lantern","Bait_HighSpeedFlying_purple","RealityDreamConfluencek_purple+1","AdvanceAttack_purple"],"campfire_rested":7,"item_purchase_floors":[27,27,27,27,27,38,38,38,38],"current_hp_per_floor":[79,79,75,42,35,11,35,23,23,43,7,31,35,32,57,14,86,74,58,34,11,8,34,34,60,60,60,56,53,55,55,65,23,99,102,102,75,75,65,95,96,112,112,96,54,63,97,100,100,103],"gold":181,"neow_bonus":"TEN_PERCENT_HP_BONUS","is_daily":false,"chose_seed":false,"campfire_upgraded":0,"win_rate":0.0,"timestamp":1609698290,"path_taken":["M","?","M","?","M","E","R","?","T","?","E","R","M","?","R","BOSS","M","?","M","?","?","R","?","R","T","$","?","M","M","M","R","BOSS","M","M","?","$","?","R","M","?","T","?","E","M","R","E","R","BOSS"],"items_purchased_type":["Relic","Card","Card","Card","Card","Card","Card","Card","Card"],"build_version":"2020-12-22","purchased_purges":0,"victory":true,"max_hp_per_floor":[80,80,83,83,83,83,83,83,83,83,83,83,86,86,86,86,86,86,89,89,89,89,89,89,89,89,89,89,89,89,89,99,99,99,102,102,102,102,102,102,102,112,112,112,112,115,115,115,115,115],"card_choices":[{"not_picked":["AdvanceAttack_purple","ExistenceContinue_purple"],"picked":"ExternalForce_HighSpeedFlying_purple","floor":1},{"not_picked":["Shallow_ocean_purpleEX","Line_surface_state_purple"],"picked":"PositiveMatter_Antimatter_Universe_purple","floor":3},{"not_picked":["MonsterNeedle_purple","Realm_recovery_purpleEX"],"picked":"Mirror_FormAndEmptin_purple","floor":4},{"not_picked":["RuleDissolution_purple","Mirror_FormAndEmptin_purple"],"picked":"CommonSense_AntiCommonSense_purple","floor":5},{"not_picked":["OpenedBox_purple","Mirror_FormAndEmptin_purple"],"picked":"EighthInstrument_OneDividesIntoTwo_purple","floor":6},{"not_picked":["Price_of_realm_purpleEX","Bait_Toxicbait_purple"],"picked":"WangLiang_OokamiKakushi_purple","floor":11},{"not_picked":["DimensionStaggered_purple","OpenedBox_purple"],"picked":"Bait_Toxicbait_purple","floor":13},{"not_picked":["Mirror_FormAndEmptin_purple","Boundary_DreamRealityDamnation_purple"],"picked":"ExistenceContinue_purple","floor":14},{"not_picked":["Price_of_realm_purpleEX","LoveAcrossDimensions_purple"],"picked":"Mirror_TwoAndThreeElementRealm_purple","floor":16},{"not_picked":["MetroBOOM_purple","Umbrella_purple"],"picked":"WatchEChange_purple","floor":18},{"not_picked":["Realm_recovery_purpleEX","AdvanceAttack_purple"],"picked":"Photoelasticity_Doppler_Effect_purple","floor":19},{"not_picked":["Bait_Toxicbait_purple","Mirror_FormAndEmptin_purple"],"picked":"SharpContractionReality_purple","floor":20},{"not_picked":["Boundary_DynamicStaticEquilibrium_purple+1","CommonSense_AntiCommonSense_purple"],"picked":"Line_surface_state_purple","floor":21},{"not_picked":["Mirror_Drifter_purple","Erosivefilter_purple"],"picked":"MetroBOOM_purple","floor":28},{"not_picked":["Realm_recovery_purpleEX","RuptureOfTimeAndSpace_purple"],"picked":"MeetDecomposer_purple","floor":29},{"not_picked":["Boundary_DreamRealityDamnation_purple","RuleDissolution_purple+1"],"picked":"Umbrella_purple","floor":30},{"not_picked":["DarkRealmRedLine_purple","RuptureOfTimeAndSpace_purple+1"],"picked":"DimensionStaggered_purple","floor":31},{"not_picked":["Computing_the_future_purpleEX","Know_ledgeAbilityRealm_purple"],"picked":"ProofOfUnderstanding_purple","floor":33},{"not_picked":["Mirror_FourBoundary_purple","Boundary_DynamicStaticEquilibrium_purple"],"picked":"WeekHit_purple+1","floor":35},{"not_picked":["AdvanceAttack_purple+1","RuleDissolution_purple+1"],"picked":"Bait_HighSpeedFlying_purple","floor":36},{"not_picked":["Line_surface_state_purple","SharpContractionReality_purple"],"picked":"Mirror_FourBoundary_purple+1","floor":37},{"not_picked":["Purity","REME_EyeOfCthun"],"picked":"Swift Strike","floor":39},{"not_picked":["Replay:Sssssssssstrike","REME_HeartOfCthun"],"picked":"AT_EmpoweredMortalDraw","floor":39},{"not_picked":["Replay:Parry","REME_FirmDetermination"],"picked":"The Bomb","floor":39},{"not_picked":["Line_surface_state_purple","Extrememeaning_purpleEX"],"picked":"Umbrella_purple","floor":41},{"not_picked":["MeetDecomposer_purple","EighthInstrument_OneDividesIntoTwo_purple+1"],"picked":"OmniscientAndOmnipotent_Monster_purple+1","floor":44},{"not_picked":["Realm_recovery_purpleEX","DimensionStaggered_purple+1"],"picked":"Charmbait_purple+1","floor":45},{"not_picked":["StateDuplicate_purple","Charmbait_purple"],"picked":"Worldmountain_purple","floor":46},{"not_picked":["Boundary_ObjectiveBoundary_purple","ExistenceContinue_purple"],"picked":"Charmbait_purple+1","floor":48}],"player_experience":31332,"relics_obtained":[{"floor":1,"key":"LetterFromLob"},{"floor":4,"key":"Dota2Spire:CrimsonGuard"},{"floor":6,"key":"MawBank"},{"floor":9,"key":"AT_SpeedBoots"},{"floor":11,"key":"Replay:Towering Pillar of Hats"},{"floor":26,"key":"Ornamental Fan"},{"floor":32,"key":"Pear"},{"floor":34,"key":"Dota2Spire:EchoSabre"},{"floor":34,"key":"Dota2Spire:Dagon"},{"floor":34,"key":"Dota2Spire:OctarineCore"},{"floor":37,"key":"Dota2Spire:Mjollnir"},{"floor":43,"key":"AT_BellDemon"},{"floor":45,"key":"Replay:Baseball"},{"floor":48,"key":"Parasol_purpleEX"},{"floor":49,"key":"Bag of Marbles"}],"event_choices":[{"damage_healed":20,"gold_gain":0,"player_choice":"Healed and dodged fight","damage_taken":0,"max_hp_gain":0,"max_hp_loss":0,"event_name":"Mushrooms","floor":10,"gold_loss":0,"cards_obtained":["Parasite"]},{"damage_healed":0,"gold_gain":0,"cards_transformed":["SharpContractionReality_purple"],"player_choice":"Transformed","damage_taken":0,"max_hp_gain":0,"max_hp_loss":0,"event_name":"Transmorgrifier","floor":24,"gold_loss":0,"cards_obtained":["Anti_communist_purple"]},{"damage_healed":0,"gold_gain":0,"player_choice":"Fight","damage_taken":0,"max_hp_gain":0,"max_hp_loss":0,"event_name":"Mysterious Sphere","floor":37,"gold_loss":0},{"damage_healed":0,"gold_gain":0,"player_choice":"Memory 3","damage_taken":10,"max_hp_gain":0,"max_hp_loss":0,"event_name":"SensoryStone","floor":39,"gold_loss":0},{"cards_removed":["AT_Dispersion"],"damage_healed":6,"gold_gain":0,"player_choice":"Offered Rare","damage_taken":0,"max_hp_gain":10,"max_hp_loss":0,"event_name":"Bonfire Elementals","floor":42,"gold_loss":0}],"is_beta":false,"boss_relics":[{"not_picked":["Velvet Choker","Tiny House"],"picked":"Sozu"},{"not_picked":["Philosopher\u0027s Stone","Empty Cage"],"picked":"Calling Bell"}],"items_purged_floors":[],"is_endless":false,"potions_floor_spawned":[6,13,14,16,28,29,33,36,41,46],"ascension_level":0}}