{"host":"94aus4jnk6thj94q","time":1609712902,"event":{"mods":["BaseMod","Minty Spire (QoL Compilation)","Quick Restart","StSLib"],"gold_per_floor":[112,112,78,91,106,137,137,153,153,173,173,186,201,212,212,314,314,286,298,298,298],"floor_reached":20,"playtime":1405,"items_purged":[],"score":180,"play_id":"02b9e9fe-8016-447e-8b95-6b1124164a73","local_time":"20210104002822","is_ascension_mode":false,"campfire_choices":[{"floor":7.0,"key":"REST"},{"floor":11.0,"key":"REST"},{"floor":15.0,"key":"REST"}],"circlet_count":0,"master_deck":["Strike_G","Strike_G","Strike_G","Strike_G","Strike_G","Defend_G","Defend_G","Defend_G","Defend_G","Defend_G","Survivor","Neutralize","Cloak And Dagger","Accuracy+1","Footwork","Blade Dance","Deflect","Terror","Cloak And Dagger","Blur","Blur","Bullet Time","A Thousand Cuts","Backstab"],"relics":["Ring of the Snake","Meat on the Bone","Incense Burner","Busted Crown"],"acts_visited":["Exordium","TheCity"],"potions_floor_usage":[19],"damage_taken":[{"damage":3.0,"enemies":"2 Louse","floor":1.0,"turns":2.0},{"damage":0.0,"enemies":"Cultist","floor":4.0,"turns":4.0},{"damage":8.0,"enemies":"Small Slimes","floor":5.0,"turns":3.0},{"damage":30.0,"enemies":"Gremlin Nob","floor":6.0,"turns":5.0},{"damage":10.0,"enemies":"Gremlin Gang","floor":8.0,"turns":7.0},{"damage":0.0,"enemies":"Blue Slaver","floor":10.0,"turns":5.0},{"damage":9.0,"enemies":"Exordium Wildlife","floor":12.0,"turns":4.0},{"damage":1.0,"enemies":"Large Slime","floor":13.0,"turns":5.0},{"damage":5.0,"enemies":"Red Slaver","floor":14.0,"turns":6.0},{"damage":13.0,"enemies":"Slime Boss","floor":16.0,"turns":18.0},{"damage":20,"enemies":"2 Thieves","floor":18,"turns":5},{"damage":14,"enemies":"Spheric Guardian","floor":19,"turns":5},{"damage":0,"enemies":"Shelled Parasite and Fungi","floor":20,"turns":1}],"seed_played":"-8031140433181866700","potions_obtained":[{"floor":1.0,"key":"SteroidPotion"},{"floor":10.0,"key":"BlessingOfTheForge"},{"floor":13.0,"key":"AttackPotion"},{"floor":14.0,"key":"GamblersBrew"},{"floor":18,"key":"Fire Potion"}],"is_trial":false,"path_per_floor":["M","?","$","M","M","E","R","M","T","M","R","M","M","M","R","B",null,"M","M","M"],"character_chosen":"THE_SILENT","items_purchased":["Footwork"],"campfire_rested":3,"item_purchase_floors":[3],"current_hp_per_floor":[67,67,67,67,59,29,50,40,40,40,61,52,51,46,67,54,70,50,36,36,36],"gold":298,"neow_bonus":"THREE_CARDS","is_daily":false,"chose_seed":false,"campfire_upgraded":0,"win_rate":0.0,"timestamp":1609712902,"path_taken":["M","?","$","M","M","E","R","M","T","?","R","M","M","M","R","BOSS","M","M","M"],"items_purchased_type":["Card"],"build_version":"2020-12-22","purchased_purges":0,"victory":false,"max_hp_per_floor":[70,70,70,70,70,70,70,70,70,70,70,70,70,70,70,70,70,70,70,70,70],"card_choices":[{"not_picked":["Predator","Acrobatics"],"picked":"Cloak And Dagger","floor":0.0},{"not_picked":["Tactician","Terror"],"picked":"Accuracy","floor":1.0},{"not_picked":["Calculated Gamble","Reflex"],"picked":"Blade Dance","floor":4.0},{"not_picked":["Setup","Distraction"],"picked":"Deflect","floor":5.0},{"not_picked":["Noxious Fumes","Dodge and Roll"],"picked":"Terror","floor":6.0},{"not_picked":["Quick Slash","Outmaneuver","PiercingWail"],"picked":"SKIP","floor":8.0},{"not_picked":["Slice","Dodge and Roll"],"picked":"Cloak And Dagger","floor":10.0},{"not_picked":["Expertise","Flying Knee"],"picked":"Blur","floor":12.0},{"not_picked":["Caltrops","Bane"],"picked":"Blur","floor":13.0},{"not_picked":["Expertise","Noxious Fumes"],"picked":"Bullet Time","floor":14.0},{"not_picked":["Night Terror","Corpse Explosion"],"picked":"A Thousand Cuts","floor":16.0},{"not_picked":[],"picked":"Backstab","floor":18},{"not_picked":["Endless Agony"],"picked":"SKIP","floor":19}],"player_experience":5686585,"relics_obtained":[{"floor":6.0,"key":"Meat on the Bone"},{"floor":9.0,"key":"Incense Burner"}],"event_choices":[{"damage_healed":0.0,"max_hp_gain":0.0,"max_hp_loss":0.0,"gold_gain":0.0,"event_name":"Accursed Blacksmith","player_choice":"Forge","floor":2.0,"gold_loss":0.0,"damage_taken":0.0,"cards_upgraded":["Accuracy"]}],"is_beta":false,"boss_relics":[{"not_picked":["Runic Dome","Runic Pyramid"],"picked":"Busted Crown"}],"items_purged_floors":[],"is_endless":false,"potions_floor_spawned":[1,10,13,14,18],"killed_by":"Shelled Parasite and Fungi","ascension_level":0}}