{"host":"6pgtslebjnyv5xmi","time":1609681595,"event":{"mods":["AchievementEnabler","BaseMod","Colored Map","Minty Spire (QoL Compilation)","Rare Cards Sparkle","StSLib","SuperFastMode","everything is the same but u backflip on backflip"],"gold_per_floor":[111,111,61,61,76,115,115,115,187,201,219,70,90,109,109,230,230,244,444,468,491,416,416,416],"floor_reached":23,"playtime":566,"items_purged":["Searing Blow"],"score":218,"play_id":"1d1f68c3-7004-48a3-8e5d-ff6ae151a706","local_time":"20210103224635","is_ascension_mode":false,"campfire_choices":[{"data":"Twin Strike","floor":7.0,"key":"SMITH"},{"data":"Rampage","floor":15.0,"key":"SMITH"}],"circlet_count":0,"master_deck":["Bash+1","Twin Strike+1","Headbutt","Brutality+1","Rampage+1","Demon Form+1","Sword Boomerang","Juggernaut+1","Rage","Inflame+1","Perfected Strike","Clothesline","Rupture+1","Combust+1"],"relics":["Burning Blood","NeowsBlessing","Golden Idol","Pen Nib","Frozen Egg 2","OrangePellets","Pandora\u0027s Box"],"acts_visited":["Exordium","TheCity"],"potions_floor_usage":[23],"damage_taken":[{"damage":0.0,"enemies":"Jaw Worm","floor":1.0,"turns":1.0},{"damage":0.0,"enemies":"Small Slimes","floor":5.0,"turns":1.0},{"damage":0.0,"enemies":"3 Sentries","floor":6.0,"turns":1.0},{"damage":0.0,"enemies":"Cultist","floor":10.0,"turns":2.0},{"damage":11.0,"enemies":"Lots of Slimes","floor":11.0,"turns":3.0},{"damage":0.0,"enemies":"Exordium Wildlife","floor":13.0,"turns":3.0},{"damage":9.0,"enemies":"Gremlin Gang","floor":14.0,"turns":3.0},{"damage":24.0,"enemies":"Slime Boss","floor":16.0,"turns":10.0},{"damage":34.0,"enemies":"Shell Parasite","floor":18.0,"turns":5.0},{"damage":25,"enemies":"Chosen","floor":20,"turns":5},{"damage":20,"enemies":"Snake Plant","floor":21,"turns":3},{"damage":24,"enemies":"Centurion and Healer","floor":23,"turns":2}],"seed_played":"478166171245663189","potions_obtained":[{"floor":6.0,"key":"Fire Potion"},{"floor":14.0,"key":"Explosive Potion"},{"floor":21,"key":"EssenceOfSteel"}],"is_trial":false,"path_per_floor":["M","?","?","$","M","E","R","?","T","M","M","$","M","M","R","B",null,"M","?","M","M","$","M"],"character_chosen":"IRONCLAD","items_purchased":["OrangePellets"],"campfire_rested":0,"item_purchase_floors":[12],"current_hp_per_floor":[80,60,60,60,66,72,72,72,72,78,73,73,79,76,76,58,80,52,52,33,19,19,0,0],"gold":416,"neow_bonus":"THREE_ENEMY_KILL","is_daily":false,"chose_seed":false,"campfire_upgraded":2,"win_rate":0.0,"timestamp":1609681595,"path_taken":["M","?","?","$","M","E","R","?","T","?","?","$","M","M","R","BOSS","M","?","M","M","$","M"],"items_purchased_type":["Relic"],"build_version":"2020-12-22","purchased_purges":1,"victory":false,"max_hp_per_floor":[80,80,80,80,80,80,80,80,80,80,80,80,80,80,80,80,80,80,80,80,80,80,80,80],"card_choices":[{"not_picked":["Flex","Shockwave","Anger"],"picked":"SKIP","floor":1.0},{"not_picked":["Thunderclap","Dual Wield","Iron Wave"],"picked":"SKIP","floor":5.0},{"not_picked":["Iron Wave","Reckless Charge"],"picked":"Twin Strike","floor":6.0},{"not_picked":["Iron Wave","Wild Strike"],"picked":"Headbutt","floor":10.0},{"not_picked":["Sentinel","Havoc"],"picked":"Brutality+1","floor":11.0},{"not_picked":["Shrug It Off","Perfected Strike","Twin Strike"],"picked":"SKIP","floor":13.0},{"not_picked":["Uppercut","Anger"],"picked":"Rampage","floor":14.0},{"not_picked":["Feed","Fiend Fire"],"picked":"Demon Form+1","floor":16.0},{"not_picked":["Clothesline+1","Burning Pact+1","Evolve+1"],"picked":"SKIP","floor":18.0},{"not_picked":["Warcry","Disarm","Cleave"],"picked":"SKIP","floor":20},{"not_picked":["Blood for Blood","Uppercut"],"picked":"Combust+1","floor":21}],"player_experience":677543,"relics_obtained":[{"floor":6.0,"key":"Pen Nib"},{"floor":9.0,"key":"Frozen Egg 2"}],"event_choices":[{"damage_healed":0.0,"max_hp_gain":0.0,"max_hp_loss":0.0,"gold_gain":0.0,"event_name":"Golden Idol","player_choice":"Take Damage","floor":2.0,"gold_loss":0.0,"damage_taken":20.0,"relics_obtained":["Golden Idol"]},{"cards_removed":["Strike_R"],"damage_healed":0.0,"max_hp_gain":0.0,"max_hp_loss":0.0,"gold_gain":0.0,"event_name":"The Cleric","player_choice":"Card Removal","floor":3.0,"gold_loss":50.0,"damage_taken":0.0},{"damage_healed":0.0,"max_hp_gain":0.0,"max_hp_loss":0.0,"gold_gain":0.0,"event_name":"Upgrade Shrine","player_choice":"Upgraded","floor":8.0,"gold_loss":0.0,"damage_taken":0.0,"cards_upgraded":["Bash"]},{"damage_healed":0,"gold_gain":250,"player_choice":"Bet on Owner","damage_taken":0,"max_hp_gain":0,"max_hp_loss":0,"event_name":"The Joust","floor":19,"gold_loss":50}],"is_beta":false,"boss_relics":[{"not_picked":["Coffee Dripper","Runic Cube"],"picked":"Pandora\u0027s Box"}],"items_purged_floors":[22],"is_endless":false,"potions_floor_spawned":[6,14,21],"killed_by":"Centurion and Healer","ascension_level":0}}