{"host":"kq2g769nefmuyn7c","time":1609645337,"event":{"mods":["ATMod(∞¢Ë™Mod)","Act Like it!","BaseMod","Gensokyo","Marisa£®ÏF”Í°°ƒß¿Ì…≥£©","Minty Spire (QoL Compilation)","Remilia£®¿Ÿ√◊¿Ú—«£©","Replay The Spire","StSLib"],"gold_per_floor":[113,113,127,141,154,185,185,214,214,231,231,263,273,303,383,486,486,504,140,20,37,54,86,186,220,220,249,249,249,269,269,269,368,368,387,81,91,202,202,230,230,256,279,279,279,296,296,310,310,310,310,310,112,138,138],"floor_reached":56,"playtime":3212,"items_purged":["Strike_MRS","Defend_MRS"],"score":1634,"play_id":"7b2059df-88ea-4098-b561-50d7521d65ad","local_time":"20210103114217","is_ascension_mode":true,"campfire_choices":[{"data":"MagicChant","floor":7,"key":"SMITH"},{"data":"PowerUp","floor":11,"key":"SMITH"},{"data":"MillisecondPulsars","floor":29,"key":"SMITH"},{"data":"EscapeVelocity","floor":29,"key":"SMITH"},{"data":"CollectingQuirk","floor":41,"key":"SMITH"},{"data":"MaximisePower","floor":41,"key":"SMITH"},{"data":"StarDustReverie","floor":44,"key":"SMITH"},{"data":"ChargingUp","floor":44,"key":"SMITH"},{"data":"SatelliteIllusion","floor":47,"key":"SMITH"},{"data":"OrrerysSun","floor":47,"key":"SMITH"},{"floor":49,"key":"RECALL"},{"data":"IllusionStar","floor":52,"key":"SMITH"},{"data":"EnergyFlow","floor":52,"key":"SMITH"}],"circlet_count":0,"master_deck":["Defend_MRS","Defend_MRS","MasterSpark+1","AT_IchimonjiDouble","6A","MaximisePower+1","EnergyFlow+1","MagicChant+1","PowerUp+1","BlazingStar","ShootingEcho","SporeBomb","EscapeVelocity+1","MilkyWay+1","ShootTheMoon","Orbital","OrrerysSun+1","Occultation+1","GalacticHalo+1","DeepEcoloBomb+1","CollectingQuirk+1","SatelliteIllusion+1","CurseOfTheBell","MeteoricShower+1","ChargingUp+1","Gensokyo:RisingWorld+1","ManaConvection+1","StarDustReverie+1","IllusionStar+1","CasketOfStar+1"],"relics":["MiniHakkero","AT_ATBox","NeowsBlessing","AT_DeathDance","SproutingBranch","Gremlin Horn","AT_GuinsooRageblade","Incense Burner","Painkiller Herb","Whetstone","Sling","Gensokyo:MaskOfHope","Orichalcum","Replay:Arrowhead","Counterbalance","ReplayTheSpireMod:Shallot","Eternal Feather","Calling Bell","Blue Doll","Matryoshka","AT_GoldPhoenixTree","Bronze Scales","Pen Nib","PreservedInsect","AT_ChloranthyRing","Mango","AT_EbonyIvory","Gensokyo:TheCrow","BargainBundle","Anchor"],"acts_visited":["Gensokyo:Gensokyo","Gensokyo:Gensokyoer","Gensokyo:Gensokyoest","TheEnding"],"potions_floor_usage":[16,24,33,38,39,55,55,55],"damage_taken":[{"damage":0,"enemies":"Gensokyo:Python","floor":1,"turns":1},{"damage":0,"enemies":"Gensokyo:2_Kodama","floor":3,"turns":1},{"damage":0,"enemies":"Gensokyo:Gryphon","floor":4,"turns":1},{"damage":0,"enemies":"Gensokyo:Kitsune","floor":5,"turns":2},{"damage":13,"enemies":"Gensokyo:Mamizou","floor":6,"turns":7},{"damage":14,"enemies":"Gensokyo:Cirno","floor":8,"turns":6},{"damage":0,"enemies":"Gensokyo:5_Fairies","floor":10,"turns":3},{"damage":12,"enemies":"Gensokyo:Aya","floor":12,"turns":4},{"damage":2,"enemies":"Gensokyo:VengefulSpirit","floor":13,"turns":3},{"damage":5,"enemies":"Gensokyo:Mamizou","floor":14,"turns":5},{"damage":5,"enemies":"Gensokyo:Yukari","floor":16,"turns":4},{"damage":4,"enemies":"Gensokyo:2_Gloops","floor":18,"turns":4},{"damage":0,"enemies":"Gensokyo:Chomper","floor":21,"turns":2},{"damage":1,"enemies":"Gensokyo:Mirror_and_Dog","floor":22,"turns":3},{"damage":13,"enemies":"Gensokyo:Tenshi","floor":23,"turns":2},{"damage":0,"enemies":"Gensokyo:Tenshi","floor":24,"turns":3},{"damage":2,"enemies":"Gensokyo:Reisen","floor":25,"turns":4},{"damage":7,"enemies":"Gensokyo:Tenshi","floor":27,"turns":3},{"damage":0,"enemies":"Gensokyo:Slime_Group","floor":30,"turns":3},{"damage":48,"enemies":"Gensokyo:Eternal_Rivals","floor":33,"turns":10},{"damage":10,"enemies":"Gensokyo:3_Boulders","floor":35,"turns":5},{"damage":1,"enemies":"Gensokyo:3_Bats","floor":37,"turns":3},{"damage":0,"enemies":"Gensokyo:3_Bats","floor":39,"turns":4},{"damage":1,"enemies":"Gensokyo:Marisa","floor":40,"turns":3},{"damage":0,"enemies":"Gensokyo:Doremy","floor":42,"turns":3},{"damage":0,"enemies":"Gensokyo:Rafflesia","floor":46,"turns":3},{"damage":0,"enemies":"Gensokyo:Sharpion","floor":48,"turns":1},{"damage":1,"enemies":"Gensokyo:Yuyuko","floor":50,"turns":3},{"damage":0,"enemies":"Shield and Spear","floor":54,"turns":2},{"damage":53,"enemies":"The Heart","floor":55,"turns":5}],"seed_played":"1008762835150618734","potions_obtained":[{"floor":4,"key":"SteroidPotion"},{"floor":13,"key":"AttackPotion"},{"floor":14,"key":"AttackPotion"},{"floor":16,"key":"Weak Potion"},{"floor":23,"key":"Milkshake"},{"floor":25,"key":"SkillPotion"},{"floor":33,"key":"ColorlessPotion"},{"floor":38,"key":"Fruit Juice"},{"floor":38,"key":"AttackPotion"},{"floor":40,"key":"Block Potion"}],"is_trial":false,"path_per_floor":["M","?","M","M","M","E","R","E","T","M","R","E","M","E","R","B",null,"?","T","?","?","?","E","?","E","T","E","?","T","?","?","T","B",null,"?","T","?","?","?","E","T","E","T","T","?","?","T","?","T","B",null,"T","T","E","B",null],"character_chosen":"MARISA","items_purchased":["Whetstone","Sling","Bronze Scales","Pen Nib","BargainBundle","CasketOfStar+1","Elixir"],"campfire_rested":0,"item_purchase_floors":[19,19,36,36,53,53,53],"current_hp_per_floor":[75,60,60,60,60,47,47,33,33,42,42,42,49,58,58,65,75,71,71,71,75,75,62,71,73,73,72,72,75,75,75,75,28,75,70,70,75,80,80,80,80,94,94,94,94,94,94,94,94,94,94,94,94,94,49],"gold":138,"neow_bonus":"THREE_ENEMY_KILL","is_daily":false,"chose_seed":false,"campfire_upgraded":12,"win_rate":0.0,"timestamp":1609645337,"path_taken":["M","?","M","M","M","E","R","E","T","M","R","E","M","E","R","BOSS","?","T","?","?","?","E","?","E","T","E","?","T","?","?","T","BOSS","?","T","?","?","?","E","T","E","T","T","?","?","T","?","T","BOSS","T","T","E","BOSS"],"items_purchased_type":["Relic","Relic","Relic","Relic","Relic","Card","Potion"],"build_version":"2020-12-22","purchased_purges":2,"victory":true,"max_hp_per_floor":[75,75,75,75,75,75,75,75,75,75,75,75,75,75,75,75,75,75,75,75,75,75,75,75,75,75,75,75,75,75,75,75,75,75,75,75,75,80,80,80,80,94,94,94,94,94,94,94,94,94,94,94,94,94,94],"card_choices":[{"not_picked":["AsteroidBelt","GalacticHalo"],"picked":"6A","floor":1},{"not_picked":["SporeBomb","EventHorizon"],"picked":"MaximisePower","floor":3},{"not_picked":["Singularity","UnstableBomb"],"picked":"EnergyFlow","floor":4},{"not_picked":["6A","EventHorizon"],"picked":"MagicChant","floor":5},{"not_picked":["GravityBeat","MagicChant"],"picked":"PowerUp","floor":6},{"not_picked":["EarthLightRay","FairyDestructionRay"],"picked":"DC","floor":8},{"not_picked":["GrandCross","DC","GravityBeat"],"picked":"SKIP","floor":10},{"not_picked":["DarkSpark","UnstableBomb"],"picked":"BlazingStar","floor":12},{"not_picked":["GrandCross","SuperPerseids"],"picked":"ShootingEcho","floor":13},{"not_picked":["GalacticHalo","Acceleration"],"picked":"SporeBomb","floor":14},{"not_picked":["MaximisePower","BlazingStar"],"picked":"EscapeVelocity","floor":16},{"not_picked":["AlicesGift","SporeBomb","GrandCross"],"picked":"SKIP","floor":18},{"not_picked":["DC","AsteroidBelt"],"picked":"MilkyWay+1","floor":21},{"not_picked":["GrandCross","ManaConvection+1"],"picked":"ShootTheMoon","floor":22},{"not_picked":["ShootTheMoon","SporeBomb"],"picked":"Orbital","floor":23},{"not_picked":["GalacticHalo","MilkyWay"],"picked":"OrrerysSun","floor":24},{"not_picked":["MysteriousBeam","SporeBomb+1"],"picked":"Occultation+1","floor":25},{"not_picked":["DoubleSpark","Acceleration"],"picked":"GalacticHalo+1","floor":27},{"not_picked":["PowerUp","6A"],"picked":"DeepEcoloBomb+1","floor":30},{"not_picked":["AbsoluteMagnitude","CasketOfStar"],"picked":"SatelliteIllusion","floor":33},{"not_picked":["GalacticHalo+1","ShootingEcho"],"picked":"MeteoricShower+1","floor":35},{"not_picked":["GravityBeat","SporeBomb","MysteriousBeam"],"picked":"SKIP","floor":37},{"not_picked":["SporeBomb+1","PowerUp"],"picked":"ChargingUp","floor":38},{"not_picked":["Gensokyo:LifeSpringInfinity+1","Gensokyo:RainbowDanmaku+1"],"picked":"Gensokyo:RisingWorld+1","floor":39},{"not_picked":["EarthLightRay+1","EnergyRecoil+1"],"picked":"ManaConvection+1","floor":40},{"not_picked":["StarBarrage","WitchOfGreed"],"picked":"StarDustReverie","floor":42},{"not_picked":["Acceleration","6A","RefractionSpark+1"],"picked":"SKIP","floor":46},{"not_picked":["GravityBeat+1","WitchOfGreed"],"picked":"IllusionStar","floor":48},{"not_picked":["RefractionSpark+1","GasGiant","NonDirectionalLaser"],"picked":"SKIP","floor":54}],"player_experience":149298,"relics_obtained":[{"floor":6,"key":"AT_DeathDance"},{"floor":8,"key":"SproutingBranch"},{"floor":9,"key":"Gremlin Horn"},{"floor":12,"key":"AT_GuinsooRageblade"},{"floor":14,"key":"Incense Burner"},{"floor":23,"key":"Orichalcum"},{"floor":24,"key":"Replay:Arrowhead"},{"floor":24,"key":"Counterbalance"},{"floor":25,"key":"Replay:Rubber Ducky"},{"floor":26,"key":"ReplayTheSpireMod:Shallot"},{"floor":27,"key":"Eternal Feather"},{"floor":34,"key":"Blue Doll"},{"floor":34,"key":"Matryoshka"},{"floor":34,"key":"AT_GoldPhoenixTree"},{"floor":38,"key":"PreservedInsect"},{"floor":40,"key":"AT_ChloranthyRing"},{"floor":42,"key":"Mango"},{"floor":43,"key":"AT_EbonyIvory"},{"floor":54,"key":"Anchor"}],"event_choices":[],"is_beta":false,"boss_relics":[{"not_picked":["Ring of Chaos","Empty Cage"],"picked":"Painkiller Herb"},{"not_picked":["Replay:Drink Me","BewitchedHakkero"],"picked":"Calling Bell"}],"items_purged_floors":[19,53],"is_endless":false,"potions_floor_spawned":[4,13,14,16,23,25,27,30,33,40,42,46,54],"ascension_level":2}}