{"host":"dhyczjm99amxd3qx","time":1609695994,"event":{"mods":["BaseMod","Colored Map","Googly Eyes","Highlight Path","Minty Spire (QoL Compilation)","Quick Restart","StSLib"],"gold_per_floor":[113,132,146,321,196,228,245,245,268,295,308,335,365,365,365,365,365],"floor_reached":16,"playtime":667,"items_purged":["Doubt"],"score":168,"play_id":"05c3b167-951e-4921-b116-f5f51c104580","local_time":"20210103124634","is_ascension_mode":true,"campfire_choices":[{"data":"Body Slam","floor":8.0,"key":"SMITH"},{"floor":15,"key":"REST"}],"circlet_count":0,"master_deck":["Strike_R","Strike_R","Strike_R","Strike_R","Strike_R","Defend_R","Defend_R","Defend_R","Bash","Shockwave","Thunderclap","Body Slam+1","Shrug It Off","Seeing Red"],"relics":["Burning Blood","Smiling Mask","Potion Belt","Red Skull","Boot","Odd Mushroom"],"acts_visited":["Exordium"],"potions_floor_usage":[12,13],"damage_taken":[{"damage":0.0,"enemies":"2 Louse","floor":1.0,"turns":4.0},{"damage":5.0,"enemies":"Jaw Worm","floor":2.0,"turns":5.0},{"damage":11.0,"enemies":"Small Slimes","floor":3.0,"turns":4.0},{"damage":30.0,"enemies":"Gremlin Nob","floor":6.0,"turns":4.0},{"damage":27.0,"enemies":"Gremlin Gang","floor":7.0,"turns":5.0},{"damage":25.0,"enemies":"Lagavulin","floor":10.0,"turns":6.0},{"damage":5.0,"enemies":"Exordium Wildlife","floor":11.0,"turns":5.0},{"damage":14,"enemies":"Gremlin Nob","floor":12,"turns":4},{"damage":6,"enemies":"The Mushroom Lair","floor":13,"turns":3},{"damage":26,"enemies":"The Guardian","floor":16,"turns":8}],"seed_played":"-5447163946609558186","potions_obtained":[{"floor":1.0,"key":"LiquidMemories"},{"floor":3.0,"key":"SkillPotion"},{"floor":6.0,"key":"GamblersBrew"},{"floor":12,"key":"SkillPotion"}],"is_trial":false,"path_per_floor":["M","M","M","?","$","E","M","R","T","E","M","E","?","?","R","B"],"character_chosen":"IRONCLAD","items_purchased":["Thunderclap"],"campfire_rested":1,"item_purchase_floors":[5],"current_hp_per_floor":[86,87,82,82,82,58,37,37,37,18,19,11,11,4,30,4,4],"gold":365,"neow_bonus":"TEN_PERCENT_HP_BONUS","is_daily":false,"chose_seed":false,"campfire_upgraded":1,"win_rate":0.0,"timestamp":1609695994,"path_taken":["M","M","M","?","$","E","M","R","T","E","M","E","?","?","R","BOSS"],"items_purchased_type":["Card"],"build_version":"2020-12-22","purchased_purges":1,"victory":false,"max_hp_per_floor":[88,88,88,88,88,88,88,88,88,88,88,88,88,88,88,88,88],"card_choices":[{"not_picked":["Heavy Blade","Rupture"],"picked":"Shockwave","floor":1.0},{"not_picked":["Flex","Reckless Charge","Cleave"],"picked":"SKIP","floor":2.0},{"not_picked":["Combust","Feel No Pain","Twin Strike"],"picked":"SKIP","floor":3.0},{"not_picked":["Seeing Red","Armaments"],"picked":"Body Slam","floor":6.0},{"not_picked":["Fire Breathing","Burning Pact"],"picked":"Shrug It Off","floor":7.0},{"not_picked":["Dual Wield","Clash","Ghostly Armor"],"picked":"SKIP","floor":10.0},{"not_picked":["Pommel Strike","Shockwave"],"picked":"Seeing Red","floor":11.0},{"not_picked":["Entrench","Havoc","Spot Weakness"],"picked":"SKIP","floor":12}],"player_experience":297801,"relics_obtained":[{"floor":6.0,"key":"Smiling Mask"},{"floor":9.0,"key":"Potion Belt"},{"floor":10.0,"key":"Red Skull"},{"floor":12,"key":"Boot"},{"floor":13,"key":"Odd Mushroom"}],"event_choices":[{"damage_healed":0.0,"max_hp_gain":0.0,"max_hp_loss":0.0,"gold_gain":175.0,"event_name":"Liars Game","player_choice":"AGREE","floor":4.0,"gold_loss":0.0,"damage_taken":0.0,"cards_obtained":["Doubt"]},{"damage_healed":0,"gold_gain":0,"player_choice":"Fought Mushrooms","damage_taken":0,"max_hp_gain":0,"max_hp_loss":0,"event_name":"Mushrooms","floor":13,"gold_loss":0},{"cards_removed":["Defend_R"],"damage_healed":0,"gold_gain":0,"player_choice":"Card Removal","damage_taken":7,"max_hp_gain":0,"max_hp_loss":0,"event_name":"Golden Wing","floor":14,"gold_loss":0}],"is_beta":false,"boss_relics":[],"items_purged_floors":[5],"is_endless":false,"potions_floor_spawned":[1,3,6,12],"killed_by":"The Guardian","ascension_level":8}}