{"host":"ta9mufxydm4vkknf","time":1609710582,"event":{"mods":["AchievementEnabler","BaseMod","Minty Spire (QoL Compilation)","Quick Restart"],"gold_per_floor":[110,35,35,55,55,90,90,122,122,87,87,98,48,9,9,107,107,120,130,80,5,24,24,24],"floor_reached":23,"playtime":615,"items_purged":["Defend_B","Defend_B","Strike_B"],"score":266,"play_id":"f2f9aa88-ea8f-45ea-91e4-ff5ff9209b51","local_time":"20210103224942","is_ascension_mode":true,"campfire_choices":[{"data":"Consume","floor":7,"key":"SMITH"},{"floor":11,"key":"REST"},{"floor":15,"key":"REST"}],"circlet_count":0,"master_deck":["Strike_B","Strike_B","Strike_B","Defend_B","Zap","Dualcast","Consume+1","Streamline","Chaos+1","Leap+1","FTL","Amplify+1","Defragment","Rebound"],"relics":["Cracked Core","NeowsBlessing","Smiling Mask","Toxic Egg 2","Dead Branch","DataDisk","Busted Crown"],"acts_visited":["Exordium","TheCity"],"potions_floor_usage":[16,22,22,22],"damage_taken":[{"damage":0,"enemies":"2 Louse","floor":1,"turns":1},{"damage":0,"enemies":"Cultist","floor":4,"turns":1},{"damage":0,"enemies":"Lagavulin","floor":6,"turns":1},{"damage":42,"enemies":"Gremlin Nob","floor":8,"turns":5},{"damage":14,"enemies":"Jaw Worm","floor":12,"turns":3},{"damage":24,"enemies":"Hexaghost","floor":16,"turns":8},{"damage":0,"enemies":"Chosen","floor":18,"turns":4},{"damage":10,"enemies":"Spheric Guardian","floor":19,"turns":4},{"damage":24,"enemies":"Cultist and Chosen","floor":22,"turns":7},{"damage":41,"enemies":"Slavers","floor":23,"turns":2}],"seed_played":"-6872361486863550532","potions_obtained":[{"floor":6,"key":"SpeedPotion"},{"floor":12,"key":"BlessingOfTheForge"},{"floor":16,"key":"EssenceOfDarkness"},{"floor":19,"key":"EntropicBrew"}],"is_trial":false,"path_per_floor":["M","$","?","M","?","E","R","E","T","?","R","M","$","$","R","B",null,"M","M","$","?","M","E"],"character_chosen":"DEFECT","items_purchased":["FTL"],"campfire_rested":2,"item_purchase_floors":[14],"current_hp_per_floor":[75,75,75,75,50,50,50,8,8,26,48,34,34,34,56,32,75,75,65,65,65,41,0,0],"gold":24,"neow_bonus":"THREE_ENEMY_KILL","is_daily":false,"chose_seed":false,"campfire_upgraded":1,"win_rate":0.0,"timestamp":1609710582,"path_taken":["M","$","?","?","?","E","R","E","T","?","R","M","?","$","R","BOSS","M","M","$","?","M","E"],"items_purchased_type":["Card"],"build_version":"2020-12-22","purchased_purges":3,"victory":false,"max_hp_per_floor":[75,75,75,75,75,75,75,75,75,75,75,75,75,75,75,75,75,75,75,75,75,75,75,75],"card_choices":[{"not_picked":["Rebound","Blizzard"],"picked":"Coolheaded","floor":1},{"not_picked":["Gash","Stack"],"picked":"Consume","floor":4},{"not_picked":["Force Field+1","Static Discharge"],"picked":"Streamline","floor":6},{"not_picked":["Conserve Battery+1","Stack+1"],"picked":"Chaos+1","floor":8},{"not_picked":["BootSequence+1","Chill+1"],"picked":"Leap+1","floor":12},{"not_picked":["Thunder Strike","Fission+1"],"picked":"Amplify+1","floor":16},{"not_picked":["Barrage"],"picked":"SKIP","floor":18},{"not_picked":[],"picked":"Defragment","floor":19},{"not_picked":[],"picked":"Rebound","floor":22}],"player_experience":179532,"relics_obtained":[{"floor":6,"key":"Dead Branch"},{"floor":8,"key":"DataDisk"}],"event_choices":[{"cards_removed":["Coolheaded"],"damage_healed":0,"gold_gain":0,"player_choice":"Gave Card","damage_taken":0,"relics_obtained":["Smiling Mask"],"max_hp_gain":0,"max_hp_loss":0,"event_name":"WeMeetAgain","floor":3,"gold_loss":0},{"damage_healed":0,"gold_gain":0,"player_choice":"Success","damage_taken":25,"relics_obtained":["Toxic Egg 2"],"max_hp_gain":0,"max_hp_loss":0,"event_name":"Scrap Ooze","floor":5,"gold_loss":0},{"damage_healed":18,"gold_gain":0,"player_choice":"Healed","damage_taken":0,"max_hp_gain":0,"max_hp_loss":0,"event_name":"The Cleric","floor":10,"gold_loss":35},{"cards_removed":["Defend_B"],"damage_healed":0,"gold_gain":0,"player_choice":"Gave Gold","damage_taken":0,"max_hp_gain":0,"max_hp_loss":0,"event_name":"Beggar","floor":21,"gold_loss":75}],"is_beta":false,"boss_relics":[{"not_picked":["Nuclear Battery","SacredBark"],"picked":"Busted Crown"}],"items_purged_floors":[2,13,20],"is_endless":false,"potions_floor_spawned":[6,12,16,19],"killed_by":"Slavers","ascension_level":4}}