{"host":"d3vq701jt8r0vo91","time":1609710985,"event":{"mods":["BaseMod","Better Third Choice","BetterRewards","CapriCore","Duelist Mod","GifTheSpireLib","Koishi","Luminous","Marisa????????","Minty Spire (QoL Compilation)","Prisma Mod","Rare Cards Sparkle","Remilia??????","Replay The Spire","Spicy Shops","StSLib","The Cursed","The Immortal","The Necromancer","The Servant 0.9.4","WarShipGirlsR/????R mod"],"gold_per_floor":[110,123,123,123,157,157,157],"floor_reached":6,"playtime":201,"items_purged":[],"score":43,"play_id":"c881e373-0a5f-4fb5-9b8b-b73e535ff0fc","local_time":"20210103165625","is_ascension_mode":true,"campfire_choices":[],"circlet_count":0,"master_deck":["Strike_B","Strike_B","Strike_B","Defend_B","Defend_B","Defend_B+1","Defend_B","Zap","Dualcast","Storm","Loop","Magnetism","Crystallizer+1"],"relics":["Cracked Core","BargainBundle","Membership Card"],"acts_visited":["Exordium"],"potions_floor_usage":[6],"damage_taken":[{"damage":10,"enemies":"Cultist","floor":1,"turns":4},{"damage":0,"enemies":"Small Slimes","floor":2,"turns":3},{"damage":6,"enemies":"2 Louse","floor":5,"turns":4},{"damage":15,"enemies":"Lagavulin","floor":6,"turns":2}],"seed_played":"-5618696209544706204","potions_obtained":[{"floor":2,"key":"Strength Potion"}],"is_trial":false,"path_per_floor":["M","M","?","?","M","E"],"character_chosen":"DEFECT","items_purchased":["BargainBundle","Storm","Membership Card","Loop","Magnetism"],"campfire_rested":0,"item_purchase_floors":[0,0,0,0,0],"current_hp_per_floor":[30,30,15,15,9,0,0],"gold":157,"neow_bonus":"","is_daily":false,"chose_seed":false,"campfire_upgraded":0,"win_rate":0.0,"timestamp":1609710985,"path_taken":["M","?","?","?","?","E"],"items_purchased_type":["Relic","Card","Relic","Card","Card"],"build_version":"2020-12-22","purchased_purges":0,"victory":false,"max_hp_per_floor":[75,75,75,75,75,75,75],"card_choices":[{"not_picked":["Conserve Battery","Streamline"],"picked":"Crystallizer","floor":1},{"not_picked":["FTL","Darkness","Go for the Eyes"],"picked":"SKIP","floor":2},{"not_picked":["Conserve Battery","Aggregate","Hologram"],"picked":"SKIP","floor":5}],"player_experience":177051,"relics_obtained":[],"event_choices":[{"damage_healed":30,"gold_gain":0,"player_choice":"Upgrade","damage_taken":15,"max_hp_gain":0,"max_hp_loss":75,"event_name":"betterThird:BetterShining","floor":3,"gold_loss":0,"cards_upgraded":["Crystallizer","Defend_B"]},{"cards_removed":["Glacier"],"damage_healed":0,"gold_gain":0,"player_choice":"Purged","damage_taken":0,"max_hp_gain":0,"max_hp_loss":0,"event_name":"Purifier","floor":4,"gold_loss":0}],"is_beta":false,"boss_relics":[],"items_purged_floors":[],"is_endless":false,"potions_floor_spawned":[2],"killed_by":"Lagavulin","ascension_level":4}}