{"host":"armnliea5o2aqs4b","time":1609675936,"event":{"mods":["BaseMod","Hubris","Infinite Spire","Minty Spire (QoL Compilation)","Quick Restart","StSLib"],"gold_per_floor":[118,118,118,118,135,163,176,176,256,15,33,33,66,66,66,164,164,180,199,124,124,139,170,170,180,180,180,193,222,222,232,232,336,336,356,336,349,349,369,404,404,404,404,420,470,504,523,533,533,533],"floor_reached":51,"playtime":1543,"items_purged":[],"score":1049,"play_id":"5f81a2a5-f85c-4f68-bea4-d0d91d051aaa","local_time":"20210103231216","is_ascension_mode":true,"campfire_choices":[{"data":"infinitespire:OneForAll","floor":8.0,"key":"SMITH"},{"data":"Reaper","floor":12.0,"key":"SMITH"},{"data":"Rage","floor":15.0,"key":"SMITH"},{"data":"Immolate","floor":24.0,"key":"SMITH"},{"data":"Spot Weakness","floor":27.0,"key":"SMITH"},{"data":"infinitespire:Gouge","floor":32.0,"key":"SMITH"},{"data":"Double Tap","floor":42.0,"key":"SMITH"},{"data":"Inflame","floor":49,"key":"SMITH"}],"circlet_count":0,"master_deck":["Strike_R","Strike_R","Strike_R","Strike_R","Defend_R","Defend_R","Defend_R","Defend_R","Bash","Thunderclap","Pommel Strike","infinitespire:OneForAll+1","Reaper+1","Rage+1","Immolate+1","Limit Break","Spot Weakness+1","Disarm","infinitespire:Gouge+1","Inflame+1","Infernal Blade+1","Double Tap+1","Offering"],"relics":["Burning Blood","NeowsBlessing","hubris:Towel","infinitespire:Lucky Rock","Paper Frog","hubris:SphereOfDissonance","Lantern","infinitespire:Burning Sword","Gremlin Horn","Mummified Hand","hubris:Potato","Philosopher\u0027s Stone","HornCleat","Dead Branch","StoneCalendar","infinitespire:Satchel"],"acts_visited":["Exordium","TheCity","TheBeyond"],"potions_floor_usage":[50,50,50],"damage_taken":[{"damage":0.0,"enemies":"Small Slimes","floor":1.0,"turns":1.0},{"damage":0.0,"enemies":"Cultist","floor":5.0,"turns":1.0},{"damage":5.0,"enemies":"3 Sentries","floor":6.0,"turns":3.0},{"damage":7.0,"enemies":"2 Louse","floor":7.0,"turns":2.0},{"damage":11.0,"enemies":"Looter","floor":11.0,"turns":2.0},{"damage":41.0,"enemies":"Lagavulin","floor":13.0,"turns":6.0},{"damage":27.0,"enemies":"Hexaghost","floor":16.0,"turns":9.0},{"damage":9.0,"enemies":"Chosen","floor":18.0,"turns":3.0},{"damage":14.0,"enemies":"Shell Parasite","floor":19.0,"turns":2.0},{"damage":0.0,"enemies":"3 Cultists","floor":22.0,"turns":2.0},{"damage":4.0,"enemies":"Slavers","floor":23.0,"turns":2.0},{"damage":0.0,"enemies":"Sentry and Sphere","floor":25.0,"turns":1.0},{"damage":4.0,"enemies":"Centurion and Healer","floor":28.0,"turns":2.0},{"damage":12.0,"enemies":"Gremlin Leader","floor":29.0,"turns":3.0},{"damage":2.0,"enemies":"Snecko","floor":31.0,"turns":3.0},{"damage":1.0,"enemies":"Automaton","floor":33.0,"turns":3.0},{"damage":29.0,"enemies":"3 Darklings","floor":35.0,"turns":3.0},{"damage":2.0,"enemies":"Orb Walker","floor":37.0,"turns":2.0},{"damage":5.0,"enemies":"4 Shapes","floor":39.0,"turns":3.0},{"damage":36.0,"enemies":"Nemesis","floor":40.0,"turns":3.0},{"damage":12.0,"enemies":"3 Darklings","floor":44.0,"turns":4.0},{"damage":18.0,"enemies":"Mind Bloom Boss Battle","floor":45.0,"turns":3.0},{"damage":5.0,"enemies":"Giant Head","floor":46.0,"turns":4.0},{"damage":0.0,"enemies":"Jaw Worm Horde","floor":47.0,"turns":1.0},{"damage":0,"enemies":"Transient","floor":48,"turns":5},{"damage":0,"enemies":"hubris:GrandSnecko","floor":50,"turns":2}],"seed_played":"112262754157907152","potions_obtained":[{"floor":1.0,"key":"ColorlessPotion"},{"floor":7.0,"key":"FearPotion"},{"floor":13.0,"key":"infinitespire:BlackPotion"},{"floor":22.0,"key":"GamblersBrew"},{"floor":28.0,"key":"DuplicationPotion"},{"floor":29.0,"key":"EntropicBrew"},{"floor":36.0,"key":"EssenceOfSteel"},{"floor":45.0,"key":"Explosive Potion"}],"is_trial":false,"path_per_floor":["M","?","?","?","M","E","M","R","T","$","M","R","E","?","R","B",null,"M","M","?","?","M","E","R","M","T","R","M","E","?","M","R","B",null,"M","?","M","$","M","E","?","R","T","M","?","E","M","M","R","B",null],"character_chosen":"IRONCLAD","items_purchased":["hubris:SphereOfDissonance"],"campfire_rested":0,"item_purchase_floors":[10],"current_hp_per_floor":[80,80,80,80,80,80,79,79,79,79,74,74,47,47,47,34,80,80,72,72,52,68,80,80,80,80,80,80,74,74,78,78,80,80,57,73,77,77,80,50,50,50,50,55,43,61,67,76,76,76],"gold":533,"neow_bonus":"THREE_ENEMY_KILL","is_daily":false,"chose_seed":false,"campfire_upgraded":8,"win_rate":0.0,"timestamp":1609675936,"path_taken":["M","?","?","?","M","E","M","R","T","$","?","R","E","?","R","BOSS","M","M","?","?","M","E","R","M","T","R","M","E","?","M","R","BOSS","M","?","?","$","?","E","?","R","T","M","?","E","M","M","R","BOSS"],"items_purchased_type":["Relic"],"build_version":"2020-12-22","purchased_purges":0,"victory":true,"max_hp_per_floor":[80,80,80,80,80,80,80,80,80,80,80,80,80,80,80,80,80,80,80,80,80,80,80,80,80,80,80,80,80,80,80,80,80,80,80,80,80,80,80,80,76,76,76,76,76,76,76,76,76,76],"card_choices":[{"not_picked":["Havoc","Anger"],"picked":"Thunderclap","floor":1.0},{"not_picked":["Battle Trance","Havoc"],"picked":"infinitespire:OneForAll","floor":5.0},{"not_picked":["Disarm","Heavy Blade"],"picked":"Reaper","floor":6.0},{"not_picked":["True Grit","Body Slam","Perfected Strike"],"picked":"SKIP","floor":7.0},{"not_picked":["Anger","Searing Blow","Ghostly Armor"],"picked":"SKIP","floor":11.0},{"not_picked":["Pummel","Havoc"],"picked":"Rage","floor":13.0},{"not_picked":["Corruption","Brutality"],"picked":"Limit Break","floor":16.0},{"not_picked":["True Grit","Anger"],"picked":"Spot Weakness","floor":18.0},{"not_picked":["Reckless Charge","Sever Soul"],"picked":"Disarm","floor":19.0},{"not_picked":["infinitespire:FinalStrike","infinitespire:NeuralNetwork"],"picked":"infinitespire:Gouge","floor":21.0},{"not_picked":["Ghostly Armor","Dropkick","Rupture"],"picked":"SKIP","floor":22.0},{"not_picked":["Cleave+1","Clash+1","Anger"],"picked":"SKIP","floor":23.0},{"not_picked":["Searing Blow","Anger","Pommel Strike"],"picked":"SKIP","floor":25.0},{"not_picked":["Second Wind+1","Sword Boomerang","Armaments+1"],"picked":"SKIP","floor":28.0},{"not_picked":["Whirlwind","Clash","Anger"],"picked":"SKIP","floor":29.0},{"not_picked":["Wild Strike","Clash","hubris:CleavingFinish"],"picked":"SKIP","floor":31.0},{"not_picked":["Clash","Thunderclap+1","Body Slam"],"picked":"SKIP","floor":35.0},{"not_picked":["Uppercut+1","Iron Wave+1","Thunderclap+1"],"picked":"SKIP","floor":37.0},{"not_picked":["Evolve+1","Twin Strike+1"],"picked":"Infernal Blade+1","floor":39.0},{"not_picked":["Cleave+1","Clothesline+1"],"picked":"Double Tap","floor":40.0},{"not_picked":["Pommel Strike","Flame Barrier+1","Sever Soul"],"picked":"SKIP","floor":44.0},{"not_picked":["Iron Wave+1","Havoc+1"],"picked":"Offering","floor":45.0},{"not_picked":["infinitespire:OneForAll","Shrug It Off","Ghostly Armor"],"picked":"SKIP","floor":46.0},{"not_picked":["Bloodletting+1","Thunderclap","Pommel Strike+1"],"picked":"SKIP","floor":47.0},{"not_picked":["Havoc+1","Combust","Burning Pact+1"],"picked":"SKIP","floor":48}],"player_experience":148246,"relics_obtained":[{"floor":6.0,"key":"infinitespire:Lucky Rock"},{"floor":9.0,"key":"Paper Frog"},{"floor":13.0,"key":"Lantern"},{"floor":23.0,"key":"Gremlin Horn"},{"floor":26.0,"key":"Mummified Hand"},{"floor":29.0,"key":"hubris:Potato"},{"floor":40.0,"key":"HornCleat"},{"floor":43.0,"key":"Dead Branch"},{"floor":45.0,"key":"StoneCalendar"},{"floor":46.0,"key":"infinitespire:Satchel"}],"event_choices":[{"damage_healed":0.0,"max_hp_gain":0.0,"max_hp_loss":0.0,"gold_gain":0.0,"event_name":"NoteForYourself","player_choice":"Ignored","floor":4.0,"gold_loss":0.0,"damage_taken":0.0},{"damage_healed":0.0,"max_hp_gain":0.0,"max_hp_loss":0.0,"gold_gain":0.0,"event_name":"Match and Keep!","player_choice":"1 cards matched","floor":14.0,"gold_loss":0.0,"damage_taken":0.0,"cards_obtained":["Immolate"]},{"cards_removed":["Strike_R"],"damage_healed":0.0,"max_hp_gain":0.0,"max_hp_loss":0.0,"gold_gain":0.0,"event_name":"Beggar","player_choice":"Gave Gold","floor":20.0,"gold_loss":75.0,"damage_taken":0.0},{"damage_healed":0.0,"max_hp_gain":0.0,"max_hp_loss":0.0,"gold_gain":0.0,"event_name":"The Library","player_choice":"Read","floor":30.0,"gold_loss":0.0,"damage_taken":0.0,"cards_obtained":["Inflame"]},{"damage_healed":0.0,"max_hp_gain":0.0,"max_hp_loss":0.0,"gold_gain":0.0,"event_name":"The Woman in Blue","player_choice":"Bought 1 Potion","floor":36.0,"gold_loss":0.0,"damage_taken":0.0},{"damage_healed":0.0,"max_hp_gain":0.0,"max_hp_loss":4.0,"gold_gain":0.0,"event_name":"Winding Halls","player_choice":"Max HP","floor":41.0,"gold_loss":0.0,"damage_taken":0.0},{"damage_healed":0.0,"max_hp_gain":0.0,"max_hp_loss":0.0,"gold_gain":0.0,"event_name":"MindBloom","player_choice":"Fight","floor":45.0,"gold_loss":0.0,"damage_taken":0.0}],"is_beta":false,"boss_relics":[{"not_picked":["hubris:TerracottaHorce","Runic Cube"],"picked":"infinitespire:Burning Sword"},{"not_picked":["SacredBark","hubris:Stopwatch"],"picked":"Philosopher\u0027s Stone"}],"items_purged_floors":[],"is_endless":false,"potions_floor_spawned":[1,7,13,22,28,29,39,44,45,47],"ascension_level":3}}