{"host":"tl8jdqk9pnwb74j1","time":1609684154,"event":{"mods":["BaseMod","BetterRewards","Custom Start","Minty Spire (QoL Compilation)","Shop Mod","StSLib","SuperFastMode"],"gold_per_floor":[110,185,185,185,29,29,44,44,44,44,61,74,24,39,39,139,139,149,161,174,17,17,17,17],"floor_reached":23,"playtime":491,"items_purged":["Strike_R","Strike_R"],"score":418,"play_id":"67bcf8e3-39d6-4fee-9cd2-c6b0e92479f2","local_time":"20210103222914","is_ascension_mode":true,"campfire_choices":[{"data":"Body Slam","floor":6.0,"key":"SMITH"},{"data":"Ghostly Armor","floor":8.0,"key":"SMITH"},{"floor":10.0,"key":"REST"},{"data":"Body Slam","floor":15,"key":"SMITH"}],"circlet_count":0,"master_deck":["Strike_R","Strike_R","Defend_R","Defend_R","Defend_R","Defend_R","Bash","Body Slam+1","Ghostly Armor+1","Body Slam+1","Spot Weakness","Body Slam","Body Slam+1","Barricade","Shrug It Off","Shame"],"relics":["Burning Blood","Membership Card","The Courier","Orrery","Bronze Scales","Gremlin Horn","Philosopher\u0027s Stone","MerchantsRug","Mummified Hand","Toy Ornithopter"],"acts_visited":["Exordium","TheCity"],"potions_floor_usage":[16],"damage_taken":[{"damage":19.0,"enemies":"Jaw Worm","floor":1.0,"turns":3.0},{"damage":10.0,"enemies":"Small Slimes","floor":7.0,"turns":3.0},{"damage":4.0,"enemies":"2 Louse","floor":11.0,"turns":2.0},{"damage":6.0,"enemies":"Exordium Thugs","floor":12.0,"turns":4.0},{"damage":6,"enemies":"Looter","floor":14,"turns":2},{"damage":27,"enemies":"Hexaghost","floor":16,"turns":7},{"damage":8,"enemies":"2 Thieves","floor":18,"turns":3},{"damage":28,"enemies":"Spheric Guardian","floor":19,"turns":4},{"damage":22,"enemies":"Snecko","floor":20,"turns":7},{"damage":0,"enemies":"Slavers","floor":23,"turns":1}],"seed_played":"414911767115444315","potions_obtained":[{"floor":7.0,"key":"Energy Potion"},{"floor":11.0,"key":"LiquidMemories"},{"floor":12.0,"key":"SmokeBomb"},{"floor":19,"key":"Dexterity Potion"}],"is_trial":false,"path_per_floor":["M","?","?","?","$","R","M","R","T","R","M","M","?","M","R","B",null,"M","M","M","$","?","E"],"character_chosen":"IRONCLAD","items_purchased":["Membership Card","Orrery","Bronze Scales","MerchantsRug","Mummified Hand"],"campfire_rested":1,"item_purchase_floors":[0,5,5,21,21],"current_hp_per_floor":[59,48,15,15,15,15,11,11,11,35,37,37,37,37,37,16,64,62,40,24,24,24,24,24],"gold":17,"neow_bonus":"","is_daily":false,"chose_seed":false,"campfire_upgraded":3,"win_rate":0.0,"timestamp":1609684154,"path_taken":["M","?","?","?","$","R","?","R","T","R","M","M","?","M","R","BOSS","M","M","M","$","?","E"],"items_purchased_type":["Relic","Relic","Relic","Relic","Relic"],"build_version":"2020-12-22","purchased_purges":2,"victory":false,"max_hp_per_floor":[80,80,80,80,80,80,80,80,80,80,80,80,80,80,80,80,80,80,80,80,80,80,80,80],"card_choices":[{"not_picked":["Metallicize","Searing Blow"],"picked":"Body Slam","floor":1.0},{"not_picked":["Perfected Strike","Dual Wield"],"picked":"Ghostly Armor","floor":5.0},{"not_picked":["Headbutt","Clash"],"picked":"Body Slam","floor":5.0},{"not_picked":["Inflame","Clash"],"picked":"Spot Weakness","floor":5.0},{"not_picked":["Sword Boomerang","Whirlwind","Thunderclap"],"picked":"SKIP","floor":7.0},{"not_picked":["Thunderclap","True Grit"],"picked":"Body Slam","floor":11.0},{"not_picked":["Armaments","Shrug It Off"],"picked":"Body Slam","floor":12.0},{"not_picked":["Infernal Blade","Spot Weakness","Headbutt"],"picked":"SKIP","floor":14},{"not_picked":["Brutality","Limit Break"],"picked":"Barricade","floor":16},{"not_picked":["Sword Boomerang","Perfected Strike+1","Thunderclap"],"picked":"SKIP","floor":18},{"not_picked":["Cleave","Flex+1"],"picked":"Shrug It Off","floor":19},{"not_picked":["Second Wind","Heavy Blade","Clothesline"],"picked":"SKIP","floor":20}],"player_experience":968189,"relics_obtained":[{"floor":9.0,"key":"Gremlin Horn"}],"event_choices":[{"damage_healed":0.0,"max_hp_gain":0.0,"max_hp_loss":0.0,"gold_gain":75.0,"event_name":"World of Goop","player_choice":"Gather Gold","floor":2.0,"gold_loss":0.0,"damage_taken":11.0},{"damage_healed":0.0,"max_hp_gain":0.0,"max_hp_loss":0.0,"gold_gain":0.0,"event_name":"Scrap Ooze","player_choice":"Success","floor":3.0,"gold_loss":0.0,"damage_taken":33.0,"relics_obtained":["The Courier"]},{"damage_healed":0.0,"max_hp_gain":0.0,"max_hp_loss":0.0,"gold_gain":0.0,"event_name":"Upgrade Shrine","player_choice":"Upgraded","floor":4.0,"gold_loss":0.0,"damage_taken":0.0,"cards_upgraded":["Body Slam"]},{"cards_removed":["Strike_R"],"damage_healed":0.0,"max_hp_gain":0.0,"max_hp_loss":0.0,"gold_gain":0.0,"event_name":"The Cleric","player_choice":"Card Removal","floor":13.0,"gold_loss":50.0,"damage_taken":0.0},{"damage_healed":0,"gold_gain":0,"player_choice":"Stole Relic","damage_taken":0,"relics_obtained":["Toy Ornithopter"],"max_hp_gain":0,"max_hp_loss":0,"event_name":"Addict","floor":22,"gold_loss":0,"cards_obtained":["Shame"]}],"is_beta":false,"boss_relics":[{"not_picked":["Calling Bell","Cursed Key"],"picked":"Philosopher\u0027s Stone"}],"items_purged_floors":[5,21],"is_endless":false,"potions_floor_spawned":[7,11,12,14,19,20],"killed_by":"Slavers","ascension_level":8}}