{"host":"ovw38rql97vr1sxo","time":1609707437,"event":{"mods":["AchievementEnabler","Act Like it!","BaseMod","Better Altar","Better Match","Better Note","Better Sensory Stone","Better Skull","Better Third Choice","Colored Powertips","Hallownest","Highlight Path","Minty Spire (QoL Compilation)","Permanent Neow","Quick Restart","Rare Cards Sparkle","Shop Mod","StSLib","The Bug Knight","UnlockEverythingMod"],"gold_per_floor":[19,31,31,31,49,49,228,228,228,256,268,193,206,94,94,166,166,183,664,664,664,664],"floor_reached":21,"playtime":877,"items_purged":["Strike_R"],"score":344,"play_id":"ff845bf7-b1b1-46cf-8ca2-0837e1af24aa","local_time":"20210104055717","is_ascension_mode":true,"campfire_choices":[{"data":"Armaments","floor":6.0,"key":"SMITH"},{"data":"Immolate","floor":8.0,"key":"SMITH"},{"data":"Rage","floor":15.0,"key":"SMITH"}],"circlet_count":0,"master_deck":["AscendersBane","Strike_R","Strike_R","Strike_R","Defend_R","Defend_R","Defend_R","Defend_R","Bash","Immolate+1","Havoc+1","Armaments+1","Disarm","Rage+1","Inflame","Burning Pact","Fiend Fire","Rampage"],"relics":["Burning Blood","Hallownest:DreamNailRelic","Art of War","Potion Belt","Shuriken","Mark of Pain"],"acts_visited":["Exordium","Hallownest:Greenpath"],"potions_floor_usage":[],"damage_taken":[{"damage":4.0,"enemies":"Hallownest:monsterHuskGuard","floor":1.0,"turns":3.0},{"damage":3.0,"enemies":"Hallownest:2_MossCreeps","floor":2.0,"turns":4.0},{"damage":7.0,"enemies":"Hallownest:monsterHuskWarrior","floor":5.0,"turns":3.0},{"damage":14.0,"enemies":"Hallownest:eliteMossKnight","floor":10.0,"turns":4.0},{"damage":0.0,"enemies":"Hallownest:monsterAspidMother","floor":11.0,"turns":3.0},{"damage":11.0,"enemies":"Hallownest:Guard_and_Warrior","floor":13.0,"turns":5.0},{"damage":38.0,"enemies":"Hallownest:BossBrokenVessel","floor":16.0,"turns":9.0},{"damage":45.0,"enemies":"Hallownest:3_Youths","floor":18.0,"turns":8.0},{"damage":15,"enemies":"Hallownest:2_Mistakes","floor":21,"turns":2}],"seed_played":"-1135076121570037165","potions_obtained":[{"floor":5.0,"key":"AttackPotion"},{"floor":11.0,"key":"EntropicBrew"},{"floor":13.0,"key":"FairyPotion"}],"is_trial":false,"path_per_floor":["M","M","?","?","M","R","?","R","T","E","M","?","M","$","R","B",null,"M","?","?","M"],"character_chosen":"IRONCLAD","items_purchased":["Burning Pact"],"campfire_rested":0,"item_purchase_floors":[14],"current_hp_per_floor":[70,73,73,73,72,72,7,7,7,11,17,17,12,12,12,13,60,21,21,15,0,0],"gold":664,"neow_bonus":"THREE_RARE_CARDS","is_daily":false,"chose_seed":false,"campfire_upgraded":3,"win_rate":0.0,"timestamp":1609707437,"path_taken":["M","M","?","?","?","R","?","R","T","E","?","?","M","$","R","BOSS","M","?","?","M"],"items_purchased_type":["Card"],"build_version":"2020-12-22","purchased_purges":1,"victory":false,"max_hp_per_floor":[75,75,75,75,75,75,75,75,75,75,75,75,75,75,75,75,75,75,75,75,75,75],"card_choices":[{"not_picked":["Corruption","Juggernaut"],"picked":"Immolate","floor":0.0},{"not_picked":["Sword Boomerang","Heavy Blade"],"picked":"Havoc","floor":1.0},{"not_picked":["Warcry","Twin Strike"],"picked":"Armaments","floor":2.0},{"not_picked":["Sentinel","Thunderclap","Uppercut"],"picked":"SKIP","floor":5.0},{"not_picked":["Clothesline","Combust"],"picked":"Disarm","floor":10.0},{"not_picked":["Dropkick","Twin Strike"],"picked":"Rage","floor":11.0},{"not_picked":["Heavy Blade","Warcry"],"picked":"Inflame","floor":13.0},{"not_picked":["Reaper","Limit Break"],"picked":"Fiend Fire","floor":16.0},{"not_picked":["Armaments","Shrug It Off+1"],"picked":"Rampage","floor":18.0}],"player_experience":89385,"relics_obtained":[{"floor":10.0,"key":"Shuriken"}],"event_choices":[{"damage_healed":0.0,"max_hp_gain":0.0,"max_hp_loss":0.0,"gold_gain":179.0,"event_name":"betterSkull:BetterSkull","player_choice":"UP RE RE GO GO ","floor":7.0,"gold_loss":0.0,"damage_taken":73.0,"cards_upgraded":["Havoc"],"relics_obtained":["Art of War","Potion Belt"]}],"is_beta":false,"boss_relics":[{"not_picked":["SlaversCollar","Ectoplasm"],"picked":"Mark of Pain"}],"items_purged_floors":[14],"is_endless":false,"potions_floor_spawned":[5,11,13],"killed_by":"Hallownest:2_Mistakes","ascension_level":20}}