{"host":"7k88kcl92al3r52p","time":1609704418,"event":{"mods":["BaseMod","Beaked The Cultist","Conspire","Downfall","Infinite Spire","Mimic Mod","Minty Spire (QoL Compilation)","Rare Cards Sparkle","Replay The Spire","Shop Mod","StSLib","The Cursed"],"gold_per_floor":[99,119,139,139,158,177,204,24,63,63,63,63,94,130,155,157,157],"floor_reached":16,"playtime":1074,"items_purged":[],"score":96,"play_id":"1def636d-2adf-4421-ab04-093f96926d27","local_time":"20210103150658","is_ascension_mode":false,"campfire_choices":[{"data":"beaked:Ceremony","floor":1.0,"key":"SMITH"}],"circlet_count":0,"master_deck":["beaked:Strike_Y","beaked:Strike_Y","beaked:Strike_Y","beaked:Strike_Y","beaked:Strike_Y","beaked:Defend_Y","beaked:Defend_Y","beaked:Defend_Y","beaked:Defend_Y","beaked:Ceremony","beaked:Ceremony+1","beaked:Ceremony+1","beaked:Pecker","beaked:FakeOut","beaked:Overpower","expansioncontent:ChargeUp","beaked:Evade","Decay","beaked:AwakenedForm+1","beaked:DigDeep","beaked:Overpower","beaked:Overpower"],"relics":["beaked:MendingPlumage","Replay:Bandana","Ring of Fury"],"acts_visited":["Exordium"],"potions_floor_usage":[16,16],"damage_taken":[{"damage":13.0,"enemies":"Jaw Worm","floor":2.0,"turns":5.0},{"damage":5.0,"enemies":"2 Louse","floor":3.0,"turns":4.0},{"damage":10.0,"enemies":"Small Slimes","floor":5.0,"turns":5.0},{"damage":38.0,"enemies":"Exordium Thugs","floor":6.0,"turns":4.0},{"damage":10.0,"enemies":"downfall:FleeingMerchant","floor":8.0,"turns":4.0},{"damage":8.0,"enemies":"2 Fungi Beasts","floor":9.0,"turns":4.0},{"damage":16.0,"enemies":"3 Louse","floor":13.0,"turns":3.0},{"damage":4.0,"enemies":"Exordium Wildlife","floor":14.0,"turns":3.0},{"damage":22.0,"enemies":"Blue Slaver","floor":15.0,"turns":4.0},{"damage":1,"enemies":"downfall:Ironclad","floor":16,"turns":2}],"seed_played":"-2538393600539540550","potions_obtained":[{"floor":2.0,"key":"Weak Potion"},{"floor":3.0,"key":"Adrenaline Potion"},{"floor":6.0,"key":"SpeedPotion"},{"floor":9.0,"key":"champ:CounterPotion"},{"floor":15.0,"key":"beaked:MendingBrew"}],"is_trial":false,"path_per_floor":["R","M","M","?","M","M","T","$","M","?","?","?","M","M","M","B"],"character_chosen":"BEAKED_THE_CULTIST","items_purchased":["beaked:Overpower","expansioncontent:ChargeUp"],"campfire_rested":0,"item_purchase_floors":[8,8],"current_hp_per_floor":[55,51,55,55,54,25,25,25,26,26,26,26,17,21,11,18,18],"gold":157,"neow_bonus":"TEN_PERCENT_HP_BONUS","is_daily":false,"chose_seed":false,"campfire_upgraded":1,"win_rate":0.0,"timestamp":1609704418,"path_taken":["R","M","M","?","M","M","T","$","M","?","?","?","M","M","M","BOSS"],"items_purchased_type":["Card","Card"],"build_version":"2020-12-22","purchased_purges":0,"victory":false,"max_hp_per_floor":[55,55,55,55,55,55,55,55,55,55,55,55,55,55,55,55,55],"card_choices":[{"not_picked":["beaked:Poke","beaked:Redirect","beaked:Windmill"],"picked":"SKIP","floor":2.0},{"not_picked":["beaked:Tradeoff","beaked:Daydream","beaked:Recite"],"picked":"SKIP","floor":3.0},{"not_picked":["beaked:Insight","beaked:BloodRitual"],"picked":"beaked:Pecker","floor":5.0},{"not_picked":["beaked:WarriorEssence","beaked:MaddeningMurmurs"],"picked":"beaked:FakeOut","floor":6.0},{"not_picked":["beaked:Tweet","beaked:Devastation","beaked:Insight"],"picked":"SKIP","floor":8.0},{"not_picked":["ReplayTheSpireMod:RavenHex","beaked:Struggle"],"picked":"beaked:Evade","floor":9.0},{"not_picked":["beaked:Windmill","beaked:BloodRitual"],"picked":"beaked:DigDeep","floor":13.0},{"not_picked":["beaked:Cower","beaked:Roost"],"picked":"beaked:Overpower","floor":14.0},{"not_picked":["beaked:Brace","beaked:MimicMachine"],"picked":"beaked:Overpower","floor":15.0}],"player_experience":247668,"relics_obtained":[{"floor":7.0,"key":"Replay:Bandana"},{"floor":10.0,"key":"Ring of Fury"}],"event_choices":[],"is_beta":false,"boss_relics":[],"items_purged_floors":[],"is_endless":false,"potions_floor_spawned":[2,3,6,9,15],"killed_by":"downfall:Ironclad","ascension_level":0}}