{"host":"qj91dvco5uhu9oti","time":1609680693,"event":{"mods":["BaseMod","Colored Map","Downfall","Keyboard Shortcuts","Minty Spire (QoL Compilation)","Permanent Neow","Relic Stats","StSLib","SuperFastMode","everything is the same but u backflip on backflip"],"gold_per_floor":[99,112,128,128,128,128,200,200,200,212,241,241,241],"floor_reached":11,"playtime":298,"items_purged":[],"score":71,"play_id":"d206bf49-aaec-4b45-8f09-61bf859b234f","local_time":"20210103223133","is_ascension_mode":false,"campfire_choices":[{"data":"hexamod:Float","floor":1,"key":"SMITH"},{"data":"hexamod:Sear","floor":6,"key":"SMITH"},{"data":"hexamod:FastForward","floor":8,"key":"SMITH"}],"circlet_count":0,"master_deck":["hexamod:Strike","hexamod:Strike","hexamod:Strike","hexamod:Defend","hexamod:Defend","hexamod:Defend","hexamod:Defend","hexamod:Sear+1","hexamod:Float+1","hexamod:Hexaguard","hexamod:PhantomFireball","hexamod:FastForward+1","hexamod:PhantomCloak","hexamod:ExtraCrispy","hexamod:NightmareStrike"],"relics":["hexamod:SpiritBrand","Question Card","Shuriken"],"acts_visited":["Exordium"],"potions_floor_usage":[],"damage_taken":[{"damage":2,"enemies":"2 Louse","floor":2,"turns":3},{"damage":0,"enemies":"Jaw Worm","floor":3,"turns":2},{"damage":0,"enemies":"Cultist","floor":9,"turns":1},{"damage":14,"enemies":"Exordium Thugs","floor":10,"turns":4},{"damage":53,"enemies":"Gremlin Nob","floor":11,"turns":6}],"seed_played":"1563716421675621145","potions_obtained":[{"floor":10,"key":"PowerPotion"},{"floor":11,"key":"Strength Potion"}],"is_trial":false,"path_per_floor":["R","M","M","?","?","R","T","R","M","M","E"],"character_chosen":"THE_SPIRIT","items_purchased":[],"campfire_rested":0,"item_purchase_floors":[],"current_hp_per_floor":[70,68,68,68,68,68,68,68,68,54,1,1,1],"gold":241,"neow_bonus":"THREE_CARDS","is_daily":false,"chose_seed":false,"campfire_upgraded":3,"win_rate":0.0,"timestamp":1609680693,"path_taken":["R","M","M","?","?","R","T","R","?","M","E"],"items_purchased_type":[],"build_version":"2020-12-22","purchased_purges":0,"victory":false,"max_hp_per_floor":[70,70,70,70,70,70,70,70,70,70,70,70,70],"relic_stats":{"counters":[5,16],"Shuriken":[0],"Question Card":3,"obtain_stats":[{"downfall:BrokenWingStatue":4,"Shuriken":11,"Question Card":7,"hexamod:SpiritBrand":0},{"downfall:BrokenWingStatue":2,"Shuriken":5,"Question Card":2,"hexamod:SpiritBrand":0},{"downfall:BrokenWingStatue":5,"Shuriken":16,"Question Card":5,"hexamod:SpiritBrand":0}]},"card_choices":[{"not_picked":["hexamod:GhostLash","hexamod:GhostShield"],"picked":"hexamod:Hexaguard","floor":0},{"not_picked":["hexamod:ShieldOfDarkness","hexamod:RainOfEmbers"],"picked":"hexamod:PhantomFireball","floor":2},{"not_picked":["hexamod:GhostShield","hexamod:HeatCrush"],"picked":"hexamod:FastForward","floor":3},{"not_picked":["hexamod:SearingWound","hexamod:SpectersWail","hexamod:HeatMetal"],"picked":"hexamod:PhantomCloak","floor":9},{"not_picked":["hexamod:GhostLash","hexamod:GhostOfSpirePresent","hexamod:NightmareGuise"],"picked":"hexamod:ExtraCrispy","floor":10},{"not_picked":["hexamod:BacktrackSmack","hexamod:ParanormalForm","hexamod:HauntingEcho"],"picked":"hexamod:NightmareStrike","floor":11}],"player_experience":337759,"relics_obtained":[{"floor":7,"key":"Question Card"},{"floor":11,"key":"Shuriken"}],"event_choices":[],"is_beta":false,"boss_relics":[],"items_purged_floors":[],"is_endless":false,"potions_floor_spawned":[10,11],"killed_by":"Gremlin Nob","ascension_level":0}}