{"host":"kw4o7b3ro2ktmmbe","time":1609647288,"event":{"mods":["BaseMod","Evolution","Minty Spire (QoL Compilation)","QueenMod","StSLib","Wandering Minibosses"],"gold_per_floor":[109,124,134,144,144,144,144,155,155,155,165,165,152,152,152,250,250,250,250],"floor_reached":18,"playtime":832,"items_purged":[],"score":179,"play_id":"c942cfd1-50b8-4ad4-989a-43e35d528f94","local_time":"20210103171448","is_ascension_mode":false,"campfire_choices":[{"data":"QueenMod:HonorGuard","floor":6.0,"key":"SMITH"},{"data":"QueenMod:SharpStingers","floor":10.0,"key":"SMITH"},{"data":"QueenMod:AttackOrder","floor":12,"key":"SMITH"},{"data":"QueenMod:Recruit","floor":15,"key":"SMITH"}],"circlet_count":0,"master_deck":["QueenMod:AttackOrder+1","QueenMod:AttackOrder","QueenMod:AttackOrder","QueenMod:AttackOrder","QueenMod:CrossGuard","QueenMod:CrossGuard","QueenMod:Defend","QueenMod:Defend","QueenMod:QuickJabs","QueenMod:Recruit+1","CurseOfTheBell","QueenMod:HonorGuard+1","QueenMod:SharpStingers+1","QueenMod:Incubate+1","QueenMod:BusyBees","QueenMod:Knighting+1","QueenMod:BumbleBee"],"relics":["EVO:Axolotl","Calling Bell","Orichalcum","Du-Vu Doll","Toxic Egg 2","Coffee Dripper"],"acts_visited":["Exordium","TheCity"],"potions_floor_usage":[11],"damage_taken":[{"damage":1.0,"enemies":"Cultist","floor":1.0,"turns":3.0},{"damage":0.0,"enemies":"Jaw Worm","floor":2.0,"turns":3.0},{"damage":0.0,"enemies":"Small Slimes","floor":3.0,"turns":2.0},{"damage":8.0,"enemies":"Looter","floor":4.0,"turns":3.0},{"damage":1.0,"enemies":"Blue Slaver","floor":8.0,"turns":3.0},{"damage":0,"enemies":"2 Fungi Beasts","floor":11,"turns":2},{"damage":15,"enemies":"Large Slime","floor":13,"turns":6},{"damage":48,"enemies":"The Guardian","floor":16,"turns":7},{"damage":0,"enemies":"Spheric Guardian","floor":18,"turns":1}],"seed_played":"8737808216539542319","potions_obtained":[{"floor":2.0,"key":"BlessingOfTheForge"},{"floor":8.0,"key":"Dexterity Potion"},{"floor":11,"key":"SpeedPotion"},{"floor":16,"key":"Block Potion"}],"is_trial":false,"path_per_floor":["M","M","M","M","?","R","$","M","T","R","M","R","M","?","R","B",null,"M"],"character_chosen":"THE_QUEEN","items_purchased":[],"campfire_rested":0,"item_purchase_floors":[],"current_hp_per_floor":[74,74,74,66,66,66,66,65,65,65,65,65,50,55,55,7,80,80,80],"gold":250,"neow_bonus":"BOSS_RELIC","is_daily":false,"chose_seed":false,"campfire_upgraded":4,"win_rate":0.0,"timestamp":1609647288,"path_taken":["M","?","M","M","?","R","$","?","T","R","M","R","M","?","R","BOSS","M"],"items_purchased_type":[],"build_version":"2020-12-22","purchased_purges":0,"victory":false,"max_hp_per_floor":[75,75,75,75,75,75,75,75,75,75,75,75,75,80,80,80,80,80,80],"card_choices":[{"not_picked":["QueenMod:Conscripts","QueenMod:DefendOrder","QueenMod:Ravage"],"picked":"SKIP","floor":1.0},{"not_picked":["QueenMod:PopulateOrder","QueenMod:DefendOrder","QueenMod:Charge"],"picked":"SKIP","floor":2.0},{"not_picked":["QueenMod:HexGuard","QueenMod:Regroup","QueenMod:PopulateOrder"],"picked":"SKIP","floor":3.0},{"not_picked":["QueenMod:Mark","QueenMod:Rally"],"picked":"QueenMod:HonorGuard","floor":4.0},{"not_picked":["QueenMod:SwarmingStrike","QueenMod:Flyby"],"picked":"QueenMod:SharpStingers","floor":8.0},{"not_picked":["QueenMod:HexGuard+1","QueenMod:SplitStrike"],"picked":"QueenMod:Incubate+1","floor":11},{"not_picked":["QueenMod:SecretWeapon","QueenMod:Mark+1"],"picked":"QueenMod:BusyBees","floor":13},{"not_picked":["QueenMod:HoneyShield","QueenMod:EliteSoldiers+1"],"picked":"QueenMod:Knighting+1","floor":16}],"player_experience":1792366,"relics_obtained":[{"floor":0.0,"key":"Orichalcum"},{"floor":0.0,"key":"Gremlin Horn"},{"floor":0.0,"key":"Du-Vu Doll"},{"floor":9.0,"key":"Toxic Egg 2"}],"event_choices":[{"damage_healed":0.0,"max_hp_gain":0.0,"max_hp_loss":0.0,"gold_gain":0.0,"event_name":"NoteForYourself","player_choice":"Ignored","floor":5.0,"gold_loss":0.0,"damage_taken":0.0},{"damage_healed":0,"gold_gain":0,"player_choice":"Donut","damage_taken":0,"max_hp_gain":5,"max_hp_loss":0,"event_name":"Big Fish","floor":14,"gold_loss":0}],"is_beta":false,"boss_relics":[{"not_picked":["Velvet Choker","Fusion Hammer"],"picked":"Coffee Dripper"}],"items_purged_floors":[],"is_endless":false,"potions_floor_spawned":[2,8,11,16],"killed_by":"Spheric Guardian","ascension_level":0}}