{"host":"w5vfr18i2ft1pzo2","time":1609691663,"event":{"mods":["Act Like it!","Aspiration","BaseMod","Better Third Choice","BetterRewards","Colored Map","Colored Powertips","Conspire","Curses Come First","DNKmod","Defuse TimeMaze Blight","Dota2Spire","Energized Spire","Evolution","Force Act Four","Friendly Minions","Gensokyo","GifTheSpireLib","Gold Saver","Halation","Hubris","Hyrulean Relics","Infinite Spire","Jedi Mod","Marisa????????","Minty Spire (QoL Compilation)","MostiFishMod","Prisma Mod","Remilia??????","Replay The Spire","SacredBarkPlus","Small Relic Pack","Spicy Shops","Spikes Relics","StSLib","Stuff the Spire","Synergy Search","The Blue Laboratory","The Servant 0.9.4","Trackpad","Treasure Hunter","Uncapped","Wandering Minibosses","Yakumo Yukari mod","noobMod","vexMod","??????REMEMod"],"gold_per_floor":[111,122,122,1334,1334,1334,1965,1985,2031,2031,3241,3268,3880,4508,4508,4605,4605,4618,4634,3383,3399,4010,4010,4621,5246,5246,5873,7089,7704,7704,6551,6551,7251,7251,7263,7263,7263,7263,7263,6359,7593,8194],"floor_reached":43,"playtime":2728,"items_purged":["StuffTheSpire:CuriosityCurse","Strike_B","Strike_B","Strike_B"],"score":1669,"play_id":"33d3ae18-f4db-4ed5-9db0-ae4ceeef0539","local_time":"20210104003423","is_ascension_mode":true,"campfire_choices":[{"floor":6,"key":"RECALL"},{"data":"REME_SelfUpgrade","floor":23,"key":"SMITH"},{"data":"MostiFishMod:PerfectForm","floor":30,"key":"SMITH"},{"data":"Coolheaded","floor":32,"key":"SMITH"},{"data":"REME_Whirling","floor":39,"key":"SMITH"}],"circlet_count":0,"master_deck":["Strike_B","Defend_B","Defend_B","Defend_B","Zap","Dualcast","Fiend Fire","RefreshScreen","MostiFishMod:DeathFromBelow","Coolheaded+1","TH:Mimic","MostiFishMod:ReadyAimFire","StuffTheSpire:ShieldGenerator","TH:TreasureMap","wanderingMiniBosses:FinaleOfPromise","Sweeping Beam","REME_Whirling+1","TH:CopperCoins","REME_SelfUpgrade+1","TH:DeckOfManyThings","StuffTheSpire:Synthwave","TH:Mimic","Echo Form","MostiFishMod:GatherIntelligence","MostiFishMod:PerfectForm+1","Sweeping Beam","Chaos","Sweeping Beam","TH:Mimic","Panic Button+1","TH:BikiniMail","TH:BikiniMail","Hologram","StuffTheSpire:Plugnplay","Sweeping Beam+1","TH:DeckOfManyThings","Amplify","TH:CursedSword","Compile Driver+1"],"relics":["Cracked Core","EVO:Axolotl","DaveBox","ice","REME_ComplimentaryCards","Brimstone","SynthV:TestCard","hubris:Icosahedron","Nunchaku","PreservedInsect","wanderingMiniBosses:Blackblade","StuffTheSpire:GrapeVine","Replay:Rubber Ducky","RhineFirstAidKit","Happy Flower","Pocketwatch","jedi:shrinkray","halation:Gekota","vexMod:PlasmaPancake","aspiration:AnachronicSnailShell","hubris:RGBLights","conspire:InfiniteJournal","TimeFreeze","Dota2Spire:Dagon","Orichalcum","Sling","Replay:Frozen Program","trackpad:PetRock","Bottled Tornado","Solar Panel"],"acts_visited":["Exordium","TheCity","TheBeyond","TheEnding"],"potions_floor_usage":[11,11,11,12,12,12,18,21,28],"damage_taken":[{"damage":0,"enemies":"Jaw Worm","floor":1,"turns":1},{"damage":4,"enemies":"2 Louse","floor":2,"turns":2},{"damage":5,"enemies":"Small Slimes","floor":4,"turns":3},{"damage":19,"enemies":"Lagavulin","floor":7,"turns":4},{"damage":5,"enemies":"3 Louse","floor":8,"turns":2},{"damage":12,"enemies":"Blue Slaver","floor":11,"turns":7},{"damage":0,"enemies":"Gremlin Nob","floor":12,"turns":2},{"damage":5,"enemies":"Red Slaver","floor":13,"turns":2},{"damage":0,"enemies":"3 Sentries","floor":14,"turns":2},{"damage":0,"enemies":"Hexaghost","floor":16,"turns":2},{"damage":28,"enemies":"Shell Parasite","floor":18,"turns":6},{"damage":51,"enemies":"Chosen","floor":19,"turns":8},{"damage":0,"enemies":"Centurion and Healer","floor":21,"turns":2},{"damage":1,"enemies":"Shelled Parasite and Fungi","floor":22,"turns":4},{"damage":0,"enemies":"Snecko","floor":24,"turns":5},{"damage":0,"enemies":"Book of Stabbing","floor":25,"turns":6},{"damage":0,"enemies":"Gremlin Leader","floor":27,"turns":3},{"damage":22,"enemies":"Centurion and Healer","floor":28,"turns":4},{"damage":0,"enemies":"Shelled Parasite and Fungi","floor":29,"turns":4},{"damage":0,"enemies":"conspire:MysteriousRune","floor":33,"turns":3},{"damage":2,"enemies":"Orb Walker","floor":35,"turns":3},{"damage":0,"enemies":"Donu and Deca","floor":37,"turns":2},{"damage":14,"enemies":"Shield and Spear","floor":41,"turns":8},{"damage":88,"enemies":"The Heart","floor":42,"turns":7}],"seed_played":"723901888326865000","potions_obtained":[{"floor":1,"key":"ColorlessPotion"},{"floor":4,"key":"blueLaboratory:PlasmaFuel"},{"floor":10,"key":"Flashbang"},{"floor":12,"key":"blueLaboratory:SavagePotion"},{"floor":13,"key":"LiquidBronze"},{"floor":16,"key":"blueLaboratory:PyrophylliteBrew"},{"floor":18,"key":"Block Potion"},{"floor":24,"key":"EssenceOfDarkness"},{"floor":28,"key":"REME_GoldPotion"},{"floor":29,"key":"Explosive Potion"},{"floor":35,"key":"blueLaboratory:CorrosionFlask"}],"is_trial":false,"path_per_floor":["M","M","?","M","?","R","E","M","T","?","M","E","M","E","R_BF","B",null,"M","M","$","M","M","R","M","E","T","E","M","M","R","$","R","B",null,"M","?","B",null,"R","$","E","B",null],"character_chosen":"DEFECT","items_purchased":["Happy Flower","Pocketwatch","jedi:shrinkray","halation:Gekota","Adrenaline Potion","MostiFishMod:PerfectForm","conspire:InfiniteJournal","TimeFreeze","Dota2Spire:Dagon","Orichalcum","AttackPotion","FocusPotion","FocusPotion","Sling","Replay:Frozen Program","trackpad:PetRock","Bottled Tornado","Adrenaline Potion"],"campfire_rested":0,"item_purchase_floors":[20,20,20,20,20,20,31,31,31,31,31,31,31,40,40,40,40,40],"current_hp_per_floor":[82,78,78,73,73,73,54,49,49,49,37,37,32,32,32,32,82,54,3,3,82,81,81,81,87,87,87,65,65,65,65,65,65,126,124,124,124,131,131,131,117,216],"gold":8194,"neow_bonus":"TEN_PERCENT_HP_BONUS","is_daily":false,"chose_seed":false,"campfire_upgraded":4,"win_rate":0.0,"timestamp":1609691663,"path_taken":["M","M","?","M","?","R","E","M","T","?","M","E","?","E","R_BF","BOSS","M","M","$","M","M","R","M","E","T","E","M","M","R","$","R","BOSS","M","?","BOSS","R","$","E","BOSS"],"items_purchased_type":["Relic","Relic","Relic","Relic","Potion","Card","Relic","Relic","Relic","Relic","Potion","Potion","Potion","Relic","Relic","Relic","Relic","Potion"],"build_version":"2020-12-22","purchased_purges":4,"victory":true,"max_hp_per_floor":[82,82,82,82,82,82,82,82,82,82,82,82,82,82,82,82,82,82,82,82,82,88,88,91,108,108,111,119,125,125,125,125,126,126,129,129,131,131,131,131,146,216],"card_choices":[{"not_picked":["MostiFishMod:PushDownKick","Rebound"],"picked":"RefreshScreen","floor":1},{"not_picked":["Barrage","REME_Compress","Beam Cell","hubris:PowerSurge"],"picked":"MostiFishMod:DeathFromBelow","floor":2},{"not_picked":["Ball Lightning","Compile Driver","Leap","Sweeping Beam"],"picked":"Coolheaded","floor":4},{"not_picked":["TH:EnergyPotion","TH:TreasureMap","TH:CopperCoins"],"picked":"TH:Mimic","floor":7},{"not_picked":["jedi:BurstFrost","BootSequence","Beam Cell","MostiFishMod:PushDownKick"],"picked":"MostiFishMod:ReadyAimFire","floor":7},{"not_picked":["Panic Button","Redo","StuffTheSpire:SnapShoot","Coolheaded"],"picked":"StuffTheSpire:ShieldGenerator","floor":8},{"not_picked":["TH:ElvenBoots","TH:Mimic","TH:EnergyPotion"],"picked":"TH:TreasureMap","floor":9},{"not_picked":[],"picked":"wanderingMiniBosses:FinaleOfPromise","floor":11},{"not_picked":["REME_DataAnalysis","Leap","Aggregate","Gash"],"picked":"Sweeping Beam","floor":11},{"not_picked":["Beam Cell","jedi:locknload","FTL","Rebound"],"picked":"REME_Whirling","floor":12},{"not_picked":["TH:TreasureMap","TH:Mimic","TH:ArmorSpikes"],"picked":"TH:CopperCoins","floor":12},{"not_picked":["Gash","Melter","Darkness","Static Discharge"],"picked":"REME_SelfUpgrade","floor":13},{"not_picked":["TH:EnergyPotion","TH:PixieDust","TH:TreasureMap"],"picked":"TH:DeckOfManyThings","floor":14},{"not_picked":["ReplayGash","Rip and Tear","ReplayTheSpireMod:System Scan","Auto Shields"],"picked":"StuffTheSpire:Synthwave","floor":14},{"not_picked":["TH:BikiniMail","TH:CopperCoins","TH:EnergyPotion"],"picked":"TH:Mimic","floor":16},{"not_picked":["MostiFishMod:Distribution","jedi:bruteforce","StuffTheSpire:Purify","jedi:darknesscall","MostiFishMod:DawningShadow"],"picked":"Echo Form","floor":16},{"not_picked":["MostiFishMod:ReprogramOld","MostiFishMod:FluxCapactior","Go for the Eyes+1","StuffTheSpire:LoadUp","MostiFishMod:PushDownKick","aspiration:Polymerization"],"picked":"SKIP","floor":18},{"not_picked":["conspire:Rain","MostiFishMod:PushDownKick","Conserve Battery","MostiFishMod:LinkProtocol","Panic Button","Barrage"],"picked":"MostiFishMod:GatherIntelligence","floor":19},{"not_picked":["ReplayTheSpireMod:Dual Polarity","jedi:blockon","Beam Cell+1","BasicCrystalCard","Force Field"],"picked":"Sweeping Beam","floor":21},{"not_picked":["Conserve Battery+1","Hello World","FTL","Reprogram","MostiFishMod:Hijack","jedi:BurstLightning"],"picked":"Chaos","floor":22},{"not_picked":["Sunder","Beam Cell","jedi:BurstLightning","MostiFishMod:Impulse+1","MostiFishMod:LinkProtocol","StuffTheSpire:SnapShoot","Stack","jedi:BurstFrost"],"picked":"Sweeping Beam","floor":24},{"not_picked":["TH:EnergyPotion","TH:PixieDust","TH:ElvenBoots"],"picked":"TH:Mimic","floor":25},{"not_picked":["Leap","aspiration:Polymerization+1","Ball Lightning","REME_SelfUpgrade","ReplayTheSpireMod:Repulse","Conserve Battery"],"picked":"Panic Button+1","floor":25},{"not_picked":["TH:Mimic","TH:PixieDust","TH:CopperCoins"],"picked":"TH:BikiniMail","floor":26},{"not_picked":["TH:ElvenBoots","TH:Mimic","TH:TreasureMap"],"picked":"TH:BikiniMail","floor":27},{"not_picked":["StuffTheSpire:LoadUp","StuffTheSpire:ForEach","Steam+1","Chaos","jedi:BurstLightning","Rebound+1","Ball Lightning","Turbo+1"],"picked":"Hologram","floor":27},{"not_picked":["Hologram","Coolheaded","StuffTheSpire:Coldhearted","jedi:BurstLightning+1","StuffTheSpire:ShieldGenerator","StuffTheSpire:CleanHardDrive","jedi:hex+1","Meteor Strike"],"picked":"StuffTheSpire:Plugnplay","floor":28},{"not_picked":["Streamline","Genetic Algorithm","Hello World+1","StuffTheSpire:ShieldGenerator+1","Cold Snap","ReplayTheSpireMod:Reroute Power+1","jedi:blockon+1","jedi:BurstFrost+1"],"picked":"Sweeping Beam+1","floor":29},{"not_picked":["TH:BikiniMail","TH:CursedSword","TH:CopperCoins"],"picked":"TH:DeckOfManyThings","floor":33},{"not_picked":["MostiFishMod:Exploitation","Mirror Shield","jedi:studyfrost","MostiFishMod:Distribution"],"picked":"Amplify","floor":33},{"not_picked":["Beam Cell+1","Reprogram+1","MostiFishMod:LinkProtocol+1","MostiFishMod:FluxCapactior+1","jedi:hex"],"picked":"SKIP","floor":35},{"not_picked":["TH:BikiniMail","TH:PixieDust","TH:Mimic"],"picked":"TH:CursedSword","floor":41},{"not_picked":["jedi:BurstFrost","Leap+1","Coolheaded","jedi:blockon+1","Hologram+1","Scrape","Amplify","Turbo+1"],"picked":"Compile Driver+1","floor":41}],"player_experience":203664,"relics_obtained":[{"floor":1,"key":"SynthV:TestCard"},{"floor":7,"key":"PreservedInsect"},{"floor":11,"key":"wanderingMiniBosses:Blackblade"},{"floor":12,"key":"StuffTheSpire:GrapeVine"},{"floor":14,"key":"Replay:Rubber Ducky"},{"floor":25,"key":"vexMod:PlasmaPancake"},{"floor":26,"key":"aspiration:AnachronicSnailShell"},{"floor":27,"key":"hubris:RGBLights"},{"floor":41,"key":"Solar Panel"}],"event_choices":[{"damage_healed":0,"gold_gain":0,"player_choice":"Got Potions","damage_taken":0,"max_hp_gain":0,"max_hp_loss":0,"event_name":"Lab","floor":10,"gold_loss":0},{"damage_healed":0,"gold_gain":0,"player_choice":"Portal","damage_taken":0,"max_hp_gain":0,"max_hp_loss":0,"event_name":"betterThird:BetterPortal","floor":36,"gold_loss":0}],"is_beta":false,"boss_relics":[{"not_picked":["HaiYi:Twilight","HereWithMe"],"picked":"RhineFirstAidKit"},{"not_picked":["hubris:VirtuousBlindfold","Replay:Bronze Core","aspiration:RunicSpoon"]}],"items_purged_floors":[20,20,31,40],"is_endless":false,"potions_floor_spawned":[1,4,8,12,13,16,18,24,28,29,35],"ascension_level":1}}