{"host":"y2d5jdk6et74e3ks","time":1609717748,"event":{"mods":["BaseMod","Colored Map","Downfall","Hubris","Minty Spire (QoL Compilation)","Replay The Spire","StSLib"],"gold_per_floor":[119,219,232,247,266,266,276,290,368,381,396,396,396,421,421,518,618,629,656,656,656],"floor_reached":20,"playtime":809,"items_purged":[],"score":196,"play_id":"ee747dee-fd62-44ae-8fc7-94031c900fef","local_time":"20210103184908","is_ascension_mode":true,"campfire_choices":[{"data":"Deadly Poison","floor":6,"key":"SMITH"},{"data":"Dodge and Roll","floor":13,"key":"SMITH"},{"floor":15,"key":"REST"}],"circlet_count":0,"master_deck":["Strike_G","Strike_G","Strike_G","Strike_G","Strike_G","Defend_G","Defend_G","Defend_G","Defend_G","Defend_G","Survivor","Neutralize","Poisoned Stab","Deadly Poison+1","Flying Knee","Poisoned Stab","Dodge and Roll+1","Outmaneuver","ReplayTheSpireMod:Necrosis","Dash","Leg Sweep+1"],"relics":["Ring of the Snake","NeowsBlessing","Ice Cream","Replay:Grab Bag","Fusion Hammer","Replay:Wanted Poster","Black Star","Girya"],"acts_visited":["Exordium","TheCity"],"potions_floor_usage":[5,14,14,14,16],"damage_taken":[{"damage":0,"enemies":"Jaw Worm","floor":1,"turns":1},{"damage":0,"enemies":"Cultist","floor":3,"turns":1},{"damage":0,"enemies":"Small Slimes","floor":4,"turns":1},{"damage":0,"enemies":"Exordium Wildlife","floor":5,"turns":4},{"damage":31,"enemies":"Gremlin Gang","floor":7,"turns":7},{"damage":14,"enemies":"3 Louse","floor":8,"turns":3},{"damage":3,"enemies":"Blue Slaver","floor":10,"turns":4},{"damage":5,"enemies":"Large Slime","floor":11,"turns":7},{"damage":23,"enemies":"3 Sentries","floor":14,"turns":8},{"damage":26,"enemies":"The Guardian","floor":16,"turns":10},{"damage":30,"enemies":"Chosen","floor":18,"turns":6},{"damage":16,"enemies":"Spheric Guardian","floor":20,"turns":3}],"seed_played":"-4325625478038769547","potions_obtained":[{"floor":4,"key":"PowerPotion"},{"floor":8,"key":"Languid Potion"},{"floor":10,"key":"BlessingOfTheForge"},{"floor":11,"key":"Dexterity Potion"},{"floor":14,"key":"Fire Potion"}],"is_trial":false,"path_per_floor":["M","?","M","M","M","R","M","M","T","M","M","?","R","E","R","B",null,"M","?","M"],"character_chosen":"THE_SILENT","items_purchased":[],"campfire_rested":1,"item_purchase_floors":[],"current_hp_per_floor":[70,70,70,70,70,70,39,25,25,22,17,40,40,17,38,12,70,40,12,0,0],"gold":656,"neow_bonus":"THREE_ENEMY_KILL","is_daily":false,"chose_seed":false,"campfire_upgraded":2,"win_rate":0.0,"timestamp":1609717748,"path_taken":["M","?","M","?","M","R","M","M","T","M","M","?","R","E","R","BOSS","M","?","M"],"items_purchased_type":[],"build_version":"2020-12-22","purchased_purges":0,"victory":false,"max_hp_per_floor":[70,70,70,70,70,70,70,70,70,70,70,70,70,70,70,70,70,70,70,70,70],"card_choices":[{"not_picked":["Quick Slash","hubris:SlightOfHand"],"picked":"Poisoned Stab","floor":1},{"not_picked":["Cloak And Dagger","Malaise","Reflex"],"picked":"SKIP","floor":3},{"not_picked":["Terror","All Out Attack"],"picked":"Deadly Poison","floor":4},{"not_picked":["Dagger Throw","Sucker Punch"],"picked":"Flying Knee","floor":5},{"not_picked":["Backflip","Well Laid Plans"],"picked":"Poisoned Stab","floor":7},{"not_picked":["hubris:TrickCloak","Blade Dance"],"picked":"Dodge and Roll","floor":8},{"not_picked":["Phantasmal Killer","Underhanded Strike"],"picked":"Outmaneuver","floor":10},{"not_picked":["Tactician","Dagger Spray","Sucker Punch"],"picked":"SKIP","floor":11},{"not_picked":["Backflip","Endless Agony"],"picked":"ReplayTheSpireMod:Necrosis","floor":14},{"not_picked":["Expertise","Quick Slash"],"picked":"Dash","floor":18},{"not_picked":["hubris:Sniper","Masterful Stab"],"picked":"Leg Sweep+1","floor":19}],"player_experience":121150,"relics_obtained":[{"floor":14,"key":"Ice Cream"},{"floor":19,"key":"Girya"}],"event_choices":[{"damage_healed":0,"gold_gain":100,"player_choice":"Gold","damage_taken":0,"max_hp_gain":0,"max_hp_loss":0,"event_name":"Wheel of Change","floor":2,"gold_loss":0},{"damage_healed":23,"gold_gain":0,"player_choice":"Banana","damage_taken":0,"max_hp_gain":0,"max_hp_loss":0,"event_name":"Big Fish","floor":12,"gold_loss":0}],"is_beta":false,"boss_relics":[{"not_picked":["Abe\u0027s Treasure","Sozu"],"picked":"Replay:Grab Bag"},{"not_picked":["hubris:VirtuousBlindfold","Ectoplasm"],"picked":"Fusion Hammer"},{"not_picked":["Replay:Bronze Core","hubris:CrackedHourglass"],"picked":"Replay:Wanted Poster"},{"not_picked":["Kintsugi","Pandora\u0027s Box"],"picked":"Black Star"}],"items_purged_floors":[],"is_endless":false,"potions_floor_spawned":[4,8,10,11,14],"killed_by":"Spheric Guardian","ascension_level":2}}