{"host":"40f49r155zsx8eqk","time":1609634648,"event":{"mods":["AchievementEnabler","Aspiration","BaseMod","Curses Come First","Dota2Spire","Evolution","Googly Eyes","Minty Spire (QoL Compilation)","Relic Sorter","Replay The Spire","StSLib","The Gatherer"],"gold_per_floor":[172,172,172,183,224,250,250,250,250,250,11,11,56,117,117,250,250,260,260,39,86,106,106,165,105,105,165,165,183,183,183,183],"floor_reached":30,"playtime":1051,"items_purged":["Injury"],"score":391,"play_id":"6cd1024c-0702-434d-a3c8-0a966387b7e3","local_time":"20210103034408","is_ascension_mode":true,"metric_token":800,"campfire_choices":[{"data":"Gatherer:FlowerBeam","floor":8,"key":"SMITH"},{"data":"Gatherer:FlowerBeam+1","floor":10,"key":"SMITH"},{"data":"Gatherer:FlowerBeam+2","floor":12,"key":"SMITH"},{"floor":15,"key":"REST"},{"data":"Gatherer:TacticalStrike","floor":23,"key":"SMITH"}],"circlet_count":0,"master_deck":["Gatherer:Strike_Gatherer","Gatherer:Strike_Gatherer","Gatherer:Strike_Gatherer+1","Gatherer:Strike_Gatherer","Gatherer:Strike_Gatherer","Gatherer:Defend_Gatherer","Gatherer:Defend_Gatherer","Gatherer:Defend_Gatherer","Gatherer:Defend_Gatherer+1","Gatherer:Defend_Gatherer","Gatherer:Centralize+1","Gatherer:FlowerWhip","Gatherer:AcidicSpray","Gatherer:BambuSword+1","Gatherer:FragileHammer","Gatherer:FlowerBeam+3","Gatherer:FlamingBottle","Gatherer:TacticalStrike+1","Gatherer:Frenzy","Gatherer:Examine+1","Overencumbered","Overencumbered","Hallucinations","Gatherer:Snatch","Gatherer:AlchemyTrial+1","Gatherer:OddSpoils","Gatherer:Enchant","Gatherer:EnergyBasket","Gatherer:Uplift+1","Gatherer:Duality"],"relics":["Gatherer:AlchemyBag","EVO:Axolotl","Dota2Spire:HandOfMidas","Frozen Egg 2","Whetstone","Eternal Feather","aspiration:FetidBarrel","StoneCalendar","Replay:Ancient Bell","War Paint","Dota2Spire:BattleFury","Dota2Spire:HeartOfTarrasque","Dota2Spire:MagicBottle","Replay:Mystery Machine","Replay:Kaleidoscope","Oddly Smooth Stone","NlothsMask"],"acts_visited":["Exordium","TheCity"],"potions_floor_usage":[6,18,24,27,29,30],"damage_taken":[{"damage":1,"enemies":"Small Slimes","floor":1,"turns":6},{"damage":0,"enemies":"Cultist","floor":4,"turns":4},{"damage":4,"enemies":"Jaw Worm","floor":5,"turns":3},{"damage":32,"enemies":"Gremlin Nob","floor":6,"turns":4},{"damage":0,"enemies":"Blue Slaver","floor":13,"turns":2},{"damage":25,"enemies":"Lagavulin","floor":14,"turns":5},{"damage":0,"enemies":"Slime Boss","floor":16,"turns":6},{"damage":1,"enemies":"Shell Parasite","floor":18,"turns":3},{"damage":5,"enemies":"3 Byrds","floor":21,"turns":3},{"damage":26,"enemies":"Shelled Parasite and Fungi","floor":22,"turns":3},{"damage":32,"enemies":"Slavers","floor":24,"turns":3},{"damage":38,"enemies":"Replay:Snechameleon","floor":27,"turns":4},{"damage":12,"enemies":"Cultist and Chosen","floor":29,"turns":2},{"damage":12,"enemies":"Snecko","floor":30,"turns":2}],"seed_played":"7945594708086377969","potions_obtained":[{"floor":5,"key":"SteroidPotion"},{"floor":13,"key":"Energy Potion"},{"floor":14,"key":"SneckoOil"},{"floor":18,"key":"BloodPotion"},{"floor":21,"key":"Dota2Spire:Clarity"},{"floor":27,"key":"Energy Potion"}],"is_trial":false,"path_per_floor":["M","?","?","M","M","E","T","R","T","R","$","R","M","E","R","B",null,"M","?","$","M","M","R","E","?","T","E","?","M","M"],"character_chosen":"THE_GATHERER","items_purchased":["Gatherer:FlamingBottle","Dota2Spire:MagicBottle","Gatherer:AlchemyTrial+1"],"campfire_rested":1,"item_purchase_floors":[11,20,20],"current_hp_per_floor":[71,71,71,71,67,35,35,44,44,53,53,62,62,37,67,67,80,79,79,79,74,48,63,37,37,37,15,15,3,0,0,0],"gold":183,"neow_bonus":"RANDOM_COMMON_RELIC","is_daily":false,"chose_seed":false,"campfire_upgraded":4,"win_rate":0.0,"timestamp":1609634648,"path_taken":["M","?","?","?","?","E","?","R","T","R","$","R","M","E","R","BOSS","M","?","$","M","M","R","E","?","T","E","?","M","M"],"items_purchased_type":["Card","Relic","Card"],"build_version":"2020-12-22","purchased_purges":1,"victory":false,"max_hp_per_floor":[72,72,72,72,72,72,72,72,72,72,72,72,72,72,72,72,80,80,80,80,80,80,80,80,80,80,80,80,80,80,80,80],"card_choices":[{"not_picked":["Gatherer:WoolGloves","Gatherer:CarefulStrike"],"picked":"Gatherer:AcidicSpray","floor":1},{"not_picked":["Gatherer:Frenzy","Gatherer:AlchemyTrial+1"],"picked":"Gatherer:BambuSword","floor":4},{"not_picked":["Gatherer:Herbalism","Gatherer:CollectorsShot"],"picked":"Gatherer:FragileHammer","floor":5},{"not_picked":["Gatherer:CollectorsShot","Gatherer:FlowerPower+1"],"picked":"Gatherer:FlowerBeam","floor":6},{"not_picked":["Gatherer:FruitForce","Gatherer:VenomBarrier"],"picked":"Gatherer:TacticalStrike","floor":13},{"not_picked":["Gatherer:MiningStrike","Gatherer:ScentOfRosmari"],"picked":"Gatherer:Frenzy","floor":14},{"not_picked":["Gatherer:StoneFence+1","Gatherer:GrowBook"],"picked":"Gatherer:Examine","floor":16},{"not_picked":["Looming Evil","Replay:Hysterical Blindness"],"picked":"Overencumbered","floor":17},{"not_picked":["Pain","Decay"],"picked":"Overencumbered","floor":17},{"not_picked":["Injury","Looming Evil"],"picked":"Hallucinations","floor":17},{"not_picked":["Gatherer:FragileHammer+1","Gatherer:WoolGloves"],"picked":"Gatherer:Snatch","floor":18},{"not_picked":["Gatherer:PotentialSlash","Gatherer:TreeGrowth"],"picked":"Gatherer:OddSpoils","floor":21},{"not_picked":["Gatherer:HeartToFruit","Gatherer:Convert"],"picked":"Gatherer:Enchant","floor":22},{"not_picked":["Gatherer:WoolGloves","Gatherer:ScentOfRosmari"],"picked":"Gatherer:EnergyBasket","floor":24},{"not_picked":["Gatherer:TreeGrowth","Gatherer:FeelingFine+1"],"picked":"Gatherer:Uplift+1","floor":27},{"not_picked":["Gatherer:Snatch","Gatherer:WoolGloves"],"picked":"Gatherer:Duality","floor":29}],"player_experience":122223,"relics_obtained":[{"floor":6,"key":"Whetstone"},{"floor":7,"key":"Eternal Feather"},{"floor":9,"key":"aspiration:FetidBarrel"},{"floor":14,"key":"StoneCalendar"},{"floor":24,"key":"Replay:Mystery Machine"},{"floor":26,"key":"Replay:Kaleidoscope"},{"floor":27,"key":"Oddly Smooth Stone"}],"event_choices":[{"damage_healed":0,"gold_gain":0,"player_choice":"Forge","damage_taken":0,"max_hp_gain":0,"max_hp_loss":0,"event_name":"Accursed Blacksmith","floor":3,"gold_loss":0,"cards_upgraded":["Gatherer:Centralize"]},{"damage_healed":0,"gold_gain":0,"player_choice":"Ignored","damage_taken":0,"max_hp_gain":0,"max_hp_loss":0,"event_name":"Ghosts","floor":19,"gold_loss":0},{"damage_healed":0,"gold_gain":0,"player_choice":"Trade","damage_taken":0,"relics_obtained":["NlothsMask"],"max_hp_gain":0,"max_hp_loss":0,"event_name":"FaceTrader","floor":28,"gold_loss":0}],"is_beta":false,"boss_relics":[{"not_picked":["Philosopher\u0027s Stone","Honey Jar"],"picked":"Replay:Ancient Bell"},{"not_picked":["Dota2Spire:Vanguard","Ancient Tea Set"],"picked":"War Paint"},{"not_picked":["Gatherer:FlyingFruit","Gremlin Horn"],"picked":"Dota2Spire:BattleFury"},{"not_picked":["Dota2Spire:DivineRapier","Dota2Spire:Satanic"],"picked":"Dota2Spire:HeartOfTarrasque"}],"items_purged_floors":[11],"is_endless":false,"potions_floor_spawned":[5,13,14,18,21,27],"killed_by":"Snecko","ascension_level":4}}