{"host":"na09lpbrez4gbfiz","time":1609638273,"event":{"mods":["Act Like it!","BaseMod","BetterRewards","Colored Map","Colored Powertips","DeckTracker","Googly Eyes","Highlight Path","Minty Spire (QoL Compilation)","Quick Restart","Spicy Shops","StSLib","SuperFastMode","Synergy Search"],"gold_per_floor":[13,31,31,51,62,62,62,62],"floor_reached":7,"playtime":174,"items_purged":[],"score":69,"play_id":"0d9705ba-9983-4709-8764-bb6fff56682c","local_time":"20210103024433","is_ascension_mode":true,"campfire_choices":[{"data":"Carnage","floor":6,"key":"SMITH"}],"circlet_count":0,"master_deck":["AscendersBane","Strike_R","Strike_R","Strike_R","Defend_R","Defend_R","Defend_R","Defend_R","Bash","Carnage+1","Shrug It Off","Shrug It Off","Shrug It Off"],"relics":["Burning Blood","Bag of Preparation"],"acts_visited":["Exordium"],"potions_floor_usage":[],"damage_taken":[{"damage":12,"enemies":"Small Slimes","floor":1,"turns":3},{"damage":1,"enemies":"Cultist","floor":2,"turns":3},{"damage":0,"enemies":"2 Louse","floor":4,"turns":2},{"damage":57,"enemies":"Gremlin Gang","floor":5,"turns":5},{"damage":0,"enemies":"Lagavulin","floor":7,"turns":1}],"seed_played":"6664972030177599456","potions_obtained":[{"floor":5,"key":"Ancient Potion"}],"is_trial":false,"path_per_floor":["M","M","?","M","M","R","E"],"character_chosen":"IRONCLAD","items_purchased":[],"campfire_rested":0,"item_purchase_floors":[],"current_hp_per_floor":[69,77,77,83,32,32,32,32],"gold":62,"neow_bonus":"TRANSFORM_TWO_CARDS","is_daily":false,"chose_seed":false,"campfire_upgraded":1,"win_rate":0.0,"timestamp":1609638273,"path_taken":["M","M","?","?","M","R","E"],"items_purchased_type":[],"build_version":"2020-12-22","purchased_purges":0,"victory":false,"max_hp_per_floor":[83,86,86,86,86,86,86,86],"card_choices":[{"not_picked":["Havoc","Thunderclap"],"picked":"Shrug It Off","floor":1},{"not_picked":["Carnage","Searing Blow","Armaments"],"picked":"SKIP","floor":2},{"not_picked":["Iron Wave","Sword Boomerang"],"picked":"Shrug It Off","floor":4},{"not_picked":["Twin Strike","Warcry"],"picked":"Shrug It Off","floor":5}],"player_experience":263135,"relics_obtained":[],"event_choices":[{"cards_removed":["Feed"],"damage_healed":0,"gold_gain":0,"player_choice":"Gave Card","damage_taken":0,"relics_obtained":["Bag of Preparation"],"max_hp_gain":0,"max_hp_loss":0,"event_name":"WeMeetAgain","floor":3,"gold_loss":0}],"is_beta":false,"boss_relics":[],"items_purged_floors":[],"is_endless":false,"potions_floor_spawned":[5],"killed_by":"Lagavulin","ascension_level":12}}