{"host":"xwqwvmlzre68xjvm","time":1609685060,"event":{"mods":["AchievementEnabler","BaseMod","Colored Map","Colored Powertips","Hermit","Marisa£¨Ùöéë¡¡Øª×âÞÞ£©","Minty Spire (QoL Compilation)","Replay The Spire","StSLib","SuperFastMode","The Bug Knight","The Cursed","The Hierophant","The Runesmith"],"gold_per_floor":[111,2,22,22,40,72,72,104,128,28,55,55,90,102,102,201,201,214,15,32,32,45,78,78,109,109,119,132,160,12,32,32,131,131,141,159,159,159,159],"floor_reached":38,"playtime":1680,"items_purged":["Looming Evil","Strike_R","Strike_R"],"score":565,"play_id":"53346ac8-77d7-4453-83d6-3287e4526a37","local_time":"20210103234420","is_ascension_mode":true,"campfire_choices":[{"data":"Rupture","floor":7,"key":"SMITH"},{"floor":15,"key":"REST"},{"floor":24,"key":"REST"},{"floor":32,"key":"REST"}],"circlet_count":0,"master_deck":["Strike_R+1","Defend_R","Defend_R","Defend_R+1","Defend_R","Bash","Hemokinesis","Rupture+1","Hemokinesis","Battle Trance","Flex","Limit Break","Brutality","Rage","Combust","Heavy Blade+1","Offering","Clash+1","Pommel Strike+1","ReplayTheSpireMod:Muscle Training+1","Clash+1","Warcry","hermit:OverwhelmingPower"],"relics":["Burning Blood","Torii","King of Hearts","Pen Nib","Dream Catcher","Blue Doll","Fusion Hammer","Chameleon Ring","Girya","Strawberry","Tiny Chest","PrismaticShard","Mark of Pain"],"acts_visited":["Exordium","TheCity","TheBeyond"],"potions_floor_usage":[8,8,11,14,16,23,23,27,33,33,38,38],"damage_taken":[{"damage":1,"enemies":"Small Slimes","floor":1,"turns":4},{"damage":15,"enemies":"Jaw Worm","floor":3,"turns":4},{"damage":10,"enemies":"Cultist","floor":5,"turns":3},{"damage":20,"enemies":"Gremlin Nob","floor":6,"turns":3},{"damage":26,"enemies":"Lagavulin","floor":8,"turns":5},{"damage":10,"enemies":"3 Sentries","floor":11,"turns":4},{"damage":12,"enemies":"Gremlin Nob","floor":13,"turns":3},{"damage":0,"enemies":"Lots of Slimes","floor":14,"turns":3},{"damage":25,"enemies":"The Guardian","floor":16,"turns":6},{"damage":4,"enemies":"Spheric Guardian","floor":18,"turns":3},{"damage":7,"enemies":"Chosen","floor":20,"turns":3},{"damage":21,"enemies":"Centurion and Healer","floor":22,"turns":4},{"damage":34,"enemies":"Slavers","floor":23,"turns":4},{"damage":13,"enemies":"Gremlin Leader","floor":25,"turns":3},{"damage":37,"enemies":"Snecko","floor":27,"turns":5},{"damage":12,"enemies":"Cultist and Chosen","floor":28,"turns":4},{"damage":17,"enemies":"Book of Stabbing","floor":29,"turns":3},{"damage":5,"enemies":"Sentry and Sphere","floor":31,"turns":3},{"damage":32,"enemies":"Champ","floor":33,"turns":5},{"damage":18,"enemies":"3 Darklings","floor":35,"turns":4},{"damage":24,"enemies":"Orb Walker","floor":36,"turns":2},{"damage":57,"enemies":"2 Orb Walkers","floor":38,"turns":4}],"seed_played":"1048730959165814504","potions_obtained":[{"floor":5,"key":"ElixirPotion"},{"floor":6,"key":"Cursed Concoction"},{"floor":8,"key":"Toxic Potion"},{"floor":13,"key":"LifebloodPotion"},{"floor":14,"key":"LiquidBronze"},{"floor":16,"key":"BlessingOfTheForge"},{"floor":18,"key":"CultistPotion"},{"floor":23,"key":"EssenceOfSteel"},{"floor":29,"key":"BlessingOfTheForge"},{"floor":31,"key":"ColorlessPotion"},{"floor":33,"key":"Weak Potion"},{"floor":36,"key":"PowerPotion"}],"is_trial":false,"path_per_floor":["M","$","M","?","M","E","R","E","T","$","E","?","E","M","R","B",null,"M","$","M","$","M","E","R","E","T","M","M","E","$","M","R","B",null,"M","M","?","?"],"character_chosen":"IRONCLAD","items_purchased":["Rupture","Combust","PrismaticShard"],"campfire_rested":3,"item_purchase_floors":[2,19,30],"current_hp_per_floor":[80,80,71,55,51,37,37,17,17,17,13,13,7,13,37,18,80,80,80,79,79,64,36,60,53,60,29,23,12,12,13,39,13,87,75,57,57,0,0],"gold":159,"neow_bonus":"ONE_RARE_RELIC","is_daily":false,"chose_seed":false,"campfire_upgraded":1,"win_rate":0.0,"timestamp":1609685060,"path_taken":["M","$","M","?","M","E","R","E","T","?","E","?","E","?","R","BOSS","M","?","?","?","M","E","R","E","T","M","M","E","$","M","R","BOSS","M","M","?","?"],"items_purchased_type":["Card","Card","Relic"],"build_version":"2020-12-22","purchased_purges":3,"victory":false,"max_hp_per_floor":[80,80,80,80,80,80,80,80,80,80,80,80,80,80,80,80,80,80,80,80,80,80,80,80,80,87,87,87,87,87,87,87,87,87,87,87,87,87,87],"card_choices":[{"not_picked":["Iron Wave","Shockwave"],"picked":"Hemokinesis","floor":1},{"not_picked":["Perfected Strike","Cleave"],"picked":"Hemokinesis","floor":3},{"not_picked":["Searing Blow","Headbutt","Feel No Pain"],"picked":"SKIP","floor":5},{"not_picked":["Dual Wield","Twin Strike"],"picked":"Battle Trance","floor":6},{"not_picked":["Run Through","Dark Embrace"],"picked":"Flex","floor":8},{"not_picked":["Clothesline","Iron Wave","Wild Strike"],"picked":"SKIP","floor":11},{"not_picked":["Sword Boomerang","Perfected Strike"],"picked":"Limit Break","floor":13},{"not_picked":["Flame Barrier","Iron Wave","ReplayTheSpireMod:Strike From Hell"],"picked":"SKIP","floor":14},{"not_picked":["Clash","Wild Strike"],"picked":"Brutality","floor":15},{"not_picked":["Perfected Strike+1","Flex"],"picked":"Rage","floor":18},{"not_picked":["Shrug It Off","Iron Wave","ReplayTheSpireMod:Strike From Hell"],"picked":"SKIP","floor":20},{"not_picked":["Dual Wield","Replay:Undeath\u0027s Touch"],"picked":"Heavy Blade+1","floor":22},{"not_picked":["Heavy Blade","Pommel Strike"],"picked":"Offering","floor":23},{"not_picked":["Iron Wave","Massacre"],"picked":"Clash+1","floor":24},{"not_picked":["Shrug It Off","Run Through+1"],"picked":"Pommel Strike+1","floor":25},{"not_picked":["Iron Wave","Perfected Strike"],"picked":"ReplayTheSpireMod:Muscle Training+1","floor":27},{"not_picked":["True Grit","Headbutt+1"],"picked":"Clash+1","floor":28},{"not_picked":["Anger","Body Slam"],"picked":"Warcry","floor":29},{"not_picked":["hermit:SprayPray","hierophant:HolyVerse","Entrench"],"picked":"SKIP","floor":31},{"not_picked":["HollowMod:AwokenDreamNail","UltimateShortwave"],"picked":"hermit:OverwhelmingPower","floor":33},{"not_picked":["hermit:LowProfile","Replay:AtTheReady+1","DoubleSpark"],"picked":"SKIP","floor":35},{"not_picked":["Collect+1","Blizzard+1","hermit:Horror+1"],"picked":"SKIP","floor":36}],"player_experience":66087,"relics_obtained":[{"floor":6,"key":"King of Hearts"},{"floor":8,"key":"Pen Nib"},{"floor":11,"key":"Dream Catcher"},{"floor":13,"key":"Blue Doll"},{"floor":23,"key":"Chameleon Ring"},{"floor":25,"key":"Girya"},{"floor":26,"key":"Strawberry"},{"floor":29,"key":"Tiny Chest"}],"event_choices":[{"damage_healed":0,"gold_gain":0,"player_choice":"Entered Light","damage_taken":16,"max_hp_gain":0,"max_hp_loss":0,"event_name":"Shining Light","floor":4,"gold_loss":0,"cards_upgraded":["Strike_R","Defend_R"]},{"cards_removed":["Strike_R"],"damage_healed":0,"gold_gain":0,"player_choice":"Purged","damage_taken":0,"max_hp_gain":0,"max_hp_loss":0,"event_name":"Purifier","floor":12,"gold_loss":0},{"cards_removed":["Strike_R"],"damage_healed":0,"gold_gain":0,"player_choice":"Removed Attack","damage_taken":0,"max_hp_gain":0,"max_hp_loss":0,"event_name":"Falling","floor":37,"gold_loss":0},{"damage_healed":0,"gold_gain":0,"player_choice":"Fight","damage_taken":0,"max_hp_gain":0,"max_hp_loss":0,"event_name":"Mysterious Sphere","floor":38,"gold_loss":0}],"is_beta":false,"boss_relics":[{"not_picked":["Tiny House","Abe\u0027s Treasure"],"picked":"Fusion Hammer"},{"not_picked":["ChewingGum","Ring of Chaos"],"picked":"Mark of Pain"}],"items_purged_floors":[2,10,19],"is_endless":false,"potions_floor_spawned":[5,6,8,13,14,16,18,23,29,31,33,36],"killed_by":"2 Orb Walkers","ascension_level":2}}