{"host":"bjzqjr1ycgj8gt55","time":1609656406,"event":{"mods":["BaseMod","Better Altar","Better Match","Better Sensory Stone","Better Skull","Better Third Choice","Better Vampires","Block Reminder","Colored Map","Colored Powertips","Downfall","GifTheSpireLib","Hermit","Infinite Spire","Minty Spire (QoL Compilation)","Rare Cards Sparkle","Red Circlet Mod","Spicy Shops","StSLib","Waifu the Spire","everything is the same but u backflip on backflip","slay the spire mod where everything is the same but ironclad has a cowboy hat"],"gold_per_floor":[109,109,122,297,29,29,57,86,86,86,100,117,131,141,141,236,236,255,265,265,265,277,303,303,303,356,356,366,385,385,405,405,502,502,514,528,528,544,557,585,600,600,627,40,40,57,74,91,91,91,91,91,41,69,69,69],"floor_reached":55,"playtime":3292,"items_purged":["Doubt","hermit:Defend_Hermit"],"score":768,"play_id":"d6989ad3-1d25-4d49-948b-12f2811decc5","local_time":"20210103004646","is_ascension_mode":true,"campfire_choices":[{"data":"hermit:GhostlyPresence","floor":6,"key":"SMITH"},{"floor":15,"key":"REST"},{"floor":24,"key":"REST"},{"floor":30,"key":"REST"},{"data":"hermit:Magnum","floor":32,"key":"SMITH"},{"floor":42,"key":"REST"},{"floor":45,"key":"REST"},{"floor":49,"key":"RECALL"},{"data":"infinitespire:TheBestDefense","floor":52,"key":"SMITH"}],"circlet_count":0,"master_deck":["hermit:Strike_Hermit","hermit:Strike_Hermit","hermit:Strike_Hermit","hermit:Strike_Hermit","hermit:Defend_Hermit","hermit:Defend_Hermit","hermit:Defend_Hermit","hermit:Snapshot+1","hermit:Covet","hermit:ItchyTrigger","hermit:GhostlyPresence+1","hermit:Showdown","hermit:Virtue","hermit:FlashPowder","hermit:HighCaliber","hermit:LowProfile+1","hermit:WideOpen","hermit:FullyLoaded","hermit:Magnum+1","hermit:Brawl","hermit:Manifest+1","infinitespire:TheBestDefense+1","CurseOfTheBell","hermit:LowProfile","hermit:HoleUp+1","hermit:Glare","Bandage Up","hermit:CalledShot","hermit:PistolWhip+1","hermit:GoldenBullet","hermit:WideOpen+1","hermit:HeroicBravado","hermit:BigShot+1","hermit:Vantage+1","Impatience+1","hermit:Maintenance+1","hermit:Magnum","hermit:CalledShot+1","hermit:LowProfile","hermit:Vantage","hermit:SprayPray+1","hermit:Gestalt","hermit:FlashPowder+1","hermit:Manifest","hermit:Manifest+1"],"relics":["hermit:Momento","Boot","Guardian:PocketSentry","Dream Catcher","Odd Mushroom","Runic Pyramid","Calling Bell","Smiling Mask","Matryoshka","Bird Faced Urn","Omamori","Enchiridion","Nunchaku","Oddly Smooth Stone","Velvet Choker","Ancient Tea Set","Blood Vial","War Paint","Regal Pillow","Strawberry","ClockworkSouvenir","Bag of Marbles"],"acts_visited":["Exordium","TheCity","TheBeyond","TheEnding"],"potions_floor_usage":[18,23,23,39,41,55,55,55],"damage_taken":[{"damage":0,"enemies":"2 Louse","floor":1,"turns":2},{"damage":4,"enemies":"Jaw Worm","floor":3,"turns":3},{"damage":16,"enemies":"3 Sentries","floor":7,"turns":9},{"damage":7,"enemies":"The Mushroom Lair","floor":8,"turns":4},{"damage":8,"enemies":"Small Slimes","floor":11,"turns":2},{"damage":0,"enemies":"Blue Slaver","floor":12,"turns":3},{"damage":6,"enemies":"3 Louse","floor":13,"turns":3},{"damage":7,"enemies":"Exordium Wildlife","floor":14,"turns":4},{"damage":32,"enemies":"Hexaghost","floor":16,"turns":11},{"damage":4,"enemies":"Shell Parasite","floor":18,"turns":4},{"damage":12,"enemies":"Spheric Guardian","floor":19,"turns":4},{"damage":9,"enemies":"Snake Plant","floor":22,"turns":5},{"damage":25,"enemies":"Gremlin Leader","floor":23,"turns":5},{"damage":0,"enemies":"Centurion and Healer","floor":28,"turns":7},{"damage":6,"enemies":"3 Cultists","floor":29,"turns":8},{"damage":3,"enemies":"Chosen and Byrds","floor":31,"turns":6},{"damage":21,"enemies":"Champ","floor":33,"turns":16},{"damage":1,"enemies":"3 Darklings","floor":35,"turns":7},{"damage":1,"enemies":"3 Shapes","floor":36,"turns":6},{"damage":28,"enemies":"Spire Growth","floor":38,"turns":3},{"damage":42,"enemies":"4 Shapes","floor":39,"turns":6},{"damage":4,"enemies":"Giant Head","floor":40,"turns":9},{"damage":21,"enemies":"3 Darklings","floor":41,"turns":8},{"damage":11,"enemies":"Transient","floor":46,"turns":5},{"damage":1,"enemies":"Spire Growth","floor":47,"turns":5},{"damage":12,"enemies":"Writhing Mass","floor":48,"turns":5},{"damage":29,"enemies":"Time Eater","floor":50,"turns":14},{"damage":65,"enemies":"Shield and Spear","floor":54,"turns":8},{"damage":37,"enemies":"The Heart","floor":55,"turns":8}],"seed_played":"2980960158467264507","potions_obtained":[{"floor":7,"key":"hermit:Tonic"},{"floor":11,"key":"ColorlessPotion"},{"floor":13,"key":"Weak Potion"},{"floor":14,"key":"Fire Potion"},{"floor":16,"key":"Dexterity Potion"},{"floor":19,"key":"Block Potion"},{"floor":23,"key":"sneckomod:MuddlingPotion"},{"floor":35,"key":"Dexterity Potion"},{"floor":38,"key":"AttackPotion"},{"floor":47,"key":"GamblersBrew"},{"floor":54,"key":"FearPotion"}],"is_trial":false,"path_per_floor":["M","?","M","?","$","R","E","?","T","?","M","M","M","M","R","B",null,"M","M","AVR","?","M","E","R","?","T","?","M","M","R","M","R","B",null,"M","M","?","M","M","E","M","R","T","$","R","M","M","M","R","B",null,"R","$","E","B"],"character_chosen":"HERMIT","items_purchased":["Guardian:PocketSentry","hermit:GhostlyPresence","Regal Pillow","Strawberry","ClockworkSouvenir","hermit:LowProfile","hermit:Vantage","hermit:Manifest"],"campfire_rested":5,"item_purchase_floors":[5,5,44,44,44,44,44,53],"current_hp_per_floor":[75,75,71,71,71,71,55,48,48,53,45,45,39,32,56,24,80,76,64,64,64,57,34,58,42,42,42,50,50,74,73,73,62,80,79,79,79,52,20,26,11,35,35,42,83,76,83,75,75,58,87,87,87,26,0,0],"gold":69,"neow_bonus":"UPGRADE_CARD","is_daily":false,"chose_seed":false,"campfire_upgraded":3,"win_rate":0.0,"timestamp":1609656406,"path_taken":["M","?","M","?","?","R","E","?","T","?","M","?","M","M","R","BOSS","M","M","AVR","?","M","E","R","?","T","?","M","M","R","M","R","BOSS","M","M","?","M","M","E","M","R","T","?","R","M","M","M","R","BOSS","R","$","E","BOSS"],"items_purchased_type":["Relic","Card","Relic","Relic","Relic","Card","Card","Card"],"build_version":"2020-12-22","purchased_purges":2,"victory":false,"max_hp_per_floor":[75,75,75,75,75,75,75,75,75,80,80,80,80,80,80,80,80,80,80,80,80,80,80,80,80,80,80,80,80,80,80,80,80,80,80,80,80,80,80,80,80,80,80,87,87,87,87,87,87,87,87,87,87,87,87,87],"card_choices":[{"not_picked":["hermit:SprayPray","hermit:Scavenge"],"picked":"hermit:ItchyTrigger","floor":1},{"not_picked":["hermit:NoHoldsBarred","hermit:BodyArmor","hermit:Snipe"],"picked":"SKIP","floor":3},{"not_picked":["hermit:Adapt","hermit:TakeAim"],"picked":"hermit:Showdown","floor":7},{"not_picked":["hermit:Grudge","hermit:BigShot"],"picked":"hermit:Virtue","floor":8},{"not_picked":["hermit:CursedWeapon","hermit:Manifest"],"picked":"hermit:FlashPowder","floor":11},{"not_picked":["hermit:Virtue","hermit:Misfire"],"picked":"hermit:HighCaliber","floor":12},{"not_picked":["hermit:Gestalt","hermit:CalledShot"],"picked":"hermit:LowProfile","floor":13},{"not_picked":["hermit:Desperado","hermit:Misfire"],"picked":"hermit:WideOpen","floor":14},{"not_picked":["hermit:SprayPray","hermit:CursedWeapon"],"picked":"hermit:FullyLoaded","floor":15},{"not_picked":["hermit:Roughhouse","hermit:HeroicBravado"],"picked":"hermit:Magnum","floor":16},{"not_picked":["hermit:Grudge","hermit:SprayPray+1"],"picked":"hermit:Brawl","floor":18},{"not_picked":["hermit:LuckOfTheDraw","hermit:TakeCover+1"],"picked":"hermit:Manifest+1","floor":19},{"not_picked":["hermit:DeadMansHand","hermit:Desperado+1"],"picked":"hermit:LowProfile","floor":22},{"not_picked":["hermit:Roulette","hermit:Desperado"],"picked":"hermit:HoleUp+1","floor":23},{"not_picked":["hermit:Vantage","hermit:BodyArmor"],"picked":"hermit:Glare","floor":24},{"not_picked":["expansioncontent:LastStand","expansioncontent:TimeRipple"],"picked":"expansioncontent:AwakenDeath","floor":27},{"not_picked":["Panacea","Madness"],"picked":"Bandage Up","floor":27},{"not_picked":["hermit:Coalescence","hermit:LoneWolf+1"],"picked":"hermit:CalledShot","floor":28},{"not_picked":["hermit:Spite+1","hermit:LowProfile"],"picked":"hermit:PistolWhip+1","floor":29},{"not_picked":["hermit:Gestalt","hermit:DeadOrAlive"],"picked":"hermit:GoldenBullet","floor":30},{"not_picked":["hermit:Quickdraw+1","hermit:Roulette+1"],"picked":"hermit:WideOpen+1","floor":31},{"not_picked":["hermit:Roughhouse","hermit:EternalForm"],"picked":"hermit:HeroicBravado","floor":33},{"not_picked":["hermit:Spite+1","hermit:Glare"],"picked":"hermit:BigShot+1","floor":35},{"not_picked":["hermit:Horror+1","hermit:Maintenance"],"picked":"hermit:Vantage+1","floor":36},{"not_picked":["hermit:TrackingShot","hermit:Quickdraw+1"],"picked":"hermit:Maintenance+1","floor":38},{"not_picked":["hermit:TrackingShot+1","hermit:CalledShot+1","hermit:WideOpen"],"picked":"SKIP","floor":39},{"not_picked":["hermit:Midnight","hermit:Headshot"],"picked":"hermit:Magnum","floor":40},{"not_picked":["hermit:TakeAim+1","hermit:Maintenance"],"picked":"hermit:CalledShot+1","floor":41},{"not_picked":["hermit:Desperado","hermit:Coalescence"],"picked":"hermit:SprayPray+1","floor":45},{"not_picked":["hermit:Quickdraw","hermit:ShadowCloak"],"picked":"hermit:Gestalt","floor":46},{"not_picked":["hermit:LowProfile+1","hermit:EyeOfTheStorm"],"picked":"hermit:FlashPowder+1","floor":47},{"not_picked":["hermit:Enervate","hermit:Vantage+1","hermit:Midnight+1"],"picked":"SKIP","floor":48},{"not_picked":["hermit:SprayPray","hermit:EternalForm"],"picked":"hermit:Manifest+1","floor":54}],"player_experience":159845,"relics_obtained":[{"floor":2,"key":"Boot"},{"floor":7,"key":"Dream Catcher"},{"floor":8,"key":"Odd Mushroom"},{"floor":20,"key":"Smiling Mask"},{"floor":20,"key":"Matryoshka"},{"floor":20,"key":"Bird Faced Urn"},{"floor":23,"key":"Omamori"},{"floor":25,"key":"Enchiridion"},{"floor":26,"key":"Nunchaku"},{"floor":26,"key":"Oddly Smooth Stone"},{"floor":40,"key":"Ancient Tea Set"},{"floor":43,"key":"Blood Vial"},{"floor":43,"key":"War Paint"},{"floor":54,"key":"Bag of Marbles"}],"event_choices":[{"damage_healed":0,"gold_gain":175,"player_choice":"AGREE","damage_taken":122,"max_hp_gain":0,"max_hp_loss":0,"event_name":"betterThird:BetterSerpent","floor":4,"gold_loss":0},{"damage_healed":0,"gold_gain":0,"player_choice":"Fought Mushrooms","damage_taken":0,"max_hp_gain":0,"max_hp_loss":0,"event_name":"Mushrooms","floor":8,"gold_loss":0},{"damage_healed":0,"gold_gain":0,"player_choice":"Donut","damage_taken":0,"max_hp_gain":5,"max_hp_loss":0,"event_name":"Big Fish","floor":10,"gold_loss":0},{"damage_healed":0,"gold_gain":0,"player_choice":"Obtained Book","damage_taken":16,"max_hp_gain":0,"max_hp_loss":0,"event_name":"Cursed Tome","floor":25,"gold_loss":0},{"damage_healed":0,"gold_gain":2,"player_choice":"1","damage_taken":0,"max_hp_gain":0,"max_hp_loss":0,"event_name":"betterStone:BetterStone","floor":27,"gold_loss":0},{"damage_healed":0,"gold_gain":0,"cards_transformed":["expansioncontent:AwakenDeath"],"player_choice":"Transformed","damage_taken":0,"max_hp_gain":0,"max_hp_loss":0,"event_name":"Transmorgrifier","floor":37,"gold_loss":0,"cards_obtained":["Impatience"]}],"is_beta":false,"boss_relics":[{"not_picked":["hermit:ClaspedLocket","infinitespire:Cupcake"],"picked":"Runic Pyramid"},{"not_picked":["SacredBark","Tiny House"],"picked":"Velvet Choker"}],"items_purged_floors":[5,44],"is_endless":false,"potions_floor_spawned":[7,11,13,14,16,19,23,35,36,38,47,54],"killed_by":"The Heart","ascension_level":2}}