{"host":"36ls4ricihodphgx","time":1609714587,"event":{"mods":["AchievementEnabler","BaseMod","Colored Map","Downfall","Hermit","HololiveMod","Marisa????????","Minty Spire (QoL Compilation)","Replay The Spire","Shop Mod","StSLib","SuperFastMode","The Animator","The Bug Knight","The Cursed","The Servant 0.9.4"],"gold_per_floor":[109,284,128,128,128,128,166,166,166,201,223,223,153,167,167,272,272,287,45,62,85,85,85],"floor_reached":22,"playtime":717,"items_purged":["Guardian:Aged"],"score":254,"play_id":"986318ae-9fc0-447b-9dd1-7ddc87d154ad","local_time":"20210103155627","is_ascension_mode":true,"campfire_choices":[{"data":"animator:Strike_GoblinSlayer","floor":6,"key":"SMITH"},{"data":"animator:Shiro","floor":8,"key":"SMITH"},{"data":"animator:Spearman","floor":12,"key":"SMITH"},{"data":"animator:GoblinSlayer","floor":15,"key":"SMITH"}],"circlet_count":0,"master_deck":["animator:Strike_GoblinSlayer+1","animator:Defend_GoblinSlayer","animator:Strike","animator:Strike","animator:Strike","animator:Defend","animator:Defend","animator:Defend","animator:LizardPriest+1","animator:DwarfShaman+1","animator:YaoHaDucy+1","animator:Shiro+1","animator:DolaSchwi","animator:Spearman+1","animator:GoblinSlayer+1","animator:GoblinSlayer","animator:Spearman","animator:Witch"],"relics":["animator:LivingPicture","animator:TheMissingPiece","animator:PurgingStone","NeowsBlessing","Guide Book","MealTicket","Meat on the Bone","White Beast Statue","ReplayTheSpireMod:CursedCoin","Orichalcum","Cursed Key","Question Card"],"acts_visited":["Exordium","TheCity"],"potions_floor_usage":[16],"damage_taken":[{"damage":0,"enemies":"Small Slimes","floor":1,"turns":1},{"damage":0,"enemies":"Gremlin Nob","floor":7,"turns":1},{"damage":0,"enemies":"Lagavulin","floor":10,"turns":1},{"damage":1,"enemies":"Jaw Worm","floor":11,"turns":3},{"damage":1,"enemies":"2 Louse","floor":14,"turns":2},{"damage":59,"enemies":"The Guardian","floor":16,"turns":10},{"damage":14,"enemies":"Spheric Guardian","floor":18,"turns":5},{"damage":24,"enemies":"Shell Parasite","floor":20,"turns":5},{"damage":19,"enemies":"Shelled Parasite and Fungi","floor":21,"turns":6},{"damage":47,"enemies":"Cultist and Chosen","floor":22,"turns":6}],"seed_played":"-6801645641328586970","potions_obtained":[{"floor":1,"key":"LifebloodPotion"},{"floor":10,"key":"Strength Potion"},{"floor":11,"key":"SkillPotion"},{"floor":14,"key":"BlessingOfTheForge"},{"floor":16,"key":"Milkshake"}],"is_trial":false,"path_per_floor":["M","?","$","?","?","R","E","R","T","E","M","R","$","M","R","B",null,"M","$","M","M","M"],"character_chosen":"THE_ANIMATOR","items_purchased":["Guide Book","ReplayTheSpireMod:CursedCoin","Orichalcum","Question Card"],"campfire_rested":0,"item_purchase_floors":[3,13,13,19],"current_hp_per_floor":[66,66,66,66,66,66,66,66,66,67,66,66,67,67,67,20,68,54,68,44,37,0,0],"gold":85,"neow_bonus":"THREE_ENEMY_KILL","is_daily":false,"chose_seed":false,"campfire_upgraded":4,"win_rate":0.0,"timestamp":1609714587,"path_taken":["M","?","$","?","?","R","E","R","T","E","M","R","$","M","R","BOSS","M","$","M","M","?"],"items_purchased_type":["Relic","Relic","Relic","Relic"],"build_version":"2020-12-22","purchased_purges":1,"victory":false,"max_hp_per_floor":[66,66,66,66,66,66,66,66,66,67,67,67,67,68,68,68,68,68,68,68,68,68,68],"card_choices":[{"not_picked":["animator:Layla","animator:Demiurge"],"picked":"animator:YaoHaDucy","floor":1},{"not_picked":["animator:Shuna","animator:SakuraMatou"],"picked":"animator:Shiro","floor":7},{"not_picked":["animator:DwarfShaman","animator:YaoHaDucy"],"picked":"animator:DolaSchwi","floor":10},{"not_picked":["animator:DwarfShaman","animator:GuildGirl"],"picked":"animator:Spearman","floor":11},{"not_picked":["animator:Hakurou","animator:NagisaMomoe"],"picked":"animator:GoblinSlayer","floor":14},{"not_picked":["animator:SwordMaiden","animator:PinaCoLada"],"picked":"animator:GoblinSlayer","floor":16},{"not_picked":["animator:Gillette","animator:YachiyoNanami"],"picked":"animator:Spearman","floor":18},{"not_picked":["animator:Priestess+1","animator:DwarfShaman","animator:NagisaMomoe","animator:Shion"],"picked":"SKIP","floor":20},{"not_picked":["animator:HighElfArcher","animator:DwarfShaman","animator:GuildGirl"],"picked":"animator:Witch","floor":21}],"player_experience":45736,"relics_obtained":[{"floor":7,"key":"MealTicket"},{"floor":9,"key":"Meat on the Bone"},{"floor":10,"key":"White Beast Statue"}],"event_choices":[{"damage_healed":0,"gold_gain":175,"player_choice":"AGREE","damage_taken":0,"max_hp_gain":0,"max_hp_loss":0,"event_name":"Liars Game","floor":2,"gold_loss":0,"cards_obtained":["Doubt"]},{"damage_healed":0,"gold_gain":0,"player_choice":"Grow","damage_taken":0,"max_hp_gain":0,"max_hp_loss":0,"event_name":"Living Wall","floor":4,"gold_loss":0,"cards_upgraded":["animator:YaoHaDucy"]},{"cards_removed":["Doubt"],"damage_healed":0,"gold_gain":0,"player_choice":"Purged","damage_taken":0,"max_hp_gain":0,"max_hp_loss":0,"event_name":"Purifier","floor":5,"gold_loss":0}],"is_beta":false,"boss_relics":[{"not_picked":["animator:HolyGrailRelic","Replay:Bronze Core"],"picked":"Cursed Key"}],"items_purged_floors":[13],"is_endless":false,"potions_floor_spawned":[1,10,11,14,16,18,20,21],"killed_by":"Cultist and Chosen","ascension_level":1}}