{"host":"4q8tqz186r0pap1a","time":1609679103,"event":{"mods":["ATMod(阿瑾Mod)","Act Like it!","Arknights The Spire","Ascension Reborn","BaseMod","Colored Powertips","Dota2Spire","Downfall","GungeonMod","Hallownest","Highlight Path","Hunter 猎人","Minty Spire (QoL Compilation)","Nova Terra(诺娃・泰拉)","Pale of the Ancients","Quick Restart","Relic Stats","Replay The Spire","Say the Spire","Shop Mod","Spicy Shops","StSLib","The Construct","TheWitcher","[IsaacMod]以撒尖塔","【功能Mod】混沌之环修复补丁","【功能Mod】聪明的最终Boss","【遗物卡牌】REMEMod","残留之物"],"gold_per_floor":[99,110,129,129,99108,99033,99033,98958,97841,97859,97859,97895,97895,97895,97915,98020,98020,98020,97870,96559,96559,96559,96559,96559,96559,96559,96559,96551,95595,95081,95077,95077,95073,95073,94998,94990,94990,94300,93967,93967,93967,93955,93955,93955,93955,92525,92525,92073,92073,92073,92073,92073,92061,91362,90885,90885,90885,90885,90885,90885,90885,90607,90607,90607,90557,90557,90545,90545],"floor_reached":67,"playtime":5976,"items_purged":["Injury","Shame","SnafuTest:BountyHunt","Regret","SnafuTest:PowerCrimsonRitual+1","Regret","SnafuTest:DefaultCommonSkill+1"],"score":1342,"play_id":"6f635700-7482-4e21-a291-483d9b4fa7e6","local_time":"20210103210503","daily_mods":["Heirloom","Time Dilation","Flight","Terminal"],"is_ascension_mode":true,"campfire_choices":[{"floor":1.0,"key":"RECALL"},{"data":"AT_OneInchPunch","floor":6.0,"key":"SMITH"},{"data":"SnafuTest:BattleCry","floor":8.0,"key":"SMITH"},{"data":"SnafuTest:IndifferentImmortality","floor":11.0,"key":"SMITH"},{"data":"SnafuTest:PowerLadyOfLake","floor":18.0,"key":"SMITH"},{"data":"SnafuTest:PowerCrimsonRitual","floor":25.0,"key":"SMITH"},{"data":"SnafuTest:SignYrden","floor":27.0,"key":"SMITH"},{"data":"SnafuTest:PowerCounterAttack","floor":35.0,"key":"SMITH"},{"data":"SnafuTest:Offering","floor":40.0,"key":"SMITH"},{"data":"SnafuTest:SignQuen","floor":43.0,"key":"SMITH"},{"data":"SnafuTest:SmashingSlash","floor":44.0,"key":"SMITH"},{"data":"Replay:SS_hec_1","floor":47.0,"key":"SMITH"},{"data":"Ghostly","floor":52.0,"key":"SMITH"},{"data":"SnafuTest:PowerCounterAttack","floor":61.0,"key":"SMITH"},{"data":"SnafuTest:PayArmorSmith","floor":63.0,"key":"SMITH"},{"data":"SnafuTest:PayWeaponSmith","floor":64.0,"key":"SMITH"}],"circlet_count":0,"master_deck":["SnafuTest:DefaultCommonAttack+1","SnafuTest:DefaultCommonAttack+1","SnafuTest:DefaultCommonSkill+1","SnafuTest:DefaultCommonSkill+1","SnafuTest:SignYrden+1","AT_OneInchPunch+1","Die Die Die+1","SnafuTest:SpellLifeDrain+1","SnafuTest:BattleCry+1","SnafuTest:IndifferentImmortality+1","SnafuTest:Offering+1","SnafuTest:SwiftAssault+1","SnafuTest:Decapitate+1","SnafuTest:SignQuen+1","SnafuTest:SmashingSlash+1","SnafuTest:PayArmorSmith+1","SnafuTest:PowerLadyOfLake+1","Replay:SS_hec_1+1","Ghostly+1","SnafuTest:PowerAlwaysOnRoads+1","EpicFetus+1","SnafuTest:PowerCounterAttack+1","SnafuTest:PayHappyHour+1","SnafuTest:PayHappyHour+1","SnafuTest:SpellIthlinneProphecy+1","SnafuTest:MagePersecution+1","SnafuTest:Amputation+1","SnafuTest:WhiteWolfRise+1","SnafuTest:SneakKill+1","SnafuTest:WarofClans+1","SnafuTest:PowerCounterAttack+1","REME_WheelOfFate+1","SnafuTest:AssassinOfKings+1","SnafuTest:PayWeaponSmith+1","Panache+1"],"relics":["SnafuTest:UnstableMutagenRelic","AT_ATBox","HushsDoor","REME_ComplimentaryCards","DeathBook","BlankCard","Replay:Wax Seal","Dream Catcher","TheAbacus","Blue Candle","MerchantsRug","downfall:HeartBlessingRed","downfall:HeartBlessingBlue","Guardian:PocketSentry","DemoMod:Metronome","Sling","Bottled Flame","REME_CardOfGreed","Meat on the Bone","Dota2Spire:BlackKingBar","PunchingBag","Ectoplasm","Golden Egg","Gremlin Horn","Guide Book","Dota2Spire:EyeOfSkadi","TheBattery","Regal Pillow","Molten Egg 2","SnafuTest:IgniRelic","Strawberry","DemoMod:SevenLeafClover","Habit","Nunchaku","SteamSale","Dota2Spire:EtherealBlade","REME_HandOfSuture","SnafuTest:AardRelic","StrikeDummy","Lee\u0027s Waffle","AT_RedTearstoneRing","Tiny Chest","AT_BellowingDragoncrestRing","Black Star","downfall:HeartBlessingGreen","ReplayTheSpireMod:Ring of Exchange","Ring of Fury","construct:BoolHorns","Dota2Spire:LotusOrb","NineVolt","Pear","DemoMod:ResourcefulSack","HandDrill","Counterbalance","Dota2Spire:DivineRapier","Dota2Spire:HandOfMidas","REME_ArchaeologicalTools","Ancient Tea Set","TheBible","Potion Belt","SlaversCollar","expansioncontent:StudyCardRelic","White Beast Statue","Whetstone","Dota2Spire:DrumOfEndurance","BelialBook","DemoMod:PinkGuonStone","DemoMod:Bottle","TuHaoJin","SnafuTest:QuenRelic","Lizard Tail","Medical Kit","PokeGo","Oddly Smooth Stone","Strange Spoon","PlaceholderMod:DeVermisMysteriis","PlaceholderMod:FlatBlood","AT_TimeSand","Dota2Spire:MagicBottle","SnafuTest:GriffinRelic","Shovel","SnafuTest:CatRelic","DemoMod:WhiteGuonStone","Membership Card","AT_Kusabimaru","champ:Barbells","Bag of Preparation"],"acts_visited":["Exordium","TheCity","TheBeyond","Exordium"],"potions_floor_usage":[67,67,67],"damage_taken":[{"damage":1.0,"enemies":"2 Louse","floor":2.0,"turns":2.0},{"damage":0.0,"enemies":"Jaw Worm","floor":3.0,"turns":1.0},{"damage":0.0,"enemies":"downfall:FleeingMerchant","floor":5.0,"turns":4.0},{"damage":0.0,"enemies":"downfall:FleeingMerchant","floor":9.0,"turns":4.0},{"damage":0.0,"enemies":"Cultist","floor":10.0,"turns":1.0},{"damage":0.0,"enemies":"Gremlin Nob","floor":12.0,"turns":1.0},{"damage":0.0,"enemies":"Large Slime","floor":15.0,"turns":1.0},{"damage":0.0,"enemies":"Fading Forest","floor":16.0,"turns":11.0},{"damage":0.0,"enemies":"downfall:FleeingMerchant","floor":20.0,"turns":4.0},{"damage":0.0,"enemies":"Chosen","floor":23.0,"turns":2.0},{"damage":0.0,"enemies":"Slavers","floor":26.0,"turns":2.0},{"damage":0.0,"enemies":"REME_1_Revenger","floor":28.0,"turns":4.0},{"damage":0.0,"enemies":"Book of Stabbing","floor":31.0,"turns":2.0},{"damage":0.0,"enemies":"Spheric Guardian","floor":32.0,"turns":1.0},{"damage":0.0,"enemies":"downfall:Watcher","floor":33.0,"turns":3.0},{"damage":0.0,"enemies":"3 Darklings","floor":36.0,"turns":2.0},{"damage":0.0,"enemies":"R_Hoarder","floor":42.0,"turns":3.0},{"damage":0.0,"enemies":"Nemesis","floor":45.0,"turns":1.0},{"damage":0.0,"enemies":"Orb Walker","floor":49.0,"turns":1.0},{"damage":0.0,"enemies":"downfall:Ironclad","floor":50.0,"turns":2.0},{"damage":0.0,"enemies":"3 Sentries","floor":53.0,"turns":1.0},{"damage":0.0,"enemies":"Gremlin Nob","floor":57.0,"turns":1.0},{"damage":0.0,"enemies":"Small Slimes","floor":59.0,"turns":1.0},{"damage":0.0,"enemies":"Cultist","floor":60.0,"turns":1.0},{"damage":0.0,"enemies":"3 Sentries","floor":65.0,"turns":1.0},{"damage":0.0,"enemies":"2 Louse","floor":66.0,"turns":1.0},{"damage":91,"enemies":"Delirium","floor":67,"turns":3}],"seed_played":"5411327347711919363","potions_obtained":[{"floor":2.0,"key":"SteroidPotion"},{"floor":23.0,"key":"BlessingOfTheForge"},{"floor":49.0,"key":"champ:CounterPotion"},{"floor":50.0,"key":"GamblersBrew"},{"floor":53.0,"key":"Flashbang"}],"is_trial":true,"path_per_floor":["R","M","M","?","$","R","T","R","$","M","R","E","?","?","M","B",null,"R","?","$","?","T","M","T","R","E","R","E","$","$","E","M","B",null,"R","M","?","$","?","R","T","E","R","R","E","$","R","?","M","B",null,"R","E","$","$","?","E","T","M","M","R","$","R","R","E","M","B"],"character_chosen":"THE_WITCHER","items_purchased":["Replay:Wax Seal","Dream Catcher","TheAbacus","Blue Candle","MerchantsRug","SnafuTest:Offering","SnafuTest:SwiftAssault","Energy Potion","Guardian:BlockOnCardUsePotion","Guardian:PocketSentry","DemoMod:Metronome","Sling","Bottled Flame","REME_CardOfGreed","Meat on the Bone","SnafuTest:SignQuen","SnafuTest:SmashingSlash","Replay:SS_hec_1","Golden Egg","Gremlin Horn","Guide Book","SnafuTest:PowerAlwaysOnRoads","EpicFetus","Dota2Spire:EyeOfSkadi","TheBattery","SnafuTest:PayHappyHour","DemoMod:SevenLeafClover","Habit","Nunchaku","SteamSale","Dota2Spire:EtherealBlade","REME_HandOfSuture","SnafuTest:AardRelic","StrikeDummy","Lee\u0027s Waffle","AT_RedTearstoneRing","Tiny Chest","SnafuTest:PayHappyHour","SnafuTest:Amputation+1","construct:BoolHorns","Dota2Spire:LotusOrb","NineVolt","Pear","DemoMod:ResourcefulSack","HandDrill","Potion Belt","SlaversCollar","expansioncontent:StudyCardRelic","White Beast Statue","Whetstone","Dota2Spire:DrumOfEndurance","SnafuTest:SneakKill+1","BelialBook","DemoMod:PinkGuonStone","DemoMod:Bottle","TuHaoJin","SnafuTest:QuenRelic","Lizard Tail","Medical Kit","PokeGo","Oddly Smooth Stone","Strange Spoon","REME_WheelOfFate","PlaceholderMod:DeVermisMysteriis","PlaceholderMod:FlatBlood","AT_TimeSand","Dota2Spire:MagicBottle","SnafuTest:AssassinOfKings+1","SnafuTest:CatRelic","DemoMod:WhiteGuonStone","Membership Card","AT_Kusabimaru","champ:Barbells","Panache"],"campfire_rested":0,"item_purchase_floors":[5,5,5,5,5,5,5,5,5,9,9,9,9,9,9,9,9,17,20,20,20,20,20,20,20,29,29,29,29,29,29,29,30,30,30,30,30,30,34,38,38,38,38,38,38,46,46,46,46,46,46,46,48,48,48,48,54,54,54,54,54,54,54,55,55,55,55,55,62,62,62,62,62,62],"current_hp_per_floor":[73,72,71,70,69,68,67,76,75,74,73,72,71,59,59,59,65,64,63,67,66,65,64,63,62,61,60,66,65,71,70,69,68,64,63,62,61,70,78,77,76,75,74,73,72,71,70,76,75,74,73,72,71,70,69,68,67,66,65,64,63,62,61,60,59,58,0,0],"gold":90545,"neow_bonus":"","is_daily":false,"chose_seed":false,"campfire_upgraded":15,"win_rate":0.0,"timestamp":1609679103,"path_taken":["R","M","M","?","$","R","T","R","$","?","R","E","?","?","M","BOSS","R","?","$","?","?","?","T","R","E","R","E","$","$","E","M","BOSS","R","M","?","$","?","R","T","E","R","R","E","$","R","?","M","BOSS","R","?","$","$","?","E","T","?","M","R","$","R","R","E","M","BOSS"],"items_purchased_type":["Relic","Relic","Relic","Relic","Relic","Card","Card","Potion","Potion","Relic","Relic","Relic","Relic","Relic","Relic","Card","Card","Card","Relic","Relic","Relic","Card","Card","Relic","Relic","Card","Relic","Relic","Relic","Relic","Relic","Relic","Relic","Relic","Relic","Relic","Relic","Card","Card","Relic","Relic","Relic","Relic","Relic","Relic","Relic","Relic","Relic","Relic","Relic","Relic","Card","Relic","Relic","Relic","Relic","Relic","Relic","Relic","Relic","Relic","Relic","Card","Relic","Relic","Relic","Relic","Card","Relic","Relic","Relic","Relic","Relic","Card"],"build_version":"2020-12-22","purchased_purges":7,"victory":false,"max_hp_per_floor":[73,72,71,70,69,68,67,76,75,74,73,72,71,70,69,68,65,64,63,67,66,65,64,63,62,61,60,66,65,71,70,69,68,64,63,62,61,70,78,77,76,75,74,73,72,71,70,76,75,74,73,72,71,70,69,68,67,66,65,64,63,62,61,60,59,58,58,58],"relic_stats":{"Regal Pillow":0,"Lee\u0027s Waffle":7,"Gremlin Horn":[8,8],"counters":[27,59],"Blue Candle":[0],"Bag of Preparation":[4],"Whetstone":["SnafuTest:SpellLifeDrain","SnafuTest:SwiftAssault"],"Medical Kit":[0],"Strange Spoon":[0],"Dream Catcher":0,"Nunchaku":[6],"Lizard Tail":29,"TheAbacus":[42],"Shovel":0,"Tiny Chest":1,"Ectoplasm":1417,"Black Star":5,"HandDrill":[4],"obtain_stats":[{"Golden Egg":20,"AT_ATBox":0,"Gremlin Horn":20,"NineVolt":38,"downfall:HeartBlessingGreen":35,"DemoMod:GlassGuonStoneRelic":2,"AT_TimeSand":55,"Whetstone":46,"Dota2Spire:EtherealBlade":29,"Sling":9,"Dota2Spire:MagicBottle":55,"Lizard Tail":54,"Dota2Spire:EyeOfSkadi":20,"SnafuTest:QuenRelic":54,"DemoMod:Metronome":9,"Strawberry":28,"Dota2Spire:DivineRapier":41,"TuHaoJin":48,"HandDrill":38,"REME_ArchaeologicalTools":42,"Replay:Wax Seal":5,"KeepersGift":0,"MerchantsRug":5,"Dota2Spire:HandOfMidas":42,"champ:Barbells":62,"AT_RedTearstoneRing":30,"SnafuTest:UnstableMutagenRelic":0,"PunchingBag":14,"Pear":38,"Dota2Spire:BlackKingBar":12,"SnafuTest:IgniRelic":26,"Blue Candle":5,"Counterbalance":41,"Replay:Grab Bag":51,"BelialBook":48,"Oddly Smooth Stone":54,"Guardian:PocketSentry":9,"SteamSale":29,"SlaversCollar":46,"Bottled Flame":9,"Molten Egg 2":24,"Black Star":34,"DemoMod:ResourcefulSack":38,"HushsDoor":0,"StrikeDummy":30,"Meat on the Bone":9,"construct:BoolHorns":38,"ReplayTheSpireMod:Ring of Exchange":37,"Regal Pillow":22,"Dota2Spire:DrumOfEndurance":46,"PlaceholderMod:DeVermisMysteriis":55,"expansioncontent:StudyCardRelic":46,"Bag of Preparation":65,"TheBattery":20,"DemoMod:WhiteGuonStone":62,"Ancient Tea Set":45,"Dota2Spire:LotusOrb":38,"DemoMod:SevenLeafClover":29,"DeathBook":0,"Dream Catcher":5,"Nunchaku":29,"TheAbacus":5,"PokeGo":54,"Shovel":58,"AT_Kusabimaru":62,"downfall:HeartBlessingBlue":8,"Tiny Chest":30,"Potion Belt":46,"Lee\u0027s Waffle":30,"downfall:HeartBlessingRed":6,"Guide Book":20,"SnafuTest:AardRelic":30,"DemoMod:PinkGuonStone":48,"Medical Kit":54,"White Beast Statue":46,"SnafuTest:GriffinRelic":58,"Habit":29,"Strange Spoon":54,"SnafuTest:CatRelic":62,"AT_BellowingDragoncrestRing":31,"TheBible":45,"Ring of Fury":37,"Ectoplasm":17,"REME_HandOfSuture":29,"REME_CardOfGreed":9,"Membership Card":62,"BlankCard":0,"DemoMod:Bottle":48,"REME_ComplimentaryCards":0,"PlaceholderMod:FlatBlood":55},{"Golden Egg":9,"AT_ATBox":0,"Gremlin Horn":9,"NineVolt":16,"downfall:HeartBlessingGreen":15,"DemoMod:GlassGuonStoneRelic":1,"AT_TimeSand":21,"Whetstone":18,"Dota2Spire:EtherealBlade":12,"Sling":4,"Dota2Spire:MagicBottle":21,"Lizard Tail":21,"Dota2Spire:EyeOfSkadi":9,"SnafuTest:QuenRelic":21,"DemoMod:Metronome":4,"Strawberry":12,"Dota2Spire:DivineRapier":16,"TuHaoJin":18,"HandDrill":16,"REME_ArchaeologicalTools":17,"Replay:Wax Seal":3,"KeepersGift":0,"MerchantsRug":3,"Dota2Spire:HandOfMidas":17,"champ:Barbells":24,"AT_RedTearstoneRing":12,"SnafuTest:UnstableMutagenRelic":0,"PunchingBag":6,"Pear":16,"Dota2Spire:BlackKingBar":6,"SnafuTest:IgniRelic":11,"Blue Candle":3,"Counterbalance":16,"Replay:Grab Bag":20,"BelialBook":18,"Oddly Smooth Stone":21,"Guardian:PocketSentry":4,"SteamSale":12,"SlaversCollar":18,"Bottled Flame":4,"Molten Egg 2":10,"Black Star":15,"DemoMod:ResourcefulSack":16,"HushsDoor":0,"StrikeDummy":12,"Meat on the Bone":4,"construct:BoolHorns":16,"ReplayTheSpireMod:Ring of Exchange":16,"Regal Pillow":9,"Dota2Spire:DrumOfEndurance":18,"PlaceholderMod:DeVermisMysteriis":21,"expansioncontent:StudyCardRelic":18,"Bag of Preparation":25,"TheBattery":9,"DemoMod:WhiteGuonStone":24,"Ancient Tea Set":18,"Dota2Spire:LotusOrb":16,"DemoMod:SevenLeafClover":12,"DeathBook":0,"Dream Catcher":3,"Nunchaku":12,"TheAbacus":3,"PokeGo":21,"Shovel":22,"AT_Kusabimaru":24,"downfall:HeartBlessingBlue":3,"Tiny Chest":12,"Potion Belt":18,"Lee\u0027s Waffle":12,"downfall:HeartBlessingRed":3,"Guide Book":9,"SnafuTest:AardRelic":12,"DemoMod:PinkGuonStone":18,"Medical Kit":21,"White Beast Statue":18,"SnafuTest:GriffinRelic":22,"Habit":12,"Strange Spoon":21,"SnafuTest:CatRelic":24,"AT_BellowingDragoncrestRing":13,"TheBible":18,"Ring of Fury":16,"Ectoplasm":8,"REME_HandOfSuture":12,"REME_CardOfGreed":4,"Membership Card":24,"BlankCard":0,"DemoMod:Bottle":18,"REME_ComplimentaryCards":0,"PlaceholderMod:FlatBlood":21},{"Golden Egg":29,"AT_ATBox":0,"Gremlin Horn":29,"NineVolt":44,"downfall:HeartBlessingGreen":42,"DemoMod:GlassGuonStoneRelic":2,"AT_TimeSand":51,"Whetstone":47,"Dota2Spire:EtherealBlade":37,"Sling":11,"Dota2Spire:MagicBottle":51,"Lizard Tail":51,"Dota2Spire:EyeOfSkadi":29,"SnafuTest:QuenRelic":51,"DemoMod:Metronome":11,"Strawberry":37,"Dota2Spire:DivineRapier":44,"TuHaoJin":47,"HandDrill":44,"REME_ArchaeologicalTools":46,"Replay:Wax Seal":7,"KeepersGift":0,"MerchantsRug":7,"Dota2Spire:HandOfMidas":46,"champ:Barbells":54,"AT_RedTearstoneRing":37,"SnafuTest:UnstableMutagenRelic":0,"PunchingBag":13,"Pear":44,"Dota2Spire:BlackKingBar":13,"SnafuTest:IgniRelic":33,"Blue Candle":7,"Counterbalance":44,"Replay:Grab Bag":50,"BelialBook":47,"Oddly Smooth Stone":51,"Guardian:PocketSentry":11,"SteamSale":37,"SlaversCollar":47,"Bottled Flame":11,"Molten Egg 2":31,"Black Star":42,"DemoMod:ResourcefulSack":44,"HushsDoor":0,"StrikeDummy":37,"Meat on the Bone":11,"construct:BoolHorns":44,"ReplayTheSpireMod:Ring of Exchange":44,"Regal Pillow":29,"Dota2Spire:DrumOfEndurance":47,"PlaceholderMod:DeVermisMysteriis":51,"expansioncontent:StudyCardRelic":47,"Bag of Preparation":55,"TheBattery":29,"DemoMod:WhiteGuonStone":54,"Ancient Tea Set":47,"Dota2Spire:LotusOrb":44,"DemoMod:SevenLeafClover":37,"DeathBook":0,"Dream Catcher":7,"Nunchaku":37,"TheAbacus":7,"PokeGo":51,"Shovel":52,"AT_Kusabimaru":54,"downfall:HeartBlessingBlue":7,"Tiny Chest":37,"Potion Belt":47,"Lee\u0027s Waffle":37,"downfall:HeartBlessingRed":7,"Guide Book":29,"SnafuTest:AardRelic":37,"DemoMod:PinkGuonStone":47,"Medical Kit":51,"White Beast Statue":47,"SnafuTest:GriffinRelic":52,"Habit":37,"Strange Spoon":51,"SnafuTest:CatRelic":54,"AT_BellowingDragoncrestRing":38,"TheBible":47,"Ring of Fury":44,"Ectoplasm":25,"REME_HandOfSuture":37,"REME_CardOfGreed":11,"Membership Card":54,"BlankCard":0,"DemoMod:Bottle":47,"REME_ComplimentaryCards":0,"PlaceholderMod:FlatBlood":51}],"Meat on the Bone":0},"card_choices":[{"not_picked":["SnafuTest:Meditation","SnafuTest:FirstAid"],"picked":"SnafuTest:SpellLifeDrain","floor":2.0},{"not_picked":["SnafuTest:NoPass","SnafuTest:Awake"],"picked":"SnafuTest:BattleCry","floor":3.0},{"not_picked":["SnafuTest:SpellBlindFury","SnafuTest:WorldMap"],"picked":"SnafuTest:IndifferentImmortality","floor":5.0},{"not_picked":["SnafuTest:ExcessiveLevies","SnafuTest:SpellTelekinesis"],"picked":"SnafuTest:Decapitate","floor":9.0},{"not_picked":["SnafuTest:DesperateRemediation","SnafuTest:CareTaker","SnafuTest:BombDancingStar"],"picked":"SKIP","floor":10.0},{"not_picked":["SnafuTest:SignAard","SnafuTest:MCPlayGwent"],"picked":"SnafuTest:PayArmorSmith","floor":12.0},{"not_picked":["SnafuTest:WorldMap","SnafuTest:SpellTelekinesis"],"picked":"Bomb","floor":15.0},{"not_picked":["SnafuTest:ConciliatoryPresence","SnafuTest:BlackSunRise"],"picked":"SnafuTest:PowerLadyOfLake","floor":16.0},{"not_picked":["SnafuTest:AncestralRitual+1","SnafuTest:Oriole","SnafuTest:WorldMap"],"picked":"SKIP","floor":20.0},{"not_picked":["SnafuTest:Shooting","SnafuTest:SpellLifeDrain"],"picked":"SnafuTest:PowerCrimsonRitual","floor":23.0},{"not_picked":["SnafuTest:MCFeignDeath+1","SnafuTest:PowerVainGlory","SnafuTest:SpellTortoise+1"],"picked":"SKIP","floor":26.0},{"not_picked":["SnafuTest:SpellBitingFrost+1","SnafuTest:Portal"],"picked":"SnafuTest:PowerCounterAttack","floor":28.0},{"not_picked":["SnafuTest:PowerLadyOfLake","SnafuTest:Meditation"],"picked":"SnafuTest:SpellIthlinneProphecy","floor":31.0},{"not_picked":["SnafuTest:AncestralRitual","SnafuTest:BattleCry+1","SnafuTest:SignYrden"],"picked":"SKIP","floor":32.0},{"not_picked":["SnafuTest:BlackSunRise+1","SnafuTest:LandOfFables"],"picked":"SnafuTest:MagePersecution+1","floor":33.0},{"not_picked":["SnafuTest:MCPlayGwent+1","SnafuTest:BombDevilsPuffball+1","SnafuTest:SpellLifeDrain+1"],"picked":"SKIP","floor":36.0},{"not_picked":["SnafuTest:BloodLineTracing","SnafuTest:BlackSunReturn","SnafuTest:SpellIthlinneProphecy"],"picked":"SKIP","floor":41.0},{"not_picked":["SnafuTest:SpellArcaneDomain+1","SnafuTest:WeddingDance"],"picked":"SnafuTest:WhiteWolfRise+1","floor":42.0},{"not_picked":["SnafuTest:ShoulderSlam+1","SnafuTest:Offering","SnafuTest:PowerTrialOfGrasses"],"picked":"SKIP","floor":45.0},{"not_picked":["SnafuTest:Offering+1","SnafuTest:RecklessBlow+1","SnafuTest:CareTaker+1"],"picked":"SKIP","floor":49.0},{"not_picked":["SnafuTest:PowerEternalFlame","SnafuTest:LeadingCharge+1"],"picked":"SnafuTest:WarofClans+1","floor":50.0},{"not_picked":["SnafuTest:MCSongOfPeace","SnafuTest:Oriole"],"picked":"SnafuTest:PowerCounterAttack","floor":53.0},{"not_picked":["SnafuTest:BombMoonDust","SnafuTest:MCSuccubusSeduction+1","SnafuTest:SpellChainLightning+1"],"picked":"SKIP","floor":57.0},{"not_picked":["SnafuTest:MilitaryReview","SnafuTest:OtherWorld"],"picked":"SnafuTest:PayExoticTreasure","floor":58.0},{"not_picked":["SnafuTest:MCMockAndRun","SnafuTest:BombNorthernWind+1"],"picked":"SnafuTest:PayWeaponSmith","floor":59.0},{"not_picked":["SnafuTest:SpellDispellingPush","SnafuTest:PowerFireDamnation","SnafuTest:BlueWhale"],"picked":"SKIP","floor":60.0},{"not_picked":["SnafuTest:SpellIncendiaryShower+1","SnafuTest:MCSongOfPeace","SnafuTest:ShieldUp"],"picked":"SKIP","floor":65.0},{"not_picked":["SnafuTest:SpellTelekinesis","SnafuTest:Siege+1","SnafuTest:QueensGuard"],"picked":"SKIP","floor":66.0}],"player_experience":68361,"relics_obtained":[{"floor":12.0,"key":"Dota2Spire:BlackKingBar"},{"floor":22.0,"key":"Regal Pillow"},{"floor":24.0,"key":"Molten Egg 2"},{"floor":26.0,"key":"SnafuTest:IgniRelic"},{"floor":28.0,"key":"Strawberry"},{"floor":31.0,"key":"AT_BellowingDragoncrestRing"},{"floor":37.0,"key":"ReplayTheSpireMod:Ring of Exchange"},{"floor":37.0,"key":"Ring of Fury"},{"floor":41.0,"key":"Counterbalance"},{"floor":41.0,"key":"Dota2Spire:DivineRapier"},{"floor":42.0,"key":"Dota2Spire:HandOfMidas"},{"floor":42.0,"key":"REME_ArchaeologicalTools"},{"floor":45.0,"key":"Ancient Tea Set"},{"floor":45.0,"key":"TheBible"},{"floor":58.0,"key":"SnafuTest:GriffinRelic"},{"floor":58.0,"key":"Shovel"}],"event_choices":[{"damage_healed":0.0,"max_hp_gain":0.0,"max_hp_loss":0.0,"gold_gain":0.0,"event_name":"Liars Game","player_choice":"Ignored","floor":4.0,"gold_loss":0.0,"damage_taken":0.0},{"damage_healed":0.0,"max_hp_gain":0.0,"max_hp_loss":0.0,"gold_gain":0.0,"event_name":"Transmorgrifier","player_choice":"Ignored","floor":13.0,"gold_loss":0.0,"damage_taken":0.0},{"damage_healed":0.0,"max_hp_gain":0.0,"max_hp_loss":0.0,"gold_gain":0.0,"event_name":"Scrap Ooze","player_choice":"Success","floor":14.0,"gold_loss":0.0,"damage_taken":12.0,"relics_obtained":["PunchingBag"]},{"damage_healed":0.0,"max_hp_gain":0.0,"max_hp_loss":0.0,"gold_gain":0.0,"event_name":"Back to Basics","player_choice":"Simplicity","floor":21.0,"gold_loss":0.0,"damage_taken":0.0,"cards_upgraded":["SnafuTest:DefaultCommonAttack","SnafuTest:DefaultCommonAttack","SnafuTest:DefaultCommonAttack","SnafuTest:DefaultCommonSkill","SnafuTest:DefaultCommonSkill","SnafuTest:DefaultCommonSkill"]}],"is_beta":false,"boss_relics":[{"not_picked":["SacredBark","Honey Jar"],"picked":"Ectoplasm"},{"not_picked":[]},{"not_picked":["REME_LowDesire","Runic Pyramid"],"picked":"Black Star"},{"not_picked":[]},{"not_picked":["Snecko Eye","DemoMod:MeatBun"],"picked":"Replay:Grab Bag"},{"not_picked":[]}],"items_purged_floors":[9,29,30,38,46,55,62],"is_endless":true,"potions_floor_spawned":[2,12,15,23,31,32,36,49,50,53,57,59,60,65,66],"killed_by":"Delirium","ascension_level":0}}