{"host":"qfskrnw3pl1q86j0","time":1609675584,"event":{"mods":["BaseMod","Block Reminder","Hermit","Marisa????????","Minty Spire (QoL Compilation)","Quick Restart","Random Character Button","Relic Stats","StSLib","The Poker Player","slay the spire mod where everything is the same but ironclad has a cowboy hat"],"gold_per_floor":[109,128,148,148,73,73,91,91,91,91,91,115,115,133,133,257,557,557,557],"floor_reached":18,"playtime":552,"items_purged":["Defend_P"],"score":252,"play_id":"1296307a-c4a0-46d3-a35f-114a4376fefa","local_time":"20210103130624","is_ascension_mode":false,"campfire_choices":[{"data":"Eruption","floor":6,"key":"SMITH"},{"data":"EmptyFist","floor":8,"key":"SMITH"},{"data":"PathToVictory","floor":10,"key":"SMITH"},{"data":"Halt","floor":15,"key":"SMITH"}],"circlet_count":0,"master_deck":["Strike_P","Strike_P","Defend_P","Defend_P","Defend_P","Eruption+1","Vigilance","Halt+1","EmptyFist+1","EmptyBody","PathToVictory+1","Perseverance","SandsOfTime","Blasphemy","CurseOfTheBell"],"relics":["PureWater","Golden Idol","Letter Opener","Calling Bell","Vajra","Meat on the Bone","Old Coin"],"acts_visited":["Exordium","TheCity"],"potions_floor_usage":[16],"damage_taken":[{"damage":3,"enemies":"Jaw Worm","floor":1,"turns":3},{"damage":6,"enemies":"Cultist","floor":2,"turns":6},{"damage":0,"enemies":"2 Louse","floor":3,"turns":2},{"damage":3,"enemies":"Exordium Wildlife","floor":7,"turns":5},{"damage":0,"enemies":"2 Fungi Beasts","floor":12,"turns":2},{"damage":2,"enemies":"Looter","floor":14,"turns":2},{"damage":11,"enemies":"Slime Boss","floor":16,"turns":8},{"damage":29,"enemies":"3 Byrds","floor":18,"turns":6}],"seed_played":"-742957728489600429","potions_obtained":[{"floor":3,"key":"FairyPotion"},{"floor":7,"key":"CultistPotion"},{"floor":14,"key":"BlessingOfTheForge"},{"floor":16,"key":"BlessingOfTheForge"}],"is_trial":false,"path_per_floor":["M","M","M","?","$","R","M","R","T","R","?","M","?","M","R","B",null,"M"],"character_chosen":"WATCHER","items_purchased":[],"campfire_rested":0,"item_purchase_floors":[],"current_hp_per_floor":[69,63,63,63,63,63,60,60,60,60,60,60,65,63,63,52,72,43,43],"gold":557,"neow_bonus":"REMOVE_CARD","is_daily":false,"chose_seed":false,"campfire_upgraded":4,"win_rate":0.0,"timestamp":1609675584,"path_taken":["M","M","M","?","$","R","M","R","T","R","?","?","?","M","R","BOSS","M"],"items_purchased_type":[],"build_version":"2020-12-22","purchased_purges":1,"victory":false,"max_hp_per_floor":[72,72,72,67,67,67,67,67,67,67,67,67,72,72,72,72,72,72,72],"relic_stats":{"counters":[8,34],"Golden Idol":38,"Letter Opener":[30],"obtain_stats":[{"Calling Bell":17,"Golden Idol":4,"Vajra":17,"Letter Opener":9,"PureWater":0,"Meat on the Bone":17,"Old Coin":17},{"Calling Bell":7,"Golden Idol":3,"Vajra":7,"Letter Opener":4,"PureWater":0,"Meat on the Bone":7,"Old Coin":7},{"Calling Bell":28,"Golden Idol":11,"Vajra":28,"Letter Opener":16,"PureWater":0,"Meat on the Bone":28,"Old Coin":28}],"Meat on the Bone":0},"card_choices":[{"not_picked":["FlurryOfBlows","FlyingSleeves"],"picked":"Halt","floor":1},{"not_picked":["Crescendo","ForeignInfluence"],"picked":"EmptyFist","floor":2},{"not_picked":["FlurryOfBlows","CrushJoints"],"picked":"EmptyBody","floor":3},{"not_picked":["Wallop","SignatureMove"],"picked":"PathToVictory","floor":7},{"not_picked":["Wallop","EmptyFist"],"picked":"Perseverance","floor":12},{"not_picked":["ClearTheMind","SignatureMove"],"picked":"SandsOfTime","floor":14},{"not_picked":["SpiritShield","LessonLearned"],"picked":"Blasphemy","floor":16}],"player_experience":909914,"relics_obtained":[{"floor":9,"key":"Letter Opener"},{"floor":17,"key":"Vajra"},{"floor":17,"key":"Meat on the Bone"},{"floor":17,"key":"Old Coin"}],"event_choices":[{"damage_healed":0,"gold_gain":0,"player_choice":"Lose Max HP","damage_taken":0,"relics_obtained":["Golden Idol"],"max_hp_gain":0,"max_hp_loss":5,"event_name":"Golden Idol","floor":4,"gold_loss":0},{"cards_removed":["Strike_P"],"damage_healed":0,"gold_gain":0,"player_choice":"Card Removal","damage_taken":0,"max_hp_gain":0,"max_hp_loss":0,"event_name":"Wheel of Change","floor":11,"gold_loss":0},{"damage_healed":0,"gold_gain":0,"player_choice":"Donut","damage_taken":0,"max_hp_gain":5,"max_hp_loss":0,"event_name":"Big Fish","floor":13,"gold_loss":0}],"is_beta":false,"boss_relics":[{"not_picked":["Fusion Hammer","Snecko Eye"],"picked":"Calling Bell"}],"items_purged_floors":[5],"is_endless":false,"potions_floor_spawned":[3,7,14,16],"killed_by":"3 Byrds","ascension_level":0}}