{"host":"z2wso2sh7putqk53","time":1609634775,"event":{"mods":["AchievementEnabler","BaseMod","DeckTracker","Minty Spire (QoL Compilation)"],"gold_per_floor":[114,127,127,202,220,253,253,264,287,313,331,22,54,67,67,172,172,172,4,14,14,29,56,56,87,136,236,146,0,16,16,16,118,118,138,155,135,146,146,178,178,205,205,205,3,3,3,13,13,13,13,13,13,38,38,38],"floor_reached":55,"playtime":3483,"items_purged":["Strike_P","Strike_P","Defend_P"],"score":923,"play_id":"c5268018-80fa-4986-adad-c326a637d181","local_time":"20210102164615","is_ascension_mode":true,"campfire_choices":[{"data":"JustLucky","floor":7,"key":"SMITH"},{"floor":15,"key":"REST"},{"data":"MasterReality","floor":24,"key":"SMITH"},{"floor":32,"key":"RECALL"},{"floor":41,"key":"REST"},{"floor":44,"key":"REST"},{"data":"Wallop","floor":47,"key":"SMITH"},{"floor":49,"key":"REST"},{"data":"ForeignInfluence","floor":52,"key":"SMITH"}],"circlet_count":0,"master_deck":["Strike_P+1","Defend_P+1","Defend_P","Defend_P","Eruption","Vigilance","Weave","PathToVictory+1","Establishment+1","JustLucky+1","FlyingSleeves+1","EmptyFist","Wallop","BattleHymn+1","Protect","Meditate","MasterReality+1","WindmillStrike","Protect","Wallop+1","TalkToTheHand+1","InnerPeace","Weave+1","ForeignInfluence+1","LessonLearned","CurseOfTheBell","Study+1","Meditate+1","LikeWater+1","PathToVictory+1","ThirdEye+1","Pain"],"relics":["SlaversCollar","Art of War","Oddly Smooth Stone","Akabeko","ClockworkSouvenir","StoneCalendar","Black Star","Blood Vial","Mercury Hourglass","Shuriken","Anchor","GoldenEye","Ornamental Fan","Calling Bell","Gambling Chip","Toxic Egg 2","Boot","Dream Catcher","Singing Bowl","Pear","Bronze Scales","Kunai","WarpedTongs","Mummified Hand","Orichalcum"],"acts_visited":["Exordium","TheCity","TheBeyond","TheEnding"],"potions_floor_usage":[13,13,18,23,25,33,35,40,40,42,48,55],"damage_taken":[{"damage":4,"enemies":"Jaw Worm","floor":1,"turns":5},{"damage":1,"enemies":"Cultist","floor":2,"turns":4},{"damage":0,"enemies":"2 Louse","floor":5,"turns":2},{"damage":12,"enemies":"Gremlin Nob","floor":6,"turns":3},{"damage":0,"enemies":"2 Fungi Beasts","floor":8,"turns":3},{"damage":0,"enemies":"Lagavulin","floor":10,"turns":5},{"damage":15,"enemies":"Blue Slaver","floor":11,"turns":4},{"damage":3,"enemies":"3 Sentries","floor":13,"turns":4},{"damage":0,"enemies":"Red Slaver","floor":14,"turns":2},{"damage":0,"enemies":"Slime Boss","floor":16,"turns":4},{"damage":0,"enemies":"2 Thieves","floor":18,"turns":1},{"damage":7,"enemies":"Spheric Guardian","floor":20,"turns":4},{"damage":0,"enemies":"Snecko","floor":22,"turns":3},{"damage":2,"enemies":"Book of Stabbing","floor":23,"turns":7},{"damage":13,"enemies":"Gremlin Leader","floor":25,"turns":7},{"damage":2,"enemies":"Colosseum Slavers","floor":27,"turns":3},{"damage":15,"enemies":"Colosseum Nobs","floor":27,"turns":5},{"damage":2,"enemies":"Cultist and Chosen","floor":30,"turns":5},{"damage":9,"enemies":"Champ","floor":33,"turns":8},{"damage":18,"enemies":"3 Darklings","floor":35,"turns":3},{"damage":3,"enemies":"3 Shapes","floor":36,"turns":7},{"damage":42,"enemies":"Sphere and 2 Shapes","floor":38,"turns":4},{"damage":36,"enemies":"Nemesis","floor":40,"turns":5},{"damage":29,"enemies":"Reptomancer","floor":42,"turns":6},{"damage":34,"enemies":"Transient","floor":48,"turns":5},{"damage":51,"enemies":"Donu and Deca","floor":50,"turns":6},{"damage":37,"enemies":"Shield and Spear","floor":54,"turns":6},{"damage":57,"enemies":"The Heart","floor":55,"turns":4}],"seed_played":"6556640593163269105","potions_obtained":[{"floor":1,"key":"CultistPotion"},{"floor":5,"key":"StancePotion"},{"floor":10,"key":"Weak Potion"},{"floor":14,"key":"SmokeBomb"},{"floor":22,"key":"PowerPotion"},{"floor":30,"key":"ColorlessPotion"},{"floor":33,"key":"Weak Potion"},{"floor":37,"key":"AttackPotion"},{"floor":42,"key":"Ancient Potion"},{"floor":54,"key":"SteroidPotion"}],"is_trial":false,"path_per_floor":["M","M","?","?","M","E","R","M","T","E","M","$","E","M","R","B",null,"M","$","M","?","M","E","R","E","T","?","?","$","M","$","R","B",null,"M","M","?","M","?","E","R","E","T","R","$","?","R","M","R","B",null,"R","$","E","B"],"character_chosen":"WATCHER","items_purchased":["ClockworkSouvenir","BattleHymn","WindmillStrike","Regen Potion","Regen Potion","LiquidMemories"],"campfire_rested":4,"item_purchase_floors":[12,12,19,29,29,45],"current_hp_per_floor":[68,67,53,46,46,34,34,34,34,34,19,19,16,16,37,37,72,72,72,65,65,65,63,63,52,52,39,39,39,39,39,39,47,72,54,53,53,13,72,43,66,49,49,76,76,76,76,46,74,25,90,90,90,55,0,0],"gold":38,"neow_bonus":"BOSS_RELIC","is_daily":false,"chose_seed":false,"campfire_upgraded":4,"win_rate":0.0,"timestamp":1609634775,"path_taken":["M","M","?","?","M","E","R","M","T","E","?","$","E","M","R","BOSS","M","$","M","?","M","E","R","E","T","?","?","$","?","?","R","BOSS","M","M","?","?","?","E","R","E","T","R","?","?","R","?","R","BOSS","R","$","E","BOSS"],"items_purchased_type":["Relic","Card","Card","Potion","Potion","Potion"],"build_version":"2020-12-22","purchased_purges":3,"victory":false,"max_hp_per_floor":[72,72,72,72,72,72,72,72,72,72,72,72,72,72,72,72,72,72,72,72,72,72,72,72,72,72,72,72,72,72,72,72,72,72,72,72,72,72,72,72,74,84,84,86,86,86,86,88,90,90,90,90,90,92,92,92],"card_choices":[{"not_picked":["SignatureMove","FollowUp"],"picked":"Weave","floor":1},{"not_picked":["Evaluate","Swivel"],"picked":"PathToVictory","floor":2},{"not_picked":["FlyingSleeves","SandsOfTime"],"picked":"Establishment","floor":5},{"not_picked":["SashWhip","Swivel"],"picked":"JustLucky","floor":6},{"not_picked":["Halt","Worship"],"picked":"FlyingSleeves","floor":8},{"not_picked":["Conclude","Establishment"],"picked":"EmptyFist","floor":10},{"not_picked":["Crescendo","EmptyBody"],"picked":"Wallop","floor":11},{"not_picked":["Nirvana","Ragnarok"],"picked":"Protect","floor":13},{"not_picked":["CrushJoints","LikeWater"],"picked":"Meditate","floor":14},{"not_picked":["LessonLearned","DeusExMachina"],"picked":"MasterReality","floor":16},{"not_picked":["SashWhip","CrushJoints"],"picked":"Protect","floor":20},{"not_picked":["CutThroughFate+1","ThirdEye"],"picked":"TalkToTheHand+1","floor":22},{"not_picked":["Indignation+1","Prostrate"],"picked":"InnerPeace","floor":23},{"not_picked":["Worship","WheelKick","Indignation"],"picked":"SKIP","floor":25},{"not_picked":["Prostrate","Consecrate+1"],"picked":"Weave","floor":27},{"not_picked":["FlyingSleeves+1","WheelKick+1"],"picked":"ForeignInfluence","floor":30},{"not_picked":["Brilliance","Judgement"],"picked":"LessonLearned","floor":33},{"not_picked":["Protect+1","CrushJoints+1"],"picked":"Study+1","floor":35},{"not_picked":["FlurryOfBlows","CrushJoints+1"],"picked":"Meditate+1","floor":36},{"not_picked":["DeceiveReality+1","Wireheading+1"],"picked":"LikeWater+1","floor":38},{"not_picked":["Study+1","JustLucky"],"picked":"PathToVictory+1","floor":40},{"not_picked":["ClearTheMind+1","Fasting2+1","PathToVictory+1"],"picked":"Singing Bowl","floor":41},{"not_picked":["Sanctity+1","JustLucky+1"],"picked":"ThirdEye+1","floor":42},{"not_picked":["Collect+1","Halt+1","Fasting2"],"picked":"Singing Bowl","floor":44},{"not_picked":["CutThroughFate","Blasphemy+1","Study+1"],"picked":"Singing Bowl","floor":48},{"not_picked":["Evaluate+1","SashWhip+1","SignatureMove+1"],"picked":"Singing Bowl","floor":49},{"not_picked":["Wallop+1","PathToVictory+1","Crescendo+1"],"picked":"Singing Bowl","floor":54}],"player_experience":465632,"relics_obtained":[{"floor":6,"key":"Art of War"},{"floor":9,"key":"Oddly Smooth Stone"},{"floor":10,"key":"Akabeko"},{"floor":13,"key":"StoneCalendar"},{"floor":23,"key":"Blood Vial"},{"floor":23,"key":"Mercury Hourglass"},{"floor":25,"key":"Shuriken"},{"floor":25,"key":"Anchor"},{"floor":27,"key":"GoldenEye"},{"floor":27,"key":"Ornamental Fan"},{"floor":34,"key":"Gambling Chip"},{"floor":34,"key":"Toxic Egg 2"},{"floor":34,"key":"Boot"},{"floor":40,"key":"Dream Catcher"},{"floor":40,"key":"Singing Bowl"},{"floor":42,"key":"Pear"},{"floor":42,"key":"Bronze Scales"},{"floor":43,"key":"Kunai"},{"floor":54,"key":"Mummified Hand"},{"floor":54,"key":"Orichalcum"}],"event_choices":[{"damage_healed":0,"gold_gain":0,"player_choice":"Entered Light","damage_taken":14,"max_hp_gain":0,"max_hp_loss":0,"event_name":"Shining Light","floor":3,"gold_loss":0,"cards_upgraded":["Defend_P","Strike_P"]},{"damage_healed":0,"gold_gain":75,"player_choice":"Touch","damage_taken":7,"max_hp_gain":0,"max_hp_loss":0,"event_name":"FaceTrader","floor":4,"gold_loss":0},{"damage_healed":0,"gold_gain":0,"player_choice":"Read","damage_taken":0,"max_hp_gain":0,"max_hp_loss":0,"event_name":"The Library","floor":21,"gold_loss":0,"cards_obtained":["Wallop"]},{"damage_healed":0,"gold_gain":0,"player_choice":"Fight","damage_taken":0,"max_hp_gain":0,"max_hp_loss":0,"event_name":"Colosseum","floor":27,"gold_loss":0},{"damage_healed":0,"gold_gain":0,"player_choice":"Fought Nobs","damage_taken":0,"max_hp_gain":0,"max_hp_loss":0,"event_name":"Colosseum","floor":27,"gold_loss":0},{"cards_removed":["Strike_P"],"damage_healed":0,"gold_gain":0,"player_choice":"Upgrade and Remove","damage_taken":0,"max_hp_gain":0,"max_hp_loss":0,"event_name":"Designer","floor":28,"gold_loss":90,"cards_upgraded":["PathToVictory"]},{"damage_healed":0,"gold_gain":0,"player_choice":"Bought 1 Potion","damage_taken":0,"max_hp_gain":0,"max_hp_loss":0,"event_name":"The Woman in Blue","floor":37,"gold_loss":0},{"damage_healed":59,"gold_gain":0,"player_choice":"Full Heal","damage_taken":0,"max_hp_gain":0,"max_hp_loss":0,"event_name":"Wheel of Change","floor":39,"gold_loss":0},{"damage_healed":0,"gold_gain":0,"player_choice":"Rummage","damage_taken":0,"relics_obtained":["WarpedTongs"],"max_hp_gain":0,"max_hp_loss":0,"event_name":"Accursed Blacksmith","floor":46,"gold_loss":0,"cards_obtained":["Pain"]}],"is_beta":false,"boss_relics":[{"not_picked":["Snecko Eye","Runic Dome"],"picked":"Black Star"},{"not_picked":["Busted Crown","Coffee Dripper"],"picked":"Calling Bell"}],"items_purged_floors":[12,19,45],"is_endless":false,"potions_floor_spawned":[1,5,10,14,18,22,30,33,38,42,54],"killed_by":"The Heart","ascension_level":1}}