{"host":"s41rn2jhghpwfrvz","time":1609647207,"event":{"mods":["BaseMod","Minty Spire (QoL Compilation)","Quick Restart","Relic Stats","SuperFastMode"],"gold_per_floor":[112,112,127,177,192,192,221,241,265,265,298,311,338,371,371,444,444,454,454,504,352,366,395,395,430,456,456,484,494,506,541,541,618,618,649,561,573,628,340,368,379,413,438,473,230,245,277,302,302,302,302,302,302,22,54,54],"floor_reached":57,"playtime":1794,"items_purged":["Defragment","Go for the Eyes","Dash","Endless Agony","Protect+1"],"score":3757,"play_id":"654c1bf4-331c-4096-ae7f-e6d250f32538","local_time":"20210103061327","daily_mods":["SealedDeck","Diverse","DeadlyEvents"],"is_ascension_mode":true,"campfire_choices":[{"data":"Body Slam","floor":6,"key":"SMITH"},{"data":"Body Slam","floor":10,"key":"SMITH"},{"data":"Backflip","floor":15,"key":"SMITH"},{"data":"Barricade","floor":24,"key":"SMITH"},{"data":"Turbo","floor":27,"key":"SMITH"},{"data":"Impervious","floor":32,"key":"SMITH"},{"floor":49,"key":"RECALL"},{"data":"Burning Pact","floor":53,"key":"SMITH"}],"circlet_count":0,"master_deck":["AscendersBane","EmptyMind+1","Body Slam+1","Backflip+1","Self Repair","Turbo+1","Body Slam+1","Backflip","Barricade+1","Burning Pact+1","Escape Plan+1","Impervious+1","Adrenaline","Madness"],"relics":["Burning Blood","Art of War","Nunchaku","Omamori","Regal Pillow","Runic Dome","Centennial Puzzle","PreservedInsect","MealTicket","War Paint","Blood Vial","Calling Bell","MawBank","Meat on the Bone","Lizard Tail","Incense Burner","Oddly Smooth Stone","HornCleat","Bag of Marbles","CeramicFish","StrikeDummy","Torii","Calipers","Membership Card","Lantern"],"acts_visited":["Exordium","TheCity","TheBeyond","TheEnding"],"potions_floor_usage":[16,16,28,56],"damage_taken":[{"damage":0,"enemies":"Jaw Worm","floor":1,"turns":2},{"damage":0,"enemies":"Small Slimes","floor":3,"turns":3},{"damage":0,"enemies":"Cultist","floor":5,"turns":3},{"damage":32,"enemies":"3 Sentries","floor":7,"turns":11},{"damage":0,"enemies":"Exordium Thugs","floor":8,"turns":3},{"damage":14,"enemies":"Gremlin Nob","floor":11,"turns":4},{"damage":0,"enemies":"Large Slime","floor":12,"turns":3},{"damage":10,"enemies":"3 Sentries","floor":14,"turns":8},{"damage":44,"enemies":"Hexaghost","floor":16,"turns":10},{"damage":0,"enemies":"3 Byrds","floor":18,"turns":4},{"damage":0,"enemies":"Spheric Guardian","floor":22,"turns":3},{"damage":2,"enemies":"Book of Stabbing","floor":23,"turns":4},{"damage":5,"enemies":"Gremlin Leader","floor":25,"turns":3},{"damage":5,"enemies":"Slavers","floor":28,"turns":3},{"damage":3,"enemies":"Snake Plant","floor":29,"turns":3},{"damage":13,"enemies":"Centurion and Healer","floor":30,"turns":3},{"damage":0,"enemies":"Gremlin Leader","floor":31,"turns":3},{"damage":0,"enemies":"Collector","floor":33,"turns":3},{"damage":0,"enemies":"3 Shapes","floor":35,"turns":3},{"damage":0,"enemies":"Orb Walker","floor":37,"turns":2},{"damage":0,"enemies":"2 Orb Walkers","floor":38,"turns":2},{"damage":0,"enemies":"Giant Head","floor":40,"turns":2},{"damage":0,"enemies":"Maw","floor":41,"turns":3},{"damage":0,"enemies":"Nemesis","floor":42,"turns":1},{"damage":0,"enemies":"Giant Head","floor":44,"turns":1},{"damage":0,"enemies":"Spire Growth","floor":46,"turns":2},{"damage":0,"enemies":"Nemesis","floor":47,"turns":1},{"damage":0,"enemies":"Mind Bloom Boss Battle","floor":48,"turns":2},{"damage":0,"enemies":"Time Eater","floor":50,"turns":4},{"damage":0,"enemies":"Donu and Deca","floor":51,"turns":2},{"damage":0,"enemies":"Shield and Spear","floor":55,"turns":1},{"damage":0,"enemies":"The Heart","floor":56,"turns":5}],"seed_played":"2124097159946090163","potions_obtained":[{"floor":1,"key":"Dexterity Potion"},{"floor":7,"key":"Strength Potion"},{"floor":11,"key":"Dexterity Potion"},{"floor":16,"key":"Swift Potion"},{"floor":18,"key":"Block Potion"},{"floor":28,"key":"BlessingOfTheForge"},{"floor":37,"key":"Ancient Potion"}],"is_trial":true,"path_per_floor":["M","?","M","?","M","R","E","M","T","R","E","M","T","E","R","B",null,"M","?","?","$","M","E","R","E","T","R","E","M","M","E","R","B",null,"M","$","M","?","$","E","M","E","T","E","$","M","E","?","R","B","B",null,"R","$","E","B",null],"character_chosen":"IRONCLAD","items_purchased":["Burning Pact","Oddly Smooth Stone","Madness","Membership Card","Swift Potion"],"campfire_rested":0,"item_purchase_floors":[21,39,45,54,54],"current_hp_per_floor":[75,80,80,80,80,80,61,74,74,74,73,80,80,80,80,49,72,80,80,80,80,80,80,80,80,80,80,80,80,80,80,80,80,80,80,80,80,80,80,80,80,80,80,80,80,80,80,80,80,80,80,80,80,80,80,80],"gold":54,"neow_bonus":"","is_daily":false,"chose_seed":false,"campfire_upgraded":7,"win_rate":0.0,"timestamp":1609647207,"path_taken":["M","?","M","?","M","R","E","M","T","R","?","?","?","E","R","BOSS","M","?","?","$","M","E","R","E","T","R","E","M","M","?","R","BOSS","M","$","M","?","$","E","?","?","T","E","$","M","?","?","R","BOSS","BOSS","R","$","E","BOSS"],"items_purchased_type":["Card","Relic","Card","Relic","Potion"],"build_version":"2020-12-22","purchased_purges":5,"victory":true,"max_hp_per_floor":[75,80,80,80,80,80,80,80,80,80,80,80,80,80,80,80,80,80,80,80,80,80,80,80,80,80,80,80,80,80,80,80,80,80,80,80,80,80,80,80,80,80,80,80,80,80,80,80,80,80,80,80,80,80,80,80],"relic_stats":{"Regal Pillow":0,"Torii":0,"counters":[32,107],"CeramicFish":9,"PreservedInsect":526,"War Paint":["EmptyMind","Protect"],"MawBank":24,"Burning Blood":69,"Blood Vial":0,"Nunchaku":[26],"Centennial Puzzle":[12],"Lizard Tail":0,"MealTicket":0,"Art of War":[4],"obtain_stats":[{"Regal Pillow":14,"Lantern":55,"Calipers":48,"Torii":47,"CeramicFish":43,"Incense Burner":38,"Burning Blood":0,"Blood Vial":31,"Nunchaku":9,"Centennial Puzzle":23,"Lizard Tail":34,"HornCleat":40,"MealTicket":26,"Oddly Smooth Stone":39,"PreservedInsect":25,"Omamori":11,"War Paint":28,"MawBank":34,"Calling Bell":34,"Runic Dome":17,"Art of War":7,"Bag of Marbles":42,"Membership Card":54,"StrikeDummy":44,"Meat on the Bone":34},{"Regal Pillow":8,"Lantern":31,"Calipers":28,"Torii":27,"CeramicFish":24,"Incense Burner":21,"Burning Blood":0,"Blood Vial":17,"Nunchaku":5,"Centennial Puzzle":12,"Lizard Tail":18,"HornCleat":22,"MealTicket":13,"Oddly Smooth Stone":21,"PreservedInsect":13,"Omamori":6,"War Paint":14,"MawBank":18,"Calling Bell":18,"Runic Dome":9,"Art of War":4,"Bag of Marbles":24,"Membership Card":30,"StrikeDummy":25,"Meat on the Bone":18},{"Regal Pillow":37,"Lantern":102,"Calipers":95,"Torii":93,"CeramicFish":89,"Incense Burner":83,"Burning Blood":0,"Blood Vial":73,"Nunchaku":22,"Centennial Puzzle":58,"Lizard Tail":76,"HornCleat":85,"MealTicket":61,"Oddly Smooth Stone":83,"PreservedInsect":61,"Omamori":26,"War Paint":64,"MawBank":76,"Calling Bell":76,"Runic Dome":47,"Art of War":19,"Bag of Marbles":89,"Membership Card":101,"StrikeDummy":90,"Meat on the Bone":76}],"Meat on the Bone":0},"card_choices":[{"not_picked":["Gash","Ghostly Armor","All Out Attack"],"picked":"SKIP","floor":1},{"not_picked":["Wallop","Combust","FlyingSleeves"],"picked":"SKIP","floor":3},{"not_picked":["PathToVictory","Redo","CutThroughFate"],"picked":"SKIP","floor":5},{"not_picked":["Heavy Blade","ThirdEye"],"picked":"Body Slam","floor":7},{"not_picked":["Scrape","Heavy Blade","Flex"],"picked":"SKIP","floor":8},{"not_picked":["Blizzard","Evaluate"],"picked":"Backflip","floor":11},{"not_picked":["SashWhip","ReachHeaven","Rebound"],"picked":"SKIP","floor":12},{"not_picked":["Deadly Poison","Stack","Worship"],"picked":"SKIP","floor":14},{"not_picked":["Impervious","Berserk"],"picked":"Barricade","floor":16},{"not_picked":["Pommel Strike","Steam","Iron Wave"],"picked":"SKIP","floor":18},{"not_picked":["Worship","Evaluate"],"picked":"Escape Plan+1","floor":22},{"not_picked":["Study","Wallop","Sucker Punch"],"picked":"SKIP","floor":23},{"not_picked":["ReachHeaven","Bloodletting","Omniscience"],"picked":"SKIP","floor":25},{"not_picked":["Second Wind","Rebound","Clash"],"picked":"SKIP","floor":28},{"not_picked":["Twin Strike","Metallicize","Lockon"],"picked":"SKIP","floor":29},{"not_picked":["Sucker Punch","Quick Slash","Stack"],"picked":"SKIP","floor":30},{"not_picked":["EmptyBody+1","InnerPeace"],"picked":"Impervious","floor":31},{"not_picked":["Ragnarok","Unload"],"picked":"Adrenaline","floor":33},{"not_picked":["Perseverance","Bouncing Flask","FollowUp"],"picked":"SKIP","floor":35},{"not_picked":["Bane","Sweeping Beam","Slice"],"picked":"SKIP","floor":37},{"not_picked":["Cleave","Wild Strike","FlurryOfBlows"],"picked":"SKIP","floor":40},{"not_picked":["Weave","Prepared","Protect+1"],"picked":"SKIP","floor":41},{"not_picked":["Chaos","Hologram","Evaluate+1"],"picked":"SKIP","floor":42},{"not_picked":["Establishment","Deflect","Battle Trance"],"picked":"SKIP","floor":44},{"not_picked":["Evaluate","Body Slam+1","Shockwave"],"picked":"SKIP","floor":46},{"not_picked":["Acrobatics","Tactician+1","Infernal Blade+1"],"picked":"SKIP","floor":47},{"not_picked":["Heavy Blade","Second Wind","Corruption"],"picked":"SKIP","floor":55}],"player_experience":1636692,"relics_obtained":[{"floor":7,"key":"Art of War"},{"floor":9,"key":"Nunchaku"},{"floor":11,"key":"Omamori"},{"floor":14,"key":"Regal Pillow"},{"floor":23,"key":"Centennial Puzzle"},{"floor":25,"key":"PreservedInsect"},{"floor":26,"key":"MealTicket"},{"floor":28,"key":"War Paint"},{"floor":31,"key":"Blood Vial"},{"floor":34,"key":"MawBank"},{"floor":34,"key":"Meat on the Bone"},{"floor":34,"key":"Lizard Tail"},{"floor":38,"key":"Incense Burner"},{"floor":40,"key":"HornCleat"},{"floor":42,"key":"Bag of Marbles"},{"floor":43,"key":"CeramicFish"},{"floor":44,"key":"StrikeDummy"},{"floor":47,"key":"Torii"},{"floor":48,"key":"Calipers"},{"floor":55,"key":"Lantern"}],"event_choices":[{"damage_healed":0,"gold_gain":0,"player_choice":"Donut","damage_taken":0,"max_hp_gain":5,"max_hp_loss":0,"event_name":"Big Fish","floor":2,"gold_loss":0},{"damage_healed":0,"gold_gain":50,"player_choice":"Pray","damage_taken":0,"max_hp_gain":0,"max_hp_loss":0,"event_name":"Golden Shrine","floor":4,"gold_loss":0},{"damage_healed":16,"gold_gain":0,"player_choice":"Heal","damage_taken":0,"max_hp_gain":0,"max_hp_loss":0,"event_name":"The Library","floor":19,"gold_loss":0},{"damage_healed":0,"gold_gain":50,"player_choice":"Stole From Cult","damage_taken":0,"max_hp_gain":0,"max_hp_loss":0,"event_name":"Nest","floor":20,"gold_loss":0},{"damage_healed":0,"gold_gain":0,"player_choice":"Fight","damage_taken":0,"max_hp_gain":0,"max_hp_loss":0,"event_name":"Mysterious Sphere","floor":38,"gold_loss":0},{"damage_healed":0,"gold_gain":0,"player_choice":"Fight","damage_taken":0,"max_hp_gain":0,"max_hp_loss":0,"event_name":"MindBloom","floor":48,"gold_loss":0}],"is_beta":false,"boss_relics":[{"not_picked":["Fusion Hammer","Sozu"],"picked":"Runic Dome"},{"not_picked":["Astrolabe","Philosopher\u0027s Stone"],"picked":"Calling Bell"}],"items_purged_floors":[21,36,39,45,54],"is_endless":false,"potions_floor_spawned":[1,7,11,12,16,18,23,28,31,33,35,37,44,46],"ascension_level":20}}