{"host":"KYO","time":1609646017,"event":{"mods":["BaseMod","BetterRewards","Minty Spire (QoL Compilation)","Remove Card Discount Mod","Shop Mod","StSLib","SuperFastMode","[IsaacMod]ÒÔÈö¼âËþ"],"gold_per_floor":[114,124,124,124,424,453,465,494,494,527,527,562,579,579,579,653,653,669,685,753,753,773,806,806,833,911,940,940,940,953,953,953,1027,1077,1090,1105,1121,1197,1213,1213,1239,1256,1256,1256,1284,1284,1310,1344,1344,1344,1344,1344,1344,1344,1378,1378],"floor_reached":57,"playtime":1109,"items_purged":["Defend_P","Defend_P","Defend_P","Defend_P","Strike_P","Strike_P","EpicFetus","Strike_P","Strike_P","Eruption","Vigilance"],"score":4737,"play_id":"827d14b6-0388-4939-a9d1-0bca3f594833","local_time":"20210103115337","is_ascension_mode":true,"campfire_choices":[{"floor":11.0,"key":"RECALL"},{"floor":15.0,"key":"DIG"},{"floor":24.0,"key":"DIG"},{"floor":29,"key":"DIG"},{"floor":32,"key":"DIG"},{"floor":40,"key":"DIG"},{"floor":44,"key":"DIG"},{"floor":49,"key":"DIG"},{"floor":53,"key":"DIG"}],"circlet_count":28,"master_deck":["AscendersBane","Finesse+1","Flash of Steel+1","Flash of Steel+1"],"relics":["PureWater","HushsDoor","PillsDrop","ForgetMeNow","MerchantsRug","SteamSale","Bag of Marbles","Thread and Needle","NineVolt","Ice Cream","Membership Card","Damaru","Juzu Bracelet","ClockworkSouvenir","Bag of Preparation","Bronze Scales","TheAbacus","Ornamental Fan","TheBattery","Blue Candle","Incense Burner","Tiny Chest","Matryoshka","PreservedInsect","Sling","TeardropLocket","MealTicket","Question Card","Letter Opener","BelialBook","Nunchaku","Pocketwatch","Frozen Eye","OrangePellets","PunchingBag","DoctorsRemote","Calipers","Chemical X","Omamori","Pear","Happy Flower","Boot","Medical Kit","Blood Vial","Meat on the Bone","BFFS","Whetstone","StoneCalendar","GuppysPaw","Akabeko","Strawberry","Torii","Ancient Tea Set","Orichalcum","Toy Ornithopter","Lee\u0027s Waffle","Habit","CeramicFish","Lantern","Vajra","YumHeart","Centennial Puzzle","D6","Anchor","FossilizedHelix","SalivaCoin","Peace Pipe","Regal Pillow","HandDrill","Dream Catcher","Oddly Smooth Stone","Art of War","Mango","TungstenRod","Toxic Egg 2","Gremlin Horn","Mercury Hourglass","TuHaoJin","BookOfRevelations","TheBean","PrismaticShard","Pen Nib","DeathBook","Mummified Hand","MoneyPower","War Paint","HowToJump","Potion Belt","InkBottle","Shuriken","Diplopia","SatanicBible","Yang","UnicornStump","Pantograph","Singing Bowl","HornCleat","Kunai","Shovel","Bottled Lightning","Darkstone Periapt","Eternal Feather","SharpPlug","Molten Egg 2","TheBible","BookofShadows","White Beast Statue","Bottled Flame","Orrery","Frozen Egg 2","Gambling Chip","Sundial","StrikeDummy","AnarchistCookbook","DeadEye","GnawedLeaf","GuppysHead","Turnip","Du-Vu Doll","CloakClasp","D4","BloodDonationMachine","GoldenEye","WingedGreaves","Lizard Tail","GuppysTail","Void","Prayer Wheel","Leech","Ginger","Unceasing Top","BlankCard","CaptainsWheel","PokeGo","EdensBlessing","Bird Faced Urn","DollysMirror","Toolbox","Cauldron","Melange","Circlet","MaYiHuaBei","Black Star","RottenBaby","JudasShadow","GuppysCollar","Tiny House","MyShadow","Chaos","Sozu","Busted Crown","HolyWater","NineLifeCat","MomsKnife","Fusion Hammer","ChampionBelt"],"acts_visited":["Exordium","TheCity","TheBeyond","TheEnding"],"potions_floor_usage":[56,56,56,56],"damage_taken":[{"damage":0.0,"enemies":"Jaw Worm","floor":1.0,"turns":1.0},{"damage":0.0,"enemies":"2 Louse","floor":2.0,"turns":1.0},{"damage":0.0,"enemies":"Lagavulin","floor":6.0,"turns":1.0},{"damage":0.0,"enemies":"Cultist","floor":7.0,"turns":1.0},{"damage":0.0,"enemies":"Gremlin Nob","floor":8.0,"turns":1.0},{"damage":0.0,"enemies":"3 Sentries","floor":10.0,"turns":1.0},{"damage":0.0,"enemies":"Lagavulin","floor":12.0,"turns":1.0},{"damage":0.0,"enemies":"Lots of Slimes","floor":13.0,"turns":1.0},{"damage":0.0,"enemies":"Hexaghost","floor":16.0,"turns":1.0},{"damage":0.0,"enemies":"3 Byrds","floor":18.0,"turns":1.0},{"damage":0.0,"enemies":"Spheric Guardian","floor":19.0,"turns":1.0},{"damage":0.0,"enemies":"Snake Plant","floor":22.0,"turns":1.0},{"damage":0.0,"enemies":"Gremlin Leader","floor":23.0,"turns":1.0},{"damage":0.0,"enemies":"Slavers","floor":25.0,"turns":1.0},{"damage":0.0,"enemies":"Gremlin Leader","floor":27.0,"turns":1.0},{"damage":0,"enemies":"Chosen and Byrds","floor":30,"turns":1},{"damage":0,"enemies":"Automaton","floor":33,"turns":1},{"damage":0,"enemies":"Orb Walker","floor":35,"turns":1},{"damage":0,"enemies":"3 Darklings","floor":36,"turns":1},{"damage":0,"enemies":"Maw","floor":37,"turns":1},{"damage":0,"enemies":"Transient","floor":39,"turns":1},{"damage":0,"enemies":"Nemesis","floor":41,"turns":1},{"damage":0,"enemies":"3 Darklings","floor":42,"turns":1},{"damage":0,"enemies":"Giant Head","floor":45,"turns":1},{"damage":0,"enemies":"Reptomancer","floor":47,"turns":1},{"damage":0,"enemies":"Giant Head","floor":48,"turns":1},{"damage":0,"enemies":"Awakened One","floor":50,"turns":2},{"damage":0,"enemies":"Time Eater","floor":51,"turns":1},{"damage":0,"enemies":"Shield and Spear","floor":55,"turns":1},{"damage":0,"enemies":"The Heart","floor":56,"turns":5}],"seed_played":"2669229413671384664","potions_obtained":[{"floor":0.0,"key":"Explosive Potion"},{"floor":0.0,"key":"Fruit Juice"},{"floor":0.0,"key":"SneckoOil"},{"floor":0.0,"key":"Fire Potion"},{"floor":0.0,"key":"FairyPotion"},{"floor":1.0,"key":"Explosive Potion"},{"floor":2.0,"key":"LiquidBronze"},{"floor":6.0,"key":"Dexterity Potion"},{"floor":30,"key":"Strength Potion"},{"floor":33,"key":"Ancient Potion"},{"floor":36,"key":"Block Potion"}],"is_trial":false,"path_per_floor":["M","M","?","$","?","E","M","E","T","E","R","E","M","?","R","B",null,"M","M","T","$","M","E","R","E","T","E","?","R","M","?","R","B",null,"M","M","M","T","M","R","E","M","T","R","E","$","E","E","R","B","B",null,"R","$","E","B",null],"character_chosen":"WATCHER","items_purchased":["ForgetMeNow","MerchantsRug","SteamSale","Bag of Marbles","Finesse","Flash of Steel","Thread and Needle","NineVolt","Ice Cream","Membership Card","Damaru","Juzu Bracelet","ClockworkSouvenir","Bag of Preparation","Bronze Scales","TheAbacus","Ornamental Fan","TheBattery","Blue Candle","Incense Burner","Tiny Chest","Matryoshka","PreservedInsect","Sling","TeardropLocket","MealTicket","Question Card","Letter Opener","BelialBook","Nunchaku","Pocketwatch","Frozen Eye","OrangePellets","PunchingBag","DoctorsRemote","Calipers","Chemical X","Omamori","Pear","Happy Flower","Boot","Medical Kit","Blood Vial","Meat on the Bone","BFFS","Whetstone","StoneCalendar","GuppysPaw","Akabeko","Strawberry","Torii","Ancient Tea Set","Orichalcum","Toy Ornithopter","Lee\u0027s Waffle","Habit","CeramicFish","Lantern","Vajra","YumHeart","Centennial Puzzle","D6","Anchor","FossilizedHelix","SalivaCoin","Peace Pipe","Regal Pillow","HandDrill","Dream Catcher","Oddly Smooth Stone","Art of War","Mango","TungstenRod","Toxic Egg 2","Gremlin Horn","Mercury Hourglass","TuHaoJin","BookOfRevelations","TheBean","PrismaticShard","Pen Nib","DeathBook","Mummified Hand","MoneyPower","War Paint","HowToJump","Potion Belt","InkBottle","Shuriken","Diplopia","SatanicBible","Yang","UnicornStump","Pantograph","Singing Bowl","HornCleat","Kunai","Shovel","Bottled Lightning","Darkstone Periapt","Eternal Feather","SharpPlug","Molten Egg 2","TheBible","BookofShadows","White Beast Statue","Bottled Flame","Orrery","Frozen Egg 2","Gambling Chip","Sundial","StrikeDummy","AnarchistCookbook","DeadEye","GnawedLeaf","GuppysHead","Turnip","Du-Vu Doll","CloakClasp","D4","BloodDonationMachine","GoldenEye","WingedGreaves","Lizard Tail","GuppysTail","Void","Prayer Wheel","Leech","Ginger","Unceasing Top","BlankCard","CaptainsWheel","PokeGo","EdensBlessing","Bird Faced Urn","DollysMirror","Toolbox","Cauldron","Melange","RottenBaby","JudasShadow","GuppysCollar","MyShadow","MomsKnife","Fusion Hammer","ChampionBelt"],"campfire_rested":0,"item_purchase_floors":[0,0,0,0,0,0,0,0,0,0,0,0,0,0,0,0,0,0,0,0,0,0,0,0,0,0,0,0,0,0,0,0,0,0,0,0,0,0,0,0,0,0,0,0,0,0,0,0,0,0,0,0,0,0,0,0,0,0,0,0,0,0,0,0,0,0,0,0,0,0,0,0,0,0,0,0,0,0,0,0,0,0,0,0,0,0,0,0,0,0,0,0,0,0,0,0,0,0,0,0,0,0,0,0,0,0,0,0,0,0,0,0,0,0,0,0,0,0,0,0,0,0,0,0,0,0,0,0,0,0,0,0,0,0,0,0,0,0,4,17,17,17,34,46,46,46],"current_hp_per_floor":[133,137,137,137,137,144,151,158,168,170,170,180,184,184,189,191,149,153,160,165,165,169,176,181,193,198,210,210,215,219,219,224,226,221,225,229,233,238,242,247,254,258,258,258,67,67,79,91,96,96,96,96,101,101,113,113],"gold":1378,"neow_bonus":"","is_daily":false,"chose_seed":false,"campfire_upgraded":0,"win_rate":0.0,"timestamp":1609646017,"path_taken":["M","M","?","$","?","E","M","E","T","E","R","E","M","?","R","BOSS","M","M","?","?","M","E","R","E","T","E","?","R","M","?","R","BOSS","M","M","M","?","M","R","E","M","T","R","E","$","E","E","R","BOSS","BOSS","R","$","E","BOSS"],"items_purchased_type":["Relic","Relic","Relic","Relic","Card","Card","Relic","Relic","Relic","Relic","Relic","Relic","Relic","Relic","Relic","Relic","Relic","Relic","Relic","Relic","Relic","Relic","Relic","Relic","Relic","Relic","Relic","Relic","Relic","Relic","Relic","Relic","Relic","Relic","Relic","Relic","Relic","Relic","Relic","Relic","Relic","Relic","Relic","Relic","Relic","Relic","Relic","Relic","Relic","Relic","Relic","Relic","Relic","Relic","Relic","Relic","Relic","Relic","Relic","Relic","Relic","Relic","Relic","Relic","Relic","Relic","Relic","Relic","Relic","Relic","Relic","Relic","Relic","Relic","Relic","Relic","Relic","Relic","Relic","Relic","Relic","Relic","Relic","Relic","Relic","Relic","Relic","Relic","Relic","Relic","Relic","Relic","Relic","Relic","Relic","Relic","Relic","Relic","Relic","Relic","Relic","Relic","Relic","Relic","Relic","Relic","Relic","Relic","Relic","Relic","Relic","Relic","Relic","Relic","Relic","Relic","Relic","Relic","Relic","Relic","Relic","Relic","Relic","Relic","Relic","Card","Relic","Relic","Relic","Relic","Relic","Relic","Relic","Relic","Relic","Relic","Relic","Relic","Relic","Relic","Relic","Relic","Relic","Relic","Relic","Relic"],"build_version":"2020-12-18","purchased_purges":11,"victory":true,"max_hp_per_floor":[133,137,137,137,137,144,151,158,168,170,170,180,184,184,189,191,149,153,160,165,165,169,176,181,193,198,210,210,215,219,219,224,226,221,225,229,233,238,242,247,254,258,258,258,67,67,79,91,96,96,96,96,101,101,113,113],"card_choices":[{"not_picked":[],"picked":"EpicFetus","floor":0.0},{"not_picked":["Bane+1","Anger+1","Compile Driver+1","Dagger Throw+1"],"picked":"Singing Bowl","floor":0.0},{"not_picked":["Protect+1","DeceiveReality+1","Whirlwind+1","Trip+1"],"picked":"Singing Bowl","floor":0.0},{"not_picked":["Headbutt+1","Caltrops","Streamline+1","The Bomb+1"],"picked":"Singing Bowl","floor":0.0},{"not_picked":["Mayhem","Turbo+1","Warcry+1","Scrawl+1"],"picked":"Singing Bowl","floor":0.0},{"not_picked":["Poisoned Stab+1","Go for the Eyes+1","Finesse+1","Aggregate+1"],"picked":"Singing Bowl","floor":0.0},{"not_picked":["Protect+1","DeceiveReality+1","Whirlwind+1","Trip+1"],"picked":"Singing Bowl","floor":0.0},{"not_picked":["Headbutt+1","Caltrops","Streamline+1","The Bomb+1"],"picked":"Singing Bowl","floor":0.0},{"not_picked":["Mayhem","Turbo+1","Warcry+1","Scrawl+1"],"picked":"Singing Bowl","floor":0.0},{"not_picked":["PathToVictory+1","Consecrate+1","Adaptation+1","Thunder Strike+1"],"picked":"Singing Bowl","floor":0.0},{"not_picked":["Outmaneuver+1","BowlingBash+1","Panacea+1","Perfected Strike+1"],"picked":"Singing Bowl","floor":1.0},{"not_picked":["Uppercut+1","CrushJoints+1","Iron Wave+1","Glacier+1"],"picked":"Singing Bowl","floor":1.0},{"not_picked":["Judgement+1","Warcry+1","Conclude+1","Slice+1"],"picked":"Singing Bowl","floor":2.0},{"not_picked":["ClearTheMind+1","FlyingSleeves+1","EmptyMind+1","Poisoned Stab+1"],"picked":"Singing Bowl","floor":2.0},{"not_picked":["Melter+1","Reckless Charge+1","Barrage+1","Evaluate+1"],"picked":"Singing Bowl","floor":6.0},{"not_picked":["Rebound+1","Conclude+1","Ball Lightning+1","Reprogram+1"],"picked":"Singing Bowl","floor":7.0},{"not_picked":["Streamline+1","Dramatic Entrance+1","Auto Shields+1","White Noise+1"],"picked":"Singing Bowl","floor":7.0},{"not_picked":["SashWhip+1","InnerPeace+1","Twin Strike+1","ForeignInfluence+1"],"picked":"Singing Bowl","floor":8.0},{"not_picked":["Dash+1","Sword Boomerang+1","Cleave+1","Twin Strike+1"],"picked":"Singing Bowl","floor":10.0},{"not_picked":["Poisoned Stab+1","Storm of Steel+1","Acrobatics+1","Wallop+1"],"picked":"Singing Bowl","floor":12.0},{"not_picked":["Genetic Algorithm+1","Blur+1","Swift Strike+1","FlyingSleeves+1"],"picked":"Singing Bowl","floor":13.0},{"not_picked":["Finesse+1","Infinite Blades+1","ThirdEye+1","Dark Embrace+1"],"picked":"Singing Bowl","floor":13.0},{"not_picked":["Adrenaline+1","Bullet Time+1","Amplify+1","Chrysalis+1"],"picked":"Singing Bowl","floor":16.0},{"not_picked":["Shrug It Off+1","EmptyBody+1","Deadly Poison+1","Finesse+1"],"picked":"Singing Bowl","floor":18.0},{"not_picked":["Deep Breath+1","Halt+1","Deadly Poison+1","Conserve Battery+1"],"picked":"Singing Bowl","floor":18.0},{"not_picked":["PathToVictory+1","Ball Lightning+1","Flying Knee+1","Seeing Red+1"],"picked":"Singing Bowl","floor":19.0},{"not_picked":["Underhanded Strike+1","Rampage+1","BloodyBrimstone+1","EmptyBody+1"],"picked":"Singing Bowl","floor":19.0},{"not_picked":["FollowUp+1","EmptyFist+1","Forethought+1","Slice+1"],"picked":"Singing Bowl","floor":22.0},{"not_picked":["EmptyMind+1","Finesse+1","Cold Snap+1","Quick Slash+1"],"picked":"Singing Bowl","floor":22.0},{"not_picked":["Cleave+1","ThirdEye+1","Go for the Eyes+1","Chaos+1"],"picked":"Singing Bowl","floor":23.0},{"not_picked":["Meditate+1","Blade Dance+1","CrushJoints+1","Lockon+1"],"picked":"Singing Bowl","floor":25.0},{"not_picked":["Good Instincts+1","Tempest+1","BowlingBash+1","PiercingWail+1"],"picked":"Singing Bowl","floor":27.0},{"not_picked":["Thunderclap+1","Beam Cell+1","Underhanded Strike+1","Force Field+1"],"picked":"Singing Bowl","floor":30},{"not_picked":["Perfected Strike+1","Rage+1","Ball Lightning+1","Brutality+1"],"picked":"Singing Bowl","floor":30},{"not_picked":["Bludgeon+1","Secret Technique+1","Vault+1","Alpha+1"],"picked":"Singing Bowl","floor":33},{"not_picked":["Crescendo+1","Protect+1","Burning Pact+1","Streamline+1"],"picked":"Singing Bowl","floor":34},{"not_picked":["Hologram+1","Perfected Strike+1","Outmaneuver+1","Warcry+1"],"picked":"Singing Bowl","floor":35},{"not_picked":["Outmaneuver+1","Flame Barrier+1","Underhanded Strike+1","Prostrate+1"],"picked":"Singing Bowl","floor":35},{"not_picked":["Disarm+1","Prepared+1","Recycle+1","Barrage+1"],"picked":"Singing Bowl","floor":36},{"not_picked":["Rebound+1","Evaluate+1","Warcry+1","Cold Snap+1"],"picked":"Singing Bowl","floor":36},{"not_picked":["Dark Shackles+1","Endless Agony+1","BowlingBash+1","Underhanded Strike+1"],"picked":"Singing Bowl","floor":37},{"not_picked":["Perseverance+1","Lockon+1","Sword Boomerang+1","Evolve+1"],"picked":"Singing Bowl","floor":37},{"not_picked":["Dramatic Entrance+1","Accuracy+1","Turbo+1","Deflect+1"],"picked":"Singing Bowl","floor":39},{"not_picked":["ReachHeaven+1","Sucker Punch+1","Envenom+1","PiercingWail+1"],"picked":"Singing Bowl","floor":39},{"not_picked":["Wild Strike+1","Anger+1","Reinforced Body+1","Gash+1"],"picked":"Singing Bowl","floor":41},{"not_picked":["Sucker Punch+1","Deflect+1","Deadly Poison+1","InnerPeace+1"],"picked":"Singing Bowl","floor":42},{"not_picked":["Distraction+1","Discovery+1","Armaments+1","Finisher+1"],"picked":"Singing Bowl","floor":42},{"not_picked":["Havoc+1","Crescendo+1"],"picked":"Singing Bowl","floor":45},{"not_picked":["Vault+1","Shrug It Off+1"],"picked":"Singing Bowl","floor":47},{"not_picked":["Slice+1","Quick Slash+1"],"picked":"Singing Bowl","floor":48},{"not_picked":["EmptyBody+1","Blade Dance+1"],"picked":"Singing Bowl","floor":55}],"player_experience":593192,"relics_obtained":[{"floor":6.0,"key":"Circlet"},{"floor":8.0,"key":"Circlet"},{"floor":9.0,"key":"Circlet"},{"floor":9.0,"key":"Circlet"},{"floor":10.0,"key":"MaYiHuaBei"},{"floor":12.0,"key":"Circlet"},{"floor":15.0,"key":"Circlet"},{"floor":20.0,"key":"Circlet"},{"floor":23.0,"key":"Circlet"},{"floor":23.0,"key":"Circlet"},{"floor":24.0,"key":"Circlet"},{"floor":25.0,"key":"Circlet"},{"floor":25.0,"key":"Circlet"},{"floor":26.0,"key":"Circlet"},{"floor":27.0,"key":"Circlet"},{"floor":27.0,"key":"Circlet"},{"floor":29,"key":"Circlet"},{"floor":32,"key":"Circlet"},{"floor":38,"key":"Circlet"},{"floor":40,"key":"Circlet"},{"floor":41,"key":"Circlet"},{"floor":41,"key":"Chaos"},{"floor":43,"key":"Sozu"},{"floor":44,"key":"Busted Crown"},{"floor":45,"key":"HolyWater"},{"floor":45,"key":"NineLifeCat"},{"floor":47,"key":"Circlet"},{"floor":47,"key":"Circlet"},{"floor":48,"key":"Circlet"},{"floor":48,"key":"Circlet"},{"floor":49,"key":"Circlet"},{"floor":53,"key":"Circlet"},{"floor":55,"key":"Circlet"},{"floor":55,"key":"Circlet"}],"event_choices":[{"damage_healed":0.0,"max_hp_gain":0.0,"max_hp_loss":0.0,"gold_gain":0.0,"event_name":"The Cleric","player_choice":"Leave","floor":3.0,"gold_loss":0.0,"damage_taken":0.0},{"damage_healed":0.0,"max_hp_gain":0.0,"max_hp_loss":0.0,"gold_gain":0.0,"event_name":"Liars Game","player_choice":"Ignored","floor":14.0,"gold_loss":0.0,"damage_taken":0.0},{"damage_healed":0,"gold_gain":0,"player_choice":"Ignored","damage_taken":0,"max_hp_gain":0,"max_hp_loss":0,"event_name":"Cursed Tome","floor":28,"gold_loss":0}],"is_beta":true,"boss_relics":[{"not_picked":["Cursed Key","Pandora\u0027s Box"],"picked":"Black Star"},{"not_picked":[]},{"not_picked":["Runic Dome","Velvet Choker"],"picked":"Tiny House"},{"not_picked":[]}],"items_purged_floors":[0,0,0,0,0,0,0,0,0,0,0],"is_endless":false,"potions_floor_spawned":[1,2,6,7,8,10,12,13,16,18,19,22,30,33,35,36,37,39,42,45,47,55],"ascension_level":20}}