{"host":"uyrebrj0204enqpc","time":1609687185,"event":{"mods":["Act Like it!","Bard","BaseMod","Block Reminder","Challenge The Spire","Colored Map","Colored Powertips","DeckTracker","Downfall","GifTheSpireLib","HexUI Lib","Highlight Path","Hubris","Infinite Spire","Minty Spire (QoL Compilation)","Pale of the Ancients","Quick Restart","Random Character Button","Relic Sorter","Relic Stats","Replay The Spire","Shop Mod","StSLib","The Blue Laboratory","The Bug Knight","The Cursed","The Jungle","The Marked","Wandering Minibosses"],"gold_per_floor":[111,111,131,131,142,142,142,175,224,240,271,283,283,293,293,390,390,371,42,92,103,153,185,85,114,114,129,129,140,140,140,140],"floor_reached":30,"playtime":2244,"items_purged":["Guardian:Defend_Guardian","Bite"],"score":319,"play_id":"b746b90f-dde6-45c4-b0f2-668a5317a9a7","local_time":"20210103101945","is_ascension_mode":true,"campfire_choices":[{"data":"Guardian:PrismaticBarrier","floor":6.0,"key":"SMITH"},{"data":"Guardian:CrystalBeam","floor":13.0,"key":"SMITH"},{"data":"Guardian:CurlUp","floor":28,"key":"SMITH"}],"circlet_count":0,"master_deck":["Guardian:Defend_Guardian","Guardian:Defend_Guardian","Guardian:Defend_Guardian","Guardian:CurlUp+1","Guardian:TwinSlam","Guardian:PrismaticBarrier+1","Guardian:CrystalBeam+1","Guardian:Gem_Lightblue","Guardian:Gem_Green","Guardian:Gem_Red","Bite","Bite","Bite","Bite","Guardian:Gem_Red","Guardian:PrismaticBarrier+1"],"relics":["Guardian:ModeShifter","SsserpentHead","Replay:Baseball","Blood Vial","infinitespire:WardingShard","SlaversCollar","Shuriken","hubris:Zylophone","Tiny Chest"],"acts_visited":["Exordium","TheCity"],"potions_floor_usage":[16,23,23,30,30],"damage_taken":[{"damage":0.0,"enemies":"2 Louse","floor":1.0,"turns":3.0},{"damage":0.0,"enemies":"Cultist","floor":3.0,"turns":4.0},{"damage":0.0,"enemies":"Jaw Worm","floor":5.0,"turns":4.0},{"damage":21.0,"enemies":"3 Sentries","floor":8.0,"turns":8.0},{"damage":3.0,"enemies":"Gremlin Gang","floor":10.0,"turns":5.0},{"damage":15.0,"enemies":"Gremlin Nob","floor":11.0,"turns":5.0},{"damage":8.0,"enemies":"Blue Slaver","floor":12.0,"turns":6.0},{"damage":7.0,"enemies":"3 Louse","floor":14.0,"turns":4.0},{"damage":34,"enemies":"Slime Boss","floor":16,"turns":17},{"damage":14,"enemies":"2 Thieves","floor":18,"turns":5},{"damage":10,"enemies":"Spheric Guardian","floor":21,"turns":4},{"damage":25,"enemies":"Book of Stabbing","floor":23,"turns":7},{"damage":37,"enemies":"Replay:Snechameleon","floor":25,"turns":9},{"damage":13,"enemies":"Shelled Parasite and Fungi","floor":27,"turns":7},{"damage":21,"enemies":"Snake Plant","floor":29,"turns":4},{"damage":37,"enemies":"Gremlin Leader","floor":30,"turns":5}],"seed_played":"-5013532554295485539","potions_obtained":[{"floor":1.0,"key":"Explosive Potion"},{"floor":10.0,"key":"infinitespire:BlackPotion"},{"floor":12.0,"key":"blueLaboratory:BottledHope"},{"floor":16,"key":"GamblersBrew"},{"floor":18,"key":"Block Potion"},{"floor":27,"key":"hexamod:EctoCoolerPotion"},{"floor":29,"key":"Adrenaline Potion"}],"is_trial":false,"path_per_floor":["M","?","M","?","M","R","?","E","T","M","E","M","R","M","R_BF","B",null,"M","$","?","M","?","E","$","E","T","M","R","M","E"],"character_chosen":"GUARDIAN","items_purchased":["Shuriken","Guardian:Gem_Lightblue"],"campfire_rested":0,"item_purchase_floors":[19,24],"current_hp_per_floor":[88,88,88,80,80,80,80,59,59,58,45,39,39,34,34,2,88,74,74,74,66,61,52,52,33,33,34,34,21,0,0,0],"gold":140,"neow_bonus":"TEN_PERCENT_HP_BONUS","is_daily":false,"chose_seed":false,"campfire_upgraded":3,"win_rate":0.0,"timestamp":1609687185,"path_taken":["M","?","?","?","?","R","?","E","T","M","E","M","R","M","R_BF","BOSS","M","$","?","M","?","E","?","E","T","M","R","M","E"],"items_purchased_type":["Relic","Card"],"build_version":"2020-12-22","purchased_purges":2,"victory":false,"max_hp_per_floor":[88,88,88,88,88,88,88,88,88,88,88,88,88,88,88,88,88,88,88,88,88,61,61,61,61,61,61,61,61,61,61,61],"relic_stats":{"Blood Vial":20,"SsserpentHead":150,"counters":[16,97],"Shuriken":[10],"Tiny Chest":0,"obtain_stats":[{"Blood Vial":9,"hubris:Zylophone":23,"SsserpentHead":7,"SlaversCollar":17,"Replay:Baseball":8,"infinitespire:WardingShard":11,"Shuriken":19,"Guardian:ModeShifter":0,"Tiny Chest":25},{"Blood Vial":4,"hubris:Zylophone":12,"SsserpentHead":3,"SlaversCollar":9,"Replay:Baseball":4,"infinitespire:WardingShard":6,"Shuriken":10,"Guardian:ModeShifter":0,"Tiny Chest":13},{"Blood Vial":19,"hubris:Zylophone":72,"SsserpentHead":11,"SlaversCollar":56,"Replay:Baseball":19,"infinitespire:WardingShard":29,"Shuriken":61,"Guardian:ModeShifter":0,"Tiny Chest":81}]},"card_choices":[{"not_picked":["Guardian:Harden","Guardian:Suspension"],"picked":"Guardian:PrismaticBarrier","floor":1.0},{"not_picked":["Guardian:Reroute","Guardian:ShieldCharger"],"picked":"Guardian:CrystalBeam","floor":3.0},{"not_picked":["Guardian:PolyBeam","Guardian:BronzeOrb","Guardian:RollAttack"],"picked":"SKIP","floor":5.0},{"not_picked":["Guardian:PolyBeam","Guardian:TemporalStrike","Guardian:Recover"],"picked":"SKIP","floor":8.0},{"not_picked":["Guardian:Suspension","Guardian:CrystalBeam","Guardian:Incinerate"],"picked":"SKIP","floor":10.0},{"not_picked":["Guardian:Recover","Guardian:Clone"],"picked":"Guardian:Gem_Synthetic","floor":11.0},{"not_picked":["Guardian:FloatingOrbs","Guardian:DonusPower","Guardian:TimeBomb"],"picked":"SKIP","floor":12.0},{"not_picked":["Guardian:Reroute","Guardian:Suspension"],"picked":"Guardian:Gem_Lightblue","floor":14.0},{"not_picked":["Guardian:ShieldCharger","Guardian:RefractedBeam"],"picked":"Guardian:Gem_Green","floor":18},{"not_picked":["Guardian:Suspension","Guardian:RollAttack"],"picked":"Guardian:Gem_Red","floor":21},{"not_picked":["Guardian:TemporalStrike+1","Guardian:RollAttack"],"picked":"Guardian:Gem_Red","floor":23},{"not_picked":["Guardian:TimeCapacitor","Guardian:BronzeOrb","Guardian:Suspension+1"],"picked":"SKIP","floor":25},{"not_picked":["Guardian:Clone+1","Guardian:Reroute"],"picked":"Guardian:Gem_Lightblue","floor":27},{"not_picked":["Guardian:Gem_Red","Guardian:CrystalBeam"],"picked":"Guardian:PrismaticBarrier+1","floor":29}],"player_experience":1028625,"relics_obtained":[{"floor":8.0,"key":"Replay:Baseball"},{"floor":9.0,"key":"Blood Vial"},{"floor":11.0,"key":"infinitespire:WardingShard"},{"floor":23,"key":"hubris:Zylophone"},{"floor":25,"key":"Tiny Chest"}],"event_choices":[{"damage_healed":0.0,"max_hp_gain":0.0,"max_hp_loss":0.0,"gold_gain":0.0,"event_name":"Wheel of Change","player_choice":"Damaged","floor":4.0,"gold_loss":0.0,"damage_taken":8.0},{"damage_healed":0.0,"max_hp_gain":0.0,"max_hp_loss":0.0,"gold_gain":0.0,"event_name":"FaceTrader","player_choice":"Trade","floor":7.0,"gold_loss":0.0,"damage_taken":0.0,"relics_obtained":["SsserpentHead"]},{"damage_healed":0,"gold_gain":0,"player_choice":"Became a vampire","damage_taken":0,"max_hp_gain":0,"max_hp_loss":27,"event_name":"Vampires","floor":22,"gold_loss":0,"cards_obtained":["Bite","Bite","Bite","Bite","Bite"]}],"is_beta":false,"boss_relics":[{"not_picked":["ChewingGum","Busted Crown"],"picked":"SlaversCollar"}],"items_purged_floors":[19,24],"is_endless":false,"potions_floor_spawned":[1,10,12,16,18,27,29],"killed_by":"Gremlin Leader","ascension_level":1}}