{"host":"56ghxnzsglgdq727","time":1609679998,"event":{"mods":["AchievementEnabler","BaseMod","Downfall","Minty Spire (QoL Compilation)","StSLib"],"gold_per_floor":[99,111,111,21,21,32,32,32,32,132,462,562,562,580,591,591,591],"floor_reached":16,"playtime":443,"items_purged":["sneckomod:Strike"],"score":103,"play_id":"21e90c0a-f598-42a1-95cd-31cef0908a9f","local_time":"20210103081958","is_ascension_mode":true,"campfire_choices":[{"data":"sneckomod:Cheat","floor":1,"key":"SMITH"},{"floor":13,"key":"REST"}],"circlet_count":0,"master_deck":["sneckomod:Strike","sneckomod:Strike","sneckomod:Defend","sneckomod:Defend","sneckomod:Defend","sneckomod:TailWhip","sneckomod:SnekBite","sneckomod:Unknown","sneckomod:Unknown","sneckomod:Cheat+1","sneckomod:DiceCrush","sneckomod:PureSnecko","sneckomod:DiceBlock","sneckomod:UnknownColorless","sneckomod:UnknownClassHEXA_GHOST_PURPLE"],"relics":["sneckomod:SneckoSoul","TungstenRod","Old Coin"],"acts_visited":["Exordium"],"potions_floor_usage":[11,16,16,16],"damage_taken":[{"damage":0,"enemies":"Small Slimes","floor":2,"turns":3},{"damage":0,"enemies":"downfall:FleeingMerchant","floor":4,"turns":4},{"damage":13,"enemies":"Jaw Worm","floor":6,"turns":4},{"damage":0,"enemies":"Cultist","floor":9,"turns":1},{"damage":23,"enemies":"Gremlin Nob","floor":11,"turns":4},{"damage":20,"enemies":"Blue Slaver","floor":14,"turns":4},{"damage":0,"enemies":"3 Louse","floor":15,"turns":1},{"damage":44,"enemies":"downfall:Defect","floor":16,"turns":5}],"seed_played":"4351845664019559820","potions_obtained":[{"floor":2,"key":"SpeedPotion"},{"floor":6,"key":"ColorlessPotion"},{"floor":11,"key":"Guardian:BlockOnCardUsePotion"},{"floor":15,"key":"SpeedPotion"}],"is_trial":false,"path_per_floor":["R","M","?","$","?","M","T","?","M","?","E","?","R","M","M","B"],"character_chosen":"THE_SNECKO","items_purchased":[],"campfire_rested":1,"item_purchase_floors":[],"current_hp_per_floor":[63,63,63,63,63,50,50,55,55,55,33,33,61,41,42,0,0],"gold":591,"neow_bonus":"THREE_RARE_CARDS","is_daily":false,"chose_seed":false,"campfire_upgraded":1,"win_rate":0.0,"timestamp":1609679998,"path_taken":["R","M","?","$","?","M","T","?","M","?","E","?","R","?","M","BOSS"],"items_purchased_type":[],"build_version":"2020-12-22","purchased_purges":1,"victory":false,"max_hp_per_floor":[90,90,90,90,90,90,90,95,95,95,96,96,96,96,97,97,97],"card_choices":[{"not_picked":["sneckomod:UnknownRarePower","sneckomod:UnknownColorless"],"picked":"sneckomod:Cheat","floor":0},{"not_picked":["sneckomod:UnknownWeak","sneckomod:SoulCleanse","sneckomod:Unknown2Cost"],"picked":"SKIP","floor":2},{"not_picked":["sneckomod:UnknownCommonSkill","sneckomod:DiceBlock"],"picked":"sneckomod:DiceCrush","floor":4},{"not_picked":["sneckomod:SerpentIdol","sneckomod:UnknownWeak"],"picked":"sneckomod:PureSnecko","floor":6},{"not_picked":["sneckomod:UnknownStrike","sneckomod:UnknownCommonSkill"],"picked":"sneckomod:DiceBlock","floor":9},{"not_picked":["sneckomod:UnknownStrike","sneckomod:UnknownVulnerable"],"picked":"sneckomod:UnknownColorless","floor":11},{"not_picked":["sneckomod:Nope","sneckomod:UnknownCommonSkill","sneckomod:QuickMove"],"picked":"SKIP","floor":14},{"not_picked":["sneckomod:DiceBlock","sneckomod:DefensiveFlair"],"picked":"sneckomod:UnknownClassHEXA_GHOST_PURPLE","floor":15}],"player_experience":111717,"relics_obtained":[{"floor":7,"key":"TungstenRod"},{"floor":11,"key":"Old Coin"}],"event_choices":[{"damage_healed":0,"gold_gain":0,"player_choice":"Donut","damage_taken":0,"max_hp_gain":5,"max_hp_loss":0,"event_name":"Big Fish","floor":8,"gold_loss":0}],"is_beta":false,"boss_relics":[],"items_purged_floors":[4],"is_endless":false,"potions_floor_spawned":[2,6,11,15],"killed_by":"downfall:Defect","ascension_level":1}}