{"host":"1cd1aqaox6jesai3","time":1609669505,"event":{"mods":["Act Like it!","Astrologer","Bartender","BaseMod","Colored Powertips","Downfall","Hallownest","Mimic Mod","Minty Spire (QoL Compilation)","StSLib","The Bug Knight","The Construct","The Factory"],"gold_per_floor":[111,111,128,141,151,176,176,186,265,265,290,20,354,354,354,456,456,466,484,484,409,409,409,409],"floor_reached":23,"playtime":1155,"items_purged":["construct:Strike_Gold"],"score":199,"play_id":"f809636e-c55a-47e4-99a5-bc0c09a890a4","local_time":"20210103052505","is_ascension_mode":false,"campfire_choices":[{"data":"construct:ForceCore","floor":7,"key":"SMITH"},{"data":"construct:ForceCore+1","floor":10,"key":"SMITH"},{"data":"construct:LaserCore","floor":15,"key":"SMITH"}],"circlet_count":0,"master_deck":["construct:Strike_Gold","construct:Strike_Gold","construct:Strike_Gold","construct:Strike_Gold","construct:Defend_Gold","construct:Defend_Gold","construct:Defend_Gold","construct:Defend_Gold","construct:AttackMode","construct:DefenseMode","construct:GatlingGun","construct:CreateCores","construct:ChargeShot","construct:ForceCore+2","construct:Agitation","construct:Autoturret","construct:LaserCore+1","construct:Analyze","construct:CreateCores"],"relics":["construct:ClockworkPhoenix","Potion Belt","Pear","Ancient Tea Set","Chemical X","Old Coin","Runic Dome","HollowMod:PaleOreRelic"],"acts_visited":["Exordium","TheCity"],"potions_floor_usage":[6,6,13,16,16,23],"damage_taken":[{"damage":16,"enemies":"Jaw Worm","floor":1,"turns":4},{"damage":0,"enemies":"Cultist","floor":3,"turns":3},{"damage":8,"enemies":"Small Slimes","floor":4,"turns":5},{"damage":17,"enemies":"3 Louse","floor":5,"turns":3},{"damage":34,"enemies":"3 Sentries","floor":6,"turns":7},{"damage":10,"enemies":"Looter","floor":8,"turns":3},{"damage":6,"enemies":"Gremlin Nob","floor":13,"turns":4},{"damage":15,"enemies":"Slime Boss","floor":16,"turns":5},{"damage":45,"enemies":"2 Thieves","floor":18,"turns":4},{"damage":10,"enemies":"3 Byrds","floor":19,"turns":3},{"damage":47,"enemies":"Slavers","floor":23,"turns":2}],"seed_played":"511460341000470876","potions_obtained":[{"floor":1,"key":"SkillPotion"},{"floor":5,"key":"Regen Potion"},{"floor":6,"key":"SteroidPotion"},{"floor":8,"key":"Block Potion"},{"floor":13,"key":"Strength Potion"},{"floor":18,"key":"Strength Potion"},{"floor":19,"key":"SteroidPotion"}],"is_trial":false,"path_per_floor":["M","?","M","M","M","E","R","M","T","R","T","$","E","?","R","B",null,"M","M","?","?","?","E"],"character_chosen":"THE_CONSTRUCT_MOD","items_purchased":["Chemical X","construct:Autoturret"],"campfire_rested":0,"item_purchase_floors":[12,12],"current_hp_per_floor":[69,69,69,61,44,25,25,15,25,25,25,25,19,19,19,4,95,50,40,40,40,40,0,0],"gold":409,"neow_bonus":"ONE_RANDOM_RARE_CARD","is_daily":false,"chose_seed":false,"campfire_upgraded":3,"win_rate":0.0,"timestamp":1609669505,"path_taken":["M","?","M","?","?","E","R","M","T","R","?","$","E","?","R","BOSS","M","M","?","?","?","E"],"items_purchased_type":["Relic","Card"],"build_version":"2020-12-22","purchased_purges":1,"victory":false,"max_hp_per_floor":[85,85,85,85,85,85,85,85,95,95,95,95,95,95,95,95,95,95,95,95,95,95,95,95],"card_choices":[{"not_picked":["construct:UnbalancingBlast","construct:Isolate","construct:ModeShift"],"picked":"SKIP","floor":1},{"not_picked":["construct:FlammableFog","construct:SyphonStrike","construct:Missile"],"picked":"SKIP","floor":3},{"not_picked":["construct:PowerUp","construct:ScrapCannon"],"picked":"construct:CreateCores","floor":4},{"not_picked":["construct:SuppressiveFire","construct:ScrapCannon"],"picked":"construct:ChargeShot","floor":5},{"not_picked":["construct:SyphonStrike","construct:ReactiveShield"],"picked":"construct:ForceCore","floor":6},{"not_picked":["construct:Boost","construct:ElectricArmor"],"picked":"construct:Agitation","floor":8},{"not_picked":["construct:QuickAttack","construct:FlammableFog"],"picked":"construct:LaserCore","floor":13},{"not_picked":["construct:Synchronize","construct:ScrapCannon"],"picked":"construct:Analyze","floor":18},{"not_picked":["construct:Accumulate+1","construct:Versatility","construct:Anticipate"],"picked":"SKIP","floor":19}],"player_experience":150108,"relics_obtained":[{"floor":6,"key":"Potion Belt"},{"floor":9,"key":"Pear"},{"floor":11,"key":"Ancient Tea Set"},{"floor":13,"key":"Old Coin"}],"event_choices":[{"damage_healed":0,"gold_gain":0,"player_choice":"Bought 0 Potions","damage_taken":0,"max_hp_gain":0,"max_hp_loss":0,"event_name":"The Woman in Blue","floor":2,"gold_loss":0},{"damage_healed":0,"gold_gain":0,"player_choice":"Ignored","damage_taken":0,"max_hp_gain":0,"max_hp_loss":0,"event_name":"Liars Game","floor":14,"gold_loss":0},{"damage_healed":0,"gold_gain":0,"player_choice":"Opened","damage_taken":0,"relics_obtained":["HollowMod:PaleOreRelic"],"max_hp_gain":0,"max_hp_loss":0,"event_name":"The Mausoleum","floor":20,"gold_loss":0},{"cards_removed":["construct:Defend_Gold"],"damage_healed":0,"gold_gain":0,"player_choice":"Gave Gold","damage_taken":0,"max_hp_gain":0,"max_hp_loss":0,"event_name":"Beggar","floor":21,"gold_loss":75},{"damage_healed":0,"gold_gain":0,"player_choice":"Read","damage_taken":0,"max_hp_gain":0,"max_hp_loss":0,"event_name":"The Library","floor":22,"gold_loss":0,"cards_obtained":["construct:CreateCores"]}],"is_beta":false,"boss_relics":[{"not_picked":["Silver_Glasses","Tiny House"],"picked":"Runic Dome"}],"items_purged_floors":[12],"is_endless":false,"potions_floor_spawned":[1,5,6,8,13,18,19],"killed_by":"Slavers","ascension_level":0}}