{"host":"x5anfo2w8aotfuta","time":1609714810,"event":{"mods":["AchievementEnabler","BaseMod","Bestiary","Block Reminder","Colored Map","Colored Powertips","DeckTracker","Highlight Path","Minty Spire (QoL Compilation)","Quick Restart","Rare Cards Sparkle","Relic Stats","StSLib"],"gold_per_floor":[115,127,141,141,141,141,170,170,193,211,211,236,236,236,236],"floor_reached":14,"playtime":835,"items_purged":[],"score":147,"play_id":"de355bdc-4bf7-4f32-8927-5f41591aa74f","local_time":"20210103150010","is_ascension_mode":true,"campfire_choices":[{"data":"Neutralize","floor":6,"key":"SMITH"},{"floor":8,"key":"REST"},{"data":"Bouncing Flask","floor":11,"key":"SMITH"}],"circlet_count":0,"master_deck":["AscendersBane","Strike_G","Strike_G","Strike_G","Strike_G","Defend_G","Defend_G","Defend_G","Defend_G","Defend_G","Survivor","Neutralize+1","CurseOfTheBell","Underhanded Strike","PiercingWail","Bouncing Flask+1","Caltrops","Poisoned Stab","Footwork"],"relics":["Calling Bell","Bag of Marbles","Gremlin Horn","The Specimen","Orichalcum","Akabeko","Bottled Lightning","Bottled Tornado"],"acts_visited":["Exordium"],"potions_floor_usage":[7,12],"damage_taken":[{"damage":1,"enemies":"2 Louse","floor":1,"turns":3},{"damage":0,"enemies":"Jaw Worm","floor":2,"turns":4},{"damage":0,"enemies":"Small Slimes","floor":3,"turns":5},{"damage":42,"enemies":"Gremlin Nob","floor":7,"turns":6},{"damage":0,"enemies":"2 Fungi Beasts","floor":10,"turns":2},{"damage":5,"enemies":"3 Sentries","floor":12,"turns":4},{"damage":31,"enemies":"Gremlin Nob","floor":14,"turns":5}],"seed_played":"2168518247023941471","potions_obtained":[{"floor":2,"key":"Dexterity Potion"},{"floor":10,"key":"SneckoOil"}],"is_trial":false,"path_per_floor":["M","M","M","?","?","R","E","R","T","M","R","E","T","E"],"character_chosen":"THE_SILENT","items_purchased":[],"campfire_rested":1,"item_purchase_floors":[],"current_hp_per_floor":[62,62,62,62,55,55,13,34,34,34,34,29,29,0,0],"gold":236,"neow_bonus":"BOSS_RELIC","is_daily":false,"chose_seed":false,"campfire_upgraded":2,"win_rate":0.0,"timestamp":1609714810,"path_taken":["M","M","M","?","?","R","E","R","T","M","R","E","?","E"],"items_purchased_type":[],"build_version":"2020-12-22","purchased_purges":0,"victory":false,"max_hp_per_floor":[70,70,70,70,70,70,70,70,70,70,70,70,70,70,70],"relic_stats":{"Gremlin Horn":[4,4],"counters":[7,29],"Orichalcum":[48],"obtain_stats":[{"Calling Bell":0,"Gremlin Horn":0,"The Specimen":0,"Bag of Marbles":0,"Bottled Lightning":12,"Orichalcum":7,"Bottled Tornado":13,"Akabeko":9,"Ring of the Snake":0},{"Calling Bell":0,"Gremlin Horn":0,"The Specimen":0,"Bag of Marbles":0,"Bottled Lightning":6,"Orichalcum":4,"Bottled Tornado":6,"Akabeko":4,"Ring of the Snake":0},{"Calling Bell":0,"Gremlin Horn":0,"The Specimen":0,"Bag of Marbles":0,"Bottled Lightning":24,"Orichalcum":18,"Bottled Tornado":24,"Akabeko":18,"Ring of the Snake":0}]},"card_choices":[{"not_picked":["Outmaneuver","Calculated Gamble"],"picked":"Underhanded Strike","floor":1},{"not_picked":["Deadly Poison","Deflect"],"picked":"PiercingWail","floor":2},{"not_picked":["Caltrops","Bane"],"picked":"Bouncing Flask","floor":3},{"not_picked":["Acrobatics","Deadly Poison"],"picked":"Caltrops","floor":7},{"not_picked":["Sucker Punch","Backflip"],"picked":"Poisoned Stab","floor":10},{"not_picked":["Choke","Night Terror"],"picked":"Footwork","floor":12}],"player_experience":431690,"relics_obtained":[{"floor":0,"key":"Bag of Marbles"},{"floor":0,"key":"Gremlin Horn"},{"floor":0,"key":"The Specimen"},{"floor":7,"key":"Orichalcum"},{"floor":9,"key":"Akabeko"},{"floor":12,"key":"Bottled Lightning"},{"floor":13,"key":"Bottled Tornado"}],"event_choices":[{"damage_healed":0,"gold_gain":0,"player_choice":"Ignored","damage_taken":0,"max_hp_gain":0,"max_hp_loss":0,"event_name":"Liars Game","floor":4,"gold_loss":0},{"cards_removed":["Strike_G"],"damage_healed":0,"gold_gain":0,"player_choice":"Card Removal","damage_taken":7,"max_hp_gain":0,"max_hp_loss":0,"event_name":"Golden Wing","floor":5,"gold_loss":0}],"is_beta":false,"boss_relics":[],"items_purged_floors":[],"is_endless":false,"potions_floor_spawned":[2,10],"killed_by":"Gremlin Nob","ascension_level":10}}