{"host":"dth8fvkfiulu86fi","time":1609673933,"event":{"mods":["2.2 Compatiblity","AchievementEnabler","BaseMod","Better Third Choice","Colored Map","Colored Powertips","Minty Spire (QoL Compilation)","Rare Cards Sparkle","StSLib","SuperFastMode","Synergy Search"],"gold_per_floor":[114,129,79,354,204,234,249,264,264,279,294,369,35,50,50,150,150,165,165,180,30,30,60,75,105,130,130,9,9,24,39,39,39,39],"floor_reached":33,"playtime":1371,"items_purged":[],"score":539,"play_id":"577fdf84-1f24-4022-a34d-e8e272a7af19","local_time":"20210103123853","daily_mods":["Allstar","Hoarder","Terminal"],"is_ascension_mode":false,"campfire_choices":[{"data":"Good Instincts","floor":15.0,"key":"SMITH"},{"floor":32.0,"key":"REST"}],"circlet_count":0,"master_deck":["Strike_R","Strike_R","Strike_R","Strike_R","Strike_R","Defend_R","Defend_R","Defend_R","Defend_R","Bash","Thinking Ahead","Thinking Ahead","Thinking Ahead","The Bomb","The Bomb","The Bomb","PanicButton","PanicButton","Secret Weapon","Secret Weapon","Secret Weapon","Good Instincts","Good Instincts","Good Instincts","Twin Strike","Twin Strike","Twin Strike","Anger","Anger","Anger","Regret","Regret","Regret","Anger","Anger","Anger","Flex","Flex","Flex","Twin Strike","Twin Strike","Twin Strike","Good Instincts+1","Good Instincts","Good Instincts","Writhe","Writhe","Writhe","Anger+1","Anger+1","Anger+1","Shrug It Off","Shrug It Off","Shrug It Off","Seeing Red","Seeing Red","Seeing Red","Flex","Flex","Flex","Flex+1","Flex+1","Flex+1"],"relics":["Burning Blood","DollysMirror","Thread and Needle","Anchor","Pear","Busted Crown","Kunai","Membership Card","Omamori","Mercury Hourglass","Strawberry","Regal Pillow"],"acts_visited":["Exordium","TheCity"],"potions_floor_usage":[],"damage_taken":[{"damage":12.0,"enemies":"Small Slimes","floor":1.0,"turns":6.0},{"damage":0.0,"enemies":"2 Louse","floor":2.0,"turns":3.0},{"damage":22.0,"enemies":"3 Sentries","floor":6.0,"turns":4.0},{"damage":2.0,"enemies":"Cultist","floor":7.0,"turns":2.0},{"damage":3.0,"enemies":"Gremlin Gang","floor":8.0,"turns":4.0},{"damage":4.0,"enemies":"2 Fungi Beasts","floor":10.0,"turns":3.0},{"damage":0.0,"enemies":"Exordium Wildlife","floor":11.0,"turns":3.0},{"damage":0.0,"enemies":"3 Louse","floor":14.0,"turns":2.0},{"damage":6.0,"enemies":"Hexaghost","floor":16.0,"turns":9.0},{"damage":1.0,"enemies":"3 Byrds","floor":18.0,"turns":4.0},{"damage":0.0,"enemies":"Spheric Guardian","floor":20.0,"turns":3.0},{"damage":12.0,"enemies":"Slavers","floor":23.0,"turns":5.0},{"damage":14.0,"enemies":"Shelled Parasite and Fungi","floor":24.0,"turns":4.0},{"damage":52.0,"enemies":"Gremlin Leader","floor":25.0,"turns":5.0},{"damage":5.0,"enemies":"3 Cultists","floor":30.0,"turns":4.0},{"damage":16.0,"enemies":"Snecko","floor":31.0,"turns":5.0},{"damage":63,"enemies":"Collector","floor":33,"turns":10}],"seed_played":"4251252283042701915","potions_obtained":[{"floor":1.0,"key":"GamblersBrew"},{"floor":6.0,"key":"DistilledChaos"},{"floor":7.0,"key":"SkillPotion"},{"floor":11.0,"key":"Explosive Potion"},{"floor":22.0,"key":"LiquidMemories"},{"floor":22.0,"key":"ElixirPotion"},{"floor":22.0,"key":"Block Potion"},{"floor":23.0,"key":"ColorlessPotion"},{"floor":25.0,"key":"Ancient Potion"},{"floor":30.0,"key":"Block Potion"}],"is_trial":false,"path_per_floor":["M","M","?","?","$","E","M","M","T","M","M","?","$","M","R","B",null,"M","?","M","$","?","E","M","E","T","?","$","?","M","M","R","B"],"character_chosen":"IRONCLAD","items_purchased":["DollysMirror","Pear","Good Instincts","Membership Card","Regal Pillow","Seeing Red","Flex"],"campfire_rested":1,"item_purchase_floors":[5,13,13,21,28,28,28],"current_hp_per_floor":[73,77,76,75,74,58,62,65,65,67,68,57,67,73,73,73,72,71,70,69,68,67,61,53,7,14,14,14,36,37,27,61,0,0],"gold":39,"neow_bonus":"","is_daily":true,"chose_seed":false,"campfire_upgraded":1,"win_rate":0.0,"timestamp":1609673933,"path_taken":["M","M","?","?","$","E","M","?","T","?","M","?","?","M","R","BOSS","M","?","M","$","?","E","?","E","T","?","$","?","M","M","R","BOSS"],"items_purchased_type":["Relic","Relic","Card","Relic","Relic","Card","Card"],"build_version":"2020-12-22","purchased_purges":0,"victory":false,"max_hp_per_floor":[78,77,76,75,74,73,72,71,70,69,68,67,76,75,74,73,72,71,70,69,68,67,66,65,64,70,69,68,67,66,65,64,64,64],"card_choices":[{"not_picked":["Hemokinesis","Iron Wave"],"picked":"Twin Strike","floor":1.0},{"not_picked":["Armaments","Perfected Strike"],"picked":"Anger","floor":2.0},{"not_picked":["Clothesline","Rage","Burning Pact"],"picked":"SKIP","floor":6.0},{"not_picked":["Clash","Perfected Strike","Warcry"],"picked":"SKIP","floor":7.0},{"not_picked":["Wild Strike","Cleave"],"picked":"Flex","floor":8.0},{"not_picked":["Flame Barrier","Pommel Strike"],"picked":"Twin Strike","floor":10.0},{"not_picked":["Havoc","Sever Soul","Whirlwind"],"picked":"SKIP","floor":11.0},{"not_picked":["Thunderclap","Flame Barrier","Cleave"],"picked":"SKIP","floor":14.0},{"not_picked":["Wild Strike"],"picked":"SKIP","floor":18.0},{"not_picked":["Metallicize+1"],"picked":"SKIP","floor":20.0},{"not_picked":[],"picked":"Anger+1","floor":23.0},{"not_picked":["True Grit+1"],"picked":"SKIP","floor":24.0},{"not_picked":[],"picked":"Shrug It Off","floor":25.0},{"not_picked":[],"picked":"Flex+1","floor":30.0},{"not_picked":["Bloodletting"],"picked":"SKIP","floor":31.0}],"player_experience":1126863,"relics_obtained":[{"floor":6.0,"key":"Thread and Needle"},{"floor":9.0,"key":"Anchor"},{"floor":23.0,"key":"Omamori"},{"floor":25.0,"key":"Mercury Hourglass"},{"floor":26.0,"key":"Strawberry"}],"event_choices":[{"cards_removed":["PanicButton"],"damage_healed":0.0,"max_hp_gain":0.0,"max_hp_loss":0.0,"gold_gain":0.0,"event_name":"The Cleric","player_choice":"Card Removal","floor":3.0,"gold_loss":50.0,"damage_taken":0.0},{"damage_healed":0.0,"max_hp_gain":0.0,"max_hp_loss":0.0,"gold_gain":275.0,"event_name":"Golden Shrine","player_choice":"Desecrate","floor":4.0,"gold_loss":0.0,"damage_taken":0.0,"cards_obtained":["Regret"]},{"damage_healed":0.0,"max_hp_gain":0.0,"max_hp_loss":0.0,"gold_gain":75.0,"event_name":"betterThird:BetterGoop","player_choice":"Gold","floor":12.0,"gold_loss":0.0,"damage_taken":11.0},{"damage_healed":0.0,"max_hp_gain":0.0,"max_hp_loss":0.0,"gold_gain":0.0,"event_name":"The Mausoleum","player_choice":"Opened","floor":19.0,"gold_loss":0.0,"damage_taken":0.0,"relics_obtained":["Kunai"],"cards_obtained":["Writhe"]},{"damage_healed":0.0,"max_hp_gain":0.0,"max_hp_loss":0.0,"gold_gain":0.0,"event_name":"Lab","player_choice":"Got Potions","floor":22.0,"gold_loss":0.0,"damage_taken":0.0},{"damage_healed":0.0,"max_hp_gain":0.0,"max_hp_loss":0.0,"gold_gain":0.0,"event_name":"Forgotten Altar","player_choice":"Smashed Altar","floor":27.0,"gold_loss":0.0,"damage_taken":0.0,"cards_obtained":["Decay"]},{"damage_healed":22.0,"max_hp_gain":0.0,"max_hp_loss":0.0,"gold_gain":0.0,"event_name":"The Library","player_choice":"Heal","floor":29.0,"gold_loss":0.0,"damage_taken":0.0}],"is_beta":false,"boss_relics":[{"not_picked":["Fusion Hammer","SacredBark"],"picked":"Busted Crown"}],"items_purged_floors":[],"is_endless":false,"potions_floor_spawned":[1,6,7,11,23,25,30],"killed_by":"Collector","ascension_level":0}}