{"host":"cr892wvdvh6p7gzy","time":1609718312,"event":{"mods":["A Magickal Journey","BaseMod","Downfall","GifTheSpireLib","Minty Spire (QoL Compilation)","READ ME - Guardian Mod","SOS???????","StSLib","The Bug Knight","The Dragon Tamer","The Necromancer","The Runesmith","The Servant 0.9.4","???Mod??????Boss"],"gold_per_floor":[99,118,130,130,81,101,101,119,119,131,131,131,183,198,209,209,209,209],"floor_reached":16,"playtime":1025,"items_purged":[],"score":94,"play_id":"5745f6ce-b9fd-4f98-814a-d4367f51d063","local_time":"20210104005832","is_ascension_mode":false,"campfire_choices":[{"data":"hexamod:Float","floor":1,"key":"SMITH"},{"data":"hexamod:BurningTouch","floor":9,"key":"SMITH"},{"floor":12,"key":"REST"}],"circlet_count":0,"master_deck":["hexamod:Strike","hexamod:Strike","hexamod:Strike","hexamod:Strike","hexamod:Defend","hexamod:Defend","hexamod:Defend","hexamod:Defend","hexamod:Sear","hexamod:Float+1","hexamod:Firestarter","hexamod:PhantomFireball","hexamod:BurningTouch+1","hexamod:SoulSteal"],"relics":["hexamod:SpiritBrand","Bag of Preparation","Omamori","Orichalcum"],"acts_visited":["Exordium"],"potions_floor_usage":[15,16],"damage_taken":[{"damage":2,"enemies":"Small Slimes","floor":2,"turns":3},{"damage":3,"enemies":"2 Louse","floor":3,"turns":3},{"damage":0,"enemies":"downfall:FleeingMerchant","floor":5,"turns":4},{"damage":1,"enemies":"Jaw Worm","floor":6,"turns":3},{"damage":14,"enemies":"Blue Slaver","floor":8,"turns":4},{"damage":3,"enemies":"2 Fungi Beasts","floor":10,"turns":4},{"damage":12,"enemies":"Exordium Thugs","floor":14,"turns":3},{"damage":0,"enemies":"Gremlin Gang","floor":15,"turns":1},{"damage":63,"enemies":"downfall:Defect","floor":16,"turns":6}],"seed_played":"-6761857257957232048","potions_obtained":[{"floor":6,"key":"Dexterity Potion"},{"floor":14,"key":"ColorlessPotion"}],"is_trial":false,"path_per_floor":["R","M","M","?","$","M","T","M","R","M","?","R","T","M","M","B"],"character_chosen":"THE_SPIRIT","items_purchased":["hexamod:PhantomFireball"],"campfire_rested":1,"item_purchase_floors":[5],"current_hp_per_floor":[77,75,72,72,72,71,71,57,57,54,47,70,70,58,58,0,0,0],"gold":209,"neow_bonus":"TEN_PERCENT_HP_BONUS","is_daily":false,"chose_seed":false,"campfire_upgraded":2,"win_rate":0.0,"timestamp":1609718312,"path_taken":["R","M","M","?","$","M","T","M","R","M","?","R","?","M","M","BOSS"],"items_purchased_type":["Card"],"build_version":"2020-12-22","purchased_purges":0,"victory":false,"max_hp_per_floor":[77,77,77,77,77,77,77,77,77,77,77,77,77,77,77,77,77,77],"card_choices":[{"not_picked":["hexamod:GhostShield","hexamod:ThermalTransfer","hexamod:BacktrackSmack"],"picked":"SKIP","floor":2},{"not_picked":["hexamod:SpectralAdrenaline","hexamod:RecurringNightmare"],"picked":"hexamod:Firestarter","floor":3},{"not_picked":["hexamod:ExtraCrispy","hexamod:ShieldOfDarkness","hexamod:NightmareGuise"],"picked":"SKIP","floor":5},{"not_picked":["hexamod:StepThrough","hexamod:InspiringFlames"],"picked":"hexamod:BurningTouch","floor":6},{"not_picked":["hexamod:ShieldOfDarkness","hexamod:FifthSeal","hexamod:SpectersWail"],"picked":"SKIP","floor":8},{"not_picked":["hexamod:SwordOfDarkness","hexamod:NecessarySacrifice"],"picked":"hexamod:SoulSteal","floor":10},{"not_picked":["hexamod:ThermalTransfer","hexamod:RadiantFlame","hexamod:AdvancingGuard"],"picked":"SKIP","floor":14},{"not_picked":["hexamod:GhostOfSpireFuture","hexamod:AdvancingGuard","hexamod:GhostShield"],"picked":"SKIP","floor":15}],"player_experience":445872,"relics_obtained":[{"floor":7,"key":"Bag of Preparation"},{"floor":13,"key":"Orichalcum"}],"event_choices":[{"damage_healed":0,"gold_gain":0,"player_choice":"Success","damage_taken":7,"relics_obtained":["Omamori"],"max_hp_gain":0,"max_hp_loss":0,"event_name":"Scrap Ooze","floor":11,"gold_loss":0}],"is_beta":false,"boss_relics":[],"items_purged_floors":[],"is_endless":false,"potions_floor_spawned":[6,14],"killed_by":"downfall:Defect","ascension_level":0}}