{"host":"aav8addp4mncoxty","time":1609674180,"event":{"mods":["Act Like it!","BaseMod","CapriCore","Hallownest","Hermit","Koishi","Lobotomy","Minty Spire (QoL Compilation)","Prisma Mod","Replay The Spire","StSLib","The Bug Knight","The Cursed","The Hierophant","The Immortal","The Jungle","The Poker Player","The Runesmith","WarShipGirlsR/??á´Ò³R mod"],"gold_per_floor":[114,128,303,316,328,328,355,42,42,42,58,78,78,78,78,174,174,192,192,192,192,192,192],"floor_reached":21,"playtime":3524,"items_purged":["Doubt"],"score":231,"play_id":"4bfc4e5d-4435-4d9a-a6cc-8e2c6c57b960","local_time":"20210103204300","is_ascension_mode":false,"campfire_choices":[{"data":"MokouMod:Sear","floor":6,"key":"SMITH"}],"circlet_count":0,"master_deck":["MokouMod:Strike","MokouMod:Strike","MokouMod:Strike","MokouMod:Strike","MokouMod:Strike","MokouMod:Defend","MokouMod:Defend","MokouMod:Defend","MokouMod:Defend","MokouMod:HeatSpark","MokouMod:UncontrollableSolarReaction","Porccubus","MokouMod:Ember","Scorched","MokouMod:Singe","BigBird","MokouMod:Sear+1","Bloodbath","MokouMod:Stoke+1","DespairKnight","MokouMod:HeatFactory","LaLuna","MokouMod:Refresh","BeautyBeast","MokouMod:ExplosiveFlame","LittlePrince","Shame","MokouMod:Rebirth"],"relics":["MokouMod:PhoenixFeather","CogitoBucket","Replay:Rubber Ducky","Iron Hammer","Chameleon Ring","BackwardClock","Runic Pyramid","theJungle:SneckoAutograph"],"acts_visited":["Exordium","Exordium"],"potions_floor_usage":[7,14,16,16,18],"damage_taken":[{"damage":1,"enemies":"Cultist","floor":1,"turns":3},{"damage":3,"enemies":"Jaw Worm","floor":2,"turns":3},{"damage":4,"enemies":"2 Louse","floor":4,"turns":3},{"damage":13,"enemies":"2 Fungi Beasts","floor":5,"turns":3},{"damage":35,"enemies":"Lagavulin","floor":7,"turns":4},{"damage":39,"enemies":"Lots of Slimes","floor":11,"turns":4},{"damage":33,"enemies":"Gremlin Gang","floor":12,"turns":3},{"damage":0,"enemies":"Large Slime","floor":14,"turns":1},{"damage":0,"enemies":"Slime Boss","floor":16,"turns":5},{"damage":0,"enemies":"theJungle:MUSHROOMGANG","floor":18,"turns":1},{"damage":76,"enemies":"theJungle:5_Spyders","floor":21,"turns":4}],"seed_played":"692364154487865675","potions_obtained":[{"floor":2,"key":"Reflective Coating"},{"floor":12,"key":"Reflective Coating"},{"floor":13,"key":"Adrenaline Potion"},{"floor":13,"key":"SmokeBomb"},{"floor":15,"key":"Toxic Potion"},{"floor":15,"key":"AttackPotion"}],"is_trial":false,"path_per_floor":["M","M","?","M","M","R","E","$","T","?","M","M","R","M","R","B",null,"M","?","?","M"],"character_chosen":"MKU","items_purchased":["Iron Hammer"],"campfire_rested":0,"item_purchase_floors":[8],"current_hp_per_floor":[74,71,71,67,54,54,20,20,20,20,3,18,18,18,18,20,75,75,75,75,0,0,0],"gold":192,"neow_bonus":"","is_daily":false,"chose_seed":false,"campfire_upgraded":1,"win_rate":0.0,"timestamp":1609674180,"path_taken":["M","?","?","M","M","R","E","$","T","?","?","M","R","M","R","BOSS","M","?","?","M"],"items_purchased_type":["Relic"],"build_version":"2020-12-22","purchased_purges":1,"victory":false,"max_hp_per_floor":[75,75,75,75,75,75,75,75,75,75,75,75,75,75,75,75,75,75,75,75,75,75,75],"card_choices":[{"not_picked":["MokouMod:TemporalFireSeal","MokouMod:BurningDraft"],"picked":"MokouMod:UncontrollableSolarReaction","floor":1},{"not_picked":["BigBadWolf","Scorched"],"picked":"Porccubus","floor":1},{"not_picked":["MokouMod:FlareStarter","MokouMod:Firecracker"],"picked":"MokouMod:Ember","floor":2},{"not_picked":["CherryBlossoms","QueenOfHatred"],"picked":"Scorched","floor":2},{"not_picked":["MokouMod:Overheat","MokouMod:GuidingSmoke"],"picked":"MokouMod:Singe","floor":4},{"not_picked":["CherryBlossoms","UniverseFragment"],"picked":"BigBird","floor":4},{"not_picked":["MokouMod:ProfanedFlare","MokouMod:FujiyamaVolcano"],"picked":"MokouMod:Sear","floor":5},{"not_picked":["PunishingBird","WallGazer"],"picked":"Bloodbath","floor":5},{"not_picked":["MokouMod:Trailblazer","MokouMod:EternalBurstReactor"],"picked":"MokouMod:Stoke","floor":7},{"not_picked":["CherryBlossoms","OldLady"],"picked":"DespairKnight","floor":7},{"not_picked":["MokouMod:Overheat","MokouMod:ScorchingColumn"],"picked":"MokouMod:HeatFactory","floor":11},{"not_picked":["UniverseFragment","GreedKing"],"picked":"LaLuna","floor":11},{"not_picked":["MokouMod:Sear","MokouMod:IcarusDive"],"picked":"MokouMod:Refresh","floor":12},{"not_picked":["SpiderBud","ShyLook"],"picked":"BeautyBeast","floor":12},{"not_picked":["MokouMod:SacredFire","MokouMod:SearingBlow"],"picked":"MokouMod:ExplosiveFlame","floor":16},{"not_picked":["Freischutz","PunishingBird"],"picked":"LittlePrince","floor":18},{"not_picked":["MokouMod:TemporalFireSeal","MokouMod:RisingSunBarrier+1","MokouMod:UncontrollableSolarReaction+1"],"picked":"SKIP","floor":18},{"not_picked":["MokouMod:TemporalFireSeal","MokouMod:RisingSunBarrier+1","MokouMod:UncontrollableSolarReaction+1"],"picked":"SKIP","floor":18}],"player_experience":196465,"relics_obtained":[{"floor":7,"key":"Replay:Rubber Ducky"},{"floor":9,"key":"Chameleon Ring"}],"event_choices":[{"damage_healed":0,"gold_gain":175,"player_choice":"AGREE","damage_taken":0,"max_hp_gain":0,"max_hp_loss":0,"event_name":"Liars Game","floor":3,"gold_loss":0,"cards_obtained":["Doubt"]},{"damage_healed":0,"gold_gain":0,"player_choice":"Forge","damage_taken":0,"max_hp_gain":0,"max_hp_loss":0,"event_name":"Accursed Blacksmith","floor":10,"gold_loss":0,"cards_upgraded":["MokouMod:Stoke"]},{"damage_healed":0,"gold_gain":0,"player_choice":"1 cards matched","damage_taken":0,"max_hp_gain":0,"max_hp_loss":0,"event_name":"Match and Keep!","floor":20,"gold_loss":0,"cards_obtained":["MokouMod:Rebirth"]}],"is_beta":false,"boss_relics":[{"not_picked":["ChewingGum","Tiny House"],"picked":"Runic Pyramid"}],"items_purged_floors":[8],"is_endless":false,"potions_floor_spawned":[2,12,14],"killed_by":"theJungle:5_Spyders","ascension_level":0}}