{"host":"17xjy7b7ubl548g2","time":1609663344,"event":{"mods":["2.2 Compatiblity","Act Like it!","Aspiration","Astrologer","Bard","BaseMod","Bestiary","Challenge The Spire","ChefMod","Colored Map","Conspire","Elementarium","Energized Spire","Gensokyo","GifTheSpireLib","Halation","Hallownest","Hubris","Infinite Spire","Jedi Mod","Jorbs\u0027s Wanderer Trilogy","Marisa（霧雨　魔理沙）","Marked Mod","Menagerie","Minty Spire (QoL Compilation)","Pale of the Ancients","Permanent Neow","Puzzle Mod","Replay The Spire","Robot Space Explorer","Spicy Shops","StSLib","Stuff the Spire","The Blue Laboratory","The Bug Knight","The Construct","The Disciple","The Hayseed","The Hierophant","The Marked","The Runesmith","The Sage","TheFirefly"],"gold_per_floor":[118,149,161,188,38,38,50,50,50,50,64,64,76,111,111,214,214,234,234,234,251,266,266,301,301,301,301,301,313,313,328,328,431,431,441,453,31,31,31,59,59,59,104,114,143,143,159,178,178,178,178,178],"floor_reached":51,"playtime":5637,"items_purged":["thefirefly:Strike"],"score":788,"play_id":"8d0d08fa-ff61-4f83-b928-8960869508aa","local_time":"20210103034224","is_ascension_mode":true,"campfire_choices":[{"data":"thefirefly:StealthMode","floor":6.0,"key":"SMITH"},{"data":"thefirefly:Bombardment","floor":8.0,"key":"SMITH"},{"data":"thefirefly:EnergyShield","floor":10.0,"key":"SMITH"},{"data":"thefirefly:ArtillleryBeam","floor":12.0,"key":"SMITH"},{"data":"thefirefly:Strike","floor":15.0,"key":"PURGE"},{"data":"thefirefly:ShieldGenerator","floor":23.0,"key":"SMITH"},{"data":"thefirefly:AutoTargeting","floor":25.0,"key":"SMITH"},{"data":"thefirefly:LifeSupport","floor":27.0,"key":"SMITH"},{"data":"thefirefly:TachyonBeam","floor":30.0,"key":"SMITH"},{"data":"thefirefly:Unweft","floor":32.0,"key":"SMITH"},{"data":"thefirefly:LaserMail","floor":41,"key":"SMITH"},{"data":"thefirefly:LaserMail","floor":46,"key":"SMITH"},{"floor":49,"key":"RECALL"}],"circlet_count":0,"master_deck":["thefirefly:Strike+1","thefirefly:Defend","thefirefly:Defend","thefirefly:Defend","thefirefly:Defend","thefirefly:StealthMode+1","thefirefly:PhotonBlast","StuffTheSpire:PlasmaPulse","thefirefly:EnergyShield+1","thefirefly:ArtillleryBeam+1","thefirefly:Bombardment+1","thefirefly:ShieldGenerator+1","thefirefly:InterceptingShot+1","thefirefly:Reposition","thefirefly:AutoTargeting+1","thefirefly:TachyonBeam+1","thefirefly:StarCinder","thefirefly:FullProjection+1","thefirefly:LifeSupport+1","thefirefly:FlareScreen","thefirefly:Teleport+1","thefirefly:Unweft+1","thefirefly:Unburden","thefirefly:RecollectionSubroutine+1","thefirefly:ShieldArray","thefirefly:LaserMail+1","thefirefly:LaserMail+1","Doubt","thefirefly:ShieldGenerator","thefirefly:ReverseEngine+1","thefirefly:InterceptingShot+1","thefirefly:Ruminate+1"],"relics":["thefirefly:UpgradedSystem","infinitespire:Lucky Rock","Lantern","PreservedInsect","Potion Belt","Onion Ring","conspire:Boomerang","hubris:Towel","jedi:paperlyon","jedi:fakemustache","Replay:Rubber Ducky","halation:EternalFortune","Bronze Scales","Pen Nib","Whetstone","paleoftheancients:Timepiece","paleoftheancients:KeyRelic","CultistMask"],"acts_visited":["Exordium","TheCity","TheBeyond","TheBeyond"],"potions_floor_usage":[40,45,50,50,50,50,51],"damage_taken":[{"damage":0.0,"enemies":"2 Louse","floor":1.0,"turns":3.0},{"damage":3.0,"enemies":"conspire:MimicChest","floor":2.0,"turns":6.0},{"damage":1.0,"enemies":"Small Slimes","floor":3.0,"turns":3.0},{"damage":0.0,"enemies":"Jaw Worm","floor":7.0,"turns":2.0},{"damage":0.0,"enemies":"Red Slaver","floor":11.0,"turns":3.0},{"damage":0.0,"enemies":"2 Fungi Beasts","floor":13.0,"turns":3.0},{"damage":0.0,"enemies":"3 Sentries","floor":14.0,"turns":5.0},{"damage":43.0,"enemies":"Hexaghost","floor":16.0,"turns":13.0},{"damage":0.0,"enemies":"conspire:FuzzyDice","floor":18.0,"turns":7.0},{"damage":0.0,"enemies":"Snecko","floor":21.0,"turns":3.0},{"damage":12.0,"enemies":"Cultist and Chosen","floor":22.0,"turns":8.0},{"damage":0.0,"enemies":"conspire:SneckoGhost","floor":24.0,"turns":5.0},{"damage":11.0,"enemies":"Snake Plant","floor":29.0,"turns":2.0},{"damage":0.0,"enemies":"conspire:HollyBat","floor":31.0,"turns":8.0},{"damage":43.0,"enemies":"conspire:MysteriousRune","floor":33.0,"turns":14.0},{"damage":37.0,"enemies":"3 Darklings","floor":35.0,"turns":5.0},{"damage":11.0,"enemies":"Orb Walker","floor":36.0,"turns":3.0},{"damage":25,"enemies":"Giant Head","floor":40,"turns":11},{"damage":15,"enemies":"Transient","floor":44,"turns":5},{"damage":16,"enemies":"Nemesis","floor":45,"turns":7},{"damage":0,"enemies":"Spire Growth","floor":47,"turns":5},{"damage":0,"enemies":"Sphere and 2 Shapes","floor":48,"turns":3},{"damage":58,"enemies":"Awakened One","floor":50,"turns":17},{"damage":55,"enemies":"Awakened One","floor":51,"turns":7}],"seed_played":"-5853145360605299435","potions_obtained":[{"floor":1.0,"key":"Toxic Potion"},{"floor":7.0,"key":"Fire Potion"},{"floor":13.0,"key":"blueLaboratory:PyrophylliteBrew"},{"floor":16.0,"key":"Milkshake"},{"floor":18.0,"key":"Explosive Potion"},{"floor":24.0,"key":"blueLaboratory:NullPotion"},{"floor":29.0,"key":"Venom Potion"},{"floor":31.0,"key":"Block Potion"},{"floor":33.0,"key":"Swift Potion"},{"floor":40,"key":"Swift Potion"},{"floor":44,"key":"Languid Potion"},{"floor":47,"key":"blueLaboratory:PolymorphPotion"},{"floor":48,"key":"blueLaboratory:PolymorphPotion"}],"is_trial":false,"path_per_floor":["M","?","M","T","$","R","M","R","T","R","M","R","M","E","R_BF","B",null,"M","?","?","M","M","R","E","R","T","R","?","M","R","M","R","B",null,"M","M","$","?","?","E","R","?","T","M","E","R","M","M","R","B","M"],"character_chosen":"THE_FIREFLY","items_purchased":["PreservedInsect","jedi:fakemustache","thefirefly:LaserMail","Replay:Rubber Ducky"],"campfire_rested":0,"item_purchase_floors":[5,37,37,37],"current_hp_per_floor":[55,52,51,51,51,51,51,51,51,51,51,51,51,51,51,8,55,55,55,55,55,43,43,43,43,43,43,43,41,41,50,50,16,55,18,16,41,44,44,28,28,58,58,43,36,36,45,57,57,64,9,9],"gold":178,"neow_bonus":"RANDOM_COLORLESS","is_daily":false,"chose_seed":false,"campfire_upgraded":11,"win_rate":0.0,"timestamp":1609663344,"path_taken":["M","?","M","?","$","R","M","R","T","R","M","R","?","E","R_BF","BOSS","M","?","?","M","?","R","E","R","T","R","?","M","R","M","R","BOSS","M","M","$","?","?","E","R","?","T","M","E","R","M","M","R","BOSS","M"],"items_purchased_type":["Relic","Relic","Card","Relic"],"build_version":"2020-12-22","purchased_purges":1,"victory":false,"max_hp_per_floor":[55,55,55,55,55,55,55,55,55,55,55,55,55,55,55,55,55,55,55,55,55,55,55,55,55,55,55,55,55,55,55,55,55,55,55,55,55,58,58,58,58,58,58,58,58,58,58,61,61,64,61,61],"card_choices":[{"not_picked":["Replay:Parry","PanicButton"],"picked":"StuffTheSpire:PlasmaPulse","floor":0.0},{"not_picked":["thefirefly:Rend","thefirefly:AccountUncertainty"],"picked":"thefirefly:EnergyShield","floor":1.0},{"not_picked":["thefirefly:RollBack","thefirefly:Distort"],"picked":"thefirefly:ArtillleryBeam","floor":2.0},{"not_picked":["thefirefly:Distort","thefirefly:Exile"],"picked":"thefirefly:Bombardment","floor":3.0},{"not_picked":["thefirefly:Rend","thefirefly:Distort"],"picked":"thefirefly:ShieldGenerator","floor":7.0},{"not_picked":["thefirefly:DataMiner","thefirefly:Exile"],"picked":"thefirefly:InterceptingShot","floor":11.0},{"not_picked":["thefirefly:ErraticMotions","thefirefly:Pacify"],"picked":"thefirefly:Reposition","floor":13.0},{"not_picked":["thefirefly:FullProjection","thefirefly:Reposition"],"picked":"thefirefly:AutoTargeting","floor":14.0},{"not_picked":["thefirefly:ParadoxEngine","thefirefly:LustForEternity"],"picked":"thefirefly:TachyonBeam","floor":16.0},{"not_picked":["thefirefly:InterceptingShot","thefirefly:DataMiner+1"],"picked":"thefirefly:StarCinder","floor":18.0},{"not_picked":["thefirefly:InterceptingShot","thefirefly:FlareScreen"],"picked":"thefirefly:FullProjection+1","floor":21.0},{"not_picked":["thefirefly:InterceptingShot","thefirefly:Bombardment"],"picked":"thefirefly:LifeSupport","floor":22.0},{"not_picked":["thefirefly:Cosmogenesis","thefirefly:StoredPower+1"],"picked":"thefirefly:FlareScreen","floor":24.0},{"not_picked":["thefirefly:LifeSupport+1","thefirefly:AuroralDischarge"],"picked":"thefirefly:Teleport+1","floor":29.0},{"not_picked":["thefirefly:Reposition","thefirefly:Boost+1"],"picked":"thefirefly:Unweft","floor":31.0},{"not_picked":["thefirefly:CreateClone","thefirefly:Cosmogenesis"],"picked":"thefirefly:Unburden","floor":33.0},{"not_picked":["thefirefly:AuroralDischarge","thefirefly:FlareScreen"],"picked":"thefirefly:RecollectionSubroutine+1","floor":35.0},{"not_picked":["thefirefly:ChargedLaser","thefirefly:Pacify"],"picked":"thefirefly:ShieldArray","floor":36.0},{"not_picked":["thefirefly:ErraticMotions","thefirefly:ParadoxEngine"],"picked":"thefirefly:LaserMail","floor":40},{"not_picked":["thefirefly:IonizedBarrier","thefirefly:StoredPower+1"],"picked":"thefirefly:ShieldGenerator","floor":44},{"not_picked":["thefirefly:Pacify","thefirefly:BoltzmannBrain"],"picked":"thefirefly:ReverseEngine+1","floor":45},{"not_picked":["thefirefly:Pacify","thefirefly:Ruminate"],"picked":"thefirefly:InterceptingShot+1","floor":47},{"not_picked":["thefirefly:RecollectionSubroutine","thefirefly:Distort"],"picked":"thefirefly:Ruminate+1","floor":48}],"player_experience":1642757,"relics_obtained":[{"floor":2.0,"key":"infinitespire:Lucky Rock"},{"floor":4.0,"key":"Lantern"},{"floor":9.0,"key":"Potion Belt"},{"floor":14.0,"key":"Onion Ring"},{"floor":24.0,"key":"conspire:Boomerang"},{"floor":40,"key":"Bronze Scales"},{"floor":43,"key":"Pen Nib"},{"floor":45,"key":"Whetstone"},{"floor":48,"key":"halation:EternalFortune"}],"event_choices":[{"damage_healed":0.0,"max_hp_gain":0.0,"max_hp_loss":0.0,"gold_gain":0.0,"event_name":"Match and Keep!","player_choice":"0 cards matched","floor":20.0,"gold_loss":0.0,"damage_taken":0.0,"cards_obtained":[]},{"cards_removed":["thefirefly:Strike"],"damage_healed":0.0,"max_hp_gain":0.0,"max_hp_loss":0.0,"gold_gain":0.0,"event_name":"Falling","player_choice":"Removed Attack","floor":39.0,"gold_loss":0.0,"damage_taken":0.0},{"damage_healed":30,"gold_gain":0,"player_choice":"Heal","damage_taken":0,"max_hp_gain":0,"max_hp_loss":0,"event_name":"MindBloom","floor":42,"gold_loss":0,"cards_obtained":["Doubt"]}],"is_beta":false,"boss_relics":[{"not_picked":["hubris:TerracottaHorce","jedi:hotpepper"],"picked":"thefirefly:UpgradedSystem"},{"not_picked":["Abe\u0027s Treasure","Black Star"],"picked":"jedi:paperlyon"}],"items_purged_floors":[37],"is_endless":false,"potions_floor_spawned":[1,7,13,16,18,24,29,31,33,40,44,47,48],"killed_by":"Awakened One","ascension_level":1}}