{"host":"enpah696raxjhbxd","time":1609651145,"event":{"mods":["BaseMod","Challenge The Spire","Chen","Colored Powertips","Friendly Minions","Minty Spire (QoL Compilation)","Replay The Spire","StSLib","TestMod","The Bladedancer","The Poker Player","UnlockEverythingMod","vexMod"],"gold_per_floor":[116,116,391,406,422,422,442,468,468,500,500],"floor_reached":10,"playtime":363,"items_purged":[],"score":68,"play_id":"b914a01c-a886-4f08-9a9f-7d98298df6bd","local_time":"20210103131905","is_ascension_mode":false,"campfire_choices":[{"data":"Chen:PounceTurnTail","floor":6,"key":"SMITH"}],"circlet_count":0,"master_deck":["Chen:Strike","Chen:Strike","Chen:Strike","Chen:Strike","Chen:Strike","Chen:Defend","Chen:Defend","Chen:Defend","Chen:Defend","Chen:PounceTurnTail+1","Chen:GlitterPoke","Chen:MisdirectSwipe","Regret","Chen:Scratch","Chen:Frivolous"],"relics":["Chen:Catnip","testmod-TestBox","NeowsBlessing","testmod-CyclicPeriapt","vexMod:ConsolationPrize","Girya"],"acts_visited":["Exordium"],"potions_floor_usage":[8,10],"damage_taken":[{"damage":0.0,"enemies":"Jaw Worm","floor":1.0,"turns":1.0},{"damage":0.0,"enemies":"Cultist","floor":4.0,"turns":1.0},{"damage":0.0,"enemies":"Small Slimes","floor":5.0,"turns":1.0},{"damage":5,"enemies":"Exordium Wildlife","floor":7,"turns":3},{"damage":31,"enemies":"Gremlin Nob","floor":8,"turns":5},{"damage":38,"enemies":"Lagavulin","floor":10,"turns":6}],"seed_played":"6937957374815337985","potions_obtained":[{"floor":1.0,"key":"CultistPotion"},{"floor":8,"key":"testmod-TestPotion"}],"is_trial":false,"path_per_floor":["M","?","?","M","M","R","M","E","T","E"],"character_chosen":"CHEN","items_purchased":[],"campfire_rested":0,"item_purchase_floors":[],"current_hp_per_floor":[70,70,70,70,70,70,65,34,34,0,0],"gold":500,"neow_bonus":"THREE_ENEMY_KILL","is_daily":false,"chose_seed":false,"campfire_upgraded":1,"win_rate":0.0,"timestamp":1609651145,"path_taken":["M","?","?","M","?","R","M","E","T","E"],"items_purchased_type":[],"build_version":"2020-12-22","purchased_purges":0,"victory":false,"max_hp_per_floor":[70,70,70,70,70,70,70,70,70,70,70],"card_choices":[{"not_picked":["Chen:Shot","Chen:Sweep"],"picked":"Chen:MisdirectSwipe","floor":1.0},{"not_picked":["Chen:Sneak","Chen:SelfControl","Chen:StudySharpen"],"picked":"SKIP","floor":4.0},{"not_picked":["Chen:Spray","Chen:Mixup"],"picked":"Chen:Scratch","floor":5.0},{"not_picked":["Chen:Fadeout","Chen:PentagramFlight","Chen:Deceitful"],"picked":"SKIP","floor":7},{"not_picked":["Chen:Scratch","Chen:ResistTemptation"],"picked":"Chen:Frivolous","floor":8}],"player_experience":209294,"relics_obtained":[{"floor":8,"key":"vexMod:ConsolationPrize"},{"floor":9,"key":"Girya"}],"event_choices":[{"damage_healed":0.0,"max_hp_gain":0.0,"max_hp_loss":0.0,"gold_gain":0.0,"event_name":"给自己的盒子","player_choice":"Ignored","floor":2.0,"gold_loss":0.0,"damage_taken":0.0},{"damage_healed":0.0,"max_hp_gain":0.0,"max_hp_loss":0.0,"gold_gain":275.0,"event_name":"Golden Shrine","player_choice":"Desecrate","floor":3.0,"gold_loss":0.0,"damage_taken":0.0,"cards_obtained":["Regret"]}],"is_beta":false,"boss_relics":[],"items_purged_floors":[],"is_endless":false,"potions_floor_spawned":[1,8],"killed_by":"Lagavulin","ascension_level":0}}