{"host":"obbn5gje3893ci3z","time":1609657218,"event":{"mods":["BaseMod","Colored Powertips","Minty Spire (QoL Compilation)","The Servant 0.9.4"],"gold_per_floor":[115,133,147,158,176,176,208,208,208,208,226,176,176,20,20,20,20],"floor_reached":16,"playtime":1423,"items_purged":[],"score":102,"play_id":"2cacff6e-72e2-4bec-be85-6e14a871f74a","local_time":"20210103150018","is_ascension_mode":false,"campfire_choices":[{"data":"Read","floor":6.0,"key":"SMITH"},{"data":"Snipe","floor":8.0,"key":"SMITH"},{"floor":10.0,"key":"REST"},{"floor":15.0,"key":"REST"}],"circlet_count":0,"master_deck":["Strike_S","Strike_S","Strike_S","Defend_S","Defend_S","Defend_S","Defend_S","KidneyShot","Exchange","Rearm","Snipe+1","Read+1","Ricochet","Injury"],"relics":["Uniform","PreservedInsect","Bird Faced Urn","Golden Idol","Membership Card"],"acts_visited":["Exordium"],"potions_floor_usage":[],"damage_taken":[{"damage":1.0,"enemies":"Cultist","floor":1.0,"turns":4.0},{"damage":2.0,"enemies":"2 Louse","floor":2.0,"turns":3.0},{"damage":7.0,"enemies":"Small Slimes","floor":3.0,"turns":5.0},{"damage":5.0,"enemies":"Looter","floor":4.0,"turns":3.0},{"damage":27.0,"enemies":"Gremlin Gang","floor":5.0,"turns":9.0},{"damage":25.0,"enemies":"3 Sentries","floor":7.0,"turns":12.0},{"damage":12.0,"enemies":"Red Slaver","floor":11.0,"turns":4.0},{"damage":24,"enemies":"The Guardian","floor":16,"turns":12}],"seed_played":"-6421951351362640327","potions_obtained":[{"floor":3.0,"key":"GamblersBrew"},{"floor":5.0,"key":"SpeedPotion"},{"floor":7.0,"key":"SteroidPotion"}],"is_trial":false,"path_per_floor":["M","M","M","M","M","R","E","R","T","R","M","?","?","$","R","B"],"character_chosen":"THE_SERVANT","items_purchased":["Membership Card"],"campfire_rested":2,"item_purchase_floors":[14],"current_hp_per_floor":[70,68,61,56,29,29,4,4,4,25,13,13,13,13,34,10,10],"gold":20,"neow_bonus":"TEN_PERCENT_HP_BONUS","is_daily":false,"chose_seed":false,"campfire_upgraded":2,"win_rate":0.0,"timestamp":1609657218,"path_taken":["M","M","M","?","M","R","E","R","T","R","M","?","?","$","R","BOSS"],"items_purchased_type":["Relic"],"build_version":"2020-12-22","purchased_purges":0,"victory":false,"max_hp_per_floor":[71,71,71,71,71,71,71,71,71,71,71,71,71,71,71,71,71],"card_choices":[{"not_picked":["TimeWarp","DoubleEdge","ShiftingGears"],"picked":"SKIP","floor":1.0},{"not_picked":["Hightail","BestPractice"],"picked":"Rearm","floor":2.0},{"not_picked":["Unruled","Replace"],"picked":"Snipe","floor":3.0},{"not_picked":["BestPractice","BottledTime"],"picked":"Read","floor":4.0},{"not_picked":["Alleviate","Starlight","Collapse"],"picked":"SKIP","floor":5.0},{"not_picked":["SoulSculpture","BottledTime"],"picked":"Ricochet","floor":7.0},{"not_picked":["Moonlight","ShatteredReality","Desolation"],"picked":"SKIP","floor":11.0}],"player_experience":32770,"relics_obtained":[{"floor":7.0,"key":"PreservedInsect"},{"floor":9.0,"key":"Bird Faced Urn"}],"event_choices":[{"cards_removed":["Strike_S"],"damage_healed":0.0,"max_hp_gain":0.0,"max_hp_loss":0.0,"gold_gain":0.0,"event_name":"The Cleric","player_choice":"Card Removal","floor":12.0,"gold_loss":50.0,"damage_taken":0.0},{"damage_healed":0.0,"max_hp_gain":0.0,"max_hp_loss":0.0,"gold_gain":0.0,"event_name":"Golden Idol","player_choice":"Take Wound","floor":13.0,"gold_loss":0.0,"damage_taken":0.0,"relics_obtained":["Golden Idol"],"cards_obtained":["Injury"]}],"is_beta":false,"boss_relics":[],"items_purged_floors":[],"is_endless":false,"potions_floor_spawned":[3,5,7],"killed_by":"The Guardian","ascension_level":0}}