{"host":"5wf60zc4jjt9ov65","time":1609708211,"event":{"mods":["AchievementEnabler","BaseMod","Beaked The Cultist","Better Altar","Better Match","Better Note","Better Sensory Stone","Better Skull","Better Third Choice","BetterRewards","Colored Map","Colored Powertips","Downfall","Googly Eyes","Halation","Highlight Path","Hubris","Infinite Spire","Minty Spire (QoL Compilation)","Permanent Neow","Quick Restart","Replay The Spire","StSLib","The Bug Knight","The Construct"],"gold_per_floor":[109,109,128,53,53,53,66,94,143,143,155,165,18,36,36,137,137,153,153,53,53,68,83,83,94,94,94,0,13,113,131,131,232,232,250,260,277,290,340,340,340,354,354,364,444,460,460,477,495,509,509,509],"floor_reached":53,"playtime":4458,"items_purged":["Defend_B","Strike_B","Defend_B"],"score":689,"play_id":"c0d08ef2-a207-4a7b-a1ee-78264f9da6ef","local_time":"20210103161011","is_ascension_mode":false,"campfire_choices":[{"data":"ReplayTheSpireMod:Fabricate Wheel","floor":6.0,"key":"SMITH"},{"data":"Redo","floor":15.0,"key":"SMITH"},{"data":"Amplify","floor":24.0,"key":"SMITH"},{"data":"Pot Of Greed","floor":32.0,"key":"SMITH"},{"data":"Aggregate","floor":51,"key":"SMITH"}],"circlet_count":0,"master_deck":["Strike_B","Strike_B","Defend_B","Defend_B+1","Zap+1","Dualcast","Heatsinks","Stack+1","Replay:SS_hec_2+1","Biased Cognition","Barrage","Hologram","Self Repair","Force Field","Darkness","Redo+1","Capacitor","Time Bomb","Amplify+1","Beam Cell","BootSequence","Panic Button+1","Aggregate+1","Pot Of Greed+1","Pot Of Greed","Pot Of Greed","Leap+1","Reboot","Doom and Gloom","Coolheaded+1","Self Repair","Defragment+1","infinitespire:Punishment","Defragment+1","Defragment+1"],"relics":["Cracked Core","Prayer Wheel","Replay:Wax Seal","War Paint","hubris:RunicObelisk","Bloody Idol","Grinning Jar","halation:SmartPhone","Replay:Towering Pillar of Hats","Garlic","Regal Pillow","hubris:Backtick","infinitespire:SolderingIron"],"acts_visited":["Exordium","TheCity","TheBeyond"],"potions_floor_usage":[44,48],"damage_taken":[{"damage":2.0,"enemies":"Small Slimes","floor":1.0,"turns":3.0},{"damage":1.0,"enemies":"Jaw Worm","floor":3.0,"turns":4.0},{"damage":1.0,"enemies":"Cultist","floor":7.0,"turns":5.0},{"damage":13.0,"enemies":"Gremlin Nob","floor":8.0,"turns":5.0},{"damage":5.0,"enemies":"Looter","floor":11.0,"turns":4.0},{"damage":13.0,"enemies":"3 Louse","floor":12.0,"turns":3.0},{"damage":0.0,"enemies":"Exordium Thugs","floor":14.0,"turns":5.0},{"damage":35.0,"enemies":"Hexaghost","floor":16.0,"turns":10.0},{"damage":1.0,"enemies":"Chosen","floor":18.0,"turns":7.0},{"damage":0.0,"enemies":"Shell Parasite","floor":22.0,"turns":7.0},{"damage":0.0,"enemies":"Cultist and Chosen","floor":23.0,"turns":8.0},{"damage":12.0,"enemies":"Sentry and Sphere","floor":25.0,"turns":10.0},{"damage":0.0,"enemies":"Gremlin Leader","floor":27.0,"turns":1.0},{"damage":0.0,"enemies":"Shelled Parasite and Fungi","floor":29.0,"turns":8.0},{"damage":0.0,"enemies":"Centurion and Healer","floor":31.0,"turns":9.0},{"damage":24.0,"enemies":"Collector","floor":33.0,"turns":11.0},{"damage":19.0,"enemies":"3 Darklings","floor":35.0,"turns":11.0},{"damage":32.0,"enemies":"3 Shapes","floor":36.0,"turns":3.0},{"damage":0.0,"enemies":"Maw","floor":37.0,"turns":7.0},{"damage":16.0,"enemies":"Spire Growth","floor":38.0,"turns":6.0},{"damage":0.0,"enemies":"Mind Bloom Boss Battle","floor":39.0,"turns":4.0},{"damage":22.0,"enemies":"Jaw Worm Horde","floor":42.0,"turns":4.0},{"damage":14,"enemies":"3 Darklings","floor":44,"turns":8},{"damage":0,"enemies":"Maw","floor":46,"turns":7},{"damage":3,"enemies":"Transient","floor":48,"turns":5},{"damage":0,"enemies":"Spire Growth","floor":49,"turns":3},{"damage":0,"enemies":"Maw","floor":50,"turns":7},{"damage":49,"enemies":"Awakened One","floor":52,"turns":11}],"seed_played":"1028022020956587388","potions_obtained":[{"floor":11.0,"key":"SpeedPotion"},{"floor":14.0,"key":"Block Potion"},{"floor":16.0,"key":"SmokeBomb"},{"floor":22.0,"key":"Death Potion"},{"floor":23.0,"key":"Reflective Coating"},{"floor":33.0,"key":"Venom Potion"},{"floor":37.0,"key":"EntropicBrew"},{"floor":39.0,"key":"FearPotion"},{"floor":42.0,"key":"Reflective Coating"},{"floor":44,"key":"SteroidPotion"}],"is_trial":false,"path_per_floor":["M","?","M","?","?","R","M","E","T","?","M","M","$","M","R","B",null,"M","?","$","?","M","M","R","M","T","E","?","M","?","M","R","B",null,"M","M","M","M","?","PTL","PTL","M","?","M","T","M","AVR","M","M","M","R","B",null],"character_chosen":"DEFECT","items_purchased":["Capacitor"],"campfire_rested":0,"item_purchase_floors":[13],"current_hp_per_floor":[73,66,65,65,65,65,64,51,51,51,53,47,47,54,54,26,75,75,75,75,37,49,61,61,61,61,61,61,73,75,75,75,63,75,68,41,53,56,75,75,75,70,70,75,75,75,68,75,75,75,75,40],"gold":509,"neow_bonus":"UPGRADE_CARD","is_daily":false,"chose_seed":false,"campfire_upgraded":5,"win_rate":0.0,"timestamp":1609708211,"path_taken":["M","?","M","?","?","R","M","E","T","?","M","?","$","M","R","BOSS","M","?","$","?","M","M","R","M","T","E","?","M","?","M","R","BOSS","M","M","?","?","?","PTL","PTL","M","?","?","T","M","AVR","?","M","M","R","BOSS"],"items_purchased_type":["Card"],"build_version":"2020-12-22","purchased_purges":3,"victory":true,"max_hp_per_floor":[75,75,75,75,75,75,75,75,75,75,75,75,75,75,75,75,75,75,75,75,75,75,75,75,75,75,75,75,75,75,75,75,75,75,75,75,75,75,75,75,75,75,75,75,75,75,75,75,75,75,75,75],"card_choices":[{"not_picked":["Beam Cell","Sweeping Beam"],"picked":"Heatsinks","floor":1.0},{"not_picked":["Sweeping Beam","Compile Driver"],"picked":"Stack","floor":3.0},{"not_picked":["Thunder Strike","All For One"],"picked":"ReplayTheSpireMod:Fabricate Wheel","floor":4.0},{"not_picked":["expansioncontent:HyperBeam","expansioncontent:DefensiveStance"],"picked":"Replay:SS_hec_2","floor":4.0},{"not_picked":["Sweeping Beam","Tempest"],"picked":"Barrage","floor":7.0},{"not_picked":["Steam","Stack","Go for the Eyes"],"picked":"SKIP","floor":7.0},{"not_picked":["Heatsinks","Scrape"],"picked":"Hologram","floor":8.0},{"not_picked":["Rebound","Cold Snap"],"picked":"Force Field","floor":11.0},{"not_picked":["Hologram","Stack"],"picked":"Crystallizer","floor":11.0},{"not_picked":["Reboot","Sweeping Beam"],"picked":"Darkness","floor":12.0},{"not_picked":["Loop","Aggregate"],"picked":"Redo","floor":12.0},{"not_picked":["Skim","BasicCrystalCard"],"picked":"Time Bomb","floor":14.0},{"not_picked":["Undo","Barrage","Cold Snap"],"picked":"SKIP","floor":14.0},{"not_picked":["Reboot","hubris:DoWhile"],"picked":"Amplify","floor":16.0},{"not_picked":["BasicCrystalCard","Compile Driver"],"picked":"ReplayTheSpireMod:System Scan","floor":18.0},{"not_picked":["Scrape","BasicCrystalCard","ReplayTheSpireMod:GoodbyeWorld+1"],"picked":"SKIP","floor":18.0},{"not_picked":["Sweeping Beam","FTL","Turbo"],"picked":"SKIP","floor":22.0},{"not_picked":["Static Discharge+1","Recycle","Redo"],"picked":"SKIP","floor":22.0},{"not_picked":["Double Energy","Beam Cell+1"],"picked":"Panic Button+1","floor":23.0},{"not_picked":["Doom and Gloom","Chaos","Scrape"],"picked":"SKIP","floor":23.0},{"not_picked":["Streamline","Hologram"],"picked":"Aggregate","floor":25.0},{"not_picked":["ReplaySort+1","Reprogram","Go for the Eyes+1"],"picked":"SKIP","floor":25.0},{"not_picked":["Hologram","Cold Snap+1","Barrage+1"],"picked":"SKIP","floor":29.0},{"not_picked":["Meteor Strike","Steam","Recycle"],"picked":"SKIP","floor":29.0},{"not_picked":["Sweeping Beam+1","Stack"],"picked":"Leap+1","floor":31.0},{"not_picked":["Auto Shields","ReplayTheSpireMod:Repulse","Sweeping Beam"],"picked":"SKIP","floor":31.0},{"not_picked":["Mirror Shield","ReplayTheSpireMod:Omega Cannon"],"picked":"Reboot","floor":33.0},{"not_picked":["Panic Button","ReplaySolidLightProjector"],"picked":"Doom and Gloom","floor":35.0},{"not_picked":["Rebound","Turbo","Compile Driver+1"],"picked":"SKIP","floor":35.0},{"not_picked":["Redo+1","Cold Snap"],"picked":"Coolheaded+1","floor":36.0},{"not_picked":["Stack+1","ReplayRNGCard","Steam"],"picked":"SKIP","floor":36.0},{"not_picked":["ReplayTheSpireMod:Repulse+1","Leap"],"picked":"Self Repair","floor":37.0},{"not_picked":["ReplayTheSpireMod:Reroute Power","Undo","Coolheaded+1"],"picked":"SKIP","floor":37.0},{"not_picked":["Recycle","Compile Driver+1","ReplayTheSpireMod:GoodbyeWorld+1"],"picked":"SKIP","floor":38.0},{"not_picked":["Static Discharge","Panic Button","Glacier+1"],"picked":"SKIP","floor":38.0},{"not_picked":["Sunder+1","Turbo+1"],"picked":"Defragment+1","floor":42.0},{"not_picked":["ReplayGash+1","Compile Driver","Leap+1"],"picked":"SKIP","floor":42.0},{"not_picked":["Darkness","hubris:DoWhile","Static Discharge"],"picked":"SKIP","floor":44},{"not_picked":["Melter","Rebound","Barrage"],"picked":"SKIP","floor":44},{"not_picked":["Conserve Battery","Panic Button","Self Repair+1"],"picked":"SKIP","floor":46},{"not_picked":["Go for the Eyes+1","Streamline","Steam Power"],"picked":"SKIP","floor":46},{"not_picked":["Ball Lightning+1","Lockon"],"picked":"Defragment+1","floor":48},{"not_picked":["Redo","Barrage","ReplayTheSpireMod:Omega Cannon"],"picked":"SKIP","floor":48},{"not_picked":["Ball Lightning+1","Cold Snap"],"picked":"Defragment+1","floor":49},{"not_picked":["Rebound+1","Streamline+1","Tempest"],"picked":"SKIP","floor":49},{"not_picked":["BasicCrystalCard","Barrage","Beam Cell+1"],"picked":"SKIP","floor":50},{"not_picked":["Beam Cell+1","Streamline+1","Hologram+1"],"picked":"SKIP","floor":50}],"player_experience":21672,"relics_obtained":[{"floor":8.0,"key":"Replay:Wax Seal"},{"floor":9.0,"key":"War Paint"},{"floor":26.0,"key":"Grinning Jar"},{"floor":39.0,"key":"Replay:Towering Pillar of Hats"},{"floor":45,"key":"Garlic"}],"event_choices":[{"cards_removed":["Strike_B"],"damage_healed":0.0,"max_hp_gain":0.0,"max_hp_loss":0.0,"gold_gain":0.0,"event_name":"Golden Wing","player_choice":"Card Removal","floor":2.0,"gold_loss":0.0,"damage_taken":7.0},{"damage_healed":0.0,"max_hp_gain":0.0,"max_hp_loss":0.0,"gold_gain":0.0,"event_name":"betterMatch:BetterMatch","player_choice":"1","floor":4.0,"gold_loss":0.0,"damage_taken":0.0,"cards_obtained":["betterMatch:RareCard","betterMatch:ColorlessUncommonCard"]},{"damage_healed":0.0,"max_hp_gain":0.0,"max_hp_loss":0.0,"gold_gain":0.0,"event_name":"Living Wall","player_choice":"Grow","floor":5.0,"gold_loss":0.0,"damage_taken":0.0,"cards_upgraded":["Replay:SS_hec_2"]},{"cards_removed":["Replay:SS_hec_2"],"damage_healed":0.0,"max_hp_gain":0.0,"max_hp_loss":0.0,"gold_gain":0.0,"event_name":"betterNote:BetterNote","player_choice":"Take \u0026 Give","floor":10.0,"gold_loss":0.0,"damage_taken":0.0,"cards_obtained":["Self Repair"]},{"damage_healed":0.0,"max_hp_gain":0.0,"max_hp_loss":0.0,"gold_gain":0.0,"cards_transformed":["ReplayTheSpireMod:System Scan","Crystallizer"],"event_name":"Drug Dealer","player_choice":"Became Test Subject","floor":19.0,"gold_loss":0.0,"damage_taken":0.0,"cards_obtained":["Beam Cell","BootSequence"]},{"damage_healed":0.0,"max_hp_gain":75.0,"max_hp_loss":37.0,"gold_gain":0.0,"event_name":"betterAltar:BetterAltar","player_choice":" Idol ","floor":21.0,"potions_obtained":[],"relics_lost":[],"gold_loss":0.0,"damage_taken":38.0,"relics_obtained":["Bloody Idol"]},{"damage_healed":0.0,"max_hp_gain":0.0,"max_hp_loss":0.0,"gold_gain":0.0,"event_name":"Masked Bandits","player_choice":"Paid Fearfully","floor":28.0,"gold_loss":94.0,"damage_taken":0.0},{"damage_healed":0.0,"max_hp_gain":0.0,"max_hp_loss":0.0,"gold_gain":100.0,"event_name":"Golden Shrine","player_choice":"Pray","floor":30.0,"gold_loss":0.0,"damage_taken":0.0},{"damage_healed":0.0,"max_hp_gain":0.0,"max_hp_loss":0.0,"gold_gain":0.0,"event_name":"MindBloom","player_choice":"Fight","floor":39.0,"gold_loss":0.0,"damage_taken":0.0},{"damage_healed":0,"gold_gain":0,"player_choice":"Ignored","damage_taken":0,"max_hp_gain":0,"max_hp_loss":0,"event_name":"Mysterious Sphere","floor":43,"gold_loss":0}],"is_beta":false,"boss_relics":[{"not_picked":["halation:ForbiddenBikini","Runic Dome"],"picked":"hubris:RunicObelisk"},{"not_picked":["beaked:MawFillet","ChewingGum"],"picked":"halation:SmartPhone"}],"items_purged_floors":[13,20,47],"is_endless":false,"potions_floor_spawned":[11,14,16,22,23,27,33,37,39,42,44],"ascension_level":0}}