{"host":"aav8addp4mncoxty","time":1609670630,"event":{"mods":["Act Like it!","BaseMod","CapriCore","Hallownest","Hermit","Koishi","Lobotomy","Minty Spire (QoL Compilation)","Prisma Mod","Replay The Spire","StSLib","The Bug Knight","The Cursed","The Hierophant","The Immortal","The Jungle","The Poker Player","The Runesmith","WarShipGirlsR/??á´Ò³R mod"],"gold_per_floor":[114,114,173,348,16,16,27,39,39,67,67,80,80,99,99,99,99],"floor_reached":16,"playtime":2897,"items_purged":["Looming Evil"],"score":100,"play_id":"f38fb3bc-d87b-4670-9a9a-bcb3ee3dfacd","local_time":"20210103194350","is_ascension_mode":false,"campfire_choices":[{"data":"Apotheosis","floor":6,"key":"SMITH"},{"data":"Koishi:DreadfulBlow","floor":13,"key":"SMITH"}],"circlet_count":0,"master_deck":["Koishi:BasicStrike","Koishi:BasicStrike","Koishi:BasicStrike","Koishi:BasicStrike","Koishi:BasicDefend","Koishi:BasicDefend","Koishi:BasicDefend","Koishi:BasicDefend","Koishi:Provoke+1","Koishi:HauntingSlash","Koishi:VengefulSpirit","Rudolta","Koishi:PhantomBarrier","Doubt","Koishi:CatchAndRose","Koishi:YoukaiPolygraph","Koishi:TraumaticStroke","Koishi:VengefulSpirit+1","Koishi:JumpScare","Survey Options","Apotheosis+1","Koishi:DreadfulBlow+1","FieryBird","Koishi:RacingHeart","Bloodbath","Pot Of Greed","Pot Of Greed","Pot Of Greed","Koishi:HeartfeltFancy","UniverseFragment","Koishi:PhilosophyOfTheDespised+1","Koishi:FidgetySnatcher"],"relics":["Koishi:ImaginaryFriend","CogitoBucket","Ring of Fangs","ReplayTheSpireMod:Ring of Exchange","ReplayTheSpireMod:Lightbulb","BargainBundle","Gremlin Horn","Grinning Jar","Theresia"],"acts_visited":["Exordium"],"potions_floor_usage":[3,10,10,14,14],"damage_taken":[{"damage":1,"enemies":"Jaw Worm","floor":1,"turns":5},{"damage":1,"enemies":"Small Slimes","floor":7,"turns":4},{"damage":1,"enemies":"2 Louse","floor":8,"turns":5},{"damage":13,"enemies":"Gremlin Nob","floor":10,"turns":1},{"damage":1,"enemies":"2 Fungi Beasts","floor":12,"turns":4},{"damage":10,"enemies":"3 Louse","floor":14,"turns":5},{"damage":25,"enemies":"Slime Boss","floor":16,"turns":8}],"seed_played":"7423111542856472973","potions_obtained":[{"floor":3,"key":"BlessingOfTheForge"},{"floor":3,"key":"Fruit Juice"},{"floor":8,"key":"Death Potion"},{"floor":12,"key":"SkillPotion"}],"is_trial":false,"path_per_floor":["M","?","?","?","$","R","M","M","T","E","?","M","R","M","R","B"],"character_chosen":"KOISHI","items_purchased":["BargainBundle","Koishi:CatchAndRose","Koishi:YoukaiPolygraph","Koishi:TraumaticStroke","Koishi:VengefulSpirit","Koishi:JumpScare","Survey Options","ColorlessPotion","Toxic Potion","Apotheosis"],"campfire_rested":0,"item_purchase_floors":[5,5,5,5,5,5,5,5,5,5],"current_hp_per_floor":[60,60,41,41,41,41,48,51,51,40,27,33,33,31,50,0,0],"gold":99,"neow_bonus":"","is_daily":false,"chose_seed":false,"campfire_upgraded":2,"win_rate":0.0,"timestamp":1609670630,"path_taken":["M","?","?","?","$","R","M","M","T","E","?","M","R","M","R","BOSS"],"items_purchased_type":["Relic","Card","Card","Card","Card","Card","Card","Potion","Potion","Card"],"build_version":"2020-12-22","purchased_purges":1,"victory":false,"max_hp_per_floor":[60,60,65,65,65,65,65,65,65,65,65,65,65,65,65,65,65],"card_choices":[{"not_picked":["Koishi:HeartAttack","Koishi:EmbryosDream"],"picked":"Koishi:VengefulSpirit","floor":1},{"not_picked":["Freischutz","CrumblingArmor"],"picked":"Rudolta","floor":1},{"not_picked":["Koishi:ParalyzingFear","Koishi:VengefulSpirit"],"picked":"Koishi:PhantomBarrier","floor":3},{"not_picked":["Koishi:PhantomBarrier","Koishi:EmbryosDream"],"picked":"Koishi:DreadfulBlow","floor":7},{"not_picked":["MHz","QueenOfHatred"],"picked":"FieryBird","floor":7},{"not_picked":["Koishi:BramblyRoseGarden","Koishi:JumpScare"],"picked":"Koishi:RacingHeart","floor":8},{"not_picked":["VoidDream","DreamingCurrent"],"picked":"Bloodbath","floor":8},{"not_picked":["Koishi:EmbryosDream","Koishi:DreadfulBlow"],"picked":"Koishi:HeartfeltFancy","floor":10},{"not_picked":["CherryBlossoms","Scarecrow"],"picked":"UniverseFragment","floor":10},{"not_picked":["Koishi:UnansweredLove","Koishi:Catatonia"],"picked":"Koishi:PhilosophyOfTheDespised","floor":12},{"not_picked":["WhitesApple","CherryBlossoms"],"picked":"Yin","floor":12},{"not_picked":["Koishi:RacingHeart","Koishi:StingingMind"],"picked":"Koishi:FidgetySnatcher","floor":14}],"player_experience":193568,"relics_obtained":[{"floor":2,"key":"Ring of Fangs"},{"floor":2,"key":"ReplayTheSpireMod:Ring of Exchange"},{"floor":3,"key":"ReplayTheSpireMod:Lightbulb"},{"floor":9,"key":"Gremlin Horn"},{"floor":10,"key":"Grinning Jar"}],"event_choices":[{"damage_healed":0,"gold_gain":175,"player_choice":"AGREE","damage_taken":0,"max_hp_gain":0,"max_hp_loss":0,"event_name":"Liars Game","floor":4,"gold_loss":0,"cards_obtained":["Doubt"]},{"damage_healed":0,"gold_gain":0,"player_choice":"Entered Light","damage_taken":13,"max_hp_gain":0,"max_hp_loss":0,"event_name":"Shining Light","floor":11,"gold_loss":0,"cards_upgraded":["Koishi:VengefulSpirit","Koishi:Provoke"]}],"is_beta":false,"boss_relics":[],"items_purged_floors":[5],"is_endless":false,"potions_floor_spawned":[8,12],"killed_by":"Slime Boss","ascension_level":0}}