{"host":"m77rrhbqzv44va4v","time":1609679578,"event":{"mods":["AchievementEnabler","BaseMod","Colored Map","DeckTracker","Keyboard Shortcuts","Minty Spire (QoL Compilation)","StSLib","SuperFastMode","everything is the same but u backflip on backflip"],"gold_per_floor":[111,19,19,69,88,117,131,149,149,168,186,186,186,186,186],"floor_reached":14,"playtime":256,"items_purged":[],"score":228,"play_id":"1c918465-d8f7-4e1a-ade6-a2c27e79b457","local_time":"20210103221258","is_ascension_mode":true,"campfire_choices":[{"data":"True Grit","floor":12,"key":"SMITH"}],"circlet_count":0,"master_deck":["AscendersBane","Strike_R","Strike_R","Strike_R","Strike_R","Strike_R","Defend_R","Defend_R","Defend_R","Defend_R","Bash","Uppercut","Shrug It Off","Evolve","Dropkick","Inflame","Metallicize","Infernal Blade","True Grit+1"],"relics":["Burning Blood","NeowsBlessing","Sundial","HornCleat","Golden Idol"],"acts_visited":["Exordium"],"potions_floor_usage":[8,10,14],"damage_taken":[{"damage":0.0,"enemies":"Cultist","floor":1.0,"turns":1.0},{"damage":0,"enemies":"Small Slimes","floor":5,"turns":1},{"damage":0,"enemies":"Lagavulin","floor":6,"turns":1},{"damage":2,"enemies":"2 Louse","floor":7,"turns":4},{"damage":38,"enemies":"Exordium Thugs","floor":8,"turns":6},{"damage":5,"enemies":"Looter","floor":10,"turns":4},{"damage":14,"enemies":"Red Slaver","floor":11,"turns":5},{"damage":18,"enemies":"Gremlin Nob","floor":14,"turns":3}],"seed_played":"-4112992066201732420","potions_obtained":[{"floor":7,"key":"SteroidPotion"},{"floor":8,"key":"Fire Potion"},{"floor":10,"key":"HeartOfIron"}],"is_trial":false,"path_per_floor":["M","$","?","?","M","E","M","M","T","M","M","R","?","E"],"character_chosen":"IRONCLAD","items_purchased":["Shrug It Off","Evolve"],"campfire_rested":0,"item_purchase_floors":[2,2],"current_hp_per_floor":[74,74,79,71,77,80,80,48,48,49,41,41,13,0,0],"gold":186,"neow_bonus":"THREE_ENEMY_KILL","is_daily":false,"chose_seed":false,"campfire_upgraded":1,"win_rate":0.0,"timestamp":1609679578,"path_taken":["M","?","?","?","?","E","M","M","T","M","M","R","?","E"],"items_purchased_type":["Card","Card"],"build_version":"2020-12-22","purchased_purges":0,"victory":false,"max_hp_per_floor":[75,75,80,80,80,80,80,80,80,80,80,80,80,80,80],"card_choices":[{"not_picked":["Flex","Wild Strike"],"picked":"Uppercut","floor":1.0},{"not_picked":["Thunderclap","Armaments"],"picked":"Dropkick","floor":5},{"not_picked":["True Grit","Flame Barrier"],"picked":"Inflame","floor":6},{"not_picked":["True Grit","Anger"],"picked":"Metallicize","floor":7},{"not_picked":["Sword Boomerang","Heavy Blade","Clothesline"],"picked":"SKIP","floor":8},{"not_picked":["Clothesline","Iron Wave"],"picked":"Infernal Blade","floor":10},{"not_picked":["Twin Strike","Sword Boomerang"],"picked":"True Grit","floor":11}],"player_experience":878341,"relics_obtained":[{"floor":6,"key":"Sundial"},{"floor":9,"key":"HornCleat"}],"event_choices":[{"damage_healed":0.0,"max_hp_gain":5.0,"max_hp_loss":0.0,"gold_gain":0.0,"event_name":"Big Fish","player_choice":"Donut","floor":3.0,"gold_loss":0.0,"damage_taken":0.0},{"damage_healed":0,"gold_gain":50,"player_choice":"Touch","damage_taken":8,"max_hp_gain":0,"max_hp_loss":0,"event_name":"FaceTrader","floor":4,"gold_loss":0},{"damage_healed":0,"gold_gain":0,"player_choice":"Take Damage","damage_taken":28,"relics_obtained":["Golden Idol"],"max_hp_gain":0,"max_hp_loss":0,"event_name":"Golden Idol","floor":13,"gold_loss":0}],"is_beta":false,"boss_relics":[],"items_purged_floors":[],"is_endless":false,"potions_floor_spawned":[7,8,10],"killed_by":"Gremlin Nob","ascension_level":19}}