{"host":"8i4doyxqctgl5qb0","time":1609708867,"event":{"mods":["AchievementEnabler","BaseMod","Block Reminder","Colored Powertips","Downfall","Marisa£®ÏF”Í°°ƒß¿Ì…≥£©","Minty Spire (QoL Compilation)","Permanent Neow","Potion Indicator Mod","Rare Cards Sparkle","StSLib","SuperFastMode"],"gold_per_floor":[118,133,156,156,156,190,190,215,242,255,274,274,305,126,126,251,251,275,35,33,54,78,78,78,78],"floor_reached":24,"playtime":571,"items_purged":["Regret"],"score":280,"play_id":"752f0c9a-fca5-4ebe-87db-a56deb004695","local_time":"20210104052107","is_ascension_mode":true,"campfire_choices":[{"floor":7.0,"key":"DIG"},{"floor":15.0,"key":"DIG"},{"floor":23,"key":"REST"}],"circlet_count":0,"master_deck":["Strike_B","Strike_B","Strike_B","Strike_B","Defend_B","Defend_B","Defend_B","Defend_B","Zap","Dualcast","Conserve Battery","Turbo","Injury","Streamline","Fusion","Sunder","Capacitor","Storm","Loop","Glacier","Buffer","Redo","Turbo","Go for the Eyes","Leap"],"relics":["Cracked Core","NeowsBlessing","Blood Vial","FossilizedHelix","Golden Idol","Shovel","Potion Belt","Bronze Scales","Pantograph","Bag of Preparation","Matryoshka","Black Star","Cables"],"acts_visited":["Exordium","TheCity"],"potions_floor_usage":[],"damage_taken":[{"damage":0.0,"enemies":"Cultist","floor":1.0,"turns":1.0},{"damage":0.0,"enemies":"Jaw Worm","floor":2.0,"turns":1.0},{"damage":0.0,"enemies":"Gremlin Nob","floor":6.0,"turns":1.0},{"damage":0.0,"enemies":"2 Louse","floor":8.0,"turns":3.0},{"damage":6.0,"enemies":"Gremlin Gang","floor":10.0,"turns":2.0},{"damage":4.0,"enemies":"2 Fungi Beasts","floor":11.0,"turns":2.0},{"damage":16.0,"enemies":"Lagavulin","floor":13.0,"turns":5.0},{"damage":32.0,"enemies":"Slime Boss","floor":16.0,"turns":11.0},{"damage":16.0,"enemies":"3 Byrds","floor":18.0,"turns":3.0},{"damage":11.0,"enemies":"2 Thieves","floor":20.0,"turns":4.0},{"damage":24,"enemies":"Snake Plant","floor":21,"turns":4},{"damage":0,"enemies":"Snecko","floor":22,"turns":5},{"damage":54,"enemies":"Slavers","floor":24,"turns":3}],"seed_played":"5416543458662443612","potions_obtained":[{"floor":6.0,"key":"PowerPotion"},{"floor":8.0,"key":"AttackPotion"},{"floor":10.0,"key":"SkillPotion"}],"is_trial":false,"path_per_floor":["M","M","T","?","?","E","R","M","T","M","M","T","E","$","R","B",null,"M","$","M","M","M","R","E"],"character_chosen":"DEFECT","items_purchased":["Loop","Glacier","Cables"],"campfire_rested":1,"item_purchase_floors":[14,14,19],"current_hp_per_floor":[75,75,75,75,75,75,75,75,75,69,67,67,53,53,53,43,75,59,59,50,28,30,52,0,0],"gold":78,"neow_bonus":"THREE_ENEMY_KILL","is_daily":false,"chose_seed":false,"campfire_upgraded":0,"win_rate":0.0,"timestamp":1609708867,"path_taken":["M","M","?","?","?","E","R","M","T","M","M","?","E","$","R","BOSS","M","$","?","M","M","R","E"],"items_purchased_type":["Card","Card","Relic"],"build_version":"2020-12-22","purchased_purges":1,"victory":false,"max_hp_per_floor":[75,75,75,75,75,75,75,75,75,75,75,75,75,75,75,75,75,75,75,75,75,75,75,75,75],"card_choices":[{"not_picked":["Genetic Algorithm","Gash"],"picked":"Conserve Battery","floor":1.0},{"not_picked":["Cold Snap","Chaos"],"picked":"Turbo","floor":2.0},{"not_picked":["Turbo","Sweeping Beam"],"picked":"Streamline","floor":6.0},{"not_picked":["Chaos","Beam Cell"],"picked":"Fusion","floor":8.0},{"not_picked":["Compile Driver","Cold Snap"],"picked":"Sunder","floor":10.0},{"not_picked":["Rebound","Turbo"],"picked":"Capacitor","floor":11.0},{"not_picked":["Hologram","All For One"],"picked":"Storm","floor":13.0},{"not_picked":["Biased Cognition","Multi-Cast"],"picked":"Buffer","floor":16.0},{"not_picked":["Hologram","Sweeping Beam"],"picked":"Redo","floor":18.0},{"not_picked":["Streamline","Skim"],"picked":"Turbo","floor":20.0},{"not_picked":["Steam","Beam Cell"],"picked":"Go for the Eyes","floor":21},{"not_picked":["Hologram","Go for the Eyes"],"picked":"Leap","floor":22}],"player_experience":52574,"relics_obtained":[{"floor":3.0,"key":"Blood Vial"},{"floor":6.0,"key":"Shovel"},{"floor":7.0,"key":"Potion Belt"},{"floor":9.0,"key":"Bronze Scales"},{"floor":12.0,"key":"Pantograph"},{"floor":13.0,"key":"Bag of Preparation"},{"floor":15.0,"key":"Matryoshka"}],"event_choices":[{"damage_healed":0.0,"max_hp_gain":0.0,"max_hp_loss":0.0,"gold_gain":0.0,"event_name":"Big Fish","player_choice":"Box","floor":4.0,"gold_loss":0.0,"damage_taken":0.0,"relics_obtained":["FossilizedHelix"],"cards_obtained":["Regret"]},{"damage_healed":0.0,"max_hp_gain":0.0,"max_hp_loss":0.0,"gold_gain":0.0,"event_name":"Golden Idol","player_choice":"Take Wound","floor":5.0,"gold_loss":0.0,"damage_taken":0.0,"relics_obtained":["Golden Idol"],"cards_obtained":["Injury"]}],"is_beta":false,"boss_relics":[{"not_picked":["Snecko Eye","Runic Dome"],"picked":"Black Star"}],"items_purged_floors":[14],"is_endless":false,"potions_floor_spawned":[6,8,10],"killed_by":"Slavers","ascension_level":4}}