{"host":"q2n6tlickby1elp8","time":1609659958,"event":{"mods":["BaseMod","BetterRewards","Colored Powertips","Marisa£®ÏF”Í°°ƒß¿Ì…≥£©","Minty Spire (QoL Compilation)","Remilia£®¿Ÿ√◊¿Ú—«£©","SOS£®Àπ∞Õ¥Ô÷Æ◊”£©","Shop Mod","SuperFastMode","The Construct","The Disciple","The Servant 0.9.4","Youmu£®ªÍ∆«—˝√Œ£©","[IsaacMod]“‘»ˆº‚À˛"],"gold_per_floor":[110,110,16,16,36,36,2,13,94,48,48,67,67,78,78,174,174,186,198,210,210,228,228,260,273,297,10,10,29,47,47,47,47,47],"floor_reached":33,"playtime":1220,"items_purged":[],"score":259,"play_id":"ce825e5a-396b-4643-9013-1065bd1947ff","local_time":"20210103154558","is_ascension_mode":false,"campfire_choices":[{"data":"SlashOfPresentWorld","floor":6,"key":"SMITH"},{"floor":13,"key":"REST"},{"data":"SanzenSekai","floor":15,"key":"SMITH"},{"data":"HumanKnowledgeSword","floor":23,"key":"SMITH"},{"floor":28,"key":"REST"},{"floor":32,"key":"REST"}],"circlet_count":0,"master_deck":["Strike_YM","Strike_YM","Strike_YM","Defend_YM","Defend_YM","Defend_YM","Defend_YM","SlashOfPresentWorld+1","WheelOfPainOfLivingAndDead","SuddenDivineSeveringOfKarmicWind","ThreeKonsSevenHakus","HiganSword","SanzenSekai+1","ThoughtCuttingSword","HumanKnowledgeSword+1","SwordExtraction+1","HesitationCuttingSword+1","SuddenPhantomFormationSlashOfKarmicWind","WickedSoul+1","LightFlashOfTheNetherworld+1","TurningAngelCut+1","FlashingScatteredFlowers+1","DispleasureOfTheSevenHakus+1","RapidSlash","KarmicPunishmentOfTheIdleAndUnfocused+1","SlashOfAscensionToBuddhahood"],"relics":["HalfPhantom","HushsDoor","Toxic Egg 2","TheBean","Orichalcum","Black Star","Bottled Tornado","Centennial Puzzle","BlankCard"],"acts_visited":["Exordium","TheCity"],"potions_floor_usage":[16,24,30],"damage_taken":[{"damage":3,"enemies":"Jaw Worm","floor":1,"turns":4},{"damage":2,"enemies":"Small Slimes","floor":5,"turns":3},{"damage":0,"enemies":"Cultist","floor":8,"turns":3},{"damage":7,"enemies":"2 Fungi Beasts","floor":12,"turns":2},{"damage":0,"enemies":"Large Slime","floor":14,"turns":4},{"damage":54,"enemies":"Slime Boss","floor":16,"turns":12},{"damage":9,"enemies":"3 Byrds","floor":18,"turns":3},{"damage":4,"enemies":"Chosen","floor":19,"turns":7},{"damage":21,"enemies":"Centurion and Healer","floor":20,"turns":7},{"damage":3,"enemies":"Sentry and Sphere","floor":22,"turns":3},{"damage":44,"enemies":"Book of Stabbing","floor":24,"turns":5},{"damage":9,"enemies":"Snecko","floor":25,"turns":4},{"damage":24,"enemies":"Centurion and Healer","floor":29,"turns":6},{"damage":13,"enemies":"3 Cultists","floor":30,"turns":6},{"damage":39,"enemies":"Collector","floor":33,"turns":4}],"seed_played":"-7627560813343840543","potions_obtained":[{"floor":5,"key":"Regen Potion"},{"floor":8,"key":"SkillPotion"},{"floor":12,"key":"Strength Potion"},{"floor":24,"key":"FearPotion"},{"floor":25,"key":"SkillPotion"},{"floor":30,"key":"Fruit Juice"}],"is_trial":false,"path_per_floor":["M","?","$","?","M","R","$","M","T","$","?","M","R","M","R","B",null,"M","M","M","?","M","R","E","M","T","$","R","M","M","?","R","B"],"character_chosen":"YOUMU","items_purchased":["ThreeKonsSevenHakus","HiganSword","ThoughtCuttingSword","SwordExtraction+1","BlankCard"],"campfire_rested":3,"item_purchase_floors":[3,3,7,10,27],"current_hp_per_floor":[79,79,79,72,70,70,70,70,70,70,52,45,69,69,69,30,82,73,69,48,75,72,72,28,19,19,19,43,19,11,11,37,0,0],"gold":47,"neow_bonus":"TEN_PERCENT_HP_BONUS","is_daily":false,"chose_seed":false,"campfire_upgraded":3,"win_rate":0.0,"timestamp":1609659958,"path_taken":["M","?","$","?","M","R","$","?","T","$","?","M","R","M","R","BOSS","M","M","M","?","M","R","E","M","T","$","R","?","M","?","R","BOSS"],"items_purchased_type":["Card","Card","Card","Card","Relic"],"build_version":"2020-12-22","purchased_purges":0,"victory":false,"max_hp_per_floor":[82,82,82,82,82,82,82,82,82,82,82,82,82,82,82,82,82,82,82,82,82,82,82,82,82,82,82,82,82,87,87,87,87,87],"card_choices":[{"not_picked":["PhosphoricSlash","Bomb"],"picked":"SuddenDivineSeveringOfKarmicWind","floor":1},{"not_picked":["SwordOfBindingDesires","ThreeKonsSevenHakus"],"picked":"SanzenSekai","floor":5},{"not_picked":["SlashOfDepartureFromHesitation","CrescentMoonSlash"],"picked":"HumanKnowledgeSword","floor":8},{"not_picked":["HumanKnowledgeSword","SwordOfBindingDesires+1"],"picked":"HesitationCuttingSword+1","floor":12},{"not_picked":["LifeCuttingSword","TwoHundredYojanaInOneSlash"],"picked":"SuddenPhantomFormationSlashOfKarmicWind","floor":14},{"not_picked":["FastingOfTheYoungPreta+1","CherryBlossomSword"],"picked":"WickedSoul+1","floor":16},{"not_picked":["SpiderLilyBurial+1","SwordExtraction+1"],"picked":"LightFlashOfTheNetherworld+1","floor":18},{"not_picked":["DoubleWheelOfPain+1","CherryBlossomFlashing"],"picked":"TurningAngelCut+1","floor":19},{"not_picked":["SpiritCuttingSword+1","HeavenlyHaloSlash"],"picked":"FlashingScatteredFlowers+1","floor":20},{"not_picked":["TurningAngelCut+1","SpiderLilyBurial+1"],"picked":"DispleasureOfTheSevenHakus+1","floor":22},{"not_picked":["CrescentMoonSlash","TwoHundredYojanaInOneSlash"],"picked":"RapidSlash","floor":24},{"not_picked":["TwoHundredYojanaInOneSlash","ConstancyOfTheConventionalTruth+1"],"picked":"KarmicPunishmentOfTheIdleAndUnfocused+1","floor":25},{"not_picked":["SlashOfMeditation","CherryBlossomFlashing"],"picked":"SlashOfAscensionToBuddhahood","floor":29},{"not_picked":["PretaSword","SwordOfBindingDesires+1","HellFireSword"],"picked":"SKIP","floor":30}],"player_experience":125898,"relics_obtained":[{"floor":9,"key":"Toxic Egg 2"},{"floor":24,"key":"Bottled Tornado"},{"floor":24,"key":"Centennial Puzzle"}],"event_choices":[{"damage_healed":0,"gold_gain":0,"player_choice":"Ignored","damage_taken":0,"max_hp_gain":0,"max_hp_loss":0,"event_name":"Shining Light","floor":2,"gold_loss":0},{"cards_removed":["Strike_YM"],"damage_healed":0,"gold_gain":0,"player_choice":"Card Removal","damage_taken":7,"max_hp_gain":0,"max_hp_loss":0,"event_name":"Golden Wing","floor":4,"gold_loss":0},{"damage_healed":0,"gold_gain":0,"player_choice":"Success","damage_taken":18,"relics_obtained":["Orichalcum"],"max_hp_gain":0,"max_hp_loss":0,"event_name":"Scrap Ooze","floor":11,"gold_loss":0},{"damage_healed":27,"gold_gain":0,"player_choice":"Heal","damage_taken":0,"max_hp_gain":0,"max_hp_loss":0,"event_name":"The Library","floor":21,"gold_loss":0}],"is_beta":false,"boss_relics":[{"not_picked":["Astrolabe","Runic Dome"],"picked":"Black Star"},{"not_picked":[]}],"items_purged_floors":[],"is_endless":false,"potions_floor_spawned":[5,8,12,14,24,25,30],"killed_by":"Collector","ascension_level":0}}