{"host":"0ydzwspkajt4brzd","time":1609674712,"event":{"mods":["AchievementEnabler","BaseMod","Colored Map","DeckTracker","Highlight Path","Minty Spire (QoL Compilation)","Quick Restart","Random Character Button","Rare Cards Sparkle"],"gold_per_floor":[114,132,82,82,105,143,156,192,192,192,217,233,26,57,57,176,176,189,42,42,54,65,65,99,99,99,99,198,198,230,242,242,242,242],"floor_reached":33,"playtime":1595,"items_purged":[],"score":441,"play_id":"a453e8f7-9dc1-4cf1-a56f-0162726ef191","local_time":"20210103035152","is_ascension_mode":true,"campfire_choices":[{"data":"Bullet Time","floor":10.0,"key":"SMITH"},{"floor":15.0,"key":"REST"},{"floor":23.0,"key":"REST"},{"floor":32,"key":"REST"}],"circlet_count":0,"master_deck":["Strike_G+1","Strike_G+1","Strike_G+1","Strike_G+1","Defend_G+1","Defend_G+1","Defend_G+1","Defend_G+1","Defend_G+1","Survivor","Neutralize","Poisoned Stab","Sucker Punch","Cloak And Dagger","Bullet Time+1","Slice","Crippling Poison","PiercingWail","Apotheosis","Noxious Fumes","Bullet Time","Envenom","Corpse Explosion","Acrobatics","Backflip","Backflip+1"],"relics":["Ring of the Snake","NeowsBlessing","Bloody Idol","PreservedInsect","Vajra","Snake Skull","StrikeDummy","Pen Nib","Busted Crown","Lantern","Enchiridion","Bottled Lightning","Letter Opener","Turnip"],"acts_visited":["Exordium","TheCity"],"potions_floor_usage":[],"damage_taken":[{"damage":0.0,"enemies":"Small Slimes","floor":1.0,"turns":1.0},{"damage":0.0,"enemies":"2 Louse","floor":2.0,"turns":1.0},{"damage":0.0,"enemies":"Lagavulin","floor":6.0,"turns":2.0},{"damage":6.0,"enemies":"Jaw Worm","floor":7.0,"turns":4.0},{"damage":10.0,"enemies":"3 Sentries","floor":8.0,"turns":7.0},{"damage":0.0,"enemies":"Gremlin Gang","floor":11.0,"turns":3.0},{"damage":0.0,"enemies":"Red Slaver","floor":12.0,"turns":2.0},{"damage":10.0,"enemies":"Lagavulin","floor":14.0,"turns":5.0},{"damage":11.0,"enemies":"The Guardian","floor":16.0,"turns":8.0},{"damage":14.0,"enemies":"3 Byrds","floor":18.0,"turns":4.0},{"damage":24.0,"enemies":"Spheric Guardian","floor":21.0,"turns":5.0},{"damage":7.0,"enemies":"Centurion and Healer","floor":22.0,"turns":3.0},{"damage":13.0,"enemies":"Slavers","floor":24.0,"turns":3.0},{"damage":0,"enemies":"Gremlin Leader","floor":30,"turns":3},{"damage":12,"enemies":"Chosen and Byrds","floor":31,"turns":5},{"damage":68,"enemies":"Champ","floor":33,"turns":6}],"seed_played":"-2707751841481834681","potions_obtained":[{"floor":6.0,"key":"SteroidPotion"},{"floor":7.0,"key":"PowerPotion"},{"floor":11.0,"key":"GhostInAJar"},{"floor":22.0,"key":"DuplicationPotion"}],"is_trial":false,"path_per_floor":["M","M","?","?","T","E","M","E","T","R","M","M","$","E","R","B",null,"M","$","?","M","M","R","E","?","T","?","?","T","E","M","R","B"],"character_chosen":"THE_SILENT","items_purchased":["Apotheosis","Noxious Fumes","Corpse Explosion"],"campfire_rested":3,"item_purchase_floors":[13,13,19],"current_hp_per_floor":[70,70,70,53,53,53,47,37,37,37,37,37,37,27,48,37,62,48,48,48,29,27,48,40,24,24,24,29,29,34,27,48,0,0],"gold":242,"neow_bonus":"THREE_ENEMY_KILL","is_daily":false,"chose_seed":false,"campfire_upgraded":1,"win_rate":0.0,"timestamp":1609674712,"path_taken":["M","M","?","?","?","E","M","E","T","R","?","M","?","E","R","BOSS","M","$","?","M","M","R","E","?","T","?","?","?","E","M","R","BOSS"],"items_purchased_type":["Card","Card","Card"],"build_version":"2020-12-22","purchased_purges":0,"victory":false,"max_hp_per_floor":[70,70,70,70,70,70,70,70,70,70,70,70,70,70,70,70,70,70,70,70,70,70,70,70,70,70,70,70,70,70,70,70,70,70],"card_choices":[{"not_picked":["Bane","Dagger Spray"],"picked":"Poisoned Stab","floor":1.0},{"not_picked":["Dodge and Roll","Flying Knee"],"picked":"Sucker Punch","floor":2.0},{"not_picked":["Footwork","Leg Sweep"],"picked":"Cloak And Dagger","floor":6.0},{"not_picked":["Prepared","Deflect"],"picked":"Bullet Time","floor":7.0},{"not_picked":["Outmaneuver","Underhanded Strike"],"picked":"Slice","floor":8.0},{"not_picked":["Slice","PiercingWail"],"picked":"Crippling Poison","floor":11.0},{"not_picked":["Outmaneuver","Backflip"],"picked":"PiercingWail","floor":12.0},{"not_picked":["Underhanded Strike","Cloak And Dagger"],"picked":"Bullet Time","floor":14.0},{"not_picked":["Bullet Time","Phantasmal Killer"],"picked":"Envenom","floor":16.0},{"not_picked":["Sucker Punch"],"picked":"SKIP","floor":18.0},{"not_picked":["Deflect"],"picked":"SKIP","floor":21.0},{"not_picked":[],"picked":"Acrobatics","floor":22.0},{"not_picked":[],"picked":"Backflip","floor":24.0},{"not_picked":["Acrobatics"],"picked":"SKIP","floor":30},{"not_picked":[],"picked":"Backflip+1","floor":31}],"player_experience":447243,"relics_obtained":[{"floor":5.0,"key":"PreservedInsect"},{"floor":6.0,"key":"Vajra"},{"floor":8.0,"key":"Snake Skull"},{"floor":9.0,"key":"StrikeDummy"},{"floor":14.0,"key":"Pen Nib"},{"floor":24.0,"key":"Lantern"},{"floor":25.0,"key":"Enchiridion"},{"floor":26.0,"key":"Bottled Lightning"},{"floor":29.0,"key":"Letter Opener"},{"floor":30,"key":"Turnip"}],"event_choices":[{"cards_removed":["Strike_G"],"damage_healed":0.0,"max_hp_gain":0.0,"max_hp_loss":0.0,"gold_gain":0.0,"event_name":"The Cleric","player_choice":"Card Removal","floor":3.0,"gold_loss":50.0,"damage_taken":0.0},{"damage_healed":0.0,"max_hp_gain":0.0,"max_hp_loss":0.0,"gold_gain":0.0,"event_name":"Golden Idol","player_choice":"Take Damage","floor":4.0,"gold_loss":0.0,"damage_taken":17.0,"relics_obtained":["Golden Idol"]},{"damage_healed":0.0,"max_hp_gain":0.0,"max_hp_loss":0.0,"gold_gain":0.0,"event_name":"Forgotten Altar","player_choice":"Gave Idol","floor":20.0,"relics_lost":["Golden Idol"],"gold_loss":0.0,"damage_taken":0.0,"relics_obtained":["Bloody Idol"]},{"damage_healed":0.0,"max_hp_gain":0.0,"max_hp_loss":0.0,"gold_gain":0.0,"event_name":"Cursed Tome","player_choice":"Obtained Book","floor":25.0,"gold_loss":0.0,"damage_taken":16.0},{"damage_healed":0.0,"max_hp_gain":0.0,"max_hp_loss":0.0,"gold_gain":0.0,"event_name":"Back to Basics","player_choice":"Simplicity","floor":27.0,"gold_loss":0.0,"damage_taken":0.0,"cards_upgraded":["Strike_G","Strike_G","Strike_G","Strike_G","Defend_G","Defend_G","Defend_G","Defend_G","Defend_G"]},{"damage_healed":0.0,"max_hp_gain":0.0,"max_hp_loss":0.0,"gold_gain":99.0,"event_name":"Nest","player_choice":"Stole From Cult","floor":28.0,"gold_loss":0.0,"damage_taken":0.0}],"is_beta":false,"boss_relics":[{"not_picked":["Cursed Key","Coffee Dripper"],"picked":"Busted Crown"}],"items_purged_floors":[],"is_endless":false,"potions_floor_spawned":[6,7,11,16,22,31],"killed_by":"Champ","ascension_level":5}}