{"host":"s6mlqkqtr3ey2mm2","time":1609691404,"event":{"mods":["2.2 Compatiblity","AchievementEnabler","Aspiration","Bard","BaseMod","Beaked The Cultist","Better Note","Better Vampires","BetterRewards","Challenge The Spire","Colored Map","Colored Powertips","Conspire","Curses Come First","Downfall","Emptier Cage","Energized Spire","GifTheSpireLib","GungeonMod","Halation","Hermit","Hubris","Infinite Spire","Ironclad Rager","Mad Scientist","Marked Mod","Minty Spire (QoL Compilation)","Quick Restart","RatMod","Replay The Spire","Retaliation","Robot Space Explorer","Shade Mod","Somnambulant","Spicy Shops","StSLib","Stuff the Spire","The Blue Laboratory","The Construct","The Druid","The IronCluck","The Marked","The Mystic","The Necromancer","The Poker Player","The Runesmith","The Valiant","The Wild Card","Waifu the Spire","vexMod"],"gold_per_floor":[114,124,124,124,124,124,84,96,146,158,170,192,235,315,327,435,447,473,560,592,604,633,645,688,714,726,738,738],"floor_reached":27,"playtime":1854,"items_purged":[],"score":233,"play_id":"a3760280-900c-4a27-9277-74eea33b1899","local_time":"20210103113004","is_ascension_mode":false,"campfire_choices":[{"data":"DemoMod:PotionOfGunFriendShip","floor":6,"key":"SMITH"},{"data":"DemoMod:ShadowBullets","floor":15,"key":"SMITH"},{"data":"DemoMod:FullFirepower","floor":23,"key":"SMITH"}],"circlet_count":0,"master_deck":["DemoMod:Strike_Huntress","DemoMod:Strike_Huntress","DemoMod:Strike_Huntress","DemoMod:Defend_Huntress","DemoMod:Defend_Huntress","DemoMod:Defend_Huntress","DemoMod:Defend_Huntress","DemoMod:Roll","DemoMod:ManualReload","DemoMod:RustySidearm","DemoMod:CrossBow","DemoMod:DirectionalPad","DemoMod:PotionOfGunFriendShip+1","Injury","DemoMod:MachoBrace+1","DemoMod:MegaHand+1","DemoMod:CursedBullets+1","DemoMod:TripleGun+1","DemoMod:ShadowBullets+1","DemoMod:FullFirepower+1","DemoMod:JK47+1","DemoMod:AbyssalTentacle+1","DemoMod:AWP+1"],"relics":["DemoMod:Dog","hubris:Icosahedron","Replay:Baseball","Molten Egg 2","MawBank","StuffTheSpire:PointBlank","energizedSpire:OgreHead","Nloth\u0027s Gift","StuffTheSpire:EmeraldSignet","DemoMod:GlassGuonStoneRelic","halation:SelfBoilingWater"],"acts_visited":["Exordium","TheCity"],"potions_floor_usage":[16,16,25],"damage_taken":[{"damage":5,"enemies":"2 Louse","floor":1,"turns":2},{"damage":8,"enemies":"Jaw Worm","floor":2,"turns":4},{"damage":0,"enemies":"Small Slimes","floor":7,"turns":2},{"damage":0,"enemies":"Looter","floor":8,"turns":3},{"damage":0,"enemies":"3 Louse","floor":12,"turns":2},{"damage":2,"enemies":"Replay:BlueRogue","floor":13,"turns":5},{"damage":40,"enemies":"The Guardian","floor":16,"turns":10},{"damage":15,"enemies":"3 Byrds","floor":18,"turns":7},{"damage":6,"enemies":"Chosen","floor":20,"turns":4},{"damage":16,"enemies":"Snecko","floor":22,"turns":5},{"damage":21,"enemies":"conspire:SneckoGhost","floor":24,"turns":4},{"damage":11,"enemies":"Cultist and Chosen","floor":25,"turns":4},{"damage":3,"enemies":"Slavers","floor":27,"turns":1}],"seed_played":"8091307797650624741","potions_obtained":[{"floor":2,"key":"DemoMod:LeadSkinPotion"},{"floor":7,"key":"blueLaboratory:FrostheartPotion"},{"floor":16,"key":"Adrenaline Potion"},{"floor":18,"key":"Adrenaline Potion"},{"floor":24,"key":"Dexterity Potion"},{"floor":25,"key":"blueLaboratory:CorrosionFlask"}],"is_trial":false,"path_per_floor":["M","M","?","?","?","R","M","M","T","?","?","M","E","T","R","B",null,"M","?","M","?","M","R","E","M","T","E"],"character_chosen":"HUNTRESS","items_purchased":[],"campfire_rested":0,"item_purchase_floors":[],"current_hp_per_floor":[72,64,64,64,64,64,64,64,64,64,64,64,62,62,62,22,77,62,55,49,49,33,33,12,1,1,0,0],"gold":738,"neow_bonus":"TEN_PERCENT_HP_BONUS","is_daily":false,"chose_seed":false,"campfire_upgraded":3,"win_rate":0.0,"timestamp":1609691404,"path_taken":["M","M","?","?","?","R","M","M","T","?","?","M","E","?","R","BOSS","M","?","M","?","M","R","E","?","T","E"],"items_purchased_type":[],"build_version":"2020-12-22","purchased_purges":0,"victory":false,"max_hp_per_floor":[77,77,77,77,77,77,77,77,77,77,77,77,77,77,77,77,77,77,77,77,77,77,77,77,77,77,77,77],"card_choices":[{"not_picked":["DemoMod:SAA","DemoMod:PracticeMakesPerfect"],"picked":"DemoMod:DirectionalPad","floor":1},{"not_picked":["DemoMod:SniperShot","DemoMod:DirectionalPad"],"picked":"DemoMod:PotionOfGunFriendShip","floor":2},{"not_picked":["DemoMod:FastSwitch","DemoMod:HardPowerCard"],"picked":"DemoMod:MachoBrace","floor":7},{"not_picked":["DemoMod:BoxingGlove+1","DemoMod:ConditionalReflex"],"picked":"DemoMod:MegaHand+1","floor":8},{"not_picked":["DemoMod:ConditionalReflex","DemoMod:DoubleSwitch"],"picked":"DemoMod:CursedBullets","floor":12},{"not_picked":["DemoMod:LifeOrb+1","DemoMod:Ejector"],"picked":"DemoMod:TripleGun+1","floor":13},{"not_picked":["DemoMod:ChanceBullets","DemoMod:TeaPot+1"],"picked":"DemoMod:ShadowBullets","floor":13},{"not_picked":["DemoMod:Elimentaler+1","DemoMod:DarkMarker+1"],"picked":"DemoMod:FullFirepower","floor":16},{"not_picked":["DemoMod:MachoBrace","DemoMod:HighKaliber+1"],"picked":"DemoMod:JK47+1","floor":18},{"not_picked":["DemoMod:BoxingGlove+1","DemoMod:DoubleSwitch","DemoMod:AC15+1"],"picked":"SKIP","floor":20},{"not_picked":["DemoMod:HighKaliber+1","DemoMod:TeaPot+1"],"picked":"DemoMod:AbyssalTentacle+1","floor":22},{"not_picked":["DemoMod:AC15+1","DemoMod:HighKaliber+1"],"picked":"DemoMod:AWP+1","floor":24},{"not_picked":["DemoMod:SAA+1","DemoMod:FastSwitch+1","DemoMod:HardPowerCard+1"],"picked":"SKIP","floor":25}],"player_experience":56249,"relics_obtained":[{"floor":4,"key":"Replay:Baseball"},{"floor":9,"key":"MawBank"},{"floor":13,"key":"Replay:Bottled Eggs"},{"floor":14,"key":"StuffTheSpire:PointBlank"},{"floor":24,"key":"StuffTheSpire:EmeraldSignet"},{"floor":26,"key":"halation:SelfBoilingWater"}],"event_choices":[{"damage_healed":0,"gold_gain":75,"player_choice":"Touch","damage_taken":7,"max_hp_gain":0,"max_hp_loss":0,"event_name":"FaceTrader","floor":19,"gold_loss":0},{"damage_healed":0,"gold_gain":0,"player_choice":"Traded Relic","damage_taken":0,"relics_obtained":["Nloth\u0027s Gift"],"max_hp_gain":0,"max_hp_loss":0,"event_name":"N\u0027loth","floor":21,"relics_lost":["Replay:Bottled Eggs"],"gold_loss":0}],"is_beta":false,"boss_relics":[{"not_picked":["Philosopher\u0027s Stone","energizedSpire:MagnifyingGlass"],"picked":"energizedSpire:OgreHead"}],"items_purged_floors":[],"is_endless":false,"potions_floor_spawned":[2,7,16,18,24,25],"killed_by":"Slavers","ascension_level":0}}