{"host":"ojme7g6xlqwffsso","time":1609670759,"event":{"mods":["Act Like it!","BaseMod","Downfall","Hermit","MarisaÅiñ∂âJÅ@ñÇóùçπÅj","Minty Spire (QoL Compilation)","Quick Restart","Replay The Spire","Shade Mod","Shop Mod","StSLib","The Cursed","The Hierophant","The Servant 0.9.4"],"gold_per_floor":[109,184,184,13,13,43,56,56,108,123,150,150,179,59,59,59,59],"floor_reached":16,"playtime":507,"items_purged":[],"score":282,"play_id":"75be86d6-6944-46d9-9423-1c6ea0807a5c","local_time":"20210103194559","is_ascension_mode":true,"campfire_choices":[{"data":"Dualcast","floor":8,"key":"SMITH"},{"floor":12,"key":"REST"},{"floor":15,"key":"REST"}],"circlet_count":0,"master_deck":["AscendersBane","Strike_B","Strike_B","Strike_B","Strike_B","Defend_B","Defend_B","Defend_B","Defend_B","Zap","Dualcast+1","Conserve Battery","Compile Driver","Chaos","Panic Button","ReplayGash","ReplaySolidLightProjector"],"relics":["Cracked Core","NeowsBlessing","MerchantsRug","Oddly Smooth Stone","Centennial Puzzle","Kunai","Bronze Scales"],"acts_visited":[],"potions_floor_usage":[],"damage_taken":[{"damage":0,"enemies":"2 Louse","floor":1,"turns":1},{"damage":0,"enemies":"Gremlin Nob","floor":6,"turns":1},{"damage":0,"enemies":"Jaw Worm","floor":7,"turns":1},{"damage":0,"enemies":"Small Slimes","floor":10,"turns":3},{"damage":37,"enemies":"Lagavulin","floor":11,"turns":8},{"damage":36,"enemies":"Gremlin Nob","floor":13,"turns":4},{"damage":12,"enemies":"Hexaghost","floor":16,"turns":4}],"seed_played":"-2481643272746072768","potions_obtained":[{"floor":10,"key":"Dexterity Potion"},{"floor":11,"key":"Ancient Potion"},{"floor":13,"key":"LiquidMemories"}],"is_trial":false,"path_per_floor":["M","?","?","$","?","E","M","R","T","M","E","R","E","$","R","B"],"character_chosen":"DEFECT","items_purchased":["MerchantsRug","Bronze Scales"],"campfire_rested":2,"item_purchase_floors":[4,14],"current_hp_per_floor":[64,53,53,53,53,53,53,53,60,60,23,46,10,10,33,21,21],"gold":59,"neow_bonus":"THREE_ENEMY_KILL","is_daily":false,"chose_seed":false,"campfire_upgraded":1,"win_rate":0.0,"timestamp":1609670759,"path_taken":["M","?","?","$","?","E","M","R","T","?","E","R","E","$","R","BOSS"],"items_purchased_type":["Relic","Relic"],"build_version":"2020-12-22","purchased_purges":0,"victory":false,"max_hp_per_floor":[71,71,71,71,71,71,71,71,78,78,78,78,78,78,78,78,78],"card_choices":[{"not_picked":["Beam Cell","Auto Shields"],"picked":"Conserve Battery","floor":1},{"not_picked":["Recycle","Gash"],"picked":"Compile Driver","floor":6},{"not_picked":["Conserve Battery","Sweeping Beam"],"picked":"Chaos","floor":7},{"not_picked":["White Noise","Turbo"],"picked":"Panic Button","floor":10},{"not_picked":["Panic Button","Fission"],"picked":"ReplayGash","floor":11},{"not_picked":["Blizzard","Cold Snap"],"picked":"ReplaySolidLightProjector","floor":13}],"player_experience":898694,"relics_obtained":[{"floor":6,"key":"Oddly Smooth Stone"},{"floor":9,"key":"Strawberry"},{"floor":11,"key":"Centennial Puzzle"},{"floor":13,"key":"Kunai"}],"event_choices":[{"damage_healed":0,"gold_gain":75,"player_choice":"Gather Gold","damage_taken":11,"max_hp_gain":0,"max_hp_loss":0,"event_name":"World of Goop","floor":2,"gold_loss":0},{"damage_healed":0,"gold_gain":0,"player_choice":"Ignored","damage_taken":0,"max_hp_gain":0,"max_hp_loss":0,"event_name":"Shining Light","floor":3,"gold_loss":0},{"damage_healed":0,"gold_gain":0,"player_choice":"Ignored","damage_taken":0,"max_hp_gain":0,"max_hp_loss":0,"event_name":"Liars Game","floor":5,"gold_loss":0}],"is_beta":false,"boss_relics":[],"items_purged_floors":[],"is_endless":false,"potions_floor_spawned":[10,11,13],"killed_by":"Hexaghost","ascension_level":20}}