{"host":"Lado","time":1609685121,"event":{"mods":["Aspiration","BaseMod","Better Third Choice","BetterRewards","Card Forge","Conspire","Custom Start","Downfall","FutureSeer","Hero for Fun","Hubris","Infinite Spire","Mad Scientist","Marisa????????","Minty Spire (QoL Compilation)","Quick Restart","READ ME - Guardian Mod","Replay The Spire","Spicy Shops","StSLib","Td1madao Mod","The Administrix","The Animator","The Blackbeard","The Bladedancer","The Bug Knight","The Construct","The Cursed","The Disciple","The Gatherer","The Hierophant","The Jungle","The Marked","The Mystic","The Necromancer","The Sage","The Servant 0.9.4","The Valiant"],"gold_per_floor":[113,113,113,124,124,156,173,24,50,77,90,103,31,49,49,150,150,169,169,181,209,64,64,96,115,167,167,181,196,196,212,212,307,307,326,326,326,341,98,98,125,25,76,76,91,107,107,138,138,138,138,138,138,169,169],"floor_reached":56,"playtime":2506,"items_purged":[],"score":1512,"play_id":"4007713a-a99a-4ffa-ab91-9695c04b7621","local_time":"20210103154521","is_ascension_mode":false,"campfire_choices":[{"floor":15,"key":"RECALL"},{"data":"theMarked:ShockingTouch","floor":23,"key":"SMITH"},{"floor":30,"key":"REST"},{"floor":40,"key":"REST"},{"floor":49,"key":"REST"},{"data":"hubris:InfiniteBlow+74","floor":52,"key":"SMITH"}],"circlet_count":0,"master_deck":["theMarked:Strike+1","theMarked:Strike+1","theMarked:Defend+1","theMarked:Defend+1","theMarked:SoldierOfQuellstein+1","Survivor+1","Neutralize+1","theMarked:EmpowerWeapon+1","theMarked:SoldierForm+1","theMarked:Parkour+1","Pot Of Greed+1","Pot Of Greed+1","theMarked:StartUp+1","theMarked:MuscleMemory+1","theMarked:ElementalBlade+1","hubris:InfiniteBlow+75","theMarked:SwordAndMagic+1","theMarked:Parkour+1","theMarked:BindingBlade+1","Pot Of Greed+1","infinitespire:Fortify+1","infinitespire:Menacing+1","theMarked:Parry+1","theMarked:BindingBlade+1","theMarked:TwofoldDefense+1"],"relics":["theMarked:ArtifactOfAir","Hammer of Thor","Seething Fire","Anvil of the Gods","NeowsBlessing","hubris:TenFootPole","WarpedTongs","hubris:OldNail","ReplayTheSpireMod:CursedCoin","Oddly Smooth Stone","Grinning Jar","infinitespire:Beetle Shell","Lee\u0027s Waffle","SlaversCollar","Cursed Key","Replay:Rubber Ducky","Pet Ghost","hubris:TinFlute","infinitespire:Satchel","aspiration:Stabinomicon","conspire:SpecialSausage","infinitespire:EmpoweringShard","Letter Opener","ReplayTheSpireMod:TigerMarble","Onion Ring","Mango"],"acts_visited":["Exordium","TheCity","TheBeyond","TheEnding"],"potions_floor_usage":[18],"damage_taken":[{"damage":0,"enemies":"Small Slimes","floor":1,"turns":1},{"damage":0,"enemies":"conspire:RoseBush","floor":4,"turns":1},{"damage":0,"enemies":"Gremlin Nob","floor":6,"turns":1},{"damage":0,"enemies":"Jaw Worm","floor":7,"turns":2},{"damage":0,"enemies":"HollowMod:MossKnight","floor":10,"turns":4},{"damage":1,"enemies":"Large Slime","floor":11,"turns":3},{"damage":0,"enemies":"Lots of Slimes","floor":12,"turns":3},{"damage":9,"enemies":"Exordium Thugs","floor":14,"turns":4},{"damage":19,"enemies":"Hexaghost","floor":16,"turns":6},{"damage":5,"enemies":"2 Thieves","floor":18,"turns":3},{"damage":0,"enemies":"Chosen","floor":20,"turns":3},{"damage":0,"enemies":"conspire:MimicChest","floor":21,"turns":1},{"damage":18,"enemies":"Slavers","floor":24,"turns":3},{"damage":0,"enemies":"Snecko","floor":25,"turns":1},{"damage":0,"enemies":"Snake Plant","floor":28,"turns":2},{"damage":0,"enemies":"Sentry and Sphere","floor":29,"turns":2},{"damage":2,"enemies":"Centurion and Healer","floor":31,"turns":3},{"damage":8,"enemies":"hubris:MusketHawk","floor":33,"turns":4},{"damage":18,"enemies":"3 Darklings","floor":35,"turns":3},{"damage":15,"enemies":"Orb Walker","floor":38,"turns":2},{"damage":0,"enemies":"Reptomancer","floor":41,"turns":1},{"damage":0,"enemies":"Sphere and 2 Shapes","floor":45,"turns":2},{"damage":0,"enemies":"Transient","floor":46,"turns":1},{"damage":0,"enemies":"R_Hoarder","floor":48,"turns":2},{"damage":0,"enemies":"Time Eater","floor":50,"turns":4},{"damage":0,"enemies":"Shield and Spear","floor":54,"turns":2},{"damage":66,"enemies":"The Heart","floor":55,"turns":4}],"seed_played":"2403919217210941291","potions_obtained":[{"floor":6,"key":"Milkshake"},{"floor":11,"key":"Cursed Concoction"},{"floor":16,"key":"Fire Potion"},{"floor":20,"key":"Languid Potion"}],"is_trial":false,"path_per_floor":["M","?","?","M","?","E","M","$","T","E","M","M","$","M","R","B",null,"M","AVR","M","?","$","R","E","M","T","$","M","M","R","M","R","B",null,"M","?","AVR","M","$","R","E","NS","T","?","M","M","$","E","R","B",null,"R","$","E","B",null],"character_chosen":"THE_DEFAULT","items_purchased":["ReplayTheSpireMod:CursedCoin","Oddly Smooth Stone","Grinning Jar","Lee\u0027s Waffle","Pet Ghost","infinitespire:EmpoweringShard"],"campfire_rested":3,"item_purchase_floors":[8,8,8,13,22,39],"current_hp_per_floor":[70,70,70,70,70,70,70,70,70,70,69,69,77,68,68,49,77,72,72,72,72,72,72,54,54,54,54,54,54,77,75,68,60,77,59,59,59,44,44,67,67,67,67,67,67,67,67,67,77,77,77,77,77,91,25],"gold":169,"neow_bonus":"THREE_ENEMY_KILL","is_daily":false,"chose_seed":false,"campfire_upgraded":2,"win_rate":0.0,"timestamp":1609685121,"path_taken":["M","?","?","M","?","E","?","?","T","E","M","M","$","M","R","BOSS","M","AVR","M","?","$","R","E","M","T","$","?","?","R","M","R","BOSS","M","?","AVR","M","$","R","E","NS","T","?","M","M","$","E","R","BOSS","R","$","E","BOSS"],"items_purchased_type":["Relic","Relic","Relic","Relic","Relic","Relic"],"build_version":"2020-12-18","purchased_purges":0,"victory":true,"max_hp_per_floor":[70,70,70,70,70,70,70,70,70,70,70,70,77,77,77,77,77,77,77,77,77,77,77,77,77,77,77,77,77,77,77,77,77,77,77,77,77,77,77,77,77,77,77,77,77,77,77,77,77,77,77,77,77,91,91],"card_choices":[{"not_picked":["theMarked:TunnelVision","theMarked:RepellingDischarge"],"picked":"theMarked:ResourceFulStrike","floor":1},{"not_picked":["theMarked:Frustration","theMarked:HeightenedSenses"],"picked":"theMarked:EmpowerWeapon","floor":3},{"not_picked":["theMarked:ReduceFriction","theMarked:RepellingDischarge"],"picked":"theMarked:Overthink","floor":4},{"not_picked":["theMarked:ElectricStrings","theMarked:TakeCover"],"picked":"theMarked:SoldierForm","floor":6},{"not_picked":["theMarked:RogueSparks","theMarked:Static"],"picked":"theMarked:Parkour","floor":7},{"not_picked":["theMarked:Improvise","theMarked:Electrify"],"picked":"theMarked:EmpowerWeapon","floor":10},{"not_picked":["theMarked:Improvise","theMarked:Indomitable","theMarked:ResourceFulStrike"],"picked":"SKIP","floor":11},{"not_picked":["theMarked:EmpowerWeapon","theMarked:Standoff","theMarked:ResourceFulStrike"],"picked":"SKIP","floor":12},{"not_picked":["theMarked:LightningStrikesTwice","theMarked:HeritageOfTheMarked"],"picked":"theMarked:StartUp","floor":14},{"not_picked":["theMarked:MagicAdept","theMarked:Vacuum"],"picked":"theMarked:MuscleMemory","floor":16},{"not_picked":["theMarked:Opportunist","theMarked:Aftermath+1"],"picked":"theMarked:ElementalBlade","floor":18},{"not_picked":["theMarked:ResourceFulStrike","theMarked:LightningStrikesTwice"],"picked":"theMarked:SwordAndMagic","floor":20},{"not_picked":["theMarked:Standoff","theMarked:BanishingStrike"],"picked":"theMarked:ShockingTouch","floor":21},{"not_picked":["theMarked:RogueSparks","theMarked:ElectricStrings+1"],"picked":"theMarked:Parkour","floor":24},{"not_picked":["theMarked:Overthink+1","theMarked:HeightenedSenses","theMarked:Parry"],"picked":"SKIP","floor":25},{"not_picked":["theMarked:Overthink+1","theMarked:HeightenedSenses","theMarked:Parry"],"picked":"SKIP","floor":25},{"not_picked":["theMarked:SwordAndMagic","theMarked:Seal","theMarked:DeterminationOfTheMarked"],"picked":"SKIP","floor":28},{"not_picked":["theMarked:Challenge","theMarked:DeterminationOfTheMarked+1","theMarked:TwofoldDefense"],"picked":"SKIP","floor":29},{"not_picked":["theMarked:MaelstromOfLightning","theMarked:HeritageOfTheMarked+1","theMarked:Indomitable+1"],"picked":"SKIP","floor":31},{"not_picked":["theMarked:ThrowWeapon","theMarked:ChannelForce"],"picked":"theMarked:BindingBlade","floor":33},{"not_picked":["theMarked:ElectricStrings+1","theMarked:WastefulDefense+1"],"picked":"theMarked:WastefulAttack","floor":35},{"not_picked":["theMarked:MaelstromOfLightning","theMarked:SwordAndMagic","theMarked:EnhanceMovement+1"],"picked":"SKIP","floor":38},{"not_picked":["theMarked:SummonStrength","theMarked:Reabsorb","theMarked:Frustration+1"],"picked":"SKIP","floor":41},{"not_picked":["theMarked:SwordAndMagic+1","theMarked:Opportunist+1","theMarked:Reabsorb+1"],"picked":"SKIP","floor":45},{"not_picked":["theMarked:ChainLightning","theMarked:Aftermath"],"picked":"theMarked:Parry","floor":46},{"not_picked":["theMarked:Electrify+1","theMarked:Parkour+1"],"picked":"theMarked:BindingBlade","floor":48},{"not_picked":["theMarked:WardOff","theMarked:HeightenedSenses+1"],"picked":"theMarked:TwofoldDefense+1","floor":54}],"player_experience":491961,"relics_obtained":[{"floor":3,"key":"hubris:TenFootPole"},{"floor":6,"key":"hubris:OldNail"},{"floor":10,"key":"infinitespire:Beetle Shell"},{"floor":21,"key":"Replay:Rubber Ducky"},{"floor":24,"key":"hubris:TinFlute"},{"floor":26,"key":"infinitespire:Satchel"},{"floor":32,"key":"aspiration:Stabinomicon"},{"floor":41,"key":"Letter Opener"},{"floor":43,"key":"ReplayTheSpireMod:TigerMarble"},{"floor":48,"key":"Onion Ring"},{"floor":54,"key":"Mango"}],"event_choices":[{"damage_healed":0,"gold_gain":0,"player_choice":"Rummage","damage_taken":0,"relics_obtained":["WarpedTongs"],"max_hp_gain":0,"max_hp_loss":0,"event_name":"Accursed Blacksmith","floor":5,"gold_loss":0,"cards_obtained":["Pain"]},{"damage_healed":0,"gold_gain":0,"player_choice":"Obtained Book","damage_taken":16,"max_hp_gain":0,"max_hp_loss":0,"event_name":"Cursed Tome","floor":32,"gold_loss":0},{"damage_healed":0,"gold_gain":0,"player_choice":"Got Potions","damage_taken":0,"max_hp_gain":0,"max_hp_loss":0,"event_name":"Lab","floor":44,"gold_loss":0}],"is_beta":true,"boss_relics":[{"not_picked":["SacredBark","Kintsugi"],"picked":"SlaversCollar"},{"not_picked":["hubris:ScarierMask","construct:ClawGrip"],"picked":"conspire:SpecialSausage"}],"items_purged_floors":[],"is_endless":false,"potions_floor_spawned":[6,11,16,20,21,24,31,38,46,48,54],"ascension_level":0}}