{"host":"3iouabftir4t7z56","time":1609634186,"event":{"mods":["2.2 Compatiblity","Act Like it!","BaseMod","Colored Map","Hallownest","Minty Spire (QoL Compilation)","StSLib","The Bug Knight"],"gold_per_floor":[214,232,69,69,89,89,89,14,37,62,62,95,225,225,225,225,225],"floor_reached":16,"playtime":961,"items_purged":["HollowMod:NailStrikeStart"],"score":106,"play_id":"f59b9d69-84ec-4028-a45c-af9035edca44","local_time":"20210103013626","is_ascension_mode":false,"campfire_choices":[{"data":"HollowMod:ShadowDash","floor":6,"key":"SMITH"},{"floor":15,"key":"REST"}],"circlet_count":0,"master_deck":["HollowMod:NailStrikeStart","HollowMod:NailStrikeStart","HollowMod:QuickDashStart","HollowMod:QuickDashStart","HollowMod:QuickDashStart","HollowMod:FocusHealStart","HollowMod:PogoStrike","HollowMod:WraithStrike","HollowMod:SiblingsSouls","HollowMod:VoidDash","HollowMod:ShadowDash+1","HollowMod:DoubleDash","HollowMod:VengefulVoid"],"relics":["HollowMod:VesselMask","Hallownest:DreamNailRelic","Potion Belt","Bag of Preparation"],"acts_visited":["Hallownest:Greenpath"],"potions_floor_usage":[12,16],"damage_taken":[{"damage":1,"enemies":"2_ Uuma","floor":1,"turns":5},{"damage":5,"enemies":"Hallownest:2_Baldur","floor":2,"turns":3},{"damage":3,"enemies":"Hallownest:2_Tiktiks_and_1_Crawlid","floor":5,"turns":5},{"damage":36,"enemies":"Hallownest:eliteVengeflyKing","floor":10,"turns":8},{"damage":23,"enemies":"Hallownest:eliteCrystalGuardian","floor":12,"turns":8},{"damage":13,"enemies":"Hallownest:monsterAspidMother","floor":14,"turns":5},{"damage":30,"enemies":"Hallownest:BossBrokenVessel","floor":16,"turns":8}],"seed_played":"-766868430807885388","potions_obtained":[{"floor":2,"key":"SneckoOil"},{"floor":10,"key":"Strength Potion"}],"is_trial":false,"path_per_floor":["M","M","$","?","M","R","?","$","T","E","?","E","?","M","R","B"],"character_chosen":"THE_BUGKNIGHT","items_purchased":["HollowMod:VoidDash"],"campfire_rested":1,"item_purchase_floors":[3],"current_hp_per_floor":[75,70,70,70,67,67,76,76,76,40,40,17,17,4,27,0,0],"gold":225,"neow_bonus":"HUNDRED_GOLD","is_daily":false,"chose_seed":false,"campfire_upgraded":1,"win_rate":0.0,"timestamp":1609634186,"path_taken":["M","M","$","?","?","R","?","$","T","E","?","E","?","M","R","BOSS"],"items_purchased_type":["Card"],"build_version":"2020-12-22","purchased_purges":1,"victory":false,"max_hp_per_floor":[75,75,75,75,75,75,84,84,84,84,77,77,77,77,77,77,77],"card_choices":[{"not_picked":["HollowMod:CornifersMapStart","HollowMod:BaldurShell"],"picked":"HollowMod:WraithStrike","floor":1},{"not_picked":["HollowMod:ShapeofUnn","HollowMod:CornifersMapStart"],"picked":"HollowMod:SiblingsSouls","floor":2},{"not_picked":["HollowMod:ShapeofUnn","HollowMod:VengefulVoid"],"picked":"HollowMod:ShadowDash","floor":5},{"not_picked":["HollowMod:InfectedCysts","HollowMod:SoulSplash"],"picked":"HollowMod:DoubleDash","floor":10},{"not_picked":["HollowMod:DreamGate","HollowMod:GoodIntentions","HollowMod:HornetsHelp"],"picked":"SKIP","floor":12},{"not_picked":["HollowMod:ChannelNail","HollowMod:MawleksShell"],"picked":"HollowMod:VengefulVoid","floor":14}],"player_experience":586735,"relics_obtained":[{"floor":10,"key":"Potion Belt"},{"floor":12,"key":"Bag of Preparation"}],"event_choices":[],"is_beta":false,"boss_relics":[],"items_purged_floors":[8],"is_endless":false,"potions_floor_spawned":[2,10],"killed_by":"Hallownest:BossBrokenVessel","ascension_level":0}}