{"host":"akjsb4vg7478j4ls","time":1609647885,"event":{"mods":["BaseMod","Colored Powertips","Minty Spire (QoL Compilation)","Rare Cards Sparkle"],"gold_per_floor":[111,122,122,138,213,245,325,341,341,100,100,120,120,120,120,225,225,193,193,218,218,229,229,154,167,192,192,210,210,230,260,260,359,359,377,377,599,615,25,25,25,25,25,25,25],"floor_reached":44,"playtime":3137,"items_purged":[],"score":497,"play_id":"09e401c7-9aef-48d2-9006-870d34b7fd71","local_time":"20210103022445","is_ascension_mode":true,"campfire_choices":[{"floor":11,"key":"REST"},{"floor":15,"key":"REST"},{"floor":23,"key":"REST"},{"floor":29,"key":"REST"},{"floor":32,"key":"REST"},{"floor":40,"key":"REST"},{"data":"After Image","floor":42,"key":"SMITH"}],"circlet_count":0,"master_deck":["Strike_G","Strike_G","Strike_G","Strike_G","Strike_G","Defend_G","Defend_G","Defend_G","Defend_G","Defend_G","Survivor","Neutralize","Footwork","Blade Dance","Dash","Flying Knee","Blur","Apotheosis","Underhanded Strike","Cloak And Dagger","Deflect","After Image+1","Backstab+1","Blade Dance","Adrenaline","After Image","Noxious Fumes","Footwork","Blur+1","Blade Dance","Storm of Steel","Caltrops","Sadistic Nature","Transmutation","Violence","PiercingWail+1","Magnetism","Skewer","Unload","Prepared","Blind","Backflip","Noxious Fumes"],"relics":["Ring of the Snake","NeowsBlessing","Omamori","Matryoshka","Singing Bowl","Snake Skull","Membership Card","Regal Pillow","Black Star","Red Mask","Nunchaku","DollysMirror","MealTicket","Pen Nib","Sundial","Happy Flower","SlaversCollar","Oddly Smooth Stone","Cauldron","InkBottle","Eternal Feather"],"acts_visited":["Exordium","TheCity","TheBeyond"],"potions_floor_usage":[3,18,20,20,20,20,33,33,33,44,44],"damage_taken":[{"damage":0,"enemies":"2 Louse","floor":1,"turns":1},{"damage":0,"enemies":"Jaw Worm","floor":2,"turns":1},{"damage":0,"enemies":"Cultist","floor":4,"turns":1},{"damage":29,"enemies":"Lagavulin","floor":6,"turns":8},{"damage":3,"enemies":"2 Fungi Beasts","floor":8,"turns":4},{"damage":0,"enemies":"Blue Slaver","floor":12,"turns":5},{"damage":12,"enemies":"3 Louse","floor":14,"turns":4},{"damage":70,"enemies":"Slime Boss","floor":16,"turns":22},{"damage":9,"enemies":"2 Thieves","floor":18,"turns":5},{"damage":40,"enemies":"Masked Bandits","floor":20,"turns":9},{"damage":4,"enemies":"Chosen","floor":22,"turns":6},{"damage":2,"enemies":"Centurion and Healer","floor":25,"turns":8},{"damage":0,"enemies":"Snecko","floor":28,"turns":5},{"damage":0,"enemies":"Sentry and Sphere","floor":30,"turns":6},{"damage":41,"enemies":"Slavers","floor":31,"turns":10},{"damage":68,"enemies":"Collector","floor":33,"turns":9},{"damage":13,"enemies":"Orb Walker","floor":35,"turns":4},{"damage":23,"enemies":"3 Darklings","floor":38,"turns":5},{"damage":91,"enemies":"Sphere and 2 Shapes","floor":44,"turns":9}],"seed_played":"-7910211374454612669","potions_obtained":[{"floor":1,"key":"Fruit Juice"},{"floor":4,"key":"Block Potion"},{"floor":16,"key":"SneckoOil"},{"floor":18,"key":"EntropicBrew"},{"floor":20,"key":"Fruit Juice"},{"floor":30,"key":"CultistPotion"},{"floor":33,"key":"DuplicationPotion"},{"floor":39,"key":"DuplicationPotion"},{"floor":39,"key":"SneckoOil"}],"is_trial":false,"path_per_floor":["M","M","$","M","?","E","T","M","T","$","R","M","?","M","R","B",null,"M","?","?","?","M","R","$","M","T","$","M","R","M","E","R","B",null,"M","?","?","M","$","R","?","R","T","M"],"character_chosen":"THE_SILENT","items_purchased":["Membership Card","Apotheosis","Underhanded Strike","DollysMirror","Oddly Smooth Stone","Magnetism","Skewer","Unload","Prepared","Blind","Backflip","Noxious Fumes","Cauldron","InkBottle"],"campfire_rested":6,"item_purchase_floors":[10,10,10,24,39,39,39,39,39,39,39,39,39,39],"current_hp_per_floor":[70,70,75,75,64,35,35,32,32,32,54,54,51,39,75,5,75,66,52,17,17,13,53,53,51,51,66,66,85,85,44,84,16,85,72,62,62,39,54,85,85,85,85,0,0],"gold":25,"neow_bonus":"THREE_ENEMY_KILL","is_daily":false,"chose_seed":false,"campfire_upgraded":1,"win_rate":0.0,"timestamp":1609647885,"path_taken":["M","M","$","M","?","E","?","M","T","$","R","?","?","M","R","BOSS","M","?","?","?","M","R","$","?","T","$","M","R","M","E","R","BOSS","M","?","?","M","$","R","?","R","T","?"],"items_purchased_type":["Relic","Card","Card","Relic","Relic","Card","Card","Card","Card","Card","Card","Card","Relic","Relic"],"build_version":"2020-12-22","purchased_purges":0,"victory":false,"max_hp_per_floor":[70,70,75,75,75,75,75,75,75,75,75,75,75,75,75,75,75,75,80,85,85,85,85,85,85,85,85,85,85,85,85,85,85,85,85,85,85,85,85,85,85,85,85,85,85],"card_choices":[{"not_picked":["Underhanded Strike","Slice"],"picked":"Footwork","floor":1},{"not_picked":["Slice","Backstab"],"picked":"Blade Dance","floor":2},{"not_picked":["Dodge and Roll","Outmaneuver"],"picked":"Dash","floor":4},{"not_picked":["Dodge and Roll","Deflect"],"picked":"Flying Knee","floor":6},{"not_picked":["Catalyst","Sucker Punch"],"picked":"Blur","floor":8},{"not_picked":["Quick Slash","Endless Agony"],"picked":"Cloak And Dagger","floor":12},{"not_picked":["Outmaneuver","Backflip"],"picked":"Deflect","floor":14},{"not_picked":["Bullet Time","Venomology"],"picked":"After Image","floor":16},{"not_picked":["Caltrops","Outmaneuver"],"picked":"Backstab+1","floor":18},{"not_picked":["Deflect+1","Sucker Punch"],"picked":"Blade Dance","floor":20},{"not_picked":["Dagger Spray","Finisher"],"picked":"Adrenaline","floor":22},{"not_picked":["Flying Knee","Prepared"],"picked":"Noxious Fumes","floor":25},{"not_picked":["Underhanded Strike","Quick Slash"],"picked":"Footwork","floor":28},{"not_picked":["Cloak And Dagger","Outmaneuver+1"],"picked":"Blur+1","floor":30},{"not_picked":["Outmaneuver","Dagger Spray"],"picked":"Blade Dance","floor":31},{"not_picked":["Adrenaline","Unload"],"picked":"Storm of Steel","floor":33},{"not_picked":["Underhanded Strike","Skewer+1"],"picked":"Caltrops","floor":35},{"not_picked":["Discovery","Secret Weapon"],"picked":"Sadistic Nature","floor":36},{"not_picked":["Finesse","Jack Of All Trades"],"picked":"Transmutation","floor":36},{"not_picked":["Flash of Steel","Apotheosis"],"picked":"Violence","floor":36},{"not_picked":["Bane","Deadly Poison"],"picked":"PiercingWail+1","floor":38}],"player_experience":87592,"relics_obtained":[{"floor":6,"key":"Omamori"},{"floor":7,"key":"Matryoshka"},{"floor":9,"key":"Singing Bowl"},{"floor":9,"key":"Snake Skull"},{"floor":20,"key":"Red Mask"},{"floor":26,"key":"MealTicket"},{"floor":26,"key":"Pen Nib"},{"floor":31,"key":"Sundial"},{"floor":31,"key":"Happy Flower"},{"floor":43,"key":"Eternal Feather"}],"event_choices":[{"damage_healed":0,"gold_gain":75,"player_choice":"Gather Gold","damage_taken":11,"max_hp_gain":0,"max_hp_loss":0,"event_name":"World of Goop","floor":5,"gold_loss":0},{"damage_healed":0,"gold_gain":0,"player_choice":"Success","damage_taken":3,"relics_obtained":["Regal Pillow"],"max_hp_gain":0,"max_hp_loss":0,"event_name":"Scrap Ooze","floor":13,"gold_loss":0},{"damage_healed":0,"gold_gain":0,"player_choice":"Shed Blood","damage_taken":19,"max_hp_gain":5,"max_hp_loss":0,"event_name":"Forgotten Altar","floor":19,"gold_loss":0},{"damage_healed":0,"gold_gain":0,"player_choice":"Fought Bandits","damage_taken":0,"max_hp_gain":0,"max_hp_loss":0,"event_name":"Masked Bandits","floor":20,"gold_loss":0},{"damage_healed":0,"gold_gain":0,"player_choice":"Stole Relic","damage_taken":0,"relics_obtained":["Nunchaku"],"max_hp_gain":0,"max_hp_loss":0,"event_name":"Addict","floor":21,"gold_loss":0,"cards_obtained":["Shame"]},{"damage_healed":0,"gold_gain":0,"player_choice":"Memory 3","damage_taken":10,"max_hp_gain":0,"max_hp_loss":0,"event_name":"SensoryStone","floor":36,"gold_loss":0},{"damage_healed":0,"gold_gain":222,"player_choice":"Wore Mask","damage_taken":0,"max_hp_gain":0,"max_hp_loss":0,"event_name":"Tomb of Lord Red Mask","floor":37,"gold_loss":0},{"damage_healed":0,"gold_gain":0,"player_choice":"Full Heal","damage_taken":0,"max_hp_gain":0,"max_hp_loss":0,"event_name":"Wheel of Change","floor":41,"gold_loss":0}],"is_beta":false,"boss_relics":[{"not_picked":["Busted Crown","Runic Pyramid"],"picked":"Black Star"},{"not_picked":["Empty Cage","SacredBark"],"picked":"SlaversCollar"}],"items_purged_floors":[],"is_endless":false,"potions_floor_spawned":[1,4,16,18,20,30,33],"killed_by":"Sphere and 2 Shapes","ascension_level":1}}