{"host":"9inlmzyzdhcrisrs","time":1609634433,"event":{"mods":["AchievementEnabler","Ascension Reborn","BaseMod","BetterRewards","Colored Map","Colored Powertips","Conspire","Dota2Spire","Downfall","GungeonMod","Highlight Path","Infinite Spire","Luminous","Marisa£®ÏF”Í°°ƒß¿Ì…≥£©","Mimic Mod","Minty Spire (QoL Compilation)","MostiFishMod","Permanent Neow","Quick Restart","Rare Cards Sparkle","Remove Card Discount Mod","Replay The Spire","Shop Mod","Spicy Shops","StSLib","SuperFastMode","The Cursed","The Jungle","The Saiyan","The Servant 0.9.4","Transform Curses","Unceasing Turn Reminder"],"gold_per_floor":[77,88,108,121,136,136,167,184,199,210,60,72,89,104,114,213,-1187,-1187,-1175,-1175,-1165,-1065,-1032,-1032,-1032,-1018,-1018,-999,-985,-954,-941,-923,-822,-822,-822,-808,-758,-742,-726,-726,-726,-703,-641,-641,-578,-533,-533,-513,-467,-467],"floor_reached":51,"playtime":2184,"items_purged":[],"score":898,"play_id":"c64ac0b1-4829-49fd-84de-9d0451a8fe93","local_time":"20210103084033","is_ascension_mode":true,"campfire_choices":[{"floor":1.0,"key":"RECALL"},{"floor":11.0,"key":"REST"},{"floor":18.0,"key":"DIG"},{"data":"Saiyan:MonkeyTail","floor":27.0,"key":"SMITH"},{"floor":44.0,"key":"REST"},{"data":"Saiyan:AugmentedBlast","floor":47,"key":"SMITH"}],"circlet_count":0,"master_deck":["Saiyan:SAIYA_Strike","Saiyan:SAIYA_Strike","Saiyan:SAIYA_Strike","Saiyan:SAIYA_Strike","Saiyan:SAIYA_Defend","Saiyan:SAIYA_Defend","Saiyan:SAIYA_Defend","Saiyan:SAIYA_Defend","Saiyan:EnergyBlast","Saiyan:KaioKen","Saiyan:RuthlessBlow","ReplayTheSpireMod:Restless Dread","Saiyan:MajinSeal","Saiyan:MeteorDash","Saiyan:SuperSaiyanForm","Saiyan:TheBomb","Saiyan:CCCapsule+1","Saiyan:AugmentedBlast+1","Saiyan:DoubleMasenko+1","Saiyan:FingerParry","Saiyan:KiStrike","Saiyan:MeteorDash","Saiyan:SaiyanHubris","Saiyan:DragonFist","Saiyan:SuperSaiyanThree","Saiyan:MonkeyTail+1","Saiyan:MeteorDash+1","Saiyan:ReverberatingForce","Saiyan:TurtleShell+1","Saiyan:PowerUp","Saiyan:CCCapsule+1","Saiyan:Rekindle+1","Saiyan:TurtleShell","Saiyan:Expend","Saiyan:MeteorDash","Saiyan:TransfigurationBeam+1","Saiyan:MeteorDash","Saiyan:ThirstForFight+1","Saiyan:DoubleMasenko","Parasite","Wraith","Saiyan:KameHameHa+1","Saiyan:Medicine+1","Saiyan:TurtleShell","Saiyan:FinalFlash+1","Saiyan:ConcussiveBlow+1"],"relics":["SaiyanSoul","SaiyanHeart","DaveBox","SentryEyes","downfall:HeartBlessingRed","downfall:HeartBlessingBlue","SynthV:MejaisSoulstealer","DemoMod:MeltedRock","Enchiridion","Replay:Multitool","Pantograph","Golden Egg","Letter Opener","Dota2Spire:Satanic","NightmareShop","Thread and Needle","Dota2Spire:Dagon","Dota2Spire:HandOfMidas","DemoMod:WeirdEgg","infinitespire:BottledMercury"],"acts_visited":["Exordium","TheCity","TheBeyond"],"potions_floor_usage":[50,50,50],"damage_taken":[{"damage":19.0,"enemies":"Jaw Worm","floor":2.0,"turns":3.0},{"damage":0.0,"enemies":"Cultist","floor":3.0,"turns":2.0},{"damage":3.0,"enemies":"Small Slimes","floor":4.0,"turns":2.0},{"damage":0.0,"enemies":"2 Fungi Beasts","floor":5.0,"turns":2.0},{"damage":0.0,"enemies":"3 Louse","floor":7.0,"turns":4.0},{"damage":0.0,"enemies":"3 Louse","floor":8.0,"turns":2.0},{"damage":9.0,"enemies":"Blue Slaver","floor":9.0,"turns":3.0},{"damage":16.0,"enemies":"Large Slime","floor":10.0,"turns":2.0},{"damage":6.0,"enemies":"2 Fungi Beasts","floor":12.0,"turns":2.0},{"damage":7.0,"enemies":"Blue Slaver","floor":13.0,"turns":3.0},{"damage":9.0,"enemies":"Exordium Wildlife","floor":14.0,"turns":3.0},{"damage":0.0,"enemies":"Lots of Slimes","floor":15.0,"turns":2.0},{"damage":31.0,"enemies":"downfall:Watcher","floor":16.0,"turns":5.0},{"damage":6.0,"enemies":"Chosen","floor":19.0,"turns":4.0},{"damage":0.0,"enemies":"3 Byrds","floor":21.0,"turns":2.0},{"damage":20.0,"enemies":"downfall:Silent","floor":22.0,"turns":4.0},{"damage":1.0,"enemies":"conspire:Head Lice","floor":23.0,"turns":3.0},{"damage":1.0,"enemies":"Snecko","floor":26.0,"turns":3.0},{"damage":7.0,"enemies":"Snake Plant","floor":28.0,"turns":2.0},{"damage":6.0,"enemies":"conspire:HollyBat","floor":29.0,"turns":4.0},{"damage":10.0,"enemies":"Replay:Snechameleon","floor":30.0,"turns":4.0},{"damage":0.0,"enemies":"3 Cultists","floor":31.0,"turns":2.0},{"damage":0.0,"enemies":"Snake Plant","floor":32.0,"turns":2.0},{"damage":0.0,"enemies":"downfall:Defect","floor":33.0,"turns":5.0},{"damage":0.0,"enemies":"Orb Walker","floor":36.0,"turns":2.0},{"damage":47.0,"enemies":"Mind Bloom Boss Battle","floor":37.0,"turns":4.0},{"damage":18.0,"enemies":"3 Darklings","floor":38.0,"turns":2.0},{"damage":6.0,"enemies":"Writhing Mass","floor":39.0,"turns":4.0},{"damage":8.0,"enemies":"conspire:MimicChest","floor":43.0,"turns":4.0},{"damage":19.0,"enemies":"Giant Head","floor":45.0,"turns":6.0},{"damage":0.0,"enemies":"Transient","floor":46.0,"turns":5.0},{"damage":17,"enemies":"Spire Growth","floor":48,"turns":3},{"damage":0,"enemies":"Jaw Worm Horde","floor":49,"turns":2},{"damage":19,"enemies":"downfall:Silent","floor":50,"turns":4}],"seed_played":"63343530946787184","potions_obtained":[{"floor":3.0,"key":"ColorlessPotion"},{"floor":9.0,"key":"Fire Potion"},{"floor":10.0,"key":"Swift Potion"},{"floor":16.0,"key":"SkillPotion"},{"floor":23.0,"key":"Strength Potion"},{"floor":26.0,"key":"Block Potion"},{"floor":43.0,"key":"Dota2Spire:HealingSalve"},{"floor":45.0,"key":"SkillPotion"},{"floor":48,"key":"infinitespire:BlackPotion"}],"is_trial":false,"path_per_floor":["R","M","M","M","M","?","MIM","M","M","M","R","M","M","M","M","B",null,"R_BF","M","?","M","?","E","T","?","M","R","M","M","E","M","M","B",null,"R_BF","M","?","M","M","?","T","T","?","R","E","M","R","M","M","B",null],"character_chosen":"SAIYAJIN","items_purchased":[],"campfire_rested":2,"item_purchase_floors":[],"current_hp_per_floor":[60,42,43,40,41,41,43,45,39,25,59,53,48,41,42,13,89,89,87,71,72,56,57,57,90,92,92,87,82,79,80,83,110,119,119,119,74,57,54,54,54,54,50,88,86,87,87,74,74,84],"gold":-467,"neow_bonus":"THREE_RARE_CARDS","is_daily":false,"chose_seed":false,"campfire_upgraded":2,"win_rate":0.0,"timestamp":1609634433,"path_taken":["R","M","M","M","M","?","MIM","M","M","?","R","M","M","M","M","BOSS","R_BF","M","?","M","?","E","T","?","M","R","M","M","E","M","M","BOSS","R_BF","M","?","M","M","?","T","?","?","R","E","?","R","M","M","BOSS"],"items_purchased_type":[],"build_version":"2020-12-22","purchased_purges":0,"victory":true,"max_hp_per_floor":[60,61,62,62,63,63,65,67,70,72,82,82,84,86,87,89,89,89,93,93,94,98,100,100,100,103,103,105,106,113,114,117,119,119,119,119,121,122,125,125,125,125,129,129,131,132,132,136,136,140],"card_choices":[{"not_picked":["Saiyan:TheBomb","Saiyan:SolarFlare"],"picked":"Saiyan:MajinSeal","floor":0.0},{"not_picked":["Saiyan:FingerParry","Saiyan:Flurry"],"picked":"Saiyan:MeteorDash","floor":2.0},{"not_picked":["Saiyan:Planning","Saiyan:ExpandingShockwave"],"picked":"Saiyan:SuperSaiyanForm","floor":3.0},{"not_picked":["Saiyan:Twize","Saiyan:LastResort"],"picked":"Saiyan:TheBomb","floor":4.0},{"not_picked":["Saiyan:ConcussiveBlow","Saiyan:PowerPole"],"picked":"Saiyan:CCCapsule","floor":5.0},{"not_picked":["Saiyan:Flurry","Saiyan:PlotArmor"],"picked":"Saiyan:AugmentedBlast","floor":7.0},{"not_picked":["Saiyan:Fly","Saiyan:Afterimage"],"picked":"Saiyan:DoubleMasenko","floor":8.0},{"not_picked":["Saiyan:Flurry","Saiyan:SoulSpice"],"picked":"Saiyan:FingerParry","floor":9.0},{"not_picked":["Saiyan:PowerUp","Saiyan:BigBangAttack"],"picked":"Saiyan:KiStrike","floor":10.0},{"not_picked":["Saiyan:Planning","Saiyan:Medicine"],"picked":"Saiyan:MeteorDash","floor":12.0},{"not_picked":["Saiyan:MeteorDash","Saiyan:PowerUp"],"picked":"Saiyan:SaiyanHubris","floor":13.0},{"not_picked":["Saiyan:Afterimage","Saiyan:Overexert"],"picked":"Saiyan:DragonFist","floor":14.0},{"not_picked":["Saiyan:MeteorDash","Saiyan:SuperSaiyanForm"],"picked":"Saiyan:SuperSaiyanThree","floor":15.0},{"not_picked":["Saiyan:GhostAttack","Saiyan:GenkiDama"],"picked":"Saiyan:MonkeyTail","floor":16.0},{"not_picked":["Saiyan:FingerParry+1","Saiyan:Flurry"],"picked":"Saiyan:MeteorDash+1","floor":19.0},{"not_picked":["Saiyan:RemoveWeights+1","Saiyan:Afterimage+1"],"picked":"Saiyan:ReverberatingForce","floor":21.0},{"not_picked":["Saiyan:ExpandingShockwave","Saiyan:SaiyanHubris"],"picked":"Saiyan:TurtleShell+1","floor":22.0},{"not_picked":["Saiyan:PlotArmor+1","Saiyan:DoubleMasenko+1"],"picked":"Saiyan:PowerUp","floor":23.0},{"not_picked":["Saiyan:BigBangAttack","Saiyan:Furor"],"picked":"Saiyan:CCCapsule+1","floor":26.0},{"not_picked":["Saiyan:BigBangAttack","Saiyan:PlotArmor"],"picked":"Saiyan:Rekindle","floor":28.0},{"not_picked":["Saiyan:Pacing","Saiyan:RemoveWeights"],"picked":"Saiyan:TurtleShell","floor":29.0},{"not_picked":["Saiyan:Fly","Saiyan:SenzuBean"],"picked":"Saiyan:Expend","floor":30.0},{"not_picked":["Saiyan:Endure+1","Saiyan:Taunt","Saiyan:Planning"],"picked":"SKIP","floor":31.0},{"not_picked":["Saiyan:KiExplosion+1","Saiyan:BackAttack"],"picked":"Saiyan:MeteorDash","floor":32.0},{"not_picked":["Saiyan:HyperTimeChamber","Saiyan:SenzuBean"],"picked":"Saiyan:TransfigurationBeam","floor":33.0},{"not_picked":["Saiyan:CCCapsule+1","Saiyan:BackAttack+1"],"picked":"Saiyan:MeteorDash","floor":36.0},{"not_picked":["Saiyan:BackAttack+1","Saiyan:Honing"],"picked":"Saiyan:ThirstForFight+1","floor":37.0},{"not_picked":["Saiyan:FingerParry+1","Saiyan:BigBangAttack"],"picked":"Saiyan:DoubleMasenko","floor":38.0},{"not_picked":["Saiyan:FingerParry+1","Saiyan:ExpandingShockwave","Saiyan:HyperTimeChamber"],"picked":"SKIP","floor":39.0},{"not_picked":["Saiyan:LastResort+1","Saiyan:ExpandingShockwave+1"],"picked":"Saiyan:KameHameHa+1","floor":43.0},{"not_picked":["Saiyan:ExpandingShockwave","Saiyan:Makankosappo"],"picked":"Saiyan:Medicine+1","floor":45.0},{"not_picked":["Saiyan:PowerStance","Saiyan:KiExplosion"],"picked":"Saiyan:TurtleShell","floor":46},{"not_picked":["Saiyan:PlotArmor+1","Saiyan:RemoveWeights"],"picked":"Saiyan:FinalFlash+1","floor":48},{"not_picked":["Saiyan:AugmentedBlast+1","Saiyan:RemoveWeights+1"],"picked":"Saiyan:ConcussiveBlow+1","floor":49}],"player_experience":28550,"relics_obtained":[{"floor":18.0,"key":"DemoMod:MeltedRock"},{"floor":20.0,"key":"Enchiridion"},{"floor":22.0,"key":"Replay:Multitool"},{"floor":22.0,"key":"Pantograph"},{"floor":23.0,"key":"Golden Egg"},{"floor":24.0,"key":"Letter Opener"},{"floor":30.0,"key":"Dota2Spire:Satanic"},{"floor":37.0,"key":"Thread and Needle"},{"floor":41.0,"key":"Dota2Spire:Dagon"},{"floor":42.0,"key":"Dota2Spire:HandOfMidas"},{"floor":43.0,"key":"DemoMod:WeirdEgg"},{"floor":45.0,"key":"infinitespire:BottledMercury"}],"event_choices":[{"damage_healed":33.0,"max_hp_gain":0.0,"max_hp_loss":0.0,"gold_gain":0.0,"event_name":"The Library","player_choice":"Heal","floor":25.0,"gold_loss":0.0,"damage_taken":0.0},{"damage_healed":0.0,"max_hp_gain":0.0,"max_hp_loss":0.0,"gold_gain":0.0,"event_name":"OrinTheCat","player_choice":"Ignored","floor":40.0,"gold_loss":0.0,"damage_taken":0.0}],"is_beta":false,"boss_relics":[{"not_picked":["JellyFishMachine","ReplayTheSpireMod:SealedPack"],"picked":"SynthV:MejaisSoulstealer"},{"not_picked":["Dota2Spire:Bloodstone","ExusiaiGun"],"picked":"NightmareShop"}],"items_purged_floors":[],"is_endless":false,"potions_floor_spawned":[3,9,10,14,16,23,26,28,31,32,38,39,43,45,48],"ascension_level":0}}