{"host":"xwqwvmlzre68xjvm","time":1609657057,"event":{"mods":["AchievementEnabler","BaseMod","Colored Map","Colored Powertips","Hermit","Marisa£¨Ùöéë¡¡Øª×âÞÞ£©","Minty Spire (QoL Compilation)","Replay The Spire","StSLib","SuperFastMode","The Bug Knight","The Cursed","The Hierophant","The Runesmith"],"gold_per_floor":[112,112,127,302,302,337,337,337,337],"floor_reached":8,"playtime":1220,"items_purged":[],"score":54,"play_id":"8536f028-98f3-4851-a019-e445a96f4fe7","local_time":"20210103155737","is_ascension_mode":false,"campfire_choices":[{"floor":7,"key":"REST"}],"circlet_count":0,"master_deck":["Strike_MRS","Strike_MRS","Strike_MRS","Defend_MRS","Defend_MRS","Defend_MRS","Defend_MRS","MasterSpark","UpSweep","MaximisePower","PowerUp","Regret","SuperPerseids","Doubt","AbsoluteMagnitude+1"],"relics":["MiniHakkero","Regal Pillow","HollowMod:LifeEnderRelic","Molten Egg 2"],"acts_visited":["Exordium"],"potions_floor_usage":[8],"damage_taken":[{"damage":2,"enemies":"Small Slimes","floor":1,"turns":3},{"damage":12,"enemies":"Jaw Worm","floor":3,"turns":2},{"damage":57,"enemies":"3 Sentries","floor":6,"turns":11},{"damage":51,"enemies":"Gremlin Nob","floor":8,"turns":4}],"seed_played":"-7190455270706930198","potions_obtained":[{"floor":6,"key":"SteroidPotion"}],"is_trial":false,"path_per_floor":["M","?","M","?","T","E","R","E"],"character_chosen":"MARISA","items_purchased":[],"campfire_rested":1,"item_purchase_floors":[],"current_hp_per_floor":[73,73,61,61,61,4,41,0,0],"gold":337,"neow_bonus":"TRANSFORM_CARD","is_daily":false,"chose_seed":false,"campfire_upgraded":0,"win_rate":0.0,"timestamp":1609657057,"path_taken":["M","?","M","?","?","E","R","E"],"items_purchased_type":[],"build_version":"2020-12-22","purchased_purges":0,"victory":false,"max_hp_per_floor":[75,75,75,75,75,75,75,75,75],"card_choices":[{"not_picked":["WitchOfGreed","AsteroidBelt"],"picked":"PowerUp","floor":1},{"not_picked":["Robbery","AsteroidBelt"],"picked":"SuperPerseids","floor":3},{"not_picked":["AsteroidBelt","Occultation"],"picked":"AbsoluteMagnitude+1","floor":6}],"player_experience":40008,"relics_obtained":[{"floor":5,"key":"HollowMod:LifeEnderRelic"},{"floor":6,"key":"Molten Egg 2"}],"event_choices":[{"damage_healed":0,"gold_gain":0,"player_choice":"Box","damage_taken":0,"relics_obtained":["Regal Pillow"],"max_hp_gain":0,"max_hp_loss":0,"event_name":"Big Fish","floor":2,"gold_loss":0,"cards_obtained":["Regret"]},{"damage_healed":0,"gold_gain":175,"player_choice":"AGREE","damage_taken":0,"max_hp_gain":0,"max_hp_loss":0,"event_name":"Liars Game","floor":4,"gold_loss":0,"cards_obtained":["Doubt"]}],"is_beta":false,"boss_relics":[],"items_purged_floors":[],"is_endless":false,"potions_floor_spawned":[6],"killed_by":"Gremlin Nob","ascension_level":0}}