{"host":"whyfdmrq1ty0e9zp","time":1609681124,"event":{"mods":["Act Like it!","BaseMod","Colored Map","Colored Powertips","Conspire","Gensokyo","LagranYue(拉格朗・月)","Marisa（F雨　魔理沙）","Minty Spire (QoL Compilation)","MostiFishMod","Prisma Mod","Quick Restart","Relic Stats","Remilia（蕾米莉亚）","Replay The Spire","StSLib","TestMod","The Servant 0.9.4","Youmu（魂魄妖梦）","vexMod","【遗物卡牌】REMEMod"],"gold_per_floor":[109,122,122,139,152,152,182,182,182,182,107,141,182,20,20,94,94,114,514,534,434,449,483,497,535,559,559,619,619,619,640,640,735,735,758,758,194,208,236,236,277,277,304,510,633,686,686,790,790,947],"floor_reached":51,"playtime":3121,"items_purged":["PrismaMod:ChloeCommonAttack","PrismaMod:ChloeCommonAttack","PrismaMod:ChloeCommonDefend"],"score":1750,"play_id":"d06fcf03-9fbf-4a3b-b6d9-686b0daaebb8","local_time":"20210103213844","is_ascension_mode":true,"campfire_choices":[{"data":"PrismaMod:ChloeCaladbolg","floor":6.0,"key":"SMITH"},{"data":"PrismaMod:ChloeRhongomyniad","floor":8.0,"key":"SMITH"},{"data":"PrismaMod:ChloeUnlimitedBladeWorks","floor":15.0,"key":"SMITH"},{"data":"PrismaMod:ChloeAnyPowerTrace","floor":30,"key":"SMITH"},{"data":"PrismaMod:ChloeExhaustTwo","floor":32,"key":"SMITH"},{"data":"PrismaMod:ChloeAnyAttackTrace","floor":40,"key":"SMITH"},{"data":"PrismaMod:ChloeUnlimitedBladeWorks","floor":42,"key":"SMITH"},{"data":"PrismaMod:ChloeCarnivalDefend","floor":47,"key":"SMITH"},{"floor":49,"key":"REST"}],"circlet_count":0,"master_deck":["AscendersBane","PrismaMod:ChloeUnlimitedBladeWorks+1","PrismaMod:ChloeCarnivalDefend+1","PrismaMod:ChloeUnlimitedBladeWorks+1","PrismaMod:ChloeAnyPowerTrace+1","PrismaMod:ChloeAnyAttackTrace+1","PrismaMod:ChloeDoubleRelicSpeed+1","PrismaMod:ChloeAnyRareTrace+1"],"relics":["PrismaMod:PrismaTraceOn","testmod-TestBox","DaveBox","REME_ComplimentaryCards","testmod-ArcanaOfDestiny","SynthV:C4","LagranYue:RandomDrawCardRelic","SynthV:TestCard","ReplayTheSpireMod:Lightbulb","Bottled Lightning","testmod-FatalChain","Omamori","testmod-AssaultLearning","LagranYue:ContractPerformanceRelic","testmod-Acrobat","REME_HandOfSuture","Thread and Needle","Replay:Accelerometer","Oddly Smooth Stone","vexMod:CardConverter","Kintsugi","BrkXgEgg","InkBottle","StoneCalendar","Simple Rune","vexMod:Dragonfruit","REME_ArchaeologicalTools"],"acts_visited":["Exordium","TheCity","TheBeyond"],"potions_floor_usage":[28],"damage_taken":[{"damage":0.0,"enemies":"2 Louse","floor":1.0,"turns":1.0},{"damage":0.0,"enemies":"Cultist","floor":2.0,"turns":1.0},{"damage":0.0,"enemies":"Jaw Worm","floor":4.0,"turns":1.0},{"damage":3.0,"enemies":"Looter","floor":5.0,"turns":3.0},{"damage":14.0,"enemies":"Lagavulin","floor":7.0,"turns":5.0},{"damage":8.0,"enemies":"3 Sentries","floor":12.0,"turns":4.0},{"damage":0.0,"enemies":"Slime Boss","floor":16.0,"turns":6.0},{"damage":4.0,"enemies":"Chosen","floor":18.0,"turns":3.0},{"damage":0.0,"enemies":"2 Thieves","floor":20.0,"turns":1.0},{"damage":0.0,"enemies":"3 Cultists","floor":22.0,"turns":1.0},{"damage":2.0,"enemies":"Gremlin Leader","floor":23.0,"turns":2.0},{"damage":9.0,"enemies":"Cultist and Chosen","floor":24.0,"turns":3.0},{"damage":17.0,"enemies":"Book of Stabbing","floor":25.0,"turns":3.0},{"damage":13,"enemies":"Slavers","floor":28,"turns":2},{"damage":4,"enemies":"Snake Plant","floor":31,"turns":2},{"damage":7,"enemies":"Champ","floor":33,"turns":4},{"damage":0,"enemies":"3 Darklings","floor":35,"turns":2},{"damage":1,"enemies":"3 Shapes","floor":38,"turns":3},{"damage":19,"enemies":"Maw","floor":39,"turns":3},{"damage":0,"enemies":"Reptomancer","floor":41,"turns":2},{"damage":10,"enemies":"R_Hoarder","floor":44,"turns":5},{"damage":47,"enemies":"4 Shapes","floor":45,"turns":4},{"damage":15,"enemies":"Nemesis","floor":46,"turns":3},{"damage":21,"enemies":"Writhing Mass","floor":48,"turns":2},{"damage":2,"enemies":"Donu and Deca","floor":50,"turns":2}],"seed_played":"-1615020882473427142","potions_obtained":[{"floor":3.0,"key":"LifebloodPotion"},{"floor":3.0,"key":"DistilledChaos"},{"floor":16.0,"key":"DuplicationPotion"},{"floor":28,"key":"testmod-TimePotion"},{"floor":28,"key":"Swift Potion"},{"floor":33,"key":"PowerPotion"}],"is_trial":false,"path_per_floor":["M","M","?","M","M","R","E","R","T","?","$","E","?","$","R","B",null,"M","?","M","$","M","E","M","E","T","?","E","?","R","M","R","B",null,"M","?","$","M","M","R","E","R","T","E","M","E","R","M","R_BF","B",null],"character_chosen":"CHLOE","items_purchased":["testmod-AssaultLearning","BrkXgEgg","InkBottle"],"campfire_rested":1,"item_purchase_floors":[14,37,37],"current_hp_per_floor":[64,64,64,64,61,61,47,47,47,47,47,39,11,11,11,11,56,52,52,52,52,52,50,41,24,24,24,13,83,83,79,79,74,84,86,86,86,85,66,66,68,68,68,69,32,57,57,68,98,100],"gold":947,"neow_bonus":"THREE_ENEMY_KILL","is_daily":false,"chose_seed":false,"campfire_upgraded":8,"win_rate":0.0,"timestamp":1609681124,"path_taken":["M","M","?","?","M","R","E","R","T","?","$","E","?","$","R","BOSS","M","?","M","$","M","E","M","E","T","?","E","?","R","?","R","BOSS","M","?","$","M","M","R","E","R","T","E","M","E","R","M","R_BF","BOSS"],"items_purchased_type":["Relic","Relic","Relic"],"build_version":"2020-12-22","purchased_purges":3,"victory":true,"max_hp_per_floor":[71,71,71,71,71,71,71,71,71,71,71,71,71,71,71,71,71,71,71,71,71,71,71,71,71,71,71,73,83,83,83,83,85,87,89,89,89,89,89,89,91,91,91,98,98,98,98,100,100,100],"relic_stats":{"counters":[25,68],"StoneCalendar":[0],"obtain_stats":[{"Replay:Accelerometer":27,"DaveBox":0,"LagranYue:RandomDrawCardRelic":0,"StoneCalendar":41,"PrismaMod:PrismaTraceOn":0,"SynthV:C4":0,"vexMod:CardConverter":28,"REME_ArchaeologicalTools":46,"testmod-ArcanaOfDestiny":0,"InkBottle":37,"testmod-TestBox":0,"NeowsBlessing":0,"testmod-FatalChain":12,"Oddly Smooth Stone":27,"Thread and Needle":27,"BrkXgEgg":37,"Omamori":13,"Calling Bell":27,"vexMod:Dragonfruit":44,"LagranYue:ContractPerformanceRelic":17,"SynthV:TestCard":1,"testmod-AssaultLearning":14,"testmod-Acrobat":23,"Simple Rune":43,"REME_HandOfSuture":26,"Bottled Lightning":9,"Kintsugi":34,"ReplayTheSpireMod:Lightbulb":7,"REME_ComplimentaryCards":0},{"Replay:Accelerometer":13,"DaveBox":0,"LagranYue:RandomDrawCardRelic":0,"StoneCalendar":20,"PrismaMod:PrismaTraceOn":0,"SynthV:C4":0,"vexMod:CardConverter":14,"REME_ArchaeologicalTools":23,"testmod-ArcanaOfDestiny":0,"InkBottle":17,"testmod-TestBox":0,"NeowsBlessing":0,"testmod-FatalChain":6,"Oddly Smooth Stone":13,"Thread and Needle":13,"BrkXgEgg":17,"Omamori":6,"Calling Bell":13,"vexMod:Dragonfruit":21,"LagranYue:ContractPerformanceRelic":7,"SynthV:TestCard":1,"testmod-AssaultLearning":6,"testmod-Acrobat":11,"Simple Rune":20,"REME_HandOfSuture":13,"Bottled Lightning":5,"Kintsugi":16,"ReplayTheSpireMod:Lightbulb":5,"REME_ComplimentaryCards":0},{"Replay:Accelerometer":34,"DaveBox":0,"LagranYue:RandomDrawCardRelic":0,"StoneCalendar":52,"PrismaMod:PrismaTraceOn":0,"SynthV:C4":0,"vexMod:CardConverter":36,"REME_ArchaeologicalTools":64,"testmod-ArcanaOfDestiny":0,"InkBottle":44,"testmod-TestBox":0,"NeowsBlessing":0,"testmod-FatalChain":15,"Oddly Smooth Stone":34,"Thread and Needle":34,"BrkXgEgg":44,"Omamori":15,"Calling Bell":34,"vexMod:Dragonfruit":57,"LagranYue:ContractPerformanceRelic":21,"SynthV:TestCard":1,"testmod-AssaultLearning":15,"testmod-Acrobat":28,"Simple Rune":52,"REME_HandOfSuture":34,"Bottled Lightning":11,"Kintsugi":42,"ReplayTheSpireMod:Lightbulb":11,"REME_ComplimentaryCards":0}],"InkBottle":[25]},"card_choices":[{"not_picked":["PrismaMod:ChloeCheapDefend","PrismaMod:ChloeDiscardRecovery","PrismaMod:ChloeRuleBreaker"],"picked":"SKIP","floor":1.0},{"not_picked":["PrismaMod:ChloeCheapDefend","PrismaMod:ChloeCheapAttackTwo","PrismaMod:ChloeUncommonDefend","PrismaMod:ChloeUncommonAttack"],"picked":"PrismaMod:ChloeExhaustOne","floor":2.0},{"not_picked":["PrismaMod:ChloeCommonAOEAttack","PrismaMod:ChloeExcalibur","PrismaMod:ChloeCheapAttack","PrismaMod:ChloeCheapDefend","PrismaMod:ChloeDiscardRecovery"],"picked":"SKIP","floor":4.0},{"not_picked":["PrismaMod:ChloeBetterTracePools","PrismaMod:ChloeCheapDefend","PrismaMod:ChloeRhongomyniad","PrismaMod:ChloeExhaustOne"],"picked":"PrismaMod:ChloeCaladbolg","floor":5.0},{"not_picked":["PrismaMod:ChloeDiscardRecovery","PrismaMod:ChloeCommonAOEAttack","PrismaMod:ChloeUncommonDefend","PrismaMod:ChloeCheapDefendTwo"],"picked":"PrismaMod:ChloeRhongomyniad","floor":7.0},{"not_picked":["PrismaMod:ChloeCommonAOEAttack","PrismaMod:ChloeCheapAttackTwo","PrismaMod:ChloeCheapDefend","PrismaMod:ChloeExhaustOne"],"picked":"PrismaMod:ChloeUnlimitedBladeWorks","floor":12.0},{"not_picked":["PrismaMod:ChloeCheapDefend","PrismaMod:ChloeCaladbolg","PrismaMod:ChloeEyeOfTheEuryale","PrismaMod:ChloeRhongomyniad"],"picked":"PrismaMod:ChloeCarnivalDefend","floor":13.0},{"not_picked":["PrismaMod:ChloeDevil","PrismaMod:ChloeReshuffleDiscard","PrismaMod:ChloeCarnivalDefend","PrismaMod:ChloeAnyRareTrace"],"picked":"PrismaMod:ChloeUnlimitedBladeWorks","floor":16.0},{"not_picked":["PrismaMod:ChloeCaladbolg","PrismaMod:ChloeCheapDefend","PrismaMod:ChloeCommonAOEAttack","PrismaMod:ChloeEyeOfTheEuryale","PrismaMod:ChloeDiscardRecovery"],"picked":"SKIP","floor":18.0},{"not_picked":["PrismaMod:ChloeCommonAOEAttack","PrismaMod:ChloeExhaustOne","PrismaMod:ChloeRhongomyniad","PrismaMod:ChloeDemonicTutor","PrismaMod:ChloeCheapAttack"],"picked":"SKIP","floor":20.0},{"not_picked":["PrismaMod:ChloeExhaustOne","PrismaMod:ChloeCheapAttack+1","PrismaMod:ChloeCheapAttackTwo","PrismaMod:ChloeMordred","PrismaMod:ChloeCheapDefendTwo"],"picked":"SKIP","floor":22.0},{"not_picked":["PrismaMod:ChloeCheapAttack","PrismaMod:ChloeCommonAOEAttack+1","PrismaMod:ChloeChristmas","PrismaMod:ChloeExhaustOne"],"picked":"PrismaMod:ChloeCarnivalAttack","floor":23.0},{"not_picked":["PrismaMod:ChloeCommonAOEAttack+1","PrismaMod:ChloeCheapAttack","PrismaMod:ChloeDiscardRecovery","PrismaMod:ChloeCheapAttackTwo"],"picked":"PrismaMod:ChloeExhaustTwo","floor":24.0},{"not_picked":["PrismaMod:ChloeCheapAttack","PrismaMod:ChloeExhaustOne","PrismaMod:ChloeCheapDefend","PrismaMod:ChloeCommonAOEAttack","PrismaMod:ChloeCheapDefendTwo"],"picked":"SKIP","floor":25},{"not_picked":["PrismaMod:ChloeExcalibur","PrismaMod:ChloeUncommonAttack","PrismaMod:ChloeCommonAOEAttack","PrismaMod:ChloeDiscardRecovery"],"picked":"PrismaMod:ChloeAnyPowerTrace","floor":28},{"not_picked":["PrismaMod:ChloeRhongomyniad+1","PrismaMod:ChloeCommonAOEAttack+1","PrismaMod:ChloeCheapDefendTwo","PrismaMod:ChloeExhaustOne","PrismaMod:ChloeCheapAttack"],"picked":"SKIP","floor":31},{"not_picked":["PrismaMod:ChloeUnlimitedBladeWorks","PrismaMod:ChloeReshuffleDiscard","PrismaMod:ChloeAnyPowerTrace","PrismaMod:ChloeHalloween"],"picked":"PrismaMod:ChloeAnyAttackTrace","floor":33},{"not_picked":["PrismaMod:ChloeUncommonDefend","PrismaMod:ChloeCheapAttackTwo+1","PrismaMod:ChloeCheapDefendTwo+1","PrismaMod:ChloeRuleBreaker"],"picked":"PrismaMod:ChloeGaeBolg","floor":35},{"not_picked":["PrismaMod:ChloeCheapAttack","PrismaMod:ChloeCheapAttackTwo","PrismaMod:ChloeCommonAOEAttack","PrismaMod:ChloeCheapDefendTwo","PrismaMod:ChloeExhaustTwo"],"picked":"SKIP","floor":38},{"not_picked":["PrismaMod:ChloeRuleBreaker","PrismaMod:ChloeCheapDefendTwo","PrismaMod:ChloeMaid","PrismaMod:ChloeCheapDefend","PrismaMod:ChloeDiscardRecovery"],"picked":"SKIP","floor":39},{"not_picked":["PrismaMod:ChloeCheapDefend","PrismaMod:ChloeChristmas","PrismaMod:ChloeEyeOfTheEuryale","PrismaMod:ChloeExhaustOne","PrismaMod:ChloeCaladbolg","PrismaMod:ChloeUncommonDefend+1"],"picked":"PrismaMod:ChloeDiscardRecovery","floor":41},{"not_picked":["PrismaMod:ChloeUncommonAttack","PrismaMod:ChloeDiscardRecovery","PrismaMod:ChloeExhaustOne","PrismaMod:ChloeCheapAttackTwo"],"picked":"PrismaMod:ChloeDoubleRelicSpeed+1","floor":44},{"not_picked":["PrismaMod:ChloeDiscardRecovery+1","PrismaMod:ChloeExhaustOne+1","PrismaMod:ChloeCommonAOEAttack","PrismaMod:ChloeCheapAttack","PrismaMod:ChloeCheapDefendTwo"],"picked":"SKIP","floor":45},{"not_picked":["PrismaMod:ChloeBetterTracePools","PrismaMod:ChloeRuleBreaker","PrismaMod:ChloeCheapDefend","PrismaMod:ChloeExhaustOne+1","PrismaMod:ChloeChristmas+1"],"picked":"SKIP","floor":46},{"not_picked":["PrismaMod:ChloeExhaustOne+1","PrismaMod:ChloeCheapDefendTwo+1","PrismaMod:ChloeUncommonAttack","PrismaMod:ChloeDiscardRecovery"],"picked":"PrismaMod:ChloeAnyRareTrace+1","floor":48}],"player_experience":489944,"relics_obtained":[{"floor":1.0,"key":"SynthV:TestCard"},{"floor":7.0,"key":"ReplayTheSpireMod:Lightbulb"},{"floor":9.0,"key":"Bottled Lightning"},{"floor":12.0,"key":"testmod-FatalChain"},{"floor":13.0,"key":"Omamori"},{"floor":23.0,"key":"testmod-Acrobat"},{"floor":26,"key":"REME_HandOfSuture"},{"floor":27,"key":"Thread and Needle"},{"floor":27,"key":"Replay:Accelerometer"},{"floor":27,"key":"Oddly Smooth Stone"},{"floor":28,"key":"vexMod:CardConverter"},{"floor":41,"key":"StoneCalendar"},{"floor":43,"key":"Simple Rune"},{"floor":44,"key":"vexMod:Dragonfruit"},{"floor":46,"key":"REME_ArchaeologicalTools"}],"event_choices":[{"damage_healed":0.0,"max_hp_gain":0.0,"max_hp_loss":0.0,"gold_gain":0.0,"event_name":"Lab","player_choice":"Got Potions","floor":3.0,"gold_loss":0.0,"damage_taken":0.0},{"damage_healed":0.0,"max_hp_gain":0.0,"max_hp_loss":0.0,"gold_gain":0.0,"event_name":"Liars Game","player_choice":"Ignored","floor":10.0,"gold_loss":0.0,"damage_taken":0.0},{"damage_healed":0.0,"max_hp_gain":0.0,"max_hp_loss":0.0,"gold_gain":400.0,"event_name":"恩洛斯的盘子","player_choice":"Sell","floor":19.0,"relics_lost":["NeowsBlessing"],"gold_loss":0.0,"damage_taken":0.0},{"damage_healed":0,"gold_gain":0,"player_choice":"Swap Relic","damage_taken":0,"relics_obtained":["Calling Bell"],"max_hp_gain":0,"max_hp_loss":0,"event_name":"给自己的盒子","floor":27,"relics_lost":["Calling Bell"],"gold_loss":0},{"cards_removed":["PrismaMod:ChloeCarnivalAttack"],"damage_healed":60,"gold_gain":0,"player_choice":"Offered Rare","damage_taken":0,"max_hp_gain":10,"max_hp_loss":0,"event_name":"Bonfire Elementals","floor":29,"gold_loss":0},{"cards_removed":["Clumsy"],"damage_healed":0,"gold_gain":0,"player_choice":"Removed Curses","damage_taken":0,"max_hp_gain":0,"max_hp_loss":0,"event_name":"Fountain of Cleansing","floor":36,"gold_loss":0}],"is_beta":false,"boss_relics":[{"not_picked":["Philosopher\u0027s Stone","Cursed Key"],"picked":"LagranYue:ContractPerformanceRelic"},{"not_picked":["Tiny House","conspire:SlowCooker"],"picked":"Kintsugi"}],"items_purged_floors":[11,21,37],"is_endless":false,"potions_floor_spawned":[5,12,16,20,22,23,33,35,38,39,48],"ascension_level":16}}