{"host":"pqhwp6kmk3x070f7","time":1609669357,"event":{"mods":["Act Like it!","BaseMod","Better Altar","Better Match","Better Note","Better Sensory Stone","Better Skull","Better Third Choice","Downfall","Energized Spire","Hallownest","Hubris","Infinite Spire","Minty Spire (QoL Compilation)","Replay The Spire","StSLib","The Animator","The Bug Knight","The Caster","The Marked"],"gold_per_floor":[118,118,133,150,325,350,11,11,11,11,11,27,47,80,80,181,181,198,473,483,496,496],"floor_reached":21,"playtime":3438,"items_purged":["Doubt"],"score":241,"play_id":"142dd7d9-d1c3-4cd8-ab94-7691526a4daa","local_time":"20210103022237","is_ascension_mode":false,"campfire_choices":[{"data":"hubris:EnhanceAbility","floor":10,"key":"SMITH"},{"floor":15,"key":"REST"}],"circlet_count":0,"master_deck":["caster:Meteor","caster:DivertFocus","caster:strike","caster:strike","caster:strike","caster:strike","caster:defend","caster:defend","caster:defend","caster:defend","caster:defend","caster:Illusion","caster:ShivasGrace","caster:SunGoddessAmaterasu","hubris:EnhanceAbility+1","caster:Fira+1","caster:Rectify","caster:Grimoire+1","caster:ManaOverflow+1","CurseOfTheBell","caster:Incantation+1","Regret","caster:GlacialShield+1","caster:EchoingVoice"],"relics":["caster:MagicBook","Blue Candle","Bottled Tornado","infinitespire:Eraser","Replay:Wax Seal","Sling","Frozen Egg 2","CaptainsWheel","Calling Bell","Strawberry","infinitespire:EmpoweringShard","Ginger"],"acts_visited":["Exordium","TheCity"],"potions_floor_usage":[6,16,18,18,21],"damage_taken":[{"damage":2,"enemies":"Cultist","floor":1,"turns":5},{"damage":0,"enemies":"Small Slimes","floor":3,"turns":3},{"damage":0,"enemies":"Jaw Worm","floor":4,"turns":7},{"damage":1,"enemies":"Replay:BlueRogue","floor":6,"turns":8},{"damage":0,"enemies":"Red Slaver","floor":12,"turns":7},{"damage":7,"enemies":"Blue Slaver","floor":13,"turns":3},{"damage":0,"enemies":"Lagavulin","floor":14,"turns":9},{"damage":36,"enemies":"Slime Boss","floor":16,"turns":15},{"damage":19,"enemies":"Spheric Guardian","floor":18,"turns":7},{"damage":20,"enemies":"Chosen","floor":20,"turns":5},{"damage":37,"enemies":"Centurion and Healer","floor":21,"turns":11}],"seed_played":"6152811468943612954","potions_obtained":[{"floor":1,"key":"Venom Potion"},{"floor":12,"key":"AttackPotion"},{"floor":13,"key":"Block Potion"},{"floor":14,"key":"ColorlessPotion"},{"floor":20,"key":"Block Potion"}],"is_trial":false,"path_per_floor":["M","T","M","M","?","E","$","?","T","R","$","M","M","E","R","B",null,"M","?","M","M"],"character_chosen":"THE_CASTER","items_purchased":["caster:SunGoddessAmaterasu","hubris:EnhanceAbility","Replay:Wax Seal","Sling","Frozen Egg 2"],"campfire_rested":1,"item_purchase_floors":[7,7,11,11,11],"current_hp_per_floor":[68,68,68,68,68,67,67,67,67,67,36,36,29,29,50,14,77,58,58,38,1,1],"gold":496,"neow_bonus":"TEN_PERCENT_HP_BONUS","is_daily":false,"chose_seed":false,"campfire_upgraded":1,"win_rate":0.0,"timestamp":1609669357,"path_taken":["M","?","M","M","?","E","$","?","T","R","?","M","?","E","R","BOSS","M","?","M","M"],"items_purchased_type":["Card","Card","Relic","Relic","Relic"],"build_version":"2020-12-22","purchased_purges":1,"victory":false,"max_hp_per_floor":[70,70,70,70,70,70,70,70,70,70,70,70,70,70,70,70,77,77,77,77,77,77],"card_choices":[{"not_picked":["caster:Enfeeble","caster:FlashSpeed"],"picked":"caster:Illusion","floor":1},{"not_picked":["caster:MagicWeapon","caster:FrostDriver"],"picked":"caster:ShivasGrace","floor":3},{"not_picked":["caster:Enfeeble","caster:Conflagrate","caster:Sandstorm"],"picked":"SKIP","floor":4},{"not_picked":["caster:FireWall","caster:MagicWeapon","caster:FlashFrost"],"picked":"SKIP","floor":6},{"not_picked":["caster:QuickCast","caster:FireWall"],"picked":"caster:Rectify","floor":12},{"not_picked":["caster:Embers","caster:Conflagrate"],"picked":"caster:Grimoire+1","floor":13},{"not_picked":["caster:QuickCast","caster:GlacialShield","caster:Charge"],"picked":"SKIP","floor":14},{"not_picked":["caster:Focusyn+1","caster:LordOfVermillion"],"picked":"caster:ManaOverflow+1","floor":16},{"not_picked":["caster:BurnItDown","caster:Sleet+1"],"picked":"caster:Incantation+1","floor":18},{"not_picked":["caster:MagicBarrier","caster:Enfeeble"],"picked":"caster:GlacialShield+1","floor":20},{"not_picked":["caster:FlashFrost+1","caster:FrostDriver"],"picked":"caster:EchoingVoice","floor":21}],"player_experience":1980412,"relics_obtained":[{"floor":2,"key":"Blue Candle"},{"floor":6,"key":"Bottled Tornado"},{"floor":9,"key":"infinitespire:Eraser"},{"floor":14,"key":"CaptainsWheel"},{"floor":17,"key":"Strawberry"},{"floor":17,"key":"infinitespire:EmpoweringShard"},{"floor":17,"key":"Ginger"}],"event_choices":[{"damage_healed":0,"gold_gain":175,"player_choice":"AGREE","damage_taken":150,"max_hp_gain":0,"max_hp_loss":0,"event_name":"betterThird:BetterSerpent","floor":5,"gold_loss":0},{"damage_healed":0,"gold_gain":275,"player_choice":"Desecrate","damage_taken":0,"max_hp_gain":0,"max_hp_loss":0,"event_name":"Golden Shrine","floor":19,"gold_loss":0,"cards_obtained":["Regret"]}],"is_beta":false,"boss_relics":[{"not_picked":["Runic Dome","hubris:BlackHole"],"picked":"Calling Bell"}],"items_purged_floors":[7],"is_endless":false,"potions_floor_spawned":[1,12,13,14,20],"killed_by":"Centurion and Healer","ascension_level":0}}