{"host":"szp1d6dso4pv7ddl","time":1609715109,"event":{"mods":["AchievementEnabler","Alarm Clock","BaseMod","Bestiary","Block Reminder","Colored Map","Colored Powertips","Curses Come First","Displayed Cursed Tome","Highlight Path","Minty Spire (QoL Compilation)","Permanent Neow","Quick Restart","Relic Sorter","Relic Stats","StSLib","Synergy Search"],"gold_per_floor":[113,188,206,182,200,200,226,226,253,253,282,298,473,398,398,495,495,514,525,305,320,338,338,338,338],"floor_reached":24,"playtime":979,"items_purged":["Doubt","Strike_P"],"score":277,"play_id":"b4628eee-f799-4bc1-b509-ce5605c33bb0","local_time":"20210103150509","is_ascension_mode":true,"campfire_choices":[{"data":"Eruption","floor":6,"key":"SMITH"},{"data":"Indignation","floor":8,"key":"SMITH"},{"data":"WheelKick","floor":10,"key":"SMITH"},{"data":"Alpha","floor":15,"key":"SMITH"},{"floor":23,"key":"REST"}],"circlet_count":0,"master_deck":["Strike_P","Strike_P","Strike_P","Defend_P","Defend_P","Defend_P","Defend_P","Eruption+1","Vigilance","WheelKick+1","EmptyFist","FollowUp","Indignation+1","EmptyFist","Alpha+1","DevaForm","ThirdEye"],"relics":["Philosopher\u0027s Stone","Bag of Preparation","Strawberry","WingedGreaves","Runic Pyramid","Membership Card"],"acts_visited":["Exordium","TheCity"],"potions_floor_usage":[18,21],"damage_taken":[{"damage":0,"enemies":"Jaw Worm","floor":1,"turns":3},{"damage":0,"enemies":"2 Louse","floor":3,"turns":2},{"damage":0,"enemies":"Cultist","floor":5,"turns":2},{"damage":0,"enemies":"Lagavulin","floor":7,"turns":3},{"damage":6,"enemies":"3 Sentries","floor":11,"turns":4},{"damage":0,"enemies":"Exordium Wildlife","floor":12,"turns":1},{"damage":60,"enemies":"Hexaghost","floor":16,"turns":6},{"damage":7,"enemies":"2 Thieves","floor":18,"turns":2},{"damage":32,"enemies":"3 Byrds","floor":19,"turns":5},{"damage":0,"enemies":"Snake Plant","floor":21,"turns":1},{"damage":33,"enemies":"Shelled Parasite and Fungi","floor":22,"turns":3},{"damage":34,"enemies":"Book of Stabbing","floor":24,"turns":3}],"seed_played":"-7917141540271610382","potions_obtained":[{"floor":11,"key":"Energy Potion"},{"floor":12,"key":"Strength Potion"},{"floor":16,"key":"Swift Potion"},{"floor":19,"key":"LiquidMemories"},{"floor":21,"key":"Fire Potion"}],"is_trial":false,"path_per_floor":["M","?","M","$","M","R","E","R","T","R","E","M","?","$","R","B",null,"M","M","$","M","M","R","E"],"character_chosen":"WATCHER","items_purchased":["FollowUp","Membership Card","ThirdEye"],"campfire_rested":1,"item_purchase_floors":[4,20,20],"current_hp_per_floor":[72,61,61,61,61,61,68,68,68,68,62,62,62,62,62,2,79,72,40,40,40,7,30,0,0],"gold":338,"neow_bonus":"BOSS_RELIC","is_daily":false,"chose_seed":false,"campfire_upgraded":4,"win_rate":0.0,"timestamp":1609715109,"path_taken":["M","?","M","$","M","R","E","R","T","R","E","M","?","$","R","BOSS","M","M","$","M","M","R","E"],"items_purchased_type":["Card","Relic","Card"],"build_version":"2020-12-22","purchased_purges":2,"victory":false,"max_hp_per_floor":[72,72,72,72,72,72,79,79,79,79,79,79,79,79,79,79,79,79,79,79,79,79,79,79,79],"relic_stats":{"counters":[12,35],"Bag of Preparation":[16],"obtain_stats":[{"Strawberry":7,"Philosopher\u0027s Stone":0,"WingedGreaves":11,"Bag of Preparation":9,"Membership Card":20,"PureWater":0,"Runic Pyramid":17},{"Strawberry":4,"Philosopher\u0027s Stone":0,"WingedGreaves":5,"Bag of Preparation":4,"Membership Card":9,"PureWater":0,"Runic Pyramid":7},{"Strawberry":10,"Philosopher\u0027s Stone":0,"WingedGreaves":14,"Bag of Preparation":10,"Membership Card":28,"PureWater":0,"Runic Pyramid":21}]},"card_choices":[{"not_picked":["FlyingSleeves","Nirvana"],"picked":"WheelKick","floor":1},{"not_picked":["Evaluate","ThirdEye"],"picked":"EmptyFist","floor":3},{"not_picked":["PathToVictory","Crescendo"],"picked":"Indignation","floor":5},{"not_picked":["FollowUp","ThirdEye"],"picked":"EmptyFist","floor":7},{"not_picked":["Protect","InnerPeace"],"picked":"Alpha","floor":11},{"not_picked":["FlurryOfBlows","MentalFortress","FollowUp"],"picked":"SKIP","floor":12},{"not_picked":["Scrawl","Wish"],"picked":"DevaForm","floor":16},{"not_picked":["CrushJoints+1","Prostrate+1","Worship+1"],"picked":"SKIP","floor":18},{"not_picked":["Collect+1","FlurryOfBlows+1","Worship"],"picked":"SKIP","floor":19},{"not_picked":["FearNoEvil","ClearTheMind","Prostrate+1"],"picked":"SKIP","floor":21},{"not_picked":["PathToVictory","ClearTheMind","Protect"],"picked":"SKIP","floor":22}],"player_experience":1109909,"relics_obtained":[{"floor":7,"key":"Strawberry"},{"floor":9,"key":"Bag of Preparation"},{"floor":11,"key":"WingedGreaves"}],"event_choices":[{"damage_healed":0,"gold_gain":75,"player_choice":"Gather Gold","damage_taken":11,"max_hp_gain":0,"max_hp_loss":0,"event_name":"World of Goop","floor":2,"gold_loss":0},{"damage_healed":0,"gold_gain":175,"player_choice":"AGREE","damage_taken":0,"max_hp_gain":0,"max_hp_loss":0,"event_name":"Liars Game","floor":13,"gold_loss":0,"cards_obtained":["Doubt"]}],"is_beta":false,"boss_relics":[{"not_picked":["Runic Dome","Fusion Hammer"],"picked":"Runic Pyramid"}],"items_purged_floors":[14,20],"is_endless":false,"potions_floor_spawned":[11,12,16,19,21],"killed_by":"Book of Stabbing","ascension_level":4}}