{"host":"doxo6v3vhswwfk80","time":1609641476,"event":{"mods":["2.2 Compatiblity","AchievementEnabler","Act Like it!","BaseMod","Better Altar","Better Match","Better Note","Better Sensory Stone","Better Skull","Better Third Choice","Curses Come First","Hermit","Minty Spire (QoL Compilation)","Quick Restart","Relic Stats","Spicy Shops","StSLib","The Disciple","The Hierophant","The Marked","The Runesmith"],"gold_per_floor":[115,126,141,158,158,158,198,198,247,247,272,312,325,5,5,125,125,150,169,169,169],"floor_reached":20,"playtime":1444,"items_purged":[],"score":211,"play_id":"d699d45a-f122-44e4-aec1-fe4988f0406c","local_time":"20210102203756","is_ascension_mode":false,"campfire_choices":[{"floor":6,"key":"REST"},{"floor":8,"key":"REST"},{"floor":15,"key":"REST"}],"circlet_count":0,"master_deck":["theMarked:Strike","theMarked:Strike","theMarked:Strike","theMarked:Strike","theMarked:Strike","theMarked:Defend","theMarked:Defend","theMarked:Defend","theMarked:Defend","theMarked:SoldierOfQuellstein","theMarked:SwordAndMagic","theMarked:WardOff","theMarked:Electrify","theMarked:Standoff","theMarked:SwordAndMagic","theMarked:HeritageOfTheMarked+1","Bandage Up+1","theMarked:ElementalBlade","theMarked:BanishingStrike","theMarked:ResourceFulStrike","theMarked:SoldierForm","theMarked:SummonStrength","theMarked:Defy","theMarked:ChainLightning","theMarked:RogueSparks+1"],"relics":["theMarked:ArtifactOfAir","Golden Idol","The Courier","Bag of Marbles","Toy Ornithopter","Mango","theMarked:SpiritSword"],"acts_visited":["Exordium","TheCity"],"potions_floor_usage":[4,7,12,12,20],"damage_taken":[{"damage":1,"enemies":"Cultist","floor":1,"turns":3},{"damage":3,"enemies":"Jaw Worm","floor":2,"turns":3},{"damage":7,"enemies":"Small Slimes","floor":3,"turns":3},{"damage":3,"enemies":"Blue Slaver","floor":4,"turns":3},{"damage":19,"enemies":"Gremlin Nob","floor":7,"turns":6},{"damage":12,"enemies":"Large Slime","floor":11,"turns":5},{"damage":31,"enemies":"Lagavulin","floor":12,"turns":4},{"damage":10,"enemies":"2 Fungi Beasts","floor":13,"turns":3},{"damage":56,"enemies":"The Guardian","floor":16,"turns":12},{"damage":48,"enemies":"2 Thieves","floor":18,"turns":4},{"damage":24,"enemies":"Shell Parasite","floor":19,"turns":3},{"damage":39,"enemies":"Centurion and Healer","floor":20,"turns":3}],"seed_played":"-7236372632202824883","potions_obtained":[{"floor":2,"key":"EssenceOfSteel"},{"floor":3,"key":"Block Potion"},{"floor":4,"key":"LiquidMemories"},{"floor":11,"key":"LiquidMemories"},{"floor":19,"key":"GamblersBrew"}],"is_trial":false,"path_per_floor":["M","M","M","M","?","R","E","R","T","?","M","E","M","$","R","B",null,"M","M","M"],"character_chosen":"THE_DEFAULT","items_purchased":["theMarked:SoldierForm","Mango","theMarked:SummonStrength"],"campfire_rested":3,"item_purchase_floors":[14,14,14],"current_hp_per_floor":[76,73,66,63,44,67,48,71,71,71,65,40,36,50,77,27,91,49,25,0,0],"gold":169,"neow_bonus":"TEN_PERCENT_HP_BONUS","is_daily":false,"chose_seed":false,"campfire_upgraded":0,"win_rate":0.0,"timestamp":1609641476,"path_taken":["M","M","?","?","?","R","E","R","T","?","?","E","M","$","R","BOSS","M","M","M"],"items_purchased_type":["Card","Relic","Card"],"build_version":"2020-12-22","purchased_purges":0,"victory":false,"max_hp_per_floor":[77,77,77,77,77,77,77,77,77,77,77,77,77,91,91,91,91,91,91,91,91],"relic_stats":{"counters":[12,52],"Golden Idol":57,"obtain_stats":[{"theMarked:ArtifactOfAir":0,"Golden Idol":5,"Mango":14,"The Courier":7,"theMarked:SpiritSword":17,"Bag of Marbles":9,"Toy Ornithopter":12},{"theMarked:ArtifactOfAir":0,"Golden Idol":4,"Mango":8,"The Courier":5,"theMarked:SpiritSword":9,"Bag of Marbles":5,"Toy Ornithopter":7},{"theMarked:ArtifactOfAir":0,"Golden Idol":12,"Mango":30,"The Courier":18,"theMarked:SpiritSword":42,"Bag of Marbles":18,"Toy Ornithopter":27}],"Toy Ornithopter":5},"card_choices":[{"not_picked":["theMarked:Frustration","theMarked:BanishingStrike"],"picked":"theMarked:SwordAndMagic","floor":1},{"not_picked":["theMarked:HeightenedSenses","theMarked:ShockingTouch"],"picked":"theMarked:WardOff","floor":2},{"not_picked":["theMarked:Seal","theMarked:Polarize"],"picked":"theMarked:Electrify","floor":3},{"not_picked":["theMarked:LightningStrikesTwice","theMarked:RepellingDischarge"],"picked":"theMarked:Standoff","floor":4},{"not_picked":["theMarked:Vacuum","theMarked:WastefulAttack"],"picked":"theMarked:SwordAndMagic","floor":7},{"not_picked":["theMarked:Electrocute+1","theMarked:AttractMetal+1"],"picked":"theMarked:HeritageOfTheMarked+1","floor":10},{"not_picked":["Dark Shackles+1","Forethought+1"],"picked":"Bandage Up+1","floor":10},{"not_picked":["theMarked:TwofoldDefense","theMarked:Parry"],"picked":"theMarked:ElementalBlade","floor":11},{"not_picked":["theMarked:ChainLightning","theMarked:Overthink"],"picked":"theMarked:BanishingStrike","floor":12},{"not_picked":["theMarked:Parry","theMarked:TakeCover"],"picked":"theMarked:ResourceFulStrike","floor":13},{"not_picked":["theMarked:SummonStrength","theMarked:DispelDoubt"],"picked":"theMarked:Defy","floor":16},{"not_picked":["theMarked:PowerFlow","theMarked:RepellingDischarge"],"picked":"theMarked:ChainLightning","floor":18},{"not_picked":["theMarked:HeightenedSenses","theMarked:Electrify"],"picked":"theMarked:RogueSparks+1","floor":19}],"player_experience":118389,"relics_obtained":[{"floor":7,"key":"The Courier"},{"floor":9,"key":"Bag of Marbles"},{"floor":12,"key":"Toy Ornithopter"}],"event_choices":[{"damage_healed":0,"gold_gain":0,"player_choice":"Take Damage","damage_taken":19,"relics_obtained":["Golden Idol"],"max_hp_gain":0,"max_hp_loss":0,"event_name":"Golden Idol","floor":5,"gold_loss":0},{"damage_healed":0,"gold_gain":0,"player_choice":"2","damage_taken":0,"max_hp_gain":0,"max_hp_loss":0,"event_name":"betterMatch:BetterMatch","floor":10,"gold_loss":0,"cards_obtained":["betterMatch:UncommonCard","betterMatch:ColorlessUncommonCard"]}],"is_beta":false,"boss_relics":[{"not_picked":["Astrolabe","Runic Dome"],"picked":"theMarked:SpiritSword"}],"items_purged_floors":[],"is_endless":false,"potions_floor_spawned":[2,3,4,11,19],"killed_by":"Centurion and Healer","ascension_level":0}}