{"host":"c3lc60y5x60jlt1y","time":1609653663,"event":{"mods":["AchievementEnabler","BaseMod","Colored Map","Minty Spire (QoL Compilation)","Quick Restart","StSLib"],"gold_per_floor":[114,114,133,133,3,3,34,44,44,44,79,96,126,126,126,203,203,216,216,216,228,241,272,272,297,297,297,172,206,225,238,238,312,312,327,343,359,375,375,375,406,417,417,171,171,203,221,256,256,256],"floor_reached":51,"playtime":3349,"items_purged":["Defend_G","Strike_G","Strike_G+1"],"score":1737,"play_id":"7a5f9d19-7c13-46f8-98d1-68c63745f157","local_time":"20210103080103","is_ascension_mode":true,"campfire_choices":[{"data":"Infinite Blades","floor":6,"key":"SMITH"},{"floor":10,"key":"REST"},{"data":"Blade Dance","floor":15,"key":"SMITH"},{"data":"Blade Dance","floor":24,"key":"SMITH"},{"data":"A Thousand Cuts","floor":27,"key":"SMITH"},{"data":"Blade Dance","floor":32,"key":"SMITH"},{"data":"Blade Dance","floor":40,"key":"SMITH"},{"data":"Apotheosis","floor":45,"key":"SMITH"},{"floor":49,"key":"REST"}],"circlet_count":0,"master_deck":["AscendersBane","Defend_G","Defend_G","Survivor","Neutralize+1","Dash","Infinite Blades+1","Backflip","Accuracy","Blade Dance+1","Masterful Stab","Choke","A Thousand Cuts+1","Accuracy","Backstab","Blade Dance+1","Leg Sweep","Blade Dance+1","Cloak And Dagger","Endless Agony","Burst","Bane+1","Catalyst+1","Tools of the Trade+1","Blade Dance+1","Masterful Stab+1","Corpse Explosion","Backflip+1","Apotheosis+1","PiercingWail","Envenom"],"relics":["WristBlade","Pantograph","Nunchaku","Orichalcum","Ninja Scroll","Black Star","MutagenicStrength","Gremlin Horn","Anchor","MealTicket","Oddly Smooth Stone","Kunai","Art of War","Centennial Puzzle","Astrolabe","The Courier","Unceasing Top","Ancient Tea Set","Snake Skull","Tingsha","Lantern"],"acts_visited":["Exordium","TheCity","TheBeyond"],"potions_floor_usage":[11,11,12,23,25,33,48,50,50],"damage_taken":[{"damage":0,"enemies":"2 Louse","floor":1,"turns":2},{"damage":0,"enemies":"Cultist","floor":3,"turns":3},{"damage":29,"enemies":"3 Sentries","floor":7,"turns":12},{"damage":7,"enemies":"Small Slimes","floor":8,"turns":3},{"damage":6,"enemies":"Gremlin Nob","floor":11,"turns":4},{"damage":0,"enemies":"Exordium Thugs","floor":12,"turns":3},{"damage":2,"enemies":"Lagavulin","floor":13,"turns":4},{"damage":18,"enemies":"Hexaghost","floor":16,"turns":8},{"damage":16,"enemies":"Spheric Guardian","floor":18,"turns":4},{"damage":0,"enemies":"Shell Parasite","floor":21,"turns":1},{"damage":1,"enemies":"Cultist and Chosen","floor":22,"turns":3},{"damage":8,"enemies":"Book of Stabbing","floor":23,"turns":2},{"damage":0,"enemies":"Gremlin Leader","floor":25,"turns":2},{"damage":1,"enemies":"Book of Stabbing","floor":29,"turns":3},{"damage":0,"enemies":"Sentry and Sphere","floor":30,"turns":1},{"damage":0,"enemies":"Snecko","floor":31,"turns":2},{"damage":0,"enemies":"Collector","floor":33,"turns":5},{"damage":3,"enemies":"3 Shapes","floor":35,"turns":9},{"damage":0,"enemies":"Orb Walker","floor":36,"turns":3},{"damage":20,"enemies":"Writhing Mass","floor":37,"turns":5},{"damage":0,"enemies":"Jaw Worm Horde","floor":38,"turns":1},{"damage":1,"enemies":"Reptomancer","floor":41,"turns":4},{"damage":0,"enemies":"4 Shapes","floor":42,"turns":5},{"damage":15,"enemies":"Nemesis","floor":46,"turns":3},{"damage":7,"enemies":"Spire Growth","floor":47,"turns":3},{"damage":13,"enemies":"Giant Head","floor":48,"turns":5},{"damage":64,"enemies":"Time Eater","floor":50,"turns":7}],"seed_played":"-6409371847625039430","potions_obtained":[{"floor":3,"key":"Weak Potion"},{"floor":7,"key":"Block Potion"},{"floor":8,"key":"EssenceOfSteel"},{"floor":11,"key":"LiquidMemories"},{"floor":18,"key":"SteroidPotion"},{"floor":23,"key":"Strength Potion"},{"floor":25,"key":"LiquidMemories"},{"floor":33,"key":"SteroidPotion"},{"floor":37,"key":"Strength Potion"},{"floor":41,"key":"FearPotion"},{"floor":48,"key":"Strength Potion"}],"is_trial":false,"path_per_floor":["M","?","M","?","$","R","E","M","T","R","E","M","E","?","R","B",null,"M","?","?","M","M","E","R","E","T","R","$","E","M","M","R","B",null,"M","M","M","M","?","R","E","M","T","$","R","E","M","E","R","B",null],"character_chosen":"THE_SILENT","items_purchased":["Backflip","Blade Dance","Apotheosis"],"campfire_rested":2,"item_purchase_floors":[5,28,44],"current_hp_per_floor":[59,39,39,39,39,39,10,3,3,22,16,16,14,36,36,43,60,44,44,44,44,43,35,35,35,35,35,50,49,49,49,49,66,66,63,63,43,43,43,43,42,42,42,57,57,42,35,22,41,2],"gold":256,"neow_bonus":"BOSS_RELIC","is_daily":false,"chose_seed":false,"campfire_upgraded":7,"win_rate":0.0,"timestamp":1609653663,"path_taken":["M","?","M","?","$","R","E","M","T","R","E","?","E","?","R","BOSS","M","?","?","M","M","E","R","E","T","R","$","E","M","?","R","BOSS","M","M","M","M","?","R","E","M","T","$","R","E","M","E","R","BOSS"],"items_purchased_type":["Card","Card","Card"],"build_version":"2020-12-22","purchased_purges":3,"victory":true,"max_hp_per_floor":[66,66,66,66,66,66,66,66,66,66,66,66,66,66,66,66,66,66,66,66,66,66,66,66,66,66,66,66,66,66,66,66,66,66,66,66,66,66,66,66,66,66,66,66,66,66,66,66,66,66],"card_choices":[{"not_picked":["Flying Knee","Accuracy"],"picked":"Dash","floor":1},{"not_picked":["Bouncing Flask","Blade Dance"],"picked":"Infinite Blades","floor":3},{"not_picked":["Heel Hook","PiercingWail"],"picked":"Accuracy","floor":7},{"not_picked":["Calculated Gamble","Flying Knee"],"picked":"Blade Dance","floor":8},{"not_picked":["Night Terror","Cloak And Dagger"],"picked":"Masterful Stab","floor":11},{"not_picked":["Bane","Acrobatics","Deflect"],"picked":"SKIP","floor":12},{"not_picked":["Deflect","Escape Plan"],"picked":"Choke","floor":13},{"not_picked":["After Image","Adrenaline"],"picked":"A Thousand Cuts","floor":16},{"not_picked":["Underhanded Strike","Finisher"],"picked":"Accuracy","floor":18},{"not_picked":["Sucker Punch","Poisoned Stab"],"picked":"Backstab","floor":21},{"not_picked":["Reflex","Dagger Spray"],"picked":"Blade Dance","floor":22},{"not_picked":["Distraction+1","Concentrate","Prepared"],"picked":"SKIP","floor":23},{"not_picked":["Backflip","Dodge and Roll"],"picked":"Leg Sweep","floor":25},{"not_picked":["Flying Knee","Blur","Poisoned Stab"],"picked":"SKIP","floor":29},{"not_picked":["Deflect","Well Laid Plans+1"],"picked":"Cloak And Dagger","floor":30},{"not_picked":["Backflip","Bane"],"picked":"Endless Agony","floor":31},{"not_picked":["Doppelganger","After Image"],"picked":"Burst","floor":33},{"not_picked":["Outmaneuver","Riddle With Holes"],"picked":"Blade Dance","floor":35},{"not_picked":["Deflect","Prepared+1"],"picked":"Masterful Stab+1","floor":36},{"not_picked":["Eviscerate","Concentrate"],"picked":"Corpse Explosion","floor":37},{"not_picked":["Blur","Underhanded Strike"],"picked":"Backflip+1","floor":38},{"not_picked":["Slice","Quick Slash","Dodge and Roll+1"],"picked":"SKIP","floor":41},{"not_picked":["Noxious Fumes","Blade Dance","Prepared"],"picked":"SKIP","floor":42},{"not_picked":["Expertise+1","All Out Attack"],"picked":"PiercingWail","floor":46},{"not_picked":["Poisoned Stab","Dagger Spray","Blade Dance"],"picked":"SKIP","floor":47},{"not_picked":["PiercingWail","Deflect"],"picked":"Envenom","floor":48}],"player_experience":7397930,"relics_obtained":[{"floor":7,"key":"Pantograph"},{"floor":9,"key":"Nunchaku"},{"floor":11,"key":"Orichalcum"},{"floor":13,"key":"Ninja Scroll"},{"floor":23,"key":"Gremlin Horn"},{"floor":23,"key":"Anchor"},{"floor":25,"key":"MealTicket"},{"floor":25,"key":"Oddly Smooth Stone"},{"floor":26,"key":"Kunai"},{"floor":29,"key":"Art of War"},{"floor":29,"key":"Centennial Puzzle"},{"floor":41,"key":"The Courier"},{"floor":41,"key":"Unceasing Top"},{"floor":46,"key":"Ancient Tea Set"},{"floor":46,"key":"Snake Skull"},{"floor":48,"key":"Tingsha"},{"floor":48,"key":"Lantern"}],"event_choices":[{"damage_healed":0,"gold_gain":0,"player_choice":"Entered Light","damage_taken":20,"max_hp_gain":0,"max_hp_loss":0,"event_name":"Shining Light","floor":2,"gold_loss":0,"cards_upgraded":["Strike_G","Neutralize"]},{"cards_removed":["Strike_G"],"damage_healed":0,"gold_gain":0,"player_choice":"Offered Basic","damage_taken":0,"max_hp_gain":0,"max_hp_loss":0,"event_name":"Bonfire Elementals","floor":4,"gold_loss":0},{"damage_healed":22,"gold_gain":0,"player_choice":"Banana","damage_taken":0,"max_hp_gain":0,"max_hp_loss":0,"event_name":"Big Fish","floor":14,"gold_loss":0},{"damage_healed":0,"gold_gain":0,"player_choice":"Inject Mutagens","damage_taken":0,"relics_obtained":["MutagenicStrength"],"max_hp_gain":0,"max_hp_loss":0,"event_name":"Drug Dealer","floor":19,"gold_loss":0},{"cards_removed":["Defend_G"],"damage_healed":0,"gold_gain":0,"player_choice":"Purged","damage_taken":0,"max_hp_gain":0,"max_hp_loss":0,"event_name":"Purifier","floor":20,"gold_loss":0},{"damage_healed":0,"gold_gain":0,"player_choice":"Memory 1","damage_taken":0,"max_hp_gain":0,"max_hp_loss":0,"event_name":"SensoryStone","floor":39,"gold_loss":0}],"is_beta":false,"boss_relics":[{"not_picked":["Tiny House","SlaversCollar"],"picked":"Black Star"},{"not_picked":["Sozu","Empty Cage"],"picked":"Astrolabe"}],"items_purged_floors":[5,28,44],"is_endless":false,"potions_floor_spawned":[3,7,8,11,18,23,25,33,37,41,48],"ascension_level":19}}