{"host":"w9yruvs4bqht6bhw","time":1609640993,"event":{"mods":["BaseMod","Colored Powertips","Minty Spire (QoL Compilation)"],"gold_per_floor":[114,114,131,206,224,258,272,302,350,47,60,60,60,78,78,78,78],"floor_reached":16,"playtime":545,"items_purged":["Strike_R"],"score":151,"play_id":"ef60eae4-317d-4f39-a4c6-163a4798b2c2","local_time":"20210102212953","is_ascension_mode":true,"campfire_choices":[{"floor":12,"key":"REST"},{"floor":15,"key":"REST"}],"circlet_count":0,"master_deck":["Strike_R","Strike_R","Strike_R","Strike_R+1","Defend_R","Defend_R","Defend_R","Defend_R","Bash","Pommel Strike+1","Clothesline","Flex","Shrug It Off","Shrug It Off"],"relics":["Burning Blood","PreservedInsect","Boot","Kunai","Whetstone","Membership Card","Bottled Flame","Vajra"],"acts_visited":["Exordium"],"potions_floor_usage":[5,6],"damage_taken":[{"damage":1,"enemies":"Cultist","floor":1,"turns":3},{"damage":14,"enemies":"Jaw Worm","floor":3,"turns":5},{"damage":7,"enemies":"2 Louse","floor":5,"turns":3},{"damage":20,"enemies":"Lagavulin","floor":6,"turns":5},{"damage":8,"enemies":"Blue Slaver","floor":7,"turns":4},{"damage":18,"enemies":"Gremlin Nob","floor":8,"turns":4},{"damage":18,"enemies":"Exordium Wildlife","floor":11,"turns":5},{"damage":12,"enemies":"Lots of Slimes","floor":14,"turns":5},{"damage":78,"enemies":"The Guardian","floor":16,"turns":12}],"seed_played":"3313553528629716282","potions_obtained":[{"floor":1,"key":"GamblersBrew"},{"floor":5,"key":"DuplicationPotion"},{"floor":11,"key":"ElixirPotion"}],"is_trial":false,"path_per_floor":["M","?","M","?","M","E","M","E","T","$","M","R","T","M","R","B"],"character_chosen":"IRONCLAD","items_purchased":["Membership Card","Bottled Flame"],"campfire_rested":2,"item_purchase_floors":[10,10],"current_hp_per_floor":[77,77,69,58,57,43,41,29,29,29,17,41,41,35,59,0,0],"gold":78,"neow_bonus":"RANDOM_COMMON_RELIC","is_daily":false,"chose_seed":false,"campfire_upgraded":0,"win_rate":0.0,"timestamp":1609640993,"path_taken":["M","?","M","?","M","E","M","E","T","$","M","R","?","?","R","BOSS"],"items_purchased_type":["Relic","Relic"],"build_version":"2020-12-22","purchased_purges":1,"victory":false,"max_hp_per_floor":[80,80,80,80,80,80,80,80,80,80,80,80,80,80,80,80,80],"card_choices":[{"not_picked":["Burning Pact","Iron Wave","Havoc"],"picked":"SKIP","floor":1},{"not_picked":["Havoc","Sword Boomerang"],"picked":"Pommel Strike","floor":3},{"not_picked":["Headbutt","Clash"],"picked":"Clothesline","floor":5},{"not_picked":["Second Wind","Body Slam"],"picked":"Flex","floor":6},{"not_picked":["Iron Wave","Rage","Body Slam"],"picked":"SKIP","floor":7},{"not_picked":["Metallicize","Feed"],"picked":"Shrug It Off","floor":8},{"not_picked":["Perfected Strike","Feel No Pain","Entrench"],"picked":"SKIP","floor":11},{"not_picked":["Anger","Heavy Blade"],"picked":"Shrug It Off","floor":14}],"player_experience":286189,"relics_obtained":[{"floor":6,"key":"Boot"},{"floor":8,"key":"Kunai"},{"floor":9,"key":"Whetstone"},{"floor":13,"key":"Vajra"}],"event_choices":[{"damage_healed":0,"gold_gain":0,"player_choice":"Ignored","damage_taken":0,"max_hp_gain":0,"max_hp_loss":0,"event_name":"Liars Game","floor":2,"gold_loss":0},{"damage_healed":0,"gold_gain":75,"player_choice":"Gather Gold","damage_taken":11,"max_hp_gain":0,"max_hp_loss":0,"event_name":"World of Goop","floor":4,"gold_loss":0}],"is_beta":false,"boss_relics":[],"items_purged_floors":[10],"is_endless":false,"potions_floor_spawned":[1,5,11],"killed_by":"The Guardian","ascension_level":7}}