{"host":"mfnyjbfkyfsz33u9","time":1609666300,"event":{"mods":["2.2 Compatiblity","BaseMod","Colored Powertips","Downfall","Marisa£¨Ùöéë¡¡Øª×âÞÞ£©","Minty Spire (QoL Compilation)","Rare Cards Sparkle","Replay The Spire","StSLib","SuperFastMode","The Cursed"],"gold_per_floor":[115,115,115,115,127,137,152,172,172,20,20,36,46,58,58,163,163,163,163],"floor_reached":18,"playtime":577,"items_purged":[],"score":156,"play_id":"52b85a21-1c2d-45f8-9f1f-88d80fdf6979","local_time":"20210103183140","is_ascension_mode":false,"campfire_choices":[{"data":"Sneak Up","floor":11,"key":"SMITH"},{"data":"Hidden Blade","floor":15,"key":"SMITH"}],"circlet_count":0,"master_deck":["Strike_G","Strike_G","Strike_G","Defend_G","Defend_G","Defend_G","Defend_G","Survivor","Neutralize","PiercingWail","Calculated Gamble","Hidden Blade+1","Riddle With Holes","Sneak Up+1","Dagger Spray","Well Laid Plans","Malaise"],"relics":["Ring of the Snake","Dream Catcher","Vajra","Divine Protection","ClockworkSouvenir","Replay:Drink Me"],"acts_visited":["Exordium","TheCity"],"potions_floor_usage":[7,16,16],"damage_taken":[{"damage":0,"enemies":"2 Louse","floor":1,"turns":2},{"damage":0,"enemies":"Small Slimes","floor":5,"turns":5},{"damage":0,"enemies":"Jaw Worm","floor":6,"turns":4},{"damage":9,"enemies":"Gremlin Gang","floor":7,"turns":4},{"damage":0,"enemies":"Red Slaver","floor":8,"turns":4},{"damage":0,"enemies":"3 Louse","floor":12,"turns":4},{"damage":0,"enemies":"Large Slime","floor":13,"turns":4},{"damage":1,"enemies":"Blue Slaver","floor":14,"turns":3},{"damage":5,"enemies":"The Guardian","floor":16,"turns":12},{"damage":0,"enemies":"Spheric Guardian","floor":18,"turns":2}],"seed_played":"7541090358442528877","potions_obtained":[{"floor":1,"key":"Strength Potion"},{"floor":7,"key":"CultistPotion"},{"floor":8,"key":"Explosive Potion"},{"floor":14,"key":"Strength Potion"}],"is_trial":false,"path_per_floor":["M","?","?","T","M","M","M","M","T","$","R","M","M","M","R","B",null,"M"],"character_chosen":"THE_SILENT","items_purchased":["ClockworkSouvenir"],"campfire_rested":0,"item_purchase_floors":[10],"current_hp_per_floor":[77,82,70,70,70,70,61,61,61,61,61,61,61,60,60,55,62,62,62],"gold":163,"neow_bonus":"TEN_PERCENT_HP_BONUS","is_daily":false,"chose_seed":false,"campfire_upgraded":2,"win_rate":0.0,"timestamp":1609666300,"path_taken":["M","?","?","?","M","?","?","M","T","?","R","M","M","M","R","BOSS","M"],"items_purchased_type":["Relic"],"build_version":"2020-12-22","purchased_purges":0,"victory":false,"max_hp_per_floor":[77,82,82,82,82,82,82,82,82,82,82,82,82,82,82,82,62,62,62],"card_choices":[{"not_picked":["Predator","Quick Slash"],"picked":"PiercingWail","floor":1},{"not_picked":["Dodge and Roll","Deflect"],"picked":"Calculated Gamble","floor":5},{"not_picked":["Masterful Stab","Deflect"],"picked":"Hidden Blade","floor":6},{"not_picked":["Poisoned Stab","Deflect"],"picked":"Riddle With Holes","floor":7},{"not_picked":["Dagger Throw","Sucker Punch"],"picked":"Sneak Up","floor":8},{"not_picked":["Sucker Punch","Sneak Up"],"picked":"Dagger Spray","floor":12},{"not_picked":["Poisoned Stab","Well Laid Plans","Sucker Punch"],"picked":"SKIP","floor":13},{"not_picked":["Poisoned Stab","Sucker Punch"],"picked":"Well Laid Plans","floor":13},{"not_picked":["Sucker Punch","Noxious Fumes","Quick Slash"],"picked":"SKIP","floor":14},{"not_picked":["Poison Darts","Wraith Form v2"],"picked":"Malaise","floor":16}],"player_experience":5979,"relics_obtained":[{"floor":4,"key":"Vajra"},{"floor":9,"key":"Divine Protection"}],"event_choices":[{"damage_healed":0,"gold_gain":0,"player_choice":"Donut","damage_taken":0,"max_hp_gain":5,"max_hp_loss":0,"event_name":"Big Fish","floor":2,"gold_loss":0},{"damage_healed":0,"gold_gain":0,"player_choice":"Success","damage_taken":12,"relics_obtained":["Dream Catcher"],"max_hp_gain":0,"max_hp_loss":0,"event_name":"Scrap Ooze","floor":3,"gold_loss":0}],"is_beta":false,"boss_relics":[{"not_picked":["Replay:Wanted Poster","Kintsugi"],"picked":"Replay:Drink Me"}],"items_purged_floors":[],"is_endless":false,"potions_floor_spawned":[1,7,8,14],"killed_by":"Spheric Guardian","ascension_level":0}}