{"host":"2nw7vjz0sy04etg3","time":1609651274,"event":{"mods":["BaseMod","DeckTracker","Minty Spire (QoL Compilation)","Quick Restart"],"gold_per_floor":[111,111,36,56,67,67,98,98,98,98,117,134,134,34,34,106,106,125,125,105,124,134,134,164,164,213,213,244,255,268,281,281,281,281],"floor_reached":33,"playtime":1110,"items_purged":["Defend_B","Strike_B"],"score":545,"play_id":"e02f0082-3c58-49b2-bc3e-d4c492fe2fd1","local_time":"20210103142114","is_ascension_mode":true,"campfire_choices":[{"data":"Dualcast","floor":6.0,"key":"SMITH"},{"data":"Zap","floor":8.0,"key":"SMITH"},{"floor":10.0,"key":"RECALL"},{"floor":15.0,"key":"REST"},{"data":"Coolheaded","floor":23.0,"key":"SMITH"},{"floor":25.0,"key":"REST"},{"data":"Go for the Eyes","floor":27.0,"key":"SMITH"},{"floor":32.0,"key":"REST"}],"circlet_count":0,"master_deck":["AscendersBane","Strike_B","Strike_B+1","Defend_B","Defend_B","Defend_B+1","Zap+1","Dualcast+1","Go for the Eyes+1","Doom and Gloom","Genetic Algorithm+1","Steam+1","Compile Driver","Coolheaded+1","All For One","CurseOfTheBell","Skim","Redo+1","Conserve Battery","White Noise","Electrodynamics","Turbo","Aggregate","Beam Cell","Chill"],"relics":["Cracked Core","NeowsBlessing","Symbiotic Virus","Ancient Tea Set","Calling Bell","Bronze Scales","Pear","Prayer Wheel","War Paint","Happy Flower","Lantern"],"acts_visited":["Exordium","TheCity"],"potions_floor_usage":[],"damage_taken":[{"damage":0.0,"enemies":"Small Slimes","floor":1.0,"turns":1.0},{"damage":0.0,"enemies":"Cultist","floor":4.0,"turns":1.0},{"damage":0.0,"enemies":"2 Louse","floor":5.0,"turns":1.0},{"damage":19.0,"enemies":"3 Sentries","floor":7.0,"turns":5.0},{"damage":2.0,"enemies":"Blue Slaver","floor":11.0,"turns":2.0},{"damage":8.0,"enemies":"Looter","floor":12.0,"turns":2.0},{"damage":21.0,"enemies":"Hexaghost","floor":16.0,"turns":11.0},{"damage":2.0,"enemies":"Spheric Guardian","floor":18.0,"turns":3.0},{"damage":11.0,"enemies":"Chosen","floor":21.0,"turns":4.0},{"damage":0.0,"enemies":"3 Cultists","floor":22.0,"turns":4.0},{"damage":23.0,"enemies":"Slavers","floor":24.0,"turns":3.0},{"damage":35.0,"enemies":"Gremlin Leader","floor":28.0,"turns":6.0},{"damage":16.0,"enemies":"Snake Plant","floor":29.0,"turns":4.0},{"damage":0.0,"enemies":"Centurion and Healer","floor":30.0,"turns":3.0},{"damage":0.0,"enemies":"Shelled Parasite and Fungi","floor":31.0,"turns":3.0},{"damage":45,"enemies":"Collector","floor":33,"turns":5}],"seed_played":"-2133103555385052074","potions_obtained":[{"floor":1.0,"key":"AttackPotion"},{"floor":4.0,"key":"SpeedPotion"},{"floor":18.0,"key":"DistilledChaos"},{"floor":20.0,"key":"DuplicationPotion"},{"floor":24.0,"key":"FairyPotion"},{"floor":29.0,"key":"PowerPotion"},{"floor":30.0,"key":"LiquidMemories"}],"is_trial":false,"path_per_floor":["M","?","$","M","M","R","E","R","T","R","M","M","?","$","R","B",null,"M","?","?","M","M","R","E","R","T","R","E","M","M","M","R","B"],"character_chosen":"DEFECT","items_purchased":[],"campfire_rested":3,"item_purchase_floors":[],"current_hp_per_floor":[64,64,64,64,64,64,45,45,45,45,43,35,14,14,35,14,67,65,42,42,31,31,31,8,33,33,33,25,9,9,9,34,0,0],"gold":281,"neow_bonus":"THREE_ENEMY_KILL","is_daily":false,"chose_seed":false,"campfire_upgraded":4,"win_rate":0.0,"timestamp":1609651274,"path_taken":["M","?","$","M","?","R","E","R","T","R","M","M","?","$","R","BOSS","M","?","?","M","M","R","E","R","T","R","E","M","M","?","R","BOSS"],"items_purchased_type":[],"build_version":"2020-12-22","purchased_purges":2,"victory":false,"max_hp_per_floor":[71,71,71,71,71,71,71,71,71,71,71,71,71,71,71,71,81,81,86,86,86,86,86,86,86,86,86,86,86,86,86,86,86,86],"card_choices":[{"not_picked":["Static Discharge","Scrape"],"picked":"Go for the Eyes","floor":1.0},{"not_picked":["Gash","Sweeping Beam"],"picked":"Doom and Gloom","floor":4.0},{"not_picked":["Blizzard","Darkness"],"picked":"Genetic Algorithm","floor":5.0},{"not_picked":["Recycle","Streamline"],"picked":"Steam","floor":7.0},{"not_picked":["Scrape","Cold Snap"],"picked":"Compile Driver","floor":11.0},{"not_picked":["Steam","Steam Power"],"picked":"Coolheaded","floor":12.0},{"not_picked":["Multi-Cast","Rainbow"],"picked":"All For One","floor":16.0},{"not_picked":["Force Field","White Noise"],"picked":"Skim","floor":18.0},{"not_picked":["Reinforced Body+1","Auto Shields","Compile Driver"],"picked":"SKIP","floor":18.0},{"not_picked":["Compile Driver","Stack"],"picked":"Redo+1","floor":21.0},{"not_picked":["Streamline","Redo"],"picked":"Conserve Battery","floor":21.0},{"not_picked":["Ball Lightning","Cold Snap","Compile Driver"],"picked":"SKIP","floor":22.0},{"not_picked":["Compile Driver","Redo","Auto Shields"],"picked":"SKIP","floor":22.0},{"not_picked":["Sunder","Cold Snap"],"picked":"White Noise","floor":24.0},{"not_picked":["Stack","Undo"],"picked":"Electrodynamics","floor":28.0},{"not_picked":["Sweeping Beam","Compile Driver"],"picked":"Turbo","floor":29.0},{"not_picked":["Compile Driver","Redo"],"picked":"Aggregate","floor":29.0},{"not_picked":["Leap","Compile Driver"],"picked":"Beam Cell","floor":30.0},{"not_picked":["Streamline","Coolheaded","Beam Cell"],"picked":"SKIP","floor":30.0},{"not_picked":["Gash","Barrage"],"picked":"Chill","floor":31.0},{"not_picked":["Turbo","Aggregate","Conserve Battery"],"picked":"SKIP","floor":31.0}],"player_experience":239987,"relics_obtained":[{"floor":7.0,"key":"Symbiotic Virus"},{"floor":9.0,"key":"Ancient Tea Set"},{"floor":17.0,"key":"Bronze Scales"},{"floor":17.0,"key":"Pear"},{"floor":17.0,"key":"Prayer Wheel"},{"floor":24.0,"key":"War Paint"},{"floor":26.0,"key":"Happy Flower"},{"floor":28.0,"key":"Lantern"}],"event_choices":[{"cards_removed":["Strike_B"],"damage_healed":0.0,"max_hp_gain":0.0,"max_hp_loss":0.0,"gold_gain":0.0,"event_name":"Purifier","player_choice":"Purged","floor":2.0,"gold_loss":0.0,"damage_taken":0.0},{"damage_healed":0.0,"max_hp_gain":0.0,"max_hp_loss":0.0,"gold_gain":0.0,"event_name":"Shining Light","player_choice":"Entered Light","floor":13.0,"gold_loss":0.0,"damage_taken":21.0,"cards_upgraded":["Strike_B","Defend_B"]},{"damage_healed":0.0,"max_hp_gain":5.0,"max_hp_loss":0.0,"gold_gain":0.0,"event_name":"Forgotten Altar","player_choice":"Shed Blood","floor":19.0,"gold_loss":0.0,"damage_taken":28.0},{"damage_healed":0.0,"max_hp_gain":0.0,"max_hp_loss":0.0,"gold_gain":0.0,"event_name":"The Woman in Blue","player_choice":"Bought 1 Potion","floor":20.0,"gold_loss":0.0,"damage_taken":0.0}],"is_beta":false,"boss_relics":[{"not_picked":["Fusion Hammer","SacredBark"],"picked":"Calling Bell"}],"items_purged_floors":[3,14],"is_endless":false,"potions_floor_spawned":[1,4,18,24,29,30],"killed_by":"Collector","ascension_level":18}}