{"host":"7c402rm0fqc13zvz","time":1609673730,"event":{"mods":["BaseMod","Hermit","Minty Spire (QoL Compilation)","StSLib","[功能]功能增强和修复MOD"],"gold_per_floor":[114,131,4,19,34,34,3,3,27,27,59,59,59,77,77,182,182,194,194,207,104,116,116,67,67,144,144,169,169,88,105,105,203,203,223,168,168,168,168,195,208,208,208,208,238,203,216,243,243,243],"floor_reached":51,"playtime":1942,"items_purged":["hermit:Defend_Hermit","hermit:Defend_Hermit","hermit:FatalDesire","hermit:Spite+1","hermit:Snapshot","hermit:PistolWhip","hermit:Ricochet","hermit:BigShot+1","hermit:Misfire+1","Writhe","hermit:TrackingShot+1","hermit:SprayPray","hermit:FinalCanter+1","hermit:SprayPray+1","hermit:Quickdraw"],"score":1089,"play_id":"24e820ae-8800-4657-b6d6-402eaddac1f9","local_time":"20210103193530","is_ascension_mode":true,"campfire_choices":[{"data":"hermit:GoldenBullet","floor":6.0,"key":"SMITH"},{"data":"hermit:Covet","floor":8.0,"key":"SMITH"},{"data":"hermit:Maintenance","floor":13.0,"key":"SMITH"},{"data":"hermit:Spite","floor":15.0,"key":"SMITH"},{"data":"hermit:Misfire","floor":23.0,"key":"SMITH"},{"data":"hermit:Manifest","floor":25.0,"key":"SMITH"},{"data":"hermit:TrackingShot","floor":27.0,"key":"SMITH"},{"data":"hermit:SprayPray","floor":32.0,"key":"SMITH"},{"data":"hermit:HighNoon","floor":42.0,"key":"SMITH"},{"data":"Deep Breath","floor":44.0,"key":"SMITH"},{"data":"hermit:EternalForm","floor":49,"key":"SMITH"}],"circlet_count":0,"master_deck":["hermit:Strike_Hermit+1","hermit:Strike_Hermit+1","hermit:Strike_Hermit+1","hermit:Strike_Hermit+1","hermit:Defend_Hermit+1","hermit:Defend_Hermit+1","hermit:Covet+1","hermit:GoldenBullet+1","hermit:Maintenance+1","hermit:HighNoon+1","hermit:Quickdraw+1","Finesse","Deep Breath+1","hermit:Showdown+1","hermit:EternalForm+1"],"relics":["hermit:Momento","NeowsBlessing","Blood Vial","Pen Nib","Vajra","Centennial Puzzle","Whetstone","SlaversCollar","Membership Card","Pear","Thread and Needle","Pantograph","ClockworkSouvenir","InkBottle","War Paint","Happy Flower","hermit:CharredGlove","Gambling Chip","Frozen Eye","hermit:DentedPlate","Bag of Marbles","Orichalcum","PreservedInsect","HornCleat","Mercury Hourglass","Bag of Preparation","hermit:Spyglass"],"acts_visited":["Exordium","TheCity","TheBeyond"],"potions_floor_usage":[50,50,50,50,50,50],"damage_taken":[{"damage":0.0,"enemies":"Jaw Worm","floor":1.0,"turns":1.0},{"damage":0.0,"enemies":"Cultist","floor":2.0,"turns":1.0},{"damage":0.0,"enemies":"Small Slimes","floor":4.0,"turns":1.0},{"damage":2.0,"enemies":"Blue Slaver","floor":5.0,"turns":2.0},{"damage":0.0,"enemies":"Gremlin Nob","floor":11.0,"turns":2.0},{"damage":14.0,"enemies":"3 Louse","floor":14.0,"turns":2.0},{"damage":36.0,"enemies":"Hexaghost","floor":16.0,"turns":6.0},{"damage":12.0,"enemies":"2 Thieves","floor":18.0,"turns":3.0},{"damage":6.0,"enemies":"Chosen","floor":20.0,"turns":2.0},{"damage":11.0,"enemies":"Snecko","floor":22.0,"turns":4.0},{"damage":0.0,"enemies":"Book of Stabbing","floor":28.0,"turns":3.0},{"damage":16.0,"enemies":"Sentry and Sphere","floor":31.0,"turns":4.0},{"damage":20.0,"enemies":"Collector","floor":33.0,"turns":4.0},{"damage":34.0,"enemies":"3 Darklings","floor":35.0,"turns":5.0},{"damage":3.0,"enemies":"Giant Head","floor":40.0,"turns":6.0},{"damage":4.0,"enemies":"3 Shapes","floor":41.0,"turns":3.0},{"damage":4.0,"enemies":"Reptomancer","floor":45.0,"turns":2.0},{"damage":0,"enemies":"Transient","floor":47,"turns":5},{"damage":0,"enemies":"Giant Head","floor":48,"turns":1},{"damage":33,"enemies":"Time Eater","floor":50,"turns":7}],"seed_played":"-5859165815240879277","potions_obtained":[{"floor":1.0,"key":"SkillPotion"},{"floor":2.0,"key":"SteroidPotion"},{"floor":2.0,"key":"Energy Potion"},{"floor":11.0,"key":"BlessingOfTheForge"},{"floor":20.0,"key":"hermit:BlackBile"},{"floor":28.0,"key":"SpeedPotion"},{"floor":33.0,"key":"CultistPotion"},{"floor":40.0,"key":"ColorlessPotion"},{"floor":45.0,"key":"SteroidPotion"},{"floor":48,"key":"EntropicBrew"}],"is_trial":false,"path_per_floor":["M","M","$","M","M","R","$","R","T","?","E","?","R","M","R","B",null,"M","?","M","$","M","R","$","R","T","R","E","?","$","M","R","B",null,"M","$","?","?","?","E","M","R","T","R","E","$","M","E","R","B",null],"character_chosen":"HERMIT","items_purchased":["hermit:FinalCanter","hermit:BigShot","hermit:GoldenBullet","Blood Vial","Pen Nib","Vajra","Membership Card","Pear","Thread and Needle","hermit:Misfire","hermit:Manifest","Pantograph","ClockworkSouvenir","hermit:CharredGlove","hermit:SprayPray","Gambling Chip","Frozen Eye","Bag of Marbles","Orichalcum","Bag of Preparation"],"campfire_rested":0,"item_purchase_floors":[3,3,3,3,3,7,21,21,21,21,24,24,24,30,30,30,30,36,36,46],"current_hp_per_floor":[75,75,75,75,73,73,73,73,73,58,60,60,60,48,48,14,75,63,63,59,69,60,60,60,60,60,60,62,62,62,48,48,55,87,55,55,55,55,45,44,42,42,42,42,40,40,42,44,44,38],"gold":243,"neow_bonus":"THREE_ENEMY_KILL","is_daily":false,"chose_seed":false,"campfire_upgraded":11,"win_rate":0.0,"timestamp":1609673730,"path_taken":["M","M","$","M","M","R","$","R","T","?","E","?","R","M","R","BOSS","M","?","M","$","M","R","$","R","T","R","E","?","?","M","R","BOSS","M","$","?","?","?","E","M","R","T","R","E","$","M","E","R","BOSS"],"items_purchased_type":["Card","Card","Card","Relic","Relic","Relic","Relic","Relic","Relic","Card","Card","Relic","Relic","Relic","Card","Relic","Relic","Relic","Relic","Relic"],"build_version":"2020-12-22","purchased_purges":15,"victory":true,"max_hp_per_floor":[75,75,75,75,75,75,75,75,75,75,75,75,75,75,75,75,75,75,75,75,85,85,85,85,85,85,85,85,85,85,85,85,85,117,117,117,117,117,117,117,117,117,117,117,117,117,117,117,117,117],"card_choices":[{"not_picked":["hermit:Determination","hermit:Midnight"],"picked":"hermit:Ricochet","floor":1.0},{"not_picked":["hermit:Headshot","hermit:Glare"],"picked":"hermit:PistolWhip","floor":2.0},{"not_picked":["hermit:HoleUp","hermit:Feint","hermit:WideOpen"],"picked":"SKIP","floor":4.0},{"not_picked":["hermit:Coalescence","hermit:NoHoldsBarred","hermit:BodyArmor"],"picked":"SKIP","floor":5.0},{"not_picked":["hermit:Ricochet","hermit:Vantage"],"picked":"hermit:Maintenance","floor":11.0},{"not_picked":["hermit:WideOpen","hermit:DeadOrAlive"],"picked":"hermit:Spite","floor":14.0},{"not_picked":["hermit:EternalForm","hermit:Purgatory"],"picked":"hermit:FatalDesire","floor":16.0},{"not_picked":["hermit:Feint","hermit:Desperado"],"picked":"hermit:Quickdraw","floor":18.0},{"not_picked":["hermit:HighCaliber","hermit:OverwhelmingPower"],"picked":"hermit:TrackingShot","floor":20.0},{"not_picked":["hermit:NoHoldsBarred+1","hermit:Vantage","hermit:FlashPowder+1"],"picked":"SKIP","floor":22.0},{"not_picked":["hermit:Adapt","hermit:TrackingShot","hermit:Scavenge"],"picked":"SKIP","floor":28.0},{"not_picked":["hermit:Misfire","hermit:FlashPowder"],"picked":"hermit:SprayPray","floor":31.0},{"not_picked":["hermit:Gambit","hermit:Dissolve"],"picked":"hermit:HighNoon","floor":33.0},{"not_picked":["hermit:Desperado","hermit:Dive"],"picked":"hermit:Quickdraw+1","floor":35.0},{"not_picked":["PanicButton","Swift Strike"],"picked":"Finesse","floor":39.0},{"not_picked":["Good Instincts","Bandage Up"],"picked":"Deep Breath","floor":39.0},{"not_picked":["hermit:BigShot+1","hermit:Feint+1","hermit:BodyArmor"],"picked":"SKIP","floor":40.0},{"not_picked":["hermit:Misfire+1","hermit:LowProfile+1","hermit:Gestalt+1"],"picked":"SKIP","floor":41.0},{"not_picked":["hermit:LoneWolf","hermit:Headshot+1"],"picked":"hermit:Showdown+1","floor":45.0},{"not_picked":["hermit:Manifest","hermit:Misfire","hermit:BodyArmor+1"],"picked":"SKIP","floor":47},{"not_picked":["hermit:LoneWolf","hermit:Quickdraw"],"picked":"hermit:EternalForm","floor":48}],"player_experience":7819,"relics_obtained":[{"floor":9.0,"key":"Centennial Puzzle"},{"floor":11.0,"key":"Whetstone"},{"floor":26.0,"key":"InkBottle"},{"floor":28.0,"key":"War Paint"},{"floor":40.0,"key":"PreservedInsect"},{"floor":43.0,"key":"HornCleat"},{"floor":45.0,"key":"Mercury Hourglass"},{"floor":48,"key":"hermit:Spyglass"}],"event_choices":[{"damage_healed":0.0,"max_hp_gain":0.0,"max_hp_loss":0.0,"gold_gain":0.0,"event_name":"Shining Light","player_choice":"Entered Light","floor":10.0,"gold_loss":0.0,"damage_taken":15.0,"cards_upgraded":["hermit:BigShot","hermit:FinalCanter"]},{"damage_healed":0.0,"max_hp_gain":0.0,"max_hp_loss":0.0,"gold_gain":0.0,"event_name":"The Woman in Blue","player_choice":"Bought 0 Potions","floor":12.0,"gold_loss":0.0,"damage_taken":0.0},{"damage_healed":0.0,"max_hp_gain":0.0,"max_hp_loss":0.0,"gold_gain":0.0,"event_name":"Back to Basics","player_choice":"Simplicity","floor":19.0,"gold_loss":0.0,"damage_taken":0.0,"cards_upgraded":["hermit:Strike_Hermit","hermit:Strike_Hermit","hermit:Defend_Hermit","hermit:Defend_Hermit"]},{"damage_healed":0.0,"max_hp_gain":0.0,"max_hp_loss":0.0,"gold_gain":0.0,"event_name":"The Mausoleum","player_choice":"Opened","floor":29.0,"gold_loss":0.0,"damage_taken":0.0,"relics_obtained":["Happy Flower"],"cards_obtained":["Writhe"]},{"cards_removed":["hermit:Manifest"],"damage_healed":0.0,"max_hp_gain":0.0,"max_hp_loss":0.0,"gold_gain":0.0,"event_name":"Falling","player_choice":"Removed Skill","floor":37.0,"gold_loss":0.0,"damage_taken":0.0},{"damage_healed":0.0,"max_hp_gain":0.0,"max_hp_loss":0.0,"gold_gain":0.0,"event_name":"Tomb of Lord Red Mask","player_choice":"Ignored","floor":38.0,"gold_loss":0.0,"damage_taken":0.0},{"damage_healed":0.0,"max_hp_gain":0.0,"max_hp_loss":0.0,"gold_gain":0.0,"event_name":"SensoryStone","player_choice":"Memory 3","floor":39.0,"gold_loss":0.0,"damage_taken":10.0}],"is_beta":false,"boss_relics":[{"not_picked":["Empty Cage","Busted Crown"],"picked":"SlaversCollar"},{"not_picked":["Fusion Hammer","Black Star"],"picked":"hermit:DentedPlate"}],"items_purged_floors":[3,3,21,21,21,24,36,36,36,36,36,46,46,46,46],"is_endless":false,"potions_floor_spawned":[1,2,2,5,11,20,28,33,40,45,45,48],"ascension_level":1}}