{"host":"6wux4armhsntp4yb","time":1609695750,"event":{"mods":["BaseMod","Colored Map","DeckTracker","Minty Spire (QoL Compilation)","Relic Stats"],"gold_per_floor":[112,112,112,37,62,62,42,42,65,83,83,97,128,35,35,126,126,144,144,163,163,89,89,39,72,119,133,83,83,109,144,144,221,221,237,237,253,253,128,162,182,182,182,209,44,56,70,85,85,85,85,85,85,35,61,61,61],"floor_reached":56,"playtime":4672,"items_purged":["Strike_G","Defend_G","Defend_G","Defend_G","Defend_G","Defend_G"],"score":2107,"play_id":"be3f0685-876c-4c39-b0a8-8f265acbfff3","local_time":"20210104024230","is_ascension_mode":true,"campfire_choices":[{"data":"Neutralize","floor":6.0,"key":"SMITH"},{"data":"Corpse Explosion","floor":8.0,"key":"SMITH"},{"data":"Deadly Poison","floor":11.0,"key":"SMITH"},{"data":"Eviscerate","floor":15.0,"key":"SMITH"},{"data":"Wraith Form v2","floor":23.0,"key":"SMITH"},{"data":"Setup","floor":29.0,"key":"SMITH"},{"data":"Acrobatics","floor":32.0,"key":"SMITH"},{"data":"Concentrate","floor":42.0,"key":"SMITH"},{"floor":49.0,"key":"RECALL"},{"data":"Calculated Gamble","floor":53.0,"key":"SMITH"}],"circlet_count":0,"master_deck":["AscendersBane","Survivor","Neutralize+1","Corpse Explosion+1","Deadly Poison+1","PiercingWail","Eviscerate+1","Wraith Form v2+1","Noxious Fumes+1","Glass Knife","Deadly Poison","PiercingWail","Acrobatics+1","Heel Hook","Setup+1","Blur","Tools of the Trade","Well Laid Plans","Concentrate+1","Expertise","PiercingWail","After Image","Calculated Gamble+1","Deflect+1"],"relics":["Ring of the Snake","Bloody Idol","Smiling Mask","Gambling Chip","HoveringKite","Bottled Lightning","PreservedInsect","Red Mask","Happy Flower","Coffee Dripper","Strawberry","Bag of Marbles","Akabeko"],"acts_visited":["Exordium","TheCity","TheBeyond","TheEnding"],"potions_floor_usage":[],"damage_taken":[{"damage":4.0,"enemies":"Small Slimes","floor":1.0,"turns":3.0},{"damage":0.0,"enemies":"2 Louse","floor":5.0,"turns":2.0},{"damage":0.0,"enemies":"Cultist","floor":10.0,"turns":3.0},{"damage":6.0,"enemies":"Red Slaver","floor":12.0,"turns":4.0},{"damage":0.0,"enemies":"Gremlin Nob","floor":13.0,"turns":3.0},{"damage":13.0,"enemies":"Hexaghost","floor":16.0,"turns":8.0},{"damage":8.0,"enemies":"Shell Parasite","floor":18.0,"turns":6.0},{"damage":0.0,"enemies":"3 Byrds","floor":20.0,"turns":2.0},{"damage":17.0,"enemies":"Slavers","floor":25.0,"turns":3.0},{"damage":2.0,"enemies":"Centurion and Healer","floor":27.0,"turns":3.0},{"damage":0.0,"enemies":"Masked Bandits","floor":30.0,"turns":4.0},{"damage":0.0,"enemies":"Gremlin Leader","floor":31.0,"turns":4.0},{"damage":0.0,"enemies":"Automaton","floor":33.0,"turns":8.0},{"damage":3.0,"enemies":"3 Darklings","floor":35.0,"turns":3.0},{"damage":0.0,"enemies":"Orb Walker","floor":37.0,"turns":3.0},{"damage":5.0,"enemies":"Reptomancer","floor":40.0,"turns":5.0},{"damage":0.0,"enemies":"Sphere and 2 Shapes","floor":41.0,"turns":4.0},{"damage":6.0,"enemies":"Giant Head","floor":44.0,"turns":6.0},{"damage":0.0,"enemies":"3 Darklings","floor":46.0,"turns":2.0},{"damage":0.0,"enemies":"Maw","floor":47.0,"turns":6.0},{"damage":0.0,"enemies":"4 Shapes","floor":48.0,"turns":5.0},{"damage":6.0,"enemies":"Donu and Deca","floor":50.0,"turns":6.0},{"damage":55.0,"enemies":"Time Eater","floor":51.0,"turns":15.0},{"damage":5.0,"enemies":"Shield and Spear","floor":55.0,"turns":4.0},{"damage":79,"enemies":"The Heart","floor":56,"turns":8}],"seed_played":"-1413145209138424539","potions_obtained":[{"floor":1.0,"key":"Strength Potion"},{"floor":7.0,"key":"LiquidMemories"},{"floor":13.0,"key":"SpeedPotion"},{"floor":27.0,"key":"GamblersBrew"},{"floor":30.0,"key":"GamblersBrew"},{"floor":31.0,"key":"Ancient Potion"},{"floor":35.0,"key":"Poison Potion"},{"floor":44.0,"key":"LiquidMemories"},{"floor":55.0,"key":"Fruit Juice"}],"is_trial":false,"path_per_floor":["M","?","?","?","M","R","?","R","T","M","R","M","E","$","R","B",null,"M","?","M","?","$","R","$","E","T","M","$","R","?","E","R","B",null,"M","?","M","?","$","E","M","R","T","E","$","M","M","M","R","B","B",null,"R","$","E","B"],"character_chosen":"THE_SILENT","items_purchased":["Eviscerate","Acrobatics","Well Laid Plans","After Image"],"campfire_rested":0,"item_purchase_floors":[14,22,39,45],"current_hp_per_floor":[40,40,33,33,33,33,33,33,33,33,33,27,27,27,27,14,49,41,41,41,41,41,41,41,29,34,37,37,37,42,47,47,52,58,60,60,60,60,60,67,67,67,67,66,66,67,67,67,67,61,6,52,52,52,57,0,0],"gold":61,"neow_bonus":"THREE_RARE_CARDS","is_daily":false,"chose_seed":false,"campfire_upgraded":9,"win_rate":0.0,"timestamp":1609695750,"path_taken":["M","?","?","?","M","R","?","R","T","M","R","?","E","$","R","BOSS","M","?","M","?","?","R","$","E","T","?","?","R","?","E","R","BOSS","M","?","M","?","$","E","?","R","T","E","?","?","?","M","R","BOSS","BOSS","R","$","E","BOSS"],"items_purchased_type":["Card","Card","Card","Card"],"build_version":"2020-12-22","purchased_purges":6,"victory":false,"max_hp_per_floor":[66,60,60,60,60,60,60,60,60,60,60,60,60,60,60,60,60,60,60,60,60,60,60,60,60,60,60,60,60,60,60,60,60,60,60,60,60,60,60,67,67,67,67,67,67,67,67,67,67,67,67,67,67,67,72,72,72],"relic_stats":{"Happy Flower":[25],"counters":[25,120],"Bloody Idol":51,"Gambling Chip":[67],"HoveringKite":[74],"PreservedInsect":317,"Smiling Mask":525,"obtain_stats":[{"Happy Flower":31,"Golden Idol":2,"HoveringKite":17,"PreservedInsect":26,"Smiling Mask":9,"Akabeko":55,"Gambling Chip":13,"Bloody Idol":21,"Strawberry":40,"Red Mask":30,"Coffee Dripper":34,"Bag of Marbles":44,"Bottled Lightning":25,"Ring of the Snake":0},{"Happy Flower":12,"Golden Idol":1,"HoveringKite":6,"PreservedInsect":9,"Smiling Mask":2,"Akabeko":24,"Gambling Chip":5,"Bloody Idol":8,"Strawberry":16,"Red Mask":11,"Coffee Dripper":13,"Bag of Marbles":18,"Bottled Lightning":9,"Ring of the Snake":0},{"Happy Flower":45,"Golden Idol":3,"HoveringKite":23,"PreservedInsect":34,"Smiling Mask":5,"Akabeko":112,"Gambling Chip":15,"Bloody Idol":31,"Strawberry":64,"Red Mask":41,"Coffee Dripper":53,"Bag of Marbles":74,"Bottled Lightning":34,"Ring of the Snake":0}],"Ring of the Snake":[50]},"card_choices":[{"not_picked":["Phantasmal Killer","Venomology"],"picked":"Corpse Explosion","floor":0.0},{"not_picked":["Cloak And Dagger","Prepared"],"picked":"Predator","floor":1.0},{"not_picked":["Distraction","Bane","Cloak And Dagger"],"picked":"SKIP","floor":5.0},{"not_picked":["Distraction","Bane","Cloak And Dagger"],"picked":"SKIP","floor":5.0},{"not_picked":["Sucker Punch","Dodge and Roll"],"picked":"Deadly Poison","floor":10.0},{"not_picked":["Dash","Blade Dance"],"picked":"PiercingWail","floor":12.0},{"not_picked":["Poisoned Stab","Cloak And Dagger","Deflect"],"picked":"SKIP","floor":13.0},{"not_picked":["Poisoned Stab","Cloak And Dagger","Deflect"],"picked":"SKIP","floor":13.0},{"not_picked":["A Thousand Cuts","Burst"],"picked":"Wraith Form v2","floor":16.0},{"not_picked":["Footwork","Prepared"],"picked":"Noxious Fumes+1","floor":18.0},{"not_picked":["Deflect","Escape Plan"],"picked":"PiercingWail","floor":20.0},{"not_picked":["Poisoned Stab","Cloak And Dagger"],"picked":"Heel Hook","floor":25.0},{"not_picked":["Bouncing Flask+1","Bane"],"picked":"Setup","floor":27.0},{"not_picked":["Backflip","Outmaneuver"],"picked":"Blur","floor":30.0},{"not_picked":["Dodge and Roll+1","Corpse Explosion","Dagger Spray"],"picked":"SKIP","floor":31.0},{"not_picked":["Venomology","A Thousand Cuts"],"picked":"Tools of the Trade","floor":33.0},{"not_picked":["Deadly Poison+1","Blade Dance+1","Riddle With Holes"],"picked":"SKIP","floor":35.0},{"not_picked":["Acrobatics","Bane+1","Cloak And Dagger"],"picked":"SKIP","floor":37.0},{"not_picked":["Heel Hook","Choke"],"picked":"Concentrate","floor":40.0},{"not_picked":["Caltrops","Flying Knee"],"picked":"Expertise","floor":41.0},{"not_picked":["Flying Knee","Setup"],"picked":"PiercingWail","floor":44.0},{"not_picked":["Deadly Poison+1","Deflect","Quick Slash"],"picked":"SKIP","floor":46.0},{"not_picked":["Sucker Punch","Flying Knee","Outmaneuver"],"picked":"SKIP","floor":47.0},{"not_picked":["Sucker Punch","Flying Knee","Outmaneuver"],"picked":"SKIP","floor":47.0},{"not_picked":["Concentrate","Dodge and Roll+1"],"picked":"Calculated Gamble","floor":48.0},{"not_picked":["Endless Agony","Masterful Stab"],"picked":"Deflect+1","floor":55.0}],"player_experience":5725270,"relics_obtained":[{"floor":9.0,"key":"Smiling Mask"},{"floor":13.0,"key":"Gambling Chip"},{"floor":25.0,"key":"Bottled Lightning"},{"floor":26.0,"key":"PreservedInsect"},{"floor":30.0,"key":"Red Mask"},{"floor":31.0,"key":"Happy Flower"},{"floor":40.0,"key":"Strawberry"},{"floor":44.0,"key":"Bag of Marbles"},{"floor":55.0,"key":"Akabeko"}],"event_choices":[{"damage_healed":0.0,"max_hp_gain":0.0,"max_hp_loss":6.0,"gold_gain":0.0,"event_name":"Golden Idol","player_choice":"Lose Max HP","floor":2.0,"gold_loss":0.0,"damage_taken":0.0,"relics_obtained":["Golden Idol"]},{"cards_removed":["Strike_G"],"damage_healed":0.0,"max_hp_gain":0.0,"max_hp_loss":0.0,"gold_gain":0.0,"event_name":"Golden Wing","player_choice":"Card Removal","floor":3.0,"gold_loss":0.0,"damage_taken":7.0},{"cards_removed":["Strike_G"],"damage_healed":0.0,"max_hp_gain":0.0,"max_hp_loss":0.0,"gold_gain":0.0,"event_name":"The Cleric","player_choice":"Card Removal","floor":4.0,"gold_loss":75.0,"damage_taken":0.0},{"damage_healed":0.0,"max_hp_gain":0.0,"max_hp_loss":0.0,"gold_gain":0.0,"event_name":"The Woman in Blue","player_choice":"Bought 1 Potion","floor":7.0,"gold_loss":0.0,"damage_taken":0.0},{"damage_healed":0.0,"max_hp_gain":0.0,"max_hp_loss":0.0,"gold_gain":0.0,"cards_transformed":["Strike_G","Strike_G"],"event_name":"Drug Dealer","player_choice":"Became Test Subject","floor":19.0,"gold_loss":0.0,"damage_taken":0.0,"cards_obtained":["Glass Knife","Deadly Poison"]},{"damage_healed":0.0,"max_hp_gain":0.0,"max_hp_loss":0.0,"gold_gain":0.0,"event_name":"Forgotten Altar","player_choice":"Gave Idol","floor":21.0,"relics_lost":["Golden Idol"],"gold_loss":0.0,"damage_taken":0.0,"relics_obtained":["Bloody Idol"]},{"damage_healed":0.0,"max_hp_gain":0.0,"max_hp_loss":0.0,"gold_gain":0.0,"event_name":"Masked Bandits","player_choice":"Fought Bandits","floor":30.0,"gold_loss":0.0,"damage_taken":0.0},{"cards_removed":["Predator"],"damage_healed":0.0,"max_hp_gain":0.0,"max_hp_loss":0.0,"gold_gain":0.0,"event_name":"Falling","player_choice":"Removed Attack","floor":36.0,"gold_loss":0.0,"damage_taken":0.0},{"damage_healed":0.0,"max_hp_gain":0.0,"max_hp_loss":0.0,"gold_gain":0.0,"event_name":"SecretPortal","player_choice":"Ignored","floor":38.0,"gold_loss":0.0,"damage_taken":0.0}],"is_beta":false,"boss_relics":[{"not_picked":["Astrolabe","Sozu"],"picked":"HoveringKite"},{"not_picked":["Calling Bell","Tiny House"],"picked":"Coffee Dripper"}],"items_purged_floors":[14,22,24,28,39,54],"is_endless":false,"potions_floor_spawned":[1,12,13,27,30,31,35,44,48,55],"killed_by":"The Heart","ascension_level":20}}