{"host":"oluf6aumjll4vfac","time":1609655336,"event":{"mods":["BaseMod","Colored Map","Colored Powertips","Conspire","Downfall","Minty Spire (QoL Compilation)","Quick Restart","Shop Mod","StSLib","SuperFastMode"],"gold_per_floor":[209,2,33,45,64,64,76,76,99,129,141,153,165,196,208,323,335,366,390,352,138,153,153,153,153,153,173,272,297,40,57,57,156,156,169,169,219,238,27,27,27,27],"floor_reached":41,"playtime":1193,"items_purged":["Strike_R"],"score":426,"play_id":"107bf963-f6cc-4d62-98ea-df85831db90e","local_time":"20210103142856","is_ascension_mode":false,"campfire_choices":[{"floor":6,"key":"REST"},{"data":"Armaments","floor":8,"key":"SMITH"},{"data":"Thunderclap","floor":11,"key":"SMITH"},{"floor":15,"key":"REST"},{"floor":23,"key":"REST"},{"floor":25,"key":"REST"},{"floor":32,"key":"REST"},{"floor":40,"key":"REST"}],"circlet_count":0,"master_deck":["Strike_R","Defend_R","Defend_R","Defend_R","Defend_R","Bash","Armaments+1","Cleave","Dropkick","Cleave","Inflame","Thunderclap+1","Cleave","Spot Weakness","Flame Barrier","Bludgeon","Corruption","Pommel Strike","Twin Strike","Necronomicurse","Flex","conspire:Charge","Apotheosis","expansioncontent:DarkVoid","Immolate","Limit Break","Flex","Jack Of All Trades","Magnetism"],"relics":["Burning Blood","Sling","Black Star","MerchantsRug","Necronomicon","Bronze Scales","Magic Flower","Membership Card","Strawberry"],"acts_visited":["Exordium","TheCity","TheBeyond"],"potions_floor_usage":[7,14,16,31,31,31,35],"damage_taken":[{"damage":0,"enemies":"Small Slimes","floor":1,"turns":3},{"damage":53,"enemies":"conspire:MimicChest","floor":3,"turns":7},{"damage":6,"enemies":"2 Louse","floor":4,"turns":2},{"damage":6,"enemies":"Cultist","floor":5,"turns":3},{"damage":10,"enemies":"Exordium Thugs","floor":7,"turns":4},{"damage":8,"enemies":"Red Slaver","floor":10,"turns":2},{"damage":10,"enemies":"Looter","floor":14,"turns":3},{"damage":54,"enemies":"The Guardian","floor":16,"turns":9},{"damage":36,"enemies":"3 Byrds","floor":18,"turns":5},{"damage":20,"enemies":"2 Thieves","floor":19,"turns":3},{"damage":17,"enemies":"Snecko","floor":22,"turns":5},{"damage":21,"enemies":"Snake Plant","floor":27,"turns":2},{"damage":36,"enemies":"Gremlin Leader","floor":29,"turns":5},{"damage":18,"enemies":"Centurion and Healer","floor":31,"turns":3},{"damage":77,"enemies":"Automaton","floor":33,"turns":8},{"damage":24,"enemies":"3 Darklings","floor":35,"turns":3},{"damage":41,"enemies":"Mind Bloom Boss Battle","floor":37,"turns":7},{"damage":37,"enemies":"3 Shapes","floor":38,"turns":3},{"damage":56,"enemies":"Transient","floor":41,"turns":4}],"seed_played":"-8387493573092422202","potions_obtained":[{"floor":4,"key":"FearPotion"},{"floor":10,"key":"Block Potion"},{"floor":14,"key":"BlessingOfTheForge"},{"floor":19,"key":"Slimebound:ThreeZeroPotion"},{"floor":29,"key":"SteroidPotion"},{"floor":33,"key":"Fire Potion"}],"is_trial":false,"path_per_floor":["M","$","?","M","M","R","M","R","T","M","R","?","?","M","R","B",null,"M","M","?","$","M","R","?","R","T","M","?","E","$","M","R","B",null,"M","?","?","M","$","R","M"],"character_chosen":"IRONCLAD","items_purchased":["Cleave","Sling","MerchantsRug","Apotheosis","DuplicationPotion","expansioncontent:DarkVoid","Membership Card","Strawberry","Jack Of All Trades","Explosive Potion","Magnetism"],"campfire_rested":6,"item_purchase_floors":[2,2,21,30,30,30,39,39,39,39,39],"current_hp_per_floor":[80,80,33,33,33,57,53,53,53,51,51,56,56,52,77,29,85,55,41,41,41,30,55,39,64,64,49,49,19,19,10,35,72,85,70,70,38,13,20,46,0,0],"gold":27,"neow_bonus":"HUNDRED_GOLD","is_daily":false,"chose_seed":false,"campfire_upgraded":2,"win_rate":0.0,"timestamp":1609655336,"path_taken":["M","$","?","M","M","R","M","R","T","M","R","?","?","?","R","BOSS","M","M","?","$","?","R","?","R","T","M","?","E","$","M","R","BOSS","M","?","?","M","$","R","M"],"items_purchased_type":["Card","Relic","Relic","Card","Potion","Card","Relic","Relic","Card","Potion","Card"],"build_version":"2020-12-22","purchased_purges":1,"victory":false,"max_hp_per_floor":[80,80,80,80,80,80,80,80,80,80,80,85,85,85,85,85,85,85,85,85,85,85,85,85,85,85,85,85,85,85,85,85,85,85,85,81,81,81,88,88,88,88],"card_choices":[{"not_picked":["Perfected Strike","Disarm"],"picked":"Armaments","floor":1},{"not_picked":["Wild Strike","Clothesline"],"picked":"Dropkick","floor":3},{"not_picked":["Iron Wave","Clothesline"],"picked":"Cleave","floor":4},{"not_picked":["Second Wind","Thunderclap"],"picked":"Inflame","floor":5},{"not_picked":["Armaments","Body Slam"],"picked":"Thunderclap","floor":6},{"not_picked":["Body Slam","Warcry"],"picked":"Cleave","floor":7},{"not_picked":["True Grit","Wild Strike"],"picked":"Spot Weakness","floor":10},{"not_picked":["Metallicize","Fire Breathing"],"picked":"Flame Barrier","floor":14},{"not_picked":["Havoc","Pommel Strike"],"picked":"Bludgeon","floor":15},{"not_picked":["Reaper","Exhume"],"picked":"Corruption","floor":16},{"not_picked":["Pummel","Metallicize"],"picked":"Pommel Strike","floor":18},{"not_picked":["Shrug It Off","True Grit","Warcry"],"picked":"SKIP","floor":19},{"not_picked":["Thunderclap","Armaments"],"picked":"Twin Strike","floor":22},{"not_picked":["Searing Blow","Heavy Blade+1"],"picked":"Flex","floor":27},{"not_picked":["Reckless Charge","Pommel Strike"],"picked":"conspire:Charge","floor":29},{"not_picked":["Anger","Clash"],"picked":"Immolate","floor":31},{"not_picked":["Fiend Fire","Berserk"],"picked":"Limit Break","floor":33},{"not_picked":["Pommel Strike+1","Searing Blow+1"],"picked":"Flex","floor":35},{"not_picked":["Power Through","Fire Breathing+1","conspire:ExplosiveBarrier"],"picked":"SKIP","floor":38}],"player_experience":58102,"relics_obtained":[{"floor":3,"key":"Dream Catcher"},{"floor":9,"key":"MawBank"},{"floor":24,"key":"Necronomicon"},{"floor":26,"key":"Lizard Tail"},{"floor":29,"key":"Bronze Scales"},{"floor":29,"key":"Magic Flower"},{"floor":37,"key":"Bird Faced Urn"}],"event_choices":[{"damage_healed":0,"gold_gain":0,"player_choice":"Donut","damage_taken":0,"max_hp_gain":5,"max_hp_loss":0,"event_name":"Big Fish","floor":12,"gold_loss":0},{"cards_removed":["Strike_R"],"damage_healed":0,"gold_gain":0,"player_choice":"Purged","damage_taken":0,"max_hp_gain":0,"max_hp_loss":0,"event_name":"Purifier","floor":13,"gold_loss":0},{"damage_healed":0,"gold_gain":0,"player_choice":"Bet on Murderer","damage_taken":0,"max_hp_gain":0,"max_hp_loss":0,"event_name":"The Joust","floor":20,"gold_loss":50},{"damage_healed":0,"gold_gain":0,"player_choice":"Obtained Book","damage_taken":16,"max_hp_gain":0,"max_hp_loss":0,"event_name":"Cursed Tome","floor":24,"gold_loss":0},{"damage_healed":0,"gold_gain":99,"player_choice":"Stole From Cult","damage_taken":0,"max_hp_gain":0,"max_hp_loss":0,"event_name":"Nest","floor":28,"gold_loss":0},{"damage_healed":0,"gold_gain":0,"player_choice":"Max HP","damage_taken":0,"max_hp_gain":0,"max_hp_loss":4,"event_name":"Winding Halls","floor":36,"gold_loss":0},{"damage_healed":0,"gold_gain":0,"player_choice":"Fight","damage_taken":0,"max_hp_gain":0,"max_hp_loss":0,"event_name":"MindBloom","floor":37,"gold_loss":0}],"is_beta":false,"boss_relics":[{"not_picked":["conspire:RoyalGoblet","Fusion Hammer"],"picked":"Black Star"},{"not_picked":["Runic Dome","conspire:RunicOctahedron"],"picked":"Empty Cage"}],"items_purged_floors":[21],"is_endless":false,"potions_floor_spawned":[4,10,14,19,29,33],"killed_by":"Transient","ascension_level":0}}