{"host":"1shobamjx3kfwgso","time":1609649604,"event":{"mods":["2.2 Compatiblity","A Magickal Journey","AchievementEnabler","Act Like it!","Aspiration","BaseMod","Beaked The Cultist","Better Altar","Better Match","Better Sensory Stone","Better Skull","Better Third Choice","BetterRewards","Block Reminder","CCEM","CapriCore","Challenge The Spire","Clockwork Mod","Colored Map","Colored Powertips","Conjunction","Conspire","Defuse TimeMaze Blight","Downfall","Energized Spire","Exacting","FoggyMod","GifTheSpireLib","GungeonMod","Halation","Hallownest","Hermit","Highlight Path","Hubris","Infinite Spire","Ironclad Rager","JesterMod","Lobotomy","LobotomyExtend","Mimic Mod","Minty Spire (QoL Compilation)","Pale of the Ancients","Quick Restart","Relic Sorter","Replay The Spire","Shade Mod","Shop Mod","StSLib","Stuff the Spire","The Bladedancer","The Blue Laboratory","The Bug Knight","The Construct","The Cursed","The Dragon Tamer","The Druid","The Immortal","The Juggle","The Marked","The Mystic","The Sage","The Servant 0.9.4","TheFirefly","TheVacant","Uncapped","vexMod"],"gold_per_floor":[116,116,116,132,132,132,159,159,191,224,224,224,211,93,93,196,196,196,39,67,67,67,67,38,38,38,53,53,34,34,34,34,138,138,165,165,178,178,178,178,108,208,248,248,248,248,248,248,248,59,59,59,59,59,59,59],"floor_reached":57,"playtime":4379,"items_purged":[],"score":781,"play_id":"596a52ce-931b-4962-ac9d-77fcfa975109","local_time":"20210102235324","is_ascension_mode":true,"campfire_choices":[{"data":"beaked:Ceremony","floor":6.0,"key":"SMITH"},{"data":"beaked:Ceremony","floor":12.0,"key":"SMITH"},{"data":"ReplayTheSpireMod:RavenHex","floor":15.0,"key":"SMITH"},{"data":"beaked:MimicHuntress","floor":23.0,"key":"SMITH"},{"data":"expansioncontent:DefensiveMode","floor":32.0,"key":"SMITH"},{"floor":40.0,"key":"RECALL"},{"data":"ReplayTheSpireMod:RavenHex","floor":44.0,"key":"SMITH"},{"data":"Replay:Dark Deal","floor":47.0,"key":"SMITH"}],"circlet_count":0,"master_deck":["beaked:Strike_Y","beaked:Strike_Y","beaked:Strike_Y","beaked:Strike_Y+1","beaked:Strike_Y","beaked:Strike_Y+1","beaked:Defend_Y","beaked:Defend_Y","beaked:Defend_Y","beaked:Defend_Y+1","beaked:Ceremony+1","beaked:Ceremony+1","beaked:Ceremony+1","OSAHOGD","beaked:BraceForImpact","Wellcheers","ReplayTheSpireMod:Wings of Steel+1","BigBird","DespairKnight","Freischutz","beaked:CursingBlood+1","beaked:MimicHuntress+1","ReplayTheSpireMod:RavenHex+1","LongBird","beaked:MachineSpirit","beaked:BloodRitual+1","beaked:CursingBlood","expansioncontent:DefensiveMode+1","Replay:Dark Deal+1","MHz","ReplayTheSpireMod:RavenHex+1","beaked:MachineSpirit","Writhe"],"relics":["beaked:MendingPlumage","beaked:MendingPlumage","hubris:Icosahedron","CogitoBucket","RabbitCall","LetterFromLob","aspiration:SeaSaltIceCream","Torii","DemoMod:Metronome","vexMod:MemoryStick","StuffTheSpire:Wildfire","construct:ClawGrip","LaetitiaHeart","StuffTheSpire:GrapeVine","StuffTheSpire:CocoNut","hubris:Towel","StuffTheSpire:Nightcore","aspiration:RitualStick","Ice Cream","War Paint","CultistMask","Empty Cage","Whetstone","hubris:FunFungus","StuffTheSpire:NeowsTribute"],"acts_visited":["Exordium","TheCity","TheBeyond"],"potions_floor_usage":[57],"damage_taken":[{"damage":0.0,"enemies":"conspire:RoseBush","floor":1.0,"turns":4.0},{"damage":9.0,"enemies":"2 Louse","floor":4.0,"turns":4.0},{"damage":5.0,"enemies":"Replay:BlueRogue","floor":7.0,"turns":8.0},{"damage":8.0,"enemies":"Jaw Worm","floor":9.0,"turns":7.0},{"damage":55.0,"enemies":"Lagavulin","floor":10.0,"turns":9.0},{"damage":25.0,"enemies":"Gremlin Nob","floor":13.0,"turns":5.0},{"damage":26.0,"enemies":"Jaw Worm","floor":14.0,"turns":4.0},{"damage":0.0,"enemies":"Slime Boss","floor":16.0,"turns":1.0},{"damage":0.0,"enemies":"Slime Boss","floor":16.0,"turns":1.0},{"damage":34.0,"enemies":"Shell Parasite","floor":20.0,"turns":10.0},{"damage":65.0,"enemies":"HollowMod:Nosk","floor":24.0,"turns":8.0},{"damage":44.0,"enemies":"conspire:Head Lice","floor":27.0,"turns":6.0},{"damage":94.0,"enemies":"Shell Parasite","floor":29.0,"turns":11.0},{"damage":27.0,"enemies":"conspire:MysteriousRune","floor":33.0,"turns":8.0},{"damage":67.0,"enemies":"3 Darklings","floor":35.0,"turns":8.0},{"damage":29.0,"enemies":"3 Shapes","floor":37.0,"turns":6.0},{"damage":75.0,"enemies":"Giant Head","floor":41.0,"turns":8.0},{"damage":29.0,"enemies":"Maw","floor":43.0,"turns":12.0},{"damage":65.0,"enemies":"Donu and Deca","floor":50.0,"turns":8.0},{"damage":30.0,"enemies":"Malkuth","floor":51.0,"turns":7.0},{"damage":84.0,"enemies":"Netzach","floor":52.0,"turns":8.0},{"damage":15.0,"enemies":"Geburah","floor":55.0,"turns":2.0}],"seed_played":"1118072421783907298","potions_obtained":[{"floor":4.0,"key":"blueLaboratory:RecallPotion"},{"floor":13.0,"key":"FearPotion"},{"floor":14.0,"key":"Energy Potion"},{"floor":29.0,"key":"blueLaboratory:BottleOfRum"},{"floor":35.0,"key":"Weak Potion"},{"floor":38.0,"key":"blueLaboratory:FrostheartPotion"},{"floor":38.0,"key":"blueLaboratory:BubblePotion"}],"is_trial":false,"path_per_floor":["M","?","?","M","?","R","E","?","MIM","E","?","R","E","M","R","B",null,"M","$","MIM","?","?","R","E","?","T","E","?","M","?","$","R","B",null,"M","?","M","M","M","R","E","?","MIM","R","M","M","R","M","R_BF","B",null,null,null,null,null,null,null,null,null,null],"character_chosen":"BEAKED_THE_CULTIST","items_purchased":["StuffTheSpire:GrapeVine"],"campfire_rested":0,"item_purchase_floors":[19],"current_hp_per_floor":[50,50,50,50,50,50,50,43,49,35,50,50,35,35,35,13,50,50,50,53,53,53,53,53,42,42,49,49,49,49,49,49,57,57,42,37,40,40,40,40,34,34,49,49,49,49,49,57,57,40,57,57,57,57,44,44],"gold":9,"neow_bonus":"","is_daily":false,"chose_seed":false,"campfire_upgraded":7,"win_rate":0.0,"timestamp":1609649604,"path_taken":["M","?","?","?","?","R","E","?","MIM","E","?","R","E","?","R","BOSS","M","$","?","?","?","R","E","?","T","E","?","?","?","?","R","BOSS","M","?","?","?","?","R","E","?","MIM","R","?","?","R","?","R_BF","BOSS"],"items_purchased_type":["Relic"],"build_version":"2020-12-22","purchased_purges":0,"victory":true,"max_hp_per_floor":[50,50,50,50,50,50,50,50,50,50,50,50,50,50,50,50,50,50,50,57,57,57,57,57,57,57,57,57,57,57,57,57,57,57,57,57,57,57,57,57,57,57,57,57,57,57,57,57,57,57,57,57,57,57,57,57],"card_choices":[{"not_picked":["QueenOfHatred","Murderer","MeatLantern"],"picked":"Singing Bowl","floor":1.0},{"not_picked":["SpiderBud","RedShoes"],"picked":"OSAHOGD","floor":1.0},{"not_picked":["beaked:TuckingFeathers","beaked:Cower"],"picked":"beaked:BraceForImpact","floor":1.0},{"not_picked":["SingingMachine","CrumblingArmor","Scarecrow"],"picked":"Singing Bowl","floor":4.0},{"not_picked":["Bloodbath","CrumblingArmor"],"picked":"Wellcheers","floor":4.0},{"not_picked":["ReplayTheSpireMod:Prepare the Ceremony","beaked:StunningBlow"],"picked":"ReplayTheSpireMod:Wings of Steel","floor":4.0},{"not_picked":["Murderer","CrumblingArmor","GalaxyChild"],"picked":"Singing Bowl","floor":7.0},{"not_picked":["ShyLook","UniverseFragment"],"picked":"BigBird","floor":7.0},{"not_picked":["beaked:Negation","beaked:DigDeep","beaked:Insight"],"picked":"SKIP","floor":7.0},{"not_picked":["beaked:Negation","beaked:Insight"],"picked":"beaked:DigDeep","floor":7.0},{"not_picked":["Murderer","SpiderBud"],"picked":"DespairKnight","floor":9.0},{"not_picked":["beaked:MimicMachine","beaked:WarriorEssence"],"picked":"beaked:Overexert","floor":9.0},{"not_picked":["OldLady","ShyLook"],"picked":"Freischutz","floor":10.0},{"not_picked":["beaked:WarriorEssence","beaked:SurvivalInstinct"],"picked":"beaked:CursingBlood","floor":10.0},{"not_picked":["beaked:SurvivalInstinct","beaked:Flinch"],"picked":"beaked:MimicHuntress","floor":13.0},{"not_picked":["Scorched","OldLady"],"picked":"Yin","floor":13.0},{"not_picked":["beaked:DesperateSwing","beaked:Roost"],"picked":"ReplayTheSpireMod:RavenHex","floor":14.0},{"not_picked":["VoidDream","Scorched"],"picked":"LongBird","floor":14.0},{"not_picked":["OldLady","Alriune","HeroicMonk"],"picked":"Singing Bowl","floor":16.0},{"not_picked":["CherryBlossoms","HappyTeddy"],"picked":"Bloodbath","floor":16.0},{"not_picked":["Variant","CherryBlossoms","BeautyBeast"],"picked":"Singing Bowl","floor":20.0},{"not_picked":["beaked:Molting+1","beaked:DigDeep"],"picked":"beaked:MachineSpirit","floor":20.0},{"not_picked":["UniverseFragment","BlackSwan","QueenOfHatred"],"picked":"Singing Bowl","floor":24.0},{"not_picked":["beaked:Overpower","beaked:BraceForImpact+1"],"picked":"beaked:BloodRitual","floor":24.0},{"not_picked":["BlackArmy","BeautyBeast","OldLady"],"picked":"Singing Bowl","floor":27.0},{"not_picked":["beaked:Recite+1","beaked:Struggle+1"],"picked":"beaked:CursingBlood","floor":27.0},{"not_picked":["Rudolta","HeroicMonk","FairyFestival"],"picked":"Singing Bowl","floor":29.0},{"not_picked":["beaked:FeelMyPain","beaked:Brainwash","beaked:TuckingFeathers"],"picked":"SKIP","floor":29.0},{"not_picked":["Replay:Sssssssssshield","expansioncontent:ManipulateTime"],"picked":"expansioncontent:DefensiveMode","floor":30.0},{"not_picked":["expansioncontent:YouAreMine","ReplayTheSpireMod:Private Reserves"],"picked":"Replay:Dark Deal","floor":30.0},{"not_picked":["SpiderBud","GalaxyChild"],"picked":"MHz","floor":33.0},{"not_picked":["MeltingLove","BlueStar","DreamingCurrent"],"picked":"Singing Bowl","floor":35.0},{"not_picked":["beaked:DigDeep+1","beaked:Redirect","beaked:LiftOff"],"picked":"SKIP","floor":35.0},{"not_picked":["LaLuna","MeltingLove","WhitesApple"],"picked":"Singing Bowl","floor":37.0},{"not_picked":["beaked:Hexing+1","beaked:SurvivalInstinct"],"picked":"ReplayTheSpireMod:RavenHex","floor":37.0},{"not_picked":["MeatLantern","GalaxyChild","NothingThere"],"picked":"Singing Bowl","floor":41.0},{"not_picked":["beaked:SurvivalInstinct","beaked:Molting","beaked:WarriorEssence"],"picked":"SKIP","floor":41.0},{"not_picked":["GreedKing","HeroicMonk","Laetitia"],"picked":"Singing Bowl","floor":43.0},{"not_picked":["beaked:Recite+1","beaked:Negation+1"],"picked":"beaked:MachineSpirit","floor":43.0}],"player_experience":289342,"relics_obtained":[{"floor":1.0,"key":"LetterFromLob"},{"floor":7.0,"key":"Torii"},{"floor":9.0,"key":"DemoMod:Metronome"},{"floor":10.0,"key":"vexMod:MemoryStick"},{"floor":13.0,"key":"StuffTheSpire:Wildfire"},{"floor":20.0,"key":"StuffTheSpire:CocoNut"},{"floor":24.0,"key":"StuffTheSpire:Nightcore"},{"floor":26.0,"key":"Ice Cream"},{"floor":27.0,"key":"War Paint"},{"floor":41.0,"key":"Whetstone"},{"floor":43.0,"key":"hubris:FunFungus"},{"floor":43.0,"key":"StuffTheSpire:NeowsTribute"}],"event_choices":[{"damage_healed":0.0,"max_hp_gain":0.0,"max_hp_loss":0.0,"gold_gain":0.0,"event_name":"Big Fish","player_choice":"Box","floor":3.0,"gold_loss":0.0,"damage_taken":0.0,"relics_obtained":["aspiration:SeaSaltIceCream"],"cards_obtained":["Regret"]},{"cards_removed":["beaked:DigDeep"],"damage_healed":0.0,"max_hp_gain":0.0,"max_hp_loss":0.0,"gold_gain":0.0,"event_name":"Golden Wing","player_choice":"Card Removal","floor":8.0,"gold_loss":0.0,"damage_taken":7.0},{"cards_removed":["beaked:Overexert"],"damage_healed":15.0,"max_hp_gain":0.0,"max_hp_loss":0.0,"gold_gain":0.0,"event_name":"Bonfire Elementals","player_choice":"Offered Uncommon","floor":11.0,"gold_loss":0.0,"damage_taken":0.0},{"damage_healed":0.0,"max_hp_gain":0.0,"max_hp_loss":0.0,"gold_gain":0.0,"event_name":"FaceTrader","player_choice":"Trade","floor":28.0,"gold_loss":0.0,"damage_taken":0.0,"relics_obtained":["CultistMask"]},{"damage_healed":0.0,"max_hp_gain":0.0,"max_hp_loss":0.0,"gold_gain":2.0,"event_name":"betterStone:BetterStone","player_choice":"1","floor":30.0,"gold_loss":0.0,"damage_taken":0.0},{"damage_healed":0.0,"max_hp_gain":0.0,"max_hp_loss":0.0,"gold_gain":0.0,"event_name":"Wheel of Change","player_choice":"Damaged","floor":36.0,"gold_loss":0.0,"damage_taken":5.0},{"damage_healed":0.0,"max_hp_gain":0.0,"max_hp_loss":0.0,"gold_gain":0.0,"event_name":"Lab","player_choice":"Got Potions","floor":38.0,"gold_loss":0.0,"damage_taken":0.0},{"damage_healed":0.0,"max_hp_gain":0.0,"max_hp_loss":0.0,"gold_gain":100.0,"event_name":"Golden Shrine","player_choice":"Pray","floor":42.0,"gold_loss":0.0,"damage_taken":0.0},{"damage_healed":0.0,"max_hp_gain":0.0,"max_hp_loss":0.0,"gold_gain":0.0,"event_name":"Upgrade Shrine","player_choice":"Upgraded","floor":45.0,"gold_loss":0.0,"damage_taken":0.0,"cards_upgraded":["ReplayTheSpireMod:Wings of Steel"]},{"damage_healed":0.0,"max_hp_gain":0.0,"max_hp_loss":0.0,"gold_gain":0.0,"event_name":"Upgrade Shrine","player_choice":"Upgraded","floor":46.0,"gold_loss":0.0,"damage_taken":0.0,"cards_upgraded":["beaked:BloodRitual"]},{"damage_healed":14.0,"max_hp_gain":0.0,"max_hp_loss":0.0,"gold_gain":0.0,"event_name":"Winding Halls","player_choice":"Writhe","floor":48.0,"gold_loss":0.0,"damage_taken":0.0,"cards_obtained":["Writhe"]}],"is_beta":false,"boss_relics":[{"not_picked":["Replay:Wanted Poster","SlaversCollar"],"picked":"construct:ClawGrip"},{"not_picked":["aspiration:SecretTechniqueScroll","Replay:Bronze Core"],"picked":"Empty Cage"}],"items_purged_floors":[],"is_endless":false,"potions_floor_spawned":[4,13,14,29,35],"ascension_level":1}}