{"host":"6hzrz31j95f2y1pa","time":1609675519,"event":{"mods":["BaseMod","Colored Map","Downfall","Minty Spire (QoL Compilation)","StSLib"],"gold_per_floor":[99,118,118,130,40,70,70,70,96,114,114,133,35,50,60,133,133,133,151,169,184,197,210,210,210,210,210,227,227,245,256,276,349,349,349,366,377,395,41,41,65,80,80,5,5,5,5,5,18,18],"floor_reached":51,"playtime":3610,"items_purged":["hexamod:Defend","Pain"],"score":1029,"play_id":"a742672b-0719-49d7-ad98-6fca959f7cd6","local_time":"20210103070519","is_ascension_mode":true,"campfire_choices":[{"data":"hexamod:Float","floor":1,"key":"SMITH"},{"data":"1","floor":8,"key":"LIFT"},{"data":"2","floor":11,"key":"LIFT"},{"data":"3","floor":18,"key":"LIFT"},{"floor":25,"key":"REST"},{"floor":27,"key":"REST"},{"floor":35,"key":"RECALL"}],"circlet_count":0,"master_deck":["AscendersBane","hexamod:Strike","hexamod:Strike","hexamod:Strike","hexamod:Strike","hexamod:Defend","hexamod:Defend","hexamod:Defend","hexamod:Sear","hexamod:Float+1","hexamod:InspiringFlames+1","hexamod:Firestarter","hexamod:ThermalTransfer","hexamod:NecessarySacrifice","hexamod:ExtraCrispy","hexamod:ChargedBarrage","hexamod:PhantomCloak","hexamod:ThermalTransfer","hexamod:NightmareGuise","hexamod:ShieldOfDarkness","hexamod:RetreatToShadows","hexamod:Hexaguard+1","hexamod:FastForward+1","hexamod:FastForward","hexamod:ApocalypticArmor","hexamod:Hexaguard+1","hexamod:GhostShield","hexamod:GhostOfSpireFuture","Doubt","expansioncontent:CaCaw","expansioncontent:GuardianWhirl","hexamod:TimeOfNeed","Parasite"],"relics":["hexamod:SpiritBrand","Lizard Tail","Girya","Ornamental Fan","Gremlin Horn","Fusion Hammer","Turnip","WarpedTongs","hexamod:TheBrokenSeal","Coffee Dripper","Mummified Hand","downfall:HeartBlessingRed","Bottled Lightning"],"acts_visited":["Exordium","TheCity","TheBeyond"],"potions_floor_usage":[16,22,28,30,33,42,50],"damage_taken":[{"damage":0,"enemies":"Jaw Worm","floor":2,"turns":3},{"damage":0,"enemies":"2 Louse","floor":4,"turns":3},{"damage":0,"enemies":"downfall:FleeingMerchant","floor":5,"turns":4},{"damage":6,"enemies":"Gremlin Nob","floor":9,"turns":4},{"damage":0,"enemies":"Cultist","floor":10,"turns":3},{"damage":1,"enemies":"2 Fungi Beasts","floor":12,"turns":3},{"damage":0,"enemies":"downfall:FleeingMerchant","floor":13,"turns":4},{"damage":2,"enemies":"Large Slime","floor":14,"turns":3},{"damage":0,"enemies":"Exordium Thugs","floor":15,"turns":5},{"damage":38,"enemies":"downfall:Silent","floor":16,"turns":9},{"damage":14,"enemies":"Shell Parasite","floor":19,"turns":6},{"damage":16,"enemies":"Spheric Guardian","floor":20,"turns":5},{"damage":14,"enemies":"Snake Plant","floor":21,"turns":4},{"damage":5,"enemies":"Snecko","floor":22,"turns":8},{"damage":16,"enemies":"Centurion and Healer","floor":23,"turns":9},{"damage":30,"enemies":"Snake Plant","floor":28,"turns":6},{"damage":39,"enemies":"Shelled Parasite and Fungi","floor":30,"turns":8},{"damage":9,"enemies":"Centurion and Healer","floor":31,"turns":7},{"damage":14,"enemies":"3 Cultists","floor":32,"turns":6},{"damage":14,"enemies":"downfall:Watcher","floor":33,"turns":11},{"damage":3,"enemies":"Orb Walker","floor":36,"turns":4},{"damage":18,"enemies":"3 Shapes","floor":37,"turns":6},{"damage":5,"enemies":"Sphere and 2 Shapes","floor":38,"turns":6},{"damage":4,"enemies":"downfall:FleeingMerchant","floor":39,"turns":4},{"damage":0,"enemies":"Spire Growth","floor":42,"turns":6},{"damage":20,"enemies":"Writhing Mass","floor":49,"turns":6},{"damage":16,"enemies":"downfall:Defect","floor":50,"turns":9}],"seed_played":"-5204138883560960166","potions_obtained":[{"floor":10,"key":"Ancient Potion"},{"floor":12,"key":"DistilledChaos"},{"floor":16,"key":"Explosive Potion"},{"floor":19,"key":"CultistPotion"},{"floor":21,"key":"SkillPotion"},{"floor":22,"key":"hexamod:InfernoChargePotion"},{"floor":23,"key":"Energy Potion"},{"floor":28,"key":"CultistPotion"},{"floor":30,"key":"hexamod:EctoCoolerPotion"},{"floor":33,"key":"Strength Potion"},{"floor":38,"key":"Block Potion"}],"is_trial":false,"path_per_floor":["R","M","?","M","$","?","T","R","E","M","R","M","$","M","M","B",null,"R","M","M","M","M","M","T","R","?","R","M","?","M","M","M","B",null,"R","M","M","M","$","R","T","M","?","R","?","R","?","?","M","B",null],"character_chosen":"THE_SPIRIT","items_purchased":["hexamod:PhantomCloak","hexamod:ThermalTransfer","Mummified Hand"],"campfire_rested":2,"item_purchase_floors":[13,13,39],"current_hp_per_floor":[42,42,24,24,24,24,24,24,18,18,18,17,17,15,15,15,51,51,37,28,21,23,14,14,32,32,50,27,27,63,54,40,26,61,61,58,40,35,31,31,31,31,73,73,73,73,68,68,48,32],"gold":18,"neow_bonus":"ONE_RARE_RELIC","is_daily":false,"chose_seed":false,"campfire_upgraded":1,"win_rate":0.0,"timestamp":1609675519,"path_taken":["R","M","?","M","$","?","T","R","E","M","R","M","?","M","M","BOSS","R","M","M","M","M","M","T","R","?","R","M","?","M","M","M","BOSS","R","M","M","M","$","R","T","M","?","R","?","R","?","?","M","BOSS"],"items_purchased_type":["Card","Card","Relic"],"build_version":"2020-12-22","purchased_purges":2,"victory":true,"max_hp_per_floor":[63,63,63,63,63,63,63,63,63,63,63,63,63,63,63,63,63,63,63,63,63,63,63,63,63,63,63,63,63,73,73,73,73,73,73,73,73,73,73,73,73,73,73,73,73,73,73,73,73,73],"card_choices":[{"not_picked":["hexamod:Hexaguard","hexamod:SpectralSpark"],"picked":"hexamod:InspiringFlames","floor":2},{"not_picked":["hexamod:RainOfEmbers","hexamod:GhostShield"],"picked":"hexamod:Firestarter","floor":4},{"not_picked":["hexamod:Hexaguard","hexamod:RainOfEmbers"],"picked":"hexamod:ThermalTransfer","floor":5},{"not_picked":["hexamod:SkipABeat","hexamod:GhostflameBarrier","hexamod:FifthSeal"],"picked":"SKIP","floor":9},{"not_picked":["hexamod:InspiringFlames","hexamod:ThirdSeal"],"picked":"hexamod:NecessarySacrifice","floor":10},{"not_picked":["hexamod:InspiringFlames","hexamod:PhantomCloak"],"picked":"hexamod:ExtraCrispy","floor":12},{"not_picked":["hexamod:BurningTouch","hexamod:BacktrackSmack"],"picked":"hexamod:ChargedBarrage","floor":13},{"not_picked":["hexamod:SpectersWail","hexamod:Firestarter"],"picked":"hexamod:NightmareGuise","floor":14},{"not_picked":["hexamod:ParanormalForm","hexamod:GhostLash","hexamod:BurningTouch"],"picked":"SKIP","floor":15},{"not_picked":["hexamod:CrushingStance","hexamod:ParanormalForm"],"picked":"hexamod:FifthSeal","floor":16},{"not_picked":["hexamod:SixthSeal","hexamod:SecondSeal"],"picked":"hexamod:FirstSeal","floor":19},{"not_picked":["hexamod:PhantomFireball","hexamod:NightmareStrike","hexamod:BurningTouch"],"picked":"SKIP","floor":19},{"not_picked":["hexamod:ThirdSeal","hexamod:SixthSeal"],"picked":"hexamod:FourthSeal","floor":20},{"not_picked":["hexamod:SpectralSpark","hexamod:BacktrackSmack+1"],"picked":"hexamod:ShieldOfDarkness","floor":20},{"not_picked":["hexamod:EtherealExpedition","hexamod:Firestarter"],"picked":"hexamod:SixthSeal","floor":21},{"not_picked":["hexamod:HauntingEcho","hexamod:SuperheatedStrike+1"],"picked":"hexamod:RetreatToShadows","floor":22},{"not_picked":["hexamod:SixthSeal","hexamod:FirstSeal","hexamod:FourthSeal"],"picked":"SKIP","floor":22},{"not_picked":["hexamod:FourthSeal","hexamod:SixthSeal"],"picked":"hexamod:SecondSeal","floor":23},{"not_picked":["hexamod:HeatCrush+1","hexamod:RecurringNightmare","hexamod:RainOfEmbers"],"picked":"SKIP","floor":23},{"not_picked":["hexamod:HeatCrush+1","hexamod:RecurringNightmare","hexamod:RainOfEmbers"],"picked":"SKIP","floor":23},{"not_picked":["hexamod:SecondSeal","hexamod:FirstSeal"],"picked":"hexamod:ThirdSeal","floor":28},{"not_picked":["hexamod:FirstSeal","hexamod:GhostLash"],"picked":"hexamod:Hexaguard+1","floor":28},{"not_picked":["hexamod:EmpoweringStance","hexamod:SpectersWail"],"picked":"hexamod:FastForward+1","floor":30},{"not_picked":["hexamod:GhostOfSpireFuture","hexamod:RainOfEmbers"],"picked":"hexamod:FastForward","floor":31},{"not_picked":["hexamod:AdvancingGuard","hexamod:FastForward+1","hexamod:ThermalTransfer"],"picked":"SKIP","floor":32},{"not_picked":["hexamod:GiftsFromTheDead","hexamod:ParanormalForm"],"picked":"hexamod:ApocalypticArmor","floor":33},{"not_picked":["hexamod:GhostShield","hexamod:HeatShield"],"picked":"hexamod:Hexaguard+1","floor":36},{"not_picked":["hexamod:DynamicBlow+1","hexamod:BurningTouch"],"picked":"hexamod:GhostShield","floor":37},{"not_picked":["hexamod:NightmareStrike","hexamod:SpectralSpark"],"picked":"hexamod:GhostOfSpireFuture","floor":38},{"not_picked":["hexamod:TurnItUp","hexamod:SpectersWail","hexamod:Hexaguard+1"],"picked":"SKIP","floor":39},{"not_picked":["hexamod:BacktrackSmack","hexamod:SwordOfDarkness+1","hexamod:SuperheatedStrike"],"picked":"SKIP","floor":42},{"not_picked":["expansioncontent:DonusPower","expansioncontent:FaceSlap"],"picked":"expansioncontent:CaCaw","floor":47},{"not_picked":["expansioncontent:DarkVoid","expansioncontent:LastStand"],"picked":"expansioncontent:GuardianWhirl","floor":47},{"not_picked":["hexamod:GhostflameBarrier+1","hexamod:SkipABeat","hexamod:FastForward"],"picked":"SKIP","floor":49}],"player_experience":1278637,"relics_obtained":[{"floor":7,"key":"Ornamental Fan"},{"floor":9,"key":"Gremlin Horn"},{"floor":24,"key":"Turnip"},{"floor":45,"key":"Bottled Lightning"}],"event_choices":[{"damage_healed":0,"gold_gain":0,"player_choice":"Success","damage_taken":18,"relics_obtained":["Girya"],"max_hp_gain":0,"max_hp_loss":0,"event_name":"Scrap Ooze","floor":3,"gold_loss":0},{"damage_healed":0,"gold_gain":0,"player_choice":"Rummage","damage_taken":0,"relics_obtained":["WarpedTongs"],"max_hp_gain":0,"max_hp_loss":0,"event_name":"Accursed Blacksmith","floor":29,"gold_loss":0,"cards_obtained":["Pain"]}],"is_beta":false,"boss_relics":[{"not_picked":["SlaversCollar","Velvet Choker"],"picked":"Fusion Hammer"},{"not_picked":["Runic Dome","hexamod:IceCube"],"picked":"Coffee Dripper"}],"items_purged_floors":[5,39],"is_endless":false,"potions_floor_spawned":[10,12,14,15,16,19,21,30,32,33,36,38],"ascension_level":14}}