{"host":"no7lpkw32q9rsjhi","time":1609653668,"event":{"mods":["BaseMod","Colored Map","Conspire","Infinite Spire","Jorbs\u0027s Wanderer Trilogy","Minty Spire (QoL Compilation)","Replay The Spire","StSLib","The Hierophant"],"gold_per_floor":[112,126,126,144,157,177,195,229,229,248,248,248],"floor_reached":11,"playtime":705,"items_purged":[],"score":79,"play_id":"e930048b-7c93-4242-b0b3-5dec50aea32e","local_time":"20210103010108","is_ascension_mode":false,"campfire_choices":[],"circlet_count":0,"master_deck":["stsjorbsmod:ForbiddenGrimoire+1","stsjorbsmod:Strike_Wanderer","stsjorbsmod:Strike_Wanderer","stsjorbsmod:Strike_Wanderer","stsjorbsmod:Strike_Wanderer","stsjorbsmod:Defend_Wanderer","stsjorbsmod:Defend_Wanderer","stsjorbsmod:Defend_Wanderer","stsjorbsmod:Defend_Wanderer","stsjorbsmod:FreshAdventure","stsjorbsmod:EyeOfTheStorm","stsjorbsmod:Channel","stsjorbsmod:Hibernate","stsjorbsmod:Prepare","stsjorbsmod:SmithingStrike","stsjorbsmod:DisguiseSelf","stsjorbsmod:Firebolt","stsjorbsmod:ArcaneWeapon"],"relics":["stsjorbsmod:GrimoireRelic","Bottled Flame"],"acts_visited":["Exordium"],"potions_floor_usage":[],"damage_taken":[{"damage":0,"enemies":"2 Louse","floor":1,"turns":2},{"damage":0,"enemies":"Cultist","floor":2,"turns":5},{"damage":3,"enemies":"Jaw Worm","floor":4,"turns":4},{"damage":0,"enemies":"Exordium Wildlife","floor":5,"turns":3},{"damage":0,"enemies":"Red Slaver","floor":6,"turns":4},{"damage":7,"enemies":"Looter","floor":7,"turns":4},{"damage":50,"enemies":"Gremlin Nob","floor":8,"turns":6},{"damage":5,"enemies":"Blue Slaver","floor":10,"turns":4},{"damage":19,"enemies":"3 Sentries","floor":11,"turns":4}],"seed_played":"-8400398838624296505","potions_obtained":[{"floor":1,"key":"stsjorbsmod:LiquidClarity"},{"floor":5,"key":"Venom Potion"},{"floor":6,"key":"Languid Potion"}],"is_trial":false,"path_per_floor":["M","M","?","M","M","M","M","E","T","M","E"],"character_chosen":"WANDERER","items_purchased":[],"campfire_rested":0,"item_purchase_floors":[],"current_hp_per_floor":[74,74,74,73,76,76,70,22,22,18,0,0],"gold":248,"neow_bonus":"TEN_PERCENT_HP_BONUS","is_daily":false,"chose_seed":false,"campfire_upgraded":0,"win_rate":0.0,"timestamp":1609653668,"path_taken":["M","M","?","M","M","M","M","E","T","M","E"],"items_purchased_type":[],"build_version":"2020-12-22","purchased_purges":0,"victory":false,"max_hp_per_floor":[74,74,74,74,76,76,76,76,76,76,76,76],"card_choices":[{"not_picked":["stsjorbsmod:UnseenServant","stsjorbsmod:ChatteringStrike"],"picked":"stsjorbsmod:Channel","floor":1},{"not_picked":["stsjorbsmod:Entangle","stsjorbsmod:RefuseToForget"],"picked":"stsjorbsmod:Prepare","floor":2},{"not_picked":["stsjorbsmod:WeightOfMemory","stsjorbsmod:DoubleCheck"],"picked":"stsjorbsmod:Hibernate","floor":4},{"not_picked":["stsjorbsmod:Will","stsjorbsmod:Index"],"picked":"stsjorbsmod:Prepare","floor":5},{"not_picked":["stsjorbsmod:Hurt","stsjorbsmod:Rest"],"picked":"stsjorbsmod:SmithingStrike","floor":6},{"not_picked":["stsjorbsmod:Hurt","stsjorbsmod:Hibernate"],"picked":"stsjorbsmod:DisguiseSelf","floor":7},{"not_picked":["stsjorbsmod:Hurt","stsjorbsmod:Thorns"],"picked":"stsjorbsmod:Firebolt","floor":8},{"not_picked":["stsjorbsmod:Mania","stsjorbsmod:MistyStep"],"picked":"stsjorbsmod:ArcaneWeapon","floor":10}],"player_experience":66811,"relics_obtained":[{"floor":8,"key":"Bottled Flame"}],"event_choices":[{"cards_removed":["stsjorbsmod:Prepare"],"damage_healed":5,"gold_gain":0,"player_choice":"Offered Common","damage_taken":0,"max_hp_gain":0,"max_hp_loss":0,"event_name":"Bonfire Elementals","floor":3,"gold_loss":0},{"cards_removed":["stsjorbsmod:Prepare"],"damage_healed":5,"gold_gain":0,"player_choice":"Offered Special","damage_taken":0,"max_hp_gain":0,"max_hp_loss":0,"event_name":"Bonfire Elementals","floor":3,"gold_loss":0}],"is_beta":false,"boss_relics":[],"items_purged_floors":[],"is_endless":false,"potions_floor_spawned":[1,5,6,7],"killed_by":"3 Sentries","ascension_level":0}}