{"host":"0azimyi6n3ugndj4","time":1609700326,"event":{"mods":["2.2 Compatiblity","BaseMod","Bestiary","Conspire","Curses Come First","Defuse TimeMaze Blight","Downfall","Hermit","Hyrulean Relics","Infinite Spire","Minty Spire (QoL Compilation)","Relic Filter","Relic Stats","Replay The Spire","StSLib","SuperFastMode","The Cursed","Uncapped","¡¼?Úª?ø«¡½REMEMod"],"gold_per_floor":[159,159,159,207,207,207,207,288,336,336,4,61,61,115,115,423,423,468,468,468,468,518,596,102,102,127,127,181,261,261],"floor_reached":29,"playtime":507,"items_purged":[],"score":533,"play_id":"4feb295a-832e-4c51-911c-7344768145e5","local_time":"20210104035846","daily_mods":["SealedDeck","Hoarder","Insanity","Chimera","Specialized","Vintage","ControlledChaos","Allstar","Diverse","Colorless Cards","Heirloom","Time Dilation","Flight","downfall:Jewelcrafting","downfall:Improvised","downfall:Lament","Elite Swarm","Lethality","Midas","downfall:WorldOfGoo","downfall:Enraging","Binary"],"is_ascension_mode":true,"campfire_choices":[{"floor":15,"key":"REST"}],"circlet_count":0,"master_deck":["Demon Form","Wraith Form v2","Echo Form","DevaForm","Guardian:ConstructionForm","hexamod:ParanormalForm","Slimebound:DuplicatedForm","sneckomod:SerpentMind","AscendersBane","Bash","Survivor","Zap","Strike_R","Strike_G","Strike_B","Defend_R","Defend_G","Defend_P","champ:FlashCut","Discovery","Sword Boomerang","hermit:Feint","TheCursedMod:LuckyCharm","hexamod:HeatMetal","sneckomod:SoulDraw","Bloodletting","sneckomod:UnknownVulnerable","hexamod:HauntingEcho","hermit:HoleUp","champ:CrookedStrike","hexamod:HauntingEcho","TalkToTheHand","Guardian:Incinerate","Replay:BluntJabs","champ:FlashCut","Hidden Blade","Turbo","Gash","champ:BerserkerStyle","sneckomod:UnknownUncommonPower","Slimebound:FinishingTackle","Guardian:DonusPower","Slimebound:MegaLick","Prostrate","White Noise","Sword Boomerang","Slimebound:DivideAndConquer","Discovery","hermit:Feint","Guardian:TemporalShield","hermit:Desperado","conspire:Banana","Slimebound:GrowthPunch","champ:FocusedGladiator","Guardian:ShieldSpikes","Slimebound:SplitLeeching","Guardian:CrystalBeam","hermit:HighCaliber","EmptyFist","hermit:FullyLoaded","hermit:Roulette","TheCursedMod:Obscuration","Iron Wave","hexamod:Incineration","Guardian:Incinerate","Protect","Redo","Guardian:ExploitGems","Guardian:ExploitGems","sneckomod:UnknownCommonAttack","sneckomod:UnknownCommonAttack","sneckomod:UnknownCommonAttack","sneckomod:UnknownCommonSkill","sneckomod:UnknownCommonSkill","sneckomod:UnknownCommonSkill","sneckomod:UnknownUncommonAttack","sneckomod:UnknownUncommonSkill","sneckomod:UnknownUncommonPower","sneckomod:Unknown+1","Replay:Vibes","Replay:Vibes","Replay:Vibes","Replay:Vibes","Replay:Vibes","Replay:Vibes","Replay:Vibes","Replay:Vibes","Replay:Vibes","Replay:Vibes","Replay:Vibes","Replay:Vibes","Replay:Vibes","Replay:Vibes","Replay:Vibes","Guardian:Reroute","Guardian:Reroute","Guardian:Reroute","hexamod:Firestarter","hexamod:Firestarter","hexamod:Firestarter","Setup","Setup","Setup","Slice","Slice","Slice","sneckomod:IronFang","sneckomod:IronFang","sneckomod:IronFang","hermit:NoHoldsBarred","hermit:NoHoldsBarred","hermit:NoHoldsBarred","REME_Cut","REME_Cut","REME_Cut","ReplayTheSpireMod:Stacked","ReplayTheSpireMod:Stacked","ReplayTheSpireMod:Stacked","hexamod:FastForward","hexamod:FastForward","hexamod:FastForward","hexamod:SwordOfDarkness","hexamod:SwordOfDarkness","hexamod:SwordOfDarkness","REME_WheelOfFate","REME_WheelOfFate","REME_WheelOfFate","Pain","Pain","Pain","Slimebound:RollThrough","Slimebound:RollThrough","Slimebound:RollThrough","Guardian:Gem_Orange","Guardian:Gem_Orange","Guardian:Gem_Orange","Guardian:Gem_Lightblue","Guardian:Gem_Lightblue","Guardian:Gem_Lightblue"],"relics":["TheCursedMod:BlackMagic101","Frozen Eye","Busted Crown","REME_ComplimentaryCards","Guardian:PickAxe","NeowsBlessing","conspire:Boomerang","Lantern","Oddly Smooth Stone","Ring of Peace","ReplayTheSpireMod:Ring of Challenge","InkBottle","zeldaRelics:CourageTriforce","WarpedTongs","Replay:PocketPolymizer","Nunchaku","zeldaRelics:MasterSword","Onion Ring","Mango","Toolbox","Question Card"],"acts_visited":["Exordium","TheCity"],"potions_floor_usage":[],"damage_taken":[{"damage":0,"enemies":"Jaw Worm","floor":1,"turns":1},{"damage":0,"enemies":"Cultist","floor":4,"turns":1},{"damage":0,"enemies":"Small Slimes","floor":8,"turns":2},{"damage":6,"enemies":"2 Fungi Beasts","floor":12,"turns":3},{"damage":11,"enemies":"Exordium Wildlife","floor":14,"turns":5},{"damage":64,"enemies":"Hexaghost","floor":16,"turns":6},{"damage":0,"enemies":"Shell Parasite","floor":18,"turns":2},{"damage":5,"enemies":"Slavers","floor":23,"turns":3},{"damage":20,"enemies":"3 Byrds","floor":28,"turns":5},{"damage":36,"enemies":"REME_1_Revenger","floor":29,"turns":2}],"seed_played":"6393363849045619214","potions_obtained":[{"floor":4,"key":"SmokeBomb"},{"floor":8,"key":"Languid Potion"},{"floor":28,"key":"DistilledChaos"}],"is_trial":true,"path_per_floor":["M","?","?","M","?","R","?","M","T","?","$","M","$","M","R","B",null,"M","?","?","?","?","E","$","R","T","$","M","E"],"character_chosen":"THE_CURSED","items_purchased":["Replay:PocketPolymizer","Mango","Toolbox"],"campfire_rested":1,"item_purchase_floors":[11,24,24],"current_hp_per_floor":[64,64,64,64,64,64,69,69,69,69,69,63,63,58,76,14,58,59,43,43,43,43,42,56,56,56,56,36,0,0],"gold":261,"neow_bonus":"","is_daily":false,"chose_seed":false,"campfire_upgraded":0,"win_rate":0.0,"timestamp":1609700326,"path_taken":["M","?","?","?","?","R","?","?","T","?","$","M","$","?","R","BOSS","M","?","?","?","?","E","$","R","T","?","M","E"],"items_purchased_type":["Relic","Relic","Relic"],"build_version":"2020-12-22","purchased_purges":0,"victory":false,"max_hp_per_floor":[71,71,71,71,71,71,76,76,76,76,76,76,76,76,76,78,58,59,64,64,64,64,64,78,78,78,78,78,78,78],"relic_stats":{"Nunchaku":[4],"Busted Crown":12,"counters":[10,30],"Question Card":0,"obtain_stats":[{"TheCursedMod:BlackMagic101":0,"Lantern":1,"Replay:PocketPolymizer":11,"NeowsBlessing":0,"Oddly Smooth Stone":4,"Mango":24,"conspire:Boomerang":0,"Question Card":28,"zeldaRelics:CourageTriforce":26,"WarpedTongs":10,"Guardian:PickAxe":0,"Frozen Eye":0,"Nunchaku":12,"Busted Crown":0,"Ring of Peace":5,"Toolbox":24,"Onion Ring":18,"zeldaRelics:MasterSword":17,"zeldaRelics:CouragePiece":9,"ReplayTheSpireMod:Ring of Challenge":5,"InkBottle":8,"REME_ComplimentaryCards":0},{"TheCursedMod:BlackMagic101":0,"Lantern":1,"Replay:PocketPolymizer":3,"NeowsBlessing":0,"Oddly Smooth Stone":2,"Mango":8,"conspire:Boomerang":0,"Question Card":9,"zeldaRelics:CourageTriforce":8,"WarpedTongs":3,"Guardian:PickAxe":0,"Frozen Eye":0,"Nunchaku":4,"Busted Crown":0,"Ring of Peace":2,"Toolbox":8,"Onion Ring":7,"zeldaRelics:MasterSword":6,"zeldaRelics:CouragePiece":3,"ReplayTheSpireMod:Ring of Challenge":2,"InkBottle":3,"REME_ComplimentaryCards":0},{"TheCursedMod:BlackMagic101":0,"Lantern":1,"Replay:PocketPolymizer":4,"NeowsBlessing":0,"Oddly Smooth Stone":2,"Mango":23,"conspire:Boomerang":0,"Question Card":28,"zeldaRelics:CourageTriforce":23,"WarpedTongs":4,"Guardian:PickAxe":0,"Frozen Eye":0,"Nunchaku":7,"Busted Crown":0,"Ring of Peace":2,"Toolbox":23,"Onion Ring":20,"zeldaRelics:MasterSword":18,"zeldaRelics:CouragePiece":4,"ReplayTheSpireMod:Ring of Challenge":2,"InkBottle":4,"REME_ComplimentaryCards":0}],"InkBottle":[11],"WarpedTongs":[26]},"card_choices":[],"player_experience":1522810,"relics_obtained":[{"floor":1,"key":"Lantern"},{"floor":4,"key":"Oddly Smooth Stone"},{"floor":5,"key":"Ring of Peace"},{"floor":5,"key":"ReplayTheSpireMod:Ring of Challenge"},{"floor":8,"key":"InkBottle"},{"floor":9,"key":"zeldaRelics:CouragePiece"},{"floor":12,"key":"Nunchaku"},{"floor":18,"key":"Onion Ring"},{"floor":23,"key":"zeldaRelics:CouragePiece"},{"floor":26,"key":"zeldaRelics:CouragePiece"},{"floor":28,"key":"Question Card"}],"event_choices":[{"cards_removed":["Eruption"],"damage_healed":0,"gold_gain":0,"player_choice":"Purged","damage_taken":0,"max_hp_gain":0,"max_hp_loss":0,"event_name":"Purifier","floor":3,"gold_loss":0},{"damage_healed":0,"gold_gain":0,"player_choice":"Donut","damage_taken":0,"max_hp_gain":5,"max_hp_loss":0,"event_name":"Big Fish","floor":7,"gold_loss":0},{"damage_healed":0,"gold_gain":0,"player_choice":"Rummage","damage_taken":0,"relics_obtained":["WarpedTongs"],"max_hp_gain":0,"max_hp_loss":0,"event_name":"Accursed Blacksmith","floor":10,"gold_loss":0,"cards_obtained":["Pain"]},{"damage_healed":0,"gold_gain":0,"player_choice":"Shed Blood","damage_taken":21,"max_hp_gain":5,"max_hp_loss":0,"event_name":"Forgotten Altar","floor":19,"gold_loss":0},{"damage_healed":0,"gold_gain":0,"player_choice":"Ignored","damage_taken":0,"max_hp_gain":0,"max_hp_loss":0,"event_name":"Vampires","floor":20,"gold_loss":0},{"damage_healed":0,"gold_gain":0,"player_choice":"Ignored","damage_taken":0,"max_hp_gain":0,"max_hp_loss":0,"event_name":"Ghosts","floor":21,"gold_loss":0},{"damage_healed":0,"gold_gain":50,"player_choice":"Stole From Cult","damage_taken":0,"max_hp_gain":0,"max_hp_loss":0,"event_name":"Nest","floor":22,"gold_loss":0}],"is_beta":false,"boss_relics":[{"not_picked":["REME_LowDesire","Cursed Key"],"picked":"zeldaRelics:MasterSword"}],"items_purged_floors":[],"is_endless":false,"potions_floor_spawned":[4,8,14,16,28],"killed_by":"REME_1_Revenger","ascension_level":20}}