{"host":"337p6miwxbqfki03","time":1609701481,"event":{"mods":["BaseMod","Better Third Choice","Colored Map","Conspire","Downfall","Hubris","Minty Spire (QoL Compilation)","Replay The Spire","Somnambulant","StSLib","The Cursed","The Hierophant","Unceasing Turn Reminder"],"gold_per_floor":[116,116,80,80,98,98,109,109,136,153,153,187,187,198,198,299,299,318,318,318,318,335,355,355,374,374,129,129,145,112,112,112],"floor_reached":31,"playtime":1954,"items_purged":[],"score":235,"play_id":"ca1a081e-3b22-4a64-9365-084337e64479","local_time":"20210103131801","is_ascension_mode":false,"campfire_choices":[{"floor":6,"key":"RECALL"},{"data":"conspire:ExplosiveBarrier","floor":8,"key":"SMITH"},{"floor":13,"key":"REST"},{"data":"Flex","floor":15,"key":"SMITH"},{"floor":24,"key":"REST"},{"floor":28,"key":"REST"}],"circlet_count":0,"master_deck":["Bash","Flex+1","conspire:Charge","conspire:ExplosiveBarrier+1","Body Slam","Metallicize","Metallicize","Double Tap","Rupture","hubris:SharpeningStone","ReplayTheSpireMod:Stacked","Shockwave","Dropkick","Pommel Strike","Berserk","Sever Soul","Berserk","Warcry+1","Slimebound:Tackle+1","Slimebound:Tackle+1","Slimebound:Tackle+1","Dropkick","Havoc","Heavy Blade","Mayhem","Feel No Pain","Demon Form","Iron Wave+1"],"relics":["Burning Blood","Whetstone","hubris:DisguiseKit","conspire:Boomerang","Pandora\u0027s Box","hubris:TinFlute","hubris:Towel","Pondfish Scales"],"acts_visited":["Exordium","TheCity"],"potions_floor_usage":[31],"damage_taken":[{"damage":3,"enemies":"Jaw Worm","floor":1,"turns":3},{"damage":0,"enemies":"Cultist","floor":5,"turns":2},{"damage":5,"enemies":"Small Slimes","floor":7,"turns":3},{"damage":10,"enemies":"Red Slaver","floor":10,"turns":4},{"damage":15,"enemies":"Gremlin Nob","floor":12,"turns":4},{"damage":8,"enemies":"2 Fungi Beasts","floor":14,"turns":3},{"damage":30,"enemies":"Slime Boss","floor":16,"turns":9},{"damage":8,"enemies":"Chosen","floor":18,"turns":4},{"damage":26,"enemies":"3 Byrds","floor":22,"turns":6},{"damage":13,"enemies":"Snecko","floor":23,"turns":5},{"damage":45,"enemies":"Cultist and Chosen","floor":25,"turns":8},{"damage":2,"enemies":"Centurion and Healer","floor":29,"turns":5},{"damage":65,"enemies":"Slavers","floor":31,"turns":3}],"seed_played":"-9038501750482485308","potions_obtained":[{"floor":5,"key":"Milkshake"},{"floor":14,"key":"AttackPotion"},{"floor":22,"key":"Doom Potion"}],"is_trial":false,"path_per_floor":["M","?","$","T","M","R","M","R","T","M","?","E","R","M","R","B",null,"M","T","?","?","M","M","R","M","T","$","R","M","$","E"],"character_chosen":"IRONCLAD","items_purchased":["Run Through+1","Mayhem","Feel No Pain","Iron Wave+1"],"campfire_rested":3,"item_purchase_floors":[3,27,27,30],"current_hp_per_floor":[80,80,80,80,80,80,80,80,80,76,76,67,80,78,78,54,80,78,78,78,78,58,51,75,36,36,36,60,64,64,0,0],"gold":112,"neow_bonus":"RANDOM_COMMON_RELIC","is_daily":false,"chose_seed":false,"campfire_upgraded":2,"win_rate":0.0,"timestamp":1609701481,"path_taken":["M","?","?","?","?","R","M","R","T","M","?","E","R","M","R","BOSS","M","?","?","?","M","?","R","M","T","?","R","M","$","E"],"items_purchased_type":["Card","Card","Card","Card"],"build_version":"2020-12-22","purchased_purges":0,"victory":false,"max_hp_per_floor":[80,80,80,80,80,80,80,80,80,80,80,80,80,80,80,80,80,80,80,80,80,80,80,80,80,80,80,80,80,80,80,80],"card_choices":[{"not_picked":["Run Through","Armaments"],"picked":"Flex","floor":1},{"not_picked":["Wild Strike","True Grit","Guardian:Reroute"],"picked":"conspire:Charge","floor":5},{"not_picked":["Sword Boomerang","Reckless Charge","Guardian:TimeCapacitor"],"picked":"conspire:ExplosiveBarrier","floor":7},{"not_picked":["Life Link","Clothesline","Guardian:CrystalBeam"],"picked":"Body Slam","floor":10},{"not_picked":["Run Through","True Grit","Guardian:PrimingBeam"],"picked":"Metallicize","floor":12},{"not_picked":["Hemokinesis","Defy Death","Guardian:Gem_Synthetic"],"picked":"Metallicize","floor":14},{"not_picked":["Berserk","Impervious","Guardian:SphericShield"],"picked":"Double Tap","floor":16},{"not_picked":["Burning Pact","Searing Blow","Guardian:EvasiveProtocol"],"picked":"Warcry+1","floor":18},{"not_picked":["Reckless Charge","Hemokinesis","Guardian:FuturePlans"],"picked":"Dropkick","floor":22},{"not_picked":["ReplayTheSpireMod:LeadingStrike","Iron Wave","Guardian:ChargeCore"],"picked":"Havoc","floor":23},{"not_picked":["Whirlwind","Combust","Guardian:Gem_Cyan"],"picked":"Heavy Blade","floor":25},{"not_picked":["Body Slam","Dual Wield","Guardian:Emergency"],"picked":"Demon Form","floor":29}],"player_experience":237749,"relics_obtained":[{"floor":4,"key":"hubris:DisguiseKit"},{"floor":12,"key":"conspire:Boomerang"},{"floor":19,"key":"hubris:TinFlute"},{"floor":26,"key":"Pondfish Scales"}],"event_choices":[{"cards_removed":["Strike_R"],"damage_healed":0,"gold_gain":0,"player_choice":"Card Removal","damage_taken":0,"max_hp_gain":0,"max_hp_loss":0,"event_name":"Wheel of Change","floor":2,"gold_loss":0},{"cards_removed":["Run Through"],"damage_healed":0,"gold_gain":0,"player_choice":"Took Card","damage_taken":0,"max_hp_gain":0,"max_hp_loss":0,"event_name":"NoteForYourself","floor":11,"gold_loss":0,"cards_obtained":["hierophant:Strike_Hierophant"]}],"is_beta":false,"boss_relics":[{"not_picked":["conspire:SeveredTorchhead","Empty Cage"],"picked":"Pandora\u0027s Box"}],"items_purged_floors":[],"is_endless":false,"potions_floor_spawned":[5,14,22,23,29],"killed_by":"Slavers","ascension_level":0}}