{"host":"my77oq6kb6j47rwl","time":1609647371,"event":{"mods":["BaseMod","Emptier Cage","Ironclad Rager","Minty Spire (QoL Compilation)","Quick Restart","Rare Cards Sparkle","StSLib"],"gold_per_floor":[115,125,137,36,36,64,82,101,101,121,139,139,171,187,187,284,284,304,304,315,331,331,331,343,343,343,365,377,377],"floor_reached":28,"playtime":2527,"items_purged":["Strike_G"],"score":307,"play_id":"92da1f6e-4e55-41c2-a873-6fc71158dbb7","local_time":"20210102231611","is_ascension_mode":true,"campfire_choices":[{"floor":12,"key":"REST"},{"floor":15,"key":"REST"},{"floor":23,"key":"REST"},{"floor":25,"key":"REST"}],"circlet_count":0,"master_deck":["Strike_G","Strike_G","Strike_G","Defend_G","Defend_G","Defend_G","Defend_G","Defend_G","Survivor","Neutralize","Cloak And Dagger","Slice","Slice","Deadly Poison","Accuracy","Backflip","Cloak And Dagger","Blade Dance","Night Terror","Prepared","Flying Knee","Slice","Writhe","Prepared","Caltrops"],"relics":["WristBlade","Potion Belt","Bronze Scales","Pen Nib","Fusion Hammer","Eternal Feather","MawBank"],"acts_visited":["Exordium","TheCity"],"potions_floor_usage":[13,18,27,28,28],"damage_taken":[{"damage":1,"enemies":"Small Slimes","floor":1,"turns":4},{"damage":0,"enemies":"Cultist","floor":2,"turns":4},{"damage":1,"enemies":"Jaw Worm","floor":3,"turns":3},{"damage":44,"enemies":"Gremlin Nob","floor":6,"turns":5},{"damage":9,"enemies":"3 Louse","floor":7,"turns":2},{"damage":0,"enemies":"2 Fungi Beasts","floor":8,"turns":3},{"damage":0,"enemies":"Looter","floor":10,"turns":3},{"damage":3,"enemies":"Large Slime","floor":11,"turns":3},{"damage":7,"enemies":"Lagavulin","floor":13,"turns":5},{"damage":0,"enemies":"3 Louse","floor":14,"turns":2},{"damage":8,"enemies":"The Guardian","floor":16,"turns":10},{"damage":1,"enemies":"3 Byrds","floor":18,"turns":3},{"damage":1,"enemies":"2 Thieves","floor":20,"turns":3},{"damage":18,"enemies":"3 Cultists","floor":21,"turns":4},{"damage":33,"enemies":"Centurion and Healer","floor":24,"turns":5},{"damage":13,"enemies":"Snake Plant","floor":27,"turns":4},{"damage":41,"enemies":"Colosseum Slavers","floor":28,"turns":6},{"damage":37,"enemies":"Colosseum Nobs","floor":28,"turns":3}],"seed_played":"1684732222665852257","potions_obtained":[{"floor":7,"key":"DistilledChaos"},{"floor":10,"key":"Block Potion"},{"floor":11,"key":"SpeedPotion"},{"floor":13,"key":"SpeedPotion"},{"floor":14,"key":"SpeedPotion"},{"floor":21,"key":"SpeedPotion"},{"floor":24,"key":"SpeedPotion"}],"is_trial":false,"path_per_floor":["M","M","M","$","?","E","M","M","T","M","M","R","E","M","R","B",null,"M","?","M","M","?","R","M","R","T","M","?"],"character_chosen":"THE_SILENT","items_purchased":["Deadly Poison"],"campfire_rested":4,"item_purchase_floors":[4],"current_hp_per_floor":[62,62,61,61,61,17,8,8,8,8,5,26,19,19,40,32,61,60,60,59,41,41,70,37,70,70,57,0,0],"gold":377,"neow_bonus":"BOSS_RELIC","is_daily":false,"chose_seed":false,"campfire_upgraded":0,"win_rate":0.0,"timestamp":1609647371,"path_taken":["M","M","M","$","?","E","M","?","T","M","M","R","E","M","R","BOSS","M","?","M","M","?","R","M","R","T","M","?"],"items_purchased_type":["Card"],"build_version":"2020-12-22","purchased_purges":1,"victory":false,"max_hp_per_floor":[70,70,70,70,70,70,70,70,70,70,70,70,70,70,70,70,70,70,70,70,70,70,70,70,70,70,70,70,70],"card_choices":[{"not_picked":["Backflip","Outmaneuver"],"picked":"Cloak And Dagger","floor":1},{"not_picked":["Reflex","Dagger Spray"],"picked":"Slice","floor":2},{"not_picked":["Outmaneuver","Expertise"],"picked":"Slice","floor":3},{"not_picked":["Setup","Tactician"],"picked":"Backflip","floor":6},{"not_picked":["PiercingWail","Setup"],"picked":"Cloak And Dagger","floor":7},{"not_picked":["Cloak And Dagger","Setup"],"picked":"Blade Dance","floor":8},{"not_picked":["Dash","Choke","Distraction"],"picked":"SKIP","floor":10},{"not_picked":["Bouncing Flask","Bane","Poisoned Stab"],"picked":"SKIP","floor":11},{"not_picked":["Bouncing Flask","Skewer","Poisoned Stab"],"picked":"SKIP","floor":13},{"not_picked":["Choke","Flying Knee"],"picked":"Night Terror","floor":14},{"not_picked":["Bouncing Flask","Acrobatics"],"picked":"Prepared","floor":18},{"not_picked":["Choke","Skewer"],"picked":"Flying Knee","floor":20},{"not_picked":["Catalyst","Flying Knee"],"picked":"Slice","floor":21},{"not_picked":["Dodge and Roll","Crippling Poison"],"picked":"Prepared","floor":24},{"not_picked":["Slice","Endless Agony"],"picked":"Caltrops","floor":27}],"player_experience":1041555,"relics_obtained":[{"floor":6,"key":"Potion Belt"},{"floor":9,"key":"Bronze Scales"},{"floor":13,"key":"Pen Nib"},{"floor":26,"key":"MawBank"}],"event_choices":[{"damage_healed":0,"gold_gain":0,"cards_transformed":["Strike_G"],"player_choice":"Transformed","damage_taken":0,"max_hp_gain":0,"max_hp_loss":0,"event_name":"Transmorgrifier","floor":5,"gold_loss":0,"cards_obtained":["Accuracy"]},{"damage_healed":0,"gold_gain":0,"player_choice":"Ignored","damage_taken":0,"max_hp_gain":0,"max_hp_loss":0,"event_name":"Ghosts","floor":19,"gold_loss":0},{"damage_healed":0,"gold_gain":0,"player_choice":"Opened","damage_taken":0,"relics_obtained":["Eternal Feather"],"max_hp_gain":0,"max_hp_loss":0,"event_name":"The Mausoleum","floor":22,"gold_loss":0,"cards_obtained":["Writhe"]},{"damage_healed":0,"gold_gain":0,"player_choice":"Fight","damage_taken":0,"max_hp_gain":0,"max_hp_loss":0,"event_name":"Colosseum","floor":28,"gold_loss":0},{"damage_healed":0,"gold_gain":0,"player_choice":"Fought Nobs","damage_taken":0,"max_hp_gain":0,"max_hp_loss":0,"event_name":"Colosseum","floor":28,"gold_loss":0}],"is_beta":false,"boss_relics":[{"not_picked":["Coffee Dripper","Runic Pyramid"],"picked":"Fusion Hammer"}],"items_purged_floors":[4],"is_endless":false,"potions_floor_spawned":[7,10,11,13,14,21,24,28],"killed_by":"Colosseum Nobs","ascension_level":6}}