{"host":"f5uumzf5hfexzk8l","time":1609709871,"event":{"mods":["AchievementEnabler","BaseMod","Colored Map","Googly Eyes","Highlight Path","Minty Spire (QoL Compilation)","Permanent Neow","Relic Stats","StSLib","SuperFastMode","Unceasing Turn Reminder","everything is the same but u backflip on backflip"],"gold_per_floor":[116,136,155,175,190,223,223,241,241,268,268,282,301,333,333,404,404,422,168,182,193,211,211,242,242,320,336,365,465,465,491,491,565,615,632,632,257,307,326,358,387,4,4,4,19,19,51,66,66,66],"floor_reached":51,"playtime":1957,"items_purged":["Strike_G","Strike_G","Defend_G"],"score":1533,"play_id":"52f63703-f086-4347-91e2-78971017ba66","local_time":"20210103133751","is_ascension_mode":true,"campfire_choices":[{"data":"Catalyst","floor":7,"key":"SMITH"},{"floor":11,"key":"REST"},{"data":"Noxious Fumes","floor":15,"key":"SMITH"},{"data":"Burst","floor":23,"key":"SMITH"},{"floor":25,"key":"REST"},{"data":"Night Terror","floor":30,"key":"SMITH"},{"data":"Strike_G","floor":32,"key":"PURGE"},{"data":"Defend_G","floor":44,"key":"PURGE"},{"data":"Poisoned Stab","floor":49,"key":"PURGE"}],"circlet_count":0,"master_deck":["AscendersBane","Defend_G","Defend_G","Defend_G+1","Survivor","Neutralize+1","Footwork","Footwork","Noxious Fumes+1","Dodge and Roll","Catalyst+1","Blur","Predator+1","Burst+1","Night Terror+1","Backflip","Corpse Explosion","Malaise","Night Terror+1","Blur"],"relics":["Sozu","The Courier","Centennial Puzzle","HornCleat","Juzu Bracelet","Velvet Choker","Meat on the Bone","Singing Bowl","Gremlin Horn","Bag of Preparation","WingedGreaves","Pantograph","Peace Pipe","Tiny House","Empty Cage","DollysMirror","Whetstone","TungstenRod","Vajra","Omamori","Paper Crane","Oddly Smooth Stone","Pen Nib","Lantern"],"acts_visited":["Exordium","TheCity","TheBeyond"],"potions_floor_usage":[],"damage_taken":[{"damage":0,"enemies":"Cultist","floor":1,"turns":5},{"damage":6,"enemies":"Small Slimes","floor":2,"turns":6},{"damage":1,"enemies":"2 Louse","floor":3,"turns":4},{"damage":0,"enemies":"Exordium Wildlife","floor":4,"turns":4},{"damage":1,"enemies":"Blue Slaver","floor":5,"turns":5},{"damage":2,"enemies":"Lagavulin","floor":6,"turns":10},{"damage":0,"enemies":"3 Louse","floor":8,"turns":5},{"damage":42,"enemies":"Gremlin Nob","floor":10,"turns":6},{"damage":3,"enemies":"2 Fungi Beasts","floor":12,"turns":6},{"damage":2,"enemies":"Looter","floor":13,"turns":4},{"damage":2,"enemies":"3 Sentries","floor":14,"turns":8},{"damage":16,"enemies":"Hexaghost","floor":16,"turns":11},{"damage":15,"enemies":"Chosen","floor":18,"turns":5},{"damage":5,"enemies":"Shell Parasite","floor":20,"turns":8},{"damage":5,"enemies":"Centurion and Healer","floor":21,"turns":6},{"damage":24,"enemies":"Snake Plant","floor":22,"turns":6},{"damage":22,"enemies":"Gremlin Leader","floor":24,"turns":7},{"damage":24,"enemies":"Shelled Parasite and Fungi","floor":27,"turns":4},{"damage":29,"enemies":"Slavers","floor":28,"turns":3},{"damage":26,"enemies":"Colosseum Slavers","floor":29,"turns":4},{"damage":32,"enemies":"Colosseum Nobs","floor":29,"turns":4},{"damage":6,"enemies":"Book of Stabbing","floor":31,"turns":7},{"damage":54,"enemies":"Champ","floor":33,"turns":13},{"damage":18,"enemies":"3 Darklings","floor":35,"turns":5},{"damage":120,"enemies":"2 Orb Walkers","floor":38,"turns":9},{"damage":10,"enemies":"3 Shapes","floor":39,"turns":4},{"damage":0,"enemies":"Reptomancer","floor":40,"turns":3},{"damage":1,"enemies":"Giant Head","floor":41,"turns":6},{"damage":11,"enemies":"Jaw Worm Horde","floor":45,"turns":4},{"damage":18,"enemies":"Nemesis","floor":47,"turns":13},{"damage":2,"enemies":"Sphere and 2 Shapes","floor":48,"turns":5},{"damage":25,"enemies":"Awakened One","floor":50,"turns":8}],"seed_played":"-8890603984631211462","potions_obtained":[],"is_trial":false,"path_per_floor":["M","M","M","M","M","E","R","M","T","E","R","M","M","E","R","B",null,"M","$","M","M","M","R","E","R","T","M","E","?","R","E","R","B",null,"M","?","$","?","M","E","E","$","T","R","M","$","E","M","R","B",null],"character_chosen":"THE_SILENT","items_purchased":["Meat on the Bone","DollysMirror","Blur","Whetstone","Paper Crane","Oddly Smooth Stone"],"campfire_rested":2,"item_purchase_floors":[19,37,37,37,42,42],"current_hp_per_floor":[59,53,52,52,51,49,49,49,49,7,26,23,21,19,19,3,50,35,35,42,37,25,25,15,34,34,24,29,40,40,46,46,31,70,54,56,56,31,35,49,50,50,50,50,53,53,49,61,61,61],"gold":66,"neow_bonus":"BOSS_RELIC","is_daily":false,"chose_seed":false,"campfire_upgraded":4,"win_rate":0.0,"timestamp":1609709871,"path_taken":["M","M","M","M","M","E","R","M","T","E","R","?","M","E","R","BOSS","M","$","M","M","M","R","E","R","T","M","E","?","R","E","R","BOSS","M","?","$","?","M","E","E","$","T","R","M","?","E","M","R","BOSS"],"items_purchased_type":["Relic","Relic","Card","Relic","Relic","Relic"],"build_version":"2020-12-22","purchased_purges":3,"victory":true,"max_hp_per_floor":[66,66,66,66,66,66,66,66,66,66,66,66,66,66,66,66,66,66,66,66,66,66,66,66,66,66,68,70,72,72,72,72,74,81,83,85,85,87,89,91,93,93,93,93,95,95,97,99,99,99],"relic_stats":{"Singing Bowl":28,"Gremlin Horn":[9,9],"counters":[32,198],"Pen Nib":[2],"Juzu Bracelet":0,"Bag of Preparation":[26],"Whetstone":["Neutralize","Predator"],"Sozu":9,"Peace Pipe":3,"Centennial Puzzle":[72],"Pantograph":50,"obtain_stats":[{"Lantern":47,"Tiny House":34,"Singing Bowl":24,"Gremlin Horn":26,"Vajra":40,"Juzu Bracelet":14,"Bag of Preparation":28,"Whetstone":37,"Empty Cage":34,"Sozu":0,"Centennial Puzzle":9,"HornCleat":10,"DollysMirror":37,"Pantograph":29,"WingedGreaves":29,"Ring of the Snake":0,"Velvet Choker":17,"Oddly Smooth Stone":42,"The Courier":6,"Pen Nib":43,"Omamori":41,"Paper Crane":42,"Peace Pipe":31,"TungstenRod":38,"Meat on the Bone":19},{"Lantern":30,"Tiny House":23,"Singing Bowl":17,"Gremlin Horn":17,"Vajra":27,"Juzu Bracelet":11,"Bag of Preparation":19,"Whetstone":24,"Empty Cage":23,"Sozu":0,"Centennial Puzzle":7,"HornCleat":8,"DollysMirror":24,"Pantograph":21,"WingedGreaves":21,"Ring of the Snake":0,"Velvet Choker":12,"Oddly Smooth Stone":28,"The Courier":6,"Pen Nib":28,"Omamori":28,"Paper Crane":28,"Peace Pipe":22,"TungstenRod":25,"Meat on the Bone":13},{"Lantern":185,"Tiny House":141,"Singing Bowl":106,"Gremlin Horn":106,"Vajra":162,"Juzu Bracelet":63,"Bag of Preparation":113,"Whetstone":146,"Empty Cage":141,"Sozu":0,"Centennial Puzzle":39,"HornCleat":45,"DollysMirror":146,"Pantograph":121,"WingedGreaves":121,"Ring of the Snake":0,"Velvet Choker":74,"Oddly Smooth Stone":168,"The Courier":34,"Pen Nib":168,"Omamori":168,"Paper Crane":168,"Peace Pipe":128,"TungstenRod":155,"Meat on the Bone":79}],"TungstenRod":13,"Meat on the Bone":168},"card_choices":[{"not_picked":["Backflip","Riddle With Holes","Flying Knee"],"picked":"SKIP","floor":1},{"not_picked":["Well Laid Plans","Backstab"],"picked":"Footwork","floor":2},{"not_picked":["Heel Hook","Well Laid Plans"],"picked":"Footwork","floor":3},{"not_picked":["Backstab","Terror"],"picked":"Noxious Fumes","floor":4},{"not_picked":["Flying Knee","Blade Dance"],"picked":"Dodge and Roll","floor":5},{"not_picked":["Backstab","Sucker Punch"],"picked":"Catalyst","floor":6},{"not_picked":["Deflect","Bane"],"picked":"Blur","floor":8},{"not_picked":["Heel Hook","Blade Dance","Caltrops"],"picked":"SKIP","floor":10},{"not_picked":["Outmaneuver","Bouncing Flask"],"picked":"Poisoned Stab","floor":12},{"not_picked":["Blade Dance","Finisher"],"picked":"Predator","floor":13},{"not_picked":["Slice","Deadly Poison"],"picked":"Burst","floor":14},{"not_picked":["Tools of the Trade","Storm of Steel"],"picked":"Night Terror","floor":16},{"not_picked":["Slice+1","Concentrate","Flying Knee"],"picked":"SKIP","floor":18},{"not_picked":["Finisher","Slice","Bane"],"picked":"SKIP","floor":20},{"not_picked":["Riddle With Holes","Flying Knee","Quick Slash"],"picked":"SKIP","floor":21},{"not_picked":["Cloak And Dagger","Acrobatics"],"picked":"Backflip","floor":22},{"not_picked":["Slice","Bane"],"picked":"Corpse Explosion","floor":24},{"not_picked":["Bane","Outmaneuver","Prepared+1"],"picked":"Singing Bowl","floor":27},{"not_picked":["Underhanded Strike","Slice","Noxious Fumes"],"picked":"Singing Bowl","floor":28},{"not_picked":["PiercingWail","Infinite Blades","Prepared"],"picked":"Singing Bowl","floor":29},{"not_picked":["Underhanded Strike","Outmaneuver"],"picked":"Malaise","floor":31},{"not_picked":["Adrenaline","Storm of Steel","A Thousand Cuts"],"picked":"Singing Bowl","floor":33},{"not_picked":["Flying Knee","Dagger Throw","Deadly Poison"],"picked":"Singing Bowl","floor":34},{"not_picked":["PiercingWail","Skewer","Sucker Punch+1"],"picked":"Singing Bowl","floor":35},{"not_picked":["Finesse","Metamorphosis","Swift Strike"],"picked":"Singing Bowl","floor":36},{"not_picked":["Underhanded Strike","Sucker Punch+1","Finisher+1"],"picked":"Singing Bowl","floor":38},{"not_picked":["Setup+1","Backflip","Quick Slash"],"picked":"Singing Bowl","floor":39},{"not_picked":["Accuracy","Underhanded Strike","Skewer"],"picked":"Singing Bowl","floor":40},{"not_picked":["Eviscerate","Riddle With Holes","Tactician"],"picked":"Singing Bowl","floor":41},{"not_picked":["Corpse Explosion","Backflip","Bane"],"picked":"Singing Bowl","floor":45},{"not_picked":["Dagger Throw","Choke","Sucker Punch+1"],"picked":"Singing Bowl","floor":47},{"not_picked":["Bane","Infinite Blades","Escape Plan"],"picked":"Singing Bowl","floor":48}],"player_experience":363674,"relics_obtained":[{"floor":6,"key":"The Courier"},{"floor":9,"key":"Centennial Puzzle"},{"floor":10,"key":"HornCleat"},{"floor":14,"key":"Juzu Bracelet"},{"floor":24,"key":"Singing Bowl"},{"floor":26,"key":"Gremlin Horn"},{"floor":28,"key":"Bag of Preparation"},{"floor":29,"key":"WingedGreaves"},{"floor":29,"key":"Pantograph"},{"floor":31,"key":"Peace Pipe"},{"floor":38,"key":"TungstenRod"},{"floor":40,"key":"Vajra"},{"floor":41,"key":"Omamori"},{"floor":43,"key":"Pen Nib"},{"floor":47,"key":"Lantern"}],"event_choices":[{"damage_healed":0,"gold_gain":0,"player_choice":"Fight","damage_taken":0,"max_hp_gain":0,"max_hp_loss":0,"event_name":"Colosseum","floor":29,"gold_loss":0},{"damage_healed":0,"gold_gain":0,"player_choice":"Fought Nobs","damage_taken":0,"max_hp_gain":0,"max_hp_loss":0,"event_name":"Colosseum","floor":29,"gold_loss":0},{"damage_healed":0,"gold_gain":0,"player_choice":"Memory 1","damage_taken":0,"max_hp_gain":0,"max_hp_loss":0,"event_name":"SensoryStone","floor":36,"gold_loss":0},{"damage_healed":0,"gold_gain":0,"player_choice":"Fight","damage_taken":0,"max_hp_gain":0,"max_hp_loss":0,"event_name":"Mysterious Sphere","floor":38,"gold_loss":0}],"is_beta":false,"boss_relics":[{"not_picked":["Empty Cage","WristBlade"],"picked":"Velvet Choker"},{"not_picked":["Coffee Dripper","Astrolabe"],"picked":"Tiny House"}],"items_purged_floors":[19,37,42],"is_endless":false,"potions_floor_spawned":[2,6,12,13,14,20,21,28,29,31,38,39,45,48],"ascension_level":15}}