{"host":"91blwi3hgehj6ch9","time":1609651354,"event":{"mods":["2.2 Compatiblity","AchievementEnabler","BaseMod","Colored Map","DeckTracker","Keyboard Shortcuts","Minty Spire (QoL Compilation)","Permanent Neow","Quick Restart","StSLib","SuperFastMode"],"gold_per_floor":[119,44,44,62,79,79,97,129,152,152,168,180,280,296,296,296,296],"floor_reached":16,"playtime":667,"items_purged":["Defend_G"],"score":140,"play_id":"55f54352-f7ed-4f20-b15d-18bd469258ba","local_time":"20210103142234","is_ascension_mode":true,"campfire_choices":[{"data":"Neutralize","floor":6,"key":"SMITH"},{"data":"Acrobatics","floor":10,"key":"SMITH"},{"floor":15,"key":"REST"}],"circlet_count":0,"master_deck":["Strike_G","Strike_G","Strike_G","Strike_G","Defend_G","Defend_G","Defend_G","Survivor","Neutralize+1","Dagger Spray","Dagger Throw","Dodge and Roll","After Image","Acrobatics+1","Blade Dance","PiercingWail","Acrobatics"],"relics":["Ring of the Snake","Toy Ornithopter","Lantern"],"acts_visited":["Exordium"],"potions_floor_usage":[7,8,16],"damage_taken":[{"damage":3,"enemies":"2 Louse","floor":1,"turns":4},{"damage":0,"enemies":"Cultist","floor":4,"turns":3},{"damage":2,"enemies":"Jaw Worm","floor":5,"turns":3},{"damage":4,"enemies":"Lots of Slimes","floor":7,"turns":2},{"damage":19,"enemies":"3 Sentries","floor":8,"turns":7},{"damage":5,"enemies":"Red Slaver","floor":11,"turns":5},{"damage":8,"enemies":"Gremlin Gang","floor":12,"turns":3},{"damage":0,"enemies":"Blue Slaver","floor":14,"turns":4},{"damage":49,"enemies":"Hexaghost","floor":16,"turns":16}],"seed_played":"8270626259678009138","potions_obtained":[{"floor":1,"key":"AttackPotion"},{"floor":5,"key":"SneckoOil"},{"floor":8,"key":"Poison Potion"}],"is_trial":false,"path_per_floor":["M","$","?","M","M","R","M","E","T","R","M","M","?","M","R","B"],"character_chosen":"THE_SILENT","items_purchased":[],"campfire_rested":1,"item_purchase_floors":[],"current_hp_per_floor":[60,60,60,60,58,58,54,35,35,35,30,22,22,22,43,0,0],"gold":296,"neow_bonus":"REMOVE_CARD","is_daily":false,"chose_seed":false,"campfire_upgraded":2,"win_rate":0.0,"timestamp":1609651354,"path_taken":["M","$","?","M","?","R","M","E","T","R","M","?","?","?","R","BOSS"],"items_purchased_type":[],"build_version":"2020-12-22","purchased_purges":1,"victory":false,"max_hp_per_floor":[70,70,70,70,70,70,70,70,70,70,70,70,70,70,70,70,70],"card_choices":[{"not_picked":["Distraction","Deflect"],"picked":"Dagger Spray","floor":1},{"not_picked":["Flechettes","Bane"],"picked":"Dagger Throw","floor":4},{"not_picked":["Flying Knee","Quick Slash"],"picked":"Dodge and Roll","floor":5},{"not_picked":["Backflip","Dodge and Roll"],"picked":"After Image","floor":7},{"not_picked":["Sucker Punch","Slice"],"picked":"Acrobatics","floor":8},{"not_picked":["Setup","All Out Attack"],"picked":"Blade Dance","floor":11},{"not_picked":["Outmaneuver","Endless Agony"],"picked":"PiercingWail","floor":12},{"not_picked":["Noxious Fumes","Prepared"],"picked":"Acrobatics","floor":14}],"player_experience":123816,"relics_obtained":[{"floor":8,"key":"Toy Ornithopter"},{"floor":9,"key":"Lantern"}],"event_choices":[{"cards_removed":["Defend_G"],"damage_healed":0,"gold_gain":0,"player_choice":"Offered Basic","damage_taken":0,"max_hp_gain":0,"max_hp_loss":0,"event_name":"Bonfire Elementals","floor":3,"gold_loss":0},{"damage_healed":0,"gold_gain":100,"player_choice":"Pray","damage_taken":0,"max_hp_gain":0,"max_hp_loss":0,"event_name":"Golden Shrine","floor":13,"gold_loss":0}],"is_beta":false,"boss_relics":[],"items_purged_floors":[2],"is_endless":false,"potions_floor_spawned":[1,5,8],"killed_by":"Hexaghost","ascension_level":7}}