{"host":"6azrrw3tf7wb0f4b","time":1609654373,"event":{"mods":["BaseMod","DeckTracker","Minty Spire (QoL Compilation)","SuperFastMode"],"gold_per_floor":[109,109,109,127,58,58,72,88,113,113,127,127,145,173,173,269,269,281,371,382,401,290,290,290],"floor_reached":23,"playtime":730,"items_purged":["Strike_B"],"score":299,"play_id":"b9b56fa9-8594-47cf-80ea-11b551ee802c","local_time":"20210103151253","is_ascension_mode":true,"campfire_choices":[{"data":"Darkness","floor":6,"key":"SMITH"},{"floor":10,"key":"REST"},{"data":"Ball Lightning","floor":12,"key":"SMITH"},{"floor":15,"key":"REST"}],"circlet_count":0,"master_deck":["AscendersBane","Strike_B","Strike_B+1","Strike_B","Defend_B","Defend_B","Defend_B+1","Defend_B","Zap","Dualcast+1","Darkness+1","Stack","Storm","Echo Form","Sweeping Beam","Ball Lightning+1","Leap","Reboot","Storm+1","Coolheaded+1","Loop"],"relics":["FrozenCore","Boot","Juzu Bracelet"],"acts_visited":["Exordium","TheCity"],"potions_floor_usage":[14,18,23],"damage_taken":[{"damage":7,"enemies":"Jaw Worm","floor":1,"turns":3},{"damage":0,"enemies":"2 Louse","floor":4,"turns":3},{"damage":8,"enemies":"Small Slimes","floor":7,"turns":4},{"damage":16,"enemies":"Exordium Thugs","floor":8,"turns":4},{"damage":6,"enemies":"Blue Slaver","floor":11,"turns":4},{"damage":9,"enemies":"Gremlin Gang","floor":13,"turns":5},{"damage":7,"enemies":"3 Sentries","floor":14,"turns":6},{"damage":24,"enemies":"Slime Boss","floor":16,"turns":6},{"damage":4,"enemies":"3 Byrds","floor":18,"turns":2},{"damage":12,"enemies":"Spheric Guardian","floor":20,"turns":5},{"damage":27,"enemies":"Centurion and Healer","floor":21,"turns":6},{"damage":24,"enemies":"Book of Stabbing","floor":23,"turns":3}],"seed_played":"291692681057944952","potions_obtained":[{"floor":8,"key":"Energy Potion"},{"floor":13,"key":"Explosive Potion"},{"floor":14,"key":"FearPotion"},{"floor":18,"key":"Regen Potion"}],"is_trial":false,"path_per_floor":["M","?","?","M","$","R","M","M","T","R","M","R","M","E","R","B",null,"M","?","M","M","$","E"],"character_chosen":"DEFECT","items_purchased":["Storm","Loop"],"campfire_rested":2,"item_purchase_floors":[5,22],"current_hp_per_floor":[61,54,39,39,39,39,31,15,15,37,31,31,22,15,37,13,60,56,44,32,5,5,0,0],"gold":290,"neow_bonus":"UPGRADE_CARD","is_daily":false,"chose_seed":false,"campfire_upgraded":2,"win_rate":0.0,"timestamp":1609654373,"path_taken":["M","?","?","M","$","R","M","M","T","R","?","R","M","E","R","BOSS","M","?","M","M","$","E"],"items_purchased_type":["Card","Card"],"build_version":"2020-12-22","purchased_purges":1,"victory":false,"max_hp_per_floor":[75,75,75,75,75,75,75,75,75,75,75,75,75,75,75,75,75,75,75,75,75,75,75,75],"card_choices":[{"not_picked":["Hologram","Turbo"],"picked":"Darkness","floor":1},{"not_picked":["Tempest","Steam"],"picked":"Stack","floor":4},{"not_picked":["Leap","Hologram"],"picked":"Echo Form","floor":7},{"not_picked":["Redo","Blizzard"],"picked":"Sweeping Beam","floor":8},{"not_picked":["Barrage","Steam"],"picked":"Ball Lightning","floor":11},{"not_picked":["Sunder","Gash"],"picked":"Leap","floor":13},{"not_picked":["Gash","Aggregate","Rip and Tear"],"picked":"SKIP","floor":14},{"not_picked":["Hyperbeam","Echo Form"],"picked":"Reboot","floor":16},{"not_picked":["Stack+1","Reinforced Body"],"picked":"Storm+1","floor":18},{"not_picked":["Sweeping Beam","Turbo"],"picked":"Coolheaded+1","floor":20},{"not_picked":["Sweeping Beam","Sunder","Leap+1"],"picked":"SKIP","floor":21}],"player_experience":664281,"relics_obtained":[{"floor":14,"key":"Juzu Bracelet"}],"event_choices":[{"damage_healed":0,"gold_gain":0,"player_choice":"Success","damage_taken":7,"relics_obtained":["Boot"],"max_hp_gain":0,"max_hp_loss":0,"event_name":"Scrap Ooze","floor":2,"gold_loss":0},{"damage_healed":0,"gold_gain":0,"player_choice":"Entered Light","damage_taken":15,"max_hp_gain":0,"max_hp_loss":0,"event_name":"Shining Light","floor":3,"gold_loss":0,"cards_upgraded":["Strike_B","Defend_B"]},{"damage_healed":0,"gold_gain":90,"player_choice":"GOLD ","damage_taken":12,"max_hp_gain":0,"max_hp_loss":0,"event_name":"Knowing Skull","floor":19,"potions_obtained":[],"gold_loss":0,"cards_obtained":[]}],"is_beta":false,"boss_relics":[{"not_picked":["Philosopher\u0027s Stone","SacredBark"],"picked":"FrozenCore"}],"items_purged_floors":[22],"is_endless":false,"potions_floor_spawned":[8,13,14,18],"killed_by":"Book of Stabbing","ascension_level":11}}