{"host":"mbpcepu6ztteuwhq","time":1609645742,"event":{"mods":["AchievementEnabler","BaseMod","Colored Map","DeckTracker","Minty Spire (QoL Compilation)","Rare Cards Sparkle","StSLib","everything is the same but u backflip on backflip"],"gold_per_floor":[115,390,410,430,444,444,462,462,485,513,513,541,541,553,553,553,553],"floor_reached":16,"playtime":501,"items_purged":[],"score":192,"play_id":"a29f4a1b-5c94-4716-840f-23f3c063fc4a","local_time":"20210103124902","is_ascension_mode":true,"campfire_choices":[{"data":"Predator","floor":6,"key":"SMITH"},{"data":"Endless Agony","floor":13,"key":"SMITH"},{"data":"Venomology","floor":15,"key":"SMITH"}],"circlet_count":0,"master_deck":["AscendersBane","Strike_G","Strike_G","Strike_G","Strike_G","Strike_G","Defend_G","Defend_G","Defend_G","Defend_G","Defend_G","Survivor","Neutralize","Predator+1","Regret","Dagger Throw","Venomology+1","Endless Agony+1","Cloak And Dagger","Backflip"],"relics":["Ring of the Snake","NeowsBlessing","CeramicFish","Potion Belt"],"acts_visited":["Exordium"],"potions_floor_usage":[5,10,14,16,16,16,16,16,16,16,16,16],"damage_taken":[{"damage":0,"enemies":"Jaw Worm","floor":1,"turns":1},{"damage":0,"enemies":"Cultist","floor":3,"turns":1},{"damage":0,"enemies":"Small Slimes","floor":4,"turns":1},{"damage":3,"enemies":"Blue Slaver","floor":5,"turns":4},{"damage":8,"enemies":"2 Fungi Beasts","floor":7,"turns":3},{"damage":17,"enemies":"Gremlin Gang","floor":10,"turns":7},{"damage":13,"enemies":"Red Slaver","floor":12,"turns":5},{"damage":10,"enemies":"Exordium Thugs","floor":14,"turns":3},{"damage":19,"enemies":"Hexaghost","floor":16,"turns":10}],"seed_played":"5436475844986915414","potions_obtained":[{"floor":1,"key":"Regen Potion"},{"floor":3,"key":"Fire Potion"},{"floor":7,"key":"Fruit Juice"},{"floor":10,"key":"PowerPotion"},{"floor":12,"key":"EntropicBrew"}],"is_trial":false,"path_per_floor":["M","?","M","M","M","R","M","?","T","M","?","M","R","M","R","B"],"character_chosen":"THE_SILENT","items_purchased":[],"campfire_rested":0,"item_purchase_floors":[],"current_hp_per_floor":[59,59,59,59,56,56,48,48,48,46,46,33,33,23,23,4,4],"gold":553,"neow_bonus":"THREE_ENEMY_KILL","is_daily":false,"chose_seed":false,"campfire_upgraded":3,"win_rate":0.0,"timestamp":1609645742,"path_taken":["M","?","M","?","M","R","M","?","T","?","?","M","R","M","R","BOSS"],"items_purchased_type":[],"build_version":"2020-12-22","purchased_purges":0,"victory":false,"max_hp_per_floor":[66,66,66,66,66,66,66,66,66,66,66,66,66,66,66,66,66],"card_choices":[{"not_picked":["Expertise","Sucker Punch"],"picked":"Predator","floor":1},{"not_picked":["Underhanded Strike","Backstab"],"picked":"Dagger Throw","floor":3},{"not_picked":["Setup","Quick Slash"],"picked":"Venomology","floor":4},{"not_picked":["Underhanded Strike","Finisher"],"picked":"Endless Agony","floor":5},{"not_picked":["Choke","Dodge and Roll","Predator"],"picked":"SKIP","floor":7},{"not_picked":["Unload","Quick Slash"],"picked":"Cloak And Dagger","floor":10},{"not_picked":["Outmaneuver","Bane"],"picked":"Backflip","floor":12},{"not_picked":["Dagger Throw","Expertise","Deadly Poison"],"picked":"SKIP","floor":14}],"player_experience":0,"relics_obtained":[{"floor":9,"key":"Potion Belt"}],"event_choices":[{"damage_healed":0,"gold_gain":275,"player_choice":"Desecrate","damage_taken":0,"max_hp_gain":0,"max_hp_loss":0,"event_name":"Golden Shrine","floor":2,"gold_loss":0,"cards_obtained":["Regret"]},{"damage_healed":0,"gold_gain":0,"player_choice":"Gave Potion","damage_taken":0,"relics_obtained":["CeramicFish"],"max_hp_gain":0,"max_hp_loss":0,"event_name":"WeMeetAgain","floor":8,"gold_loss":0},{"damage_healed":0,"gold_gain":0,"player_choice":"Ignored","damage_taken":0,"max_hp_gain":0,"max_hp_loss":0,"event_name":"Liars Game","floor":11,"gold_loss":0}],"is_beta":false,"boss_relics":[],"items_purged_floors":[],"is_endless":false,"potions_floor_spawned":[1,3,7,10,12],"killed_by":"Hexaghost","ascension_level":20}}