{"host":"pgqkv8mh62pnrbci","time":1609652801,"event":{"mods":["2.2 Compatiblity","AchievementEnabler","BaseMod","Custom Start","DeckTracker","Marisa£¨Ùöéë¡¡Øª×âÞÞ£©","Minty Spire (QoL Compilation)","StSLib","SuperFastMode","¡¼?Úª?ø«¡½REMEMod"],"gold_per_floor":[112,112,387,133,145,145,172,172,172,172,244,293,310,327,327,440,440,451,366,444,461,55,81,81,98,123,123,161,36,36,53,53,170,170,211,121,152,190,222,146,162,39,62,87,141,141,141,152,152,152],"floor_reached":51,"playtime":2329,"items_purged":["Regret","Strike_MRS","Strike_MRS"],"score":837,"play_id":"6019b5ee-e41f-49fa-9e38-ea93038b6ee7","local_time":"20210103144641","is_ascension_mode":true,"campfire_choices":[{"data":"UpSweep","floor":6.0,"key":"SMITH"},{"data":"StarBarrage","floor":8.0,"key":"SMITH"},{"data":"GrandCross","floor":10.0,"key":"SMITH"},{"data":"UltimateShortwave","floor":15.0,"key":"SMITH"},{"floor":24.0,"key":"REST"},{"data":"Ghostly","floor":32.0,"key":"SMITH"},{"floor":46.0,"key":"REST"},{"floor":49,"key":"REST"}],"circlet_count":0,"master_deck":["Strike_MRS+1","Strike_MRS+1","Defend_MRS","Defend_MRS","Defend_MRS","Defend_MRS","MasterSpark","UpSweep+1","BlazingStar","REME_AllRoundStrike+1","OpenUniverse+1","WitchOfGreed","StarBarrage+1","GrandCross+1","PowerUp","ShootTheMoon","MachineGunSpark","UltimateShortwave+1","MillisecondPulsars","EnergyFlow","MeteoricShower+1","HandOfGreed","Parasite","Parasite","Second Wind","Ghostly","Ghostly","Ghostly+1","Ghostly","Ghostly","Scrawl","DevaForm","Crescendo","Calculated Gamble+1","REME_BuildACard","Singularity","Armaments+1","Singularity","REME_TheoryOfElimination","Secret Technique","REME_TwoStrings","Master of Strategy","Reprogram+1"],"relics":["MiniHakkero","REME_ComplimentaryCards","Nunchaku","Shuriken","Orichalcum","Whetstone","REME_ChargedStone","Meat on the Bone","Kunai","PrismaticShard","ShroomBag","PreservedInsect","MutagenicStrength","Fusion Hammer","REME_HandOfSuture","FossilizedHelix","CatCart"],"acts_visited":["Exordium","TheCity","TheBeyond"],"potions_floor_usage":[50],"damage_taken":[{"damage":2.0,"enemies":"Jaw Worm","floor":1.0,"turns":3.0},{"damage":4.0,"enemies":"Small Slimes","floor":5.0,"turns":2.0},{"damage":1.0,"enemies":"Cultist","floor":7.0,"turns":3.0},{"damage":10.0,"enemies":"Lagavulin Event","floor":11.0,"turns":3.0},{"damage":18.0,"enemies":"3 Sentries","floor":12.0,"turns":4.0},{"damage":0.0,"enemies":"Large Slime","floor":13.0,"turns":1.0},{"damage":9.0,"enemies":"3 Louse","floor":14.0,"turns":3.0},{"damage":8.0,"enemies":"The Guardian","floor":16.0,"turns":6.0},{"damage":16.0,"enemies":"2 Thieves","floor":18.0,"turns":2.0},{"damage":14.0,"enemies":"Shell Parasite","floor":21.0,"turns":3.0},{"damage":30.0,"enemies":"Slavers","floor":23.0,"turns":4.0},{"damage":14.0,"enemies":"Shelled Parasite and Fungi","floor":25.0,"turns":2.0},{"damage":12.0,"enemies":"Cultist and Chosen","floor":28.0,"turns":4.0},{"damage":0.0,"enemies":"Snecko","floor":31.0,"turns":3.0},{"damage":15.0,"enemies":"Collector","floor":33.0,"turns":9.0},{"damage":0.0,"enemies":"Orb Walker","floor":35.0,"turns":1.0},{"damage":0.0,"enemies":"3 Darklings","floor":37.0,"turns":4.0},{"damage":0.0,"enemies":"Jaw Worm Horde","floor":38.0,"turns":3.0},{"damage":0.0,"enemies":"Maw","floor":39.0,"turns":4.0},{"damage":12.0,"enemies":"Spire Growth","floor":41.0,"turns":2.0},{"damage":3.0,"enemies":"Reptomancer","floor":44.0,"turns":3.0},{"damage":2.0,"enemies":"Orin","floor":45.0,"turns":8.0},{"damage":0,"enemies":"3 Darklings","floor":48,"turns":5},{"damage":30,"enemies":"Awakened One","floor":50,"turns":9}],"seed_played":"2887943550404920924","potions_obtained":[{"floor":5.0,"key":"BlessingOfTheForge"},{"floor":7.0,"key":"ColorlessPotion"},{"floor":7.0,"key":"BottledSpark"},{"floor":11.0,"key":"FearPotion"},{"floor":12.0,"key":"Strength Potion"},{"floor":14.0,"key":"DistilledChaos"},{"floor":16.0,"key":"FearPotion"},{"floor":16.0,"key":"FearPotion"},{"floor":31.0,"key":"Explosive Potion"},{"floor":33.0,"key":"REME_GoldPotion"},{"floor":33.0,"key":"EntropicBrew"},{"floor":35.0,"key":"Ancient Potion"},{"floor":37.0,"key":"Block Potion"},{"floor":41.0,"key":"FearPotion"},{"floor":45.0,"key":"FearPotion"},{"floor":48,"key":"SpeedPotion"}],"is_trial":false,"path_per_floor":["M","?","?","$","M","R","M","R","T","R","?","E","M","M","R","B",null,"M","?","T","M","$","E","R","M","T","?","M","$","?","M","R","B",null,"M","?","M","M","M","$","M","$","T","E","?","R","?","M","R","B",null],"character_chosen":"MARISA","items_purchased":["WitchOfGreed","Nunchaku","PrismaticShard","HandOfGreed","Singularity","Singularity","REME_TheoryOfElimination"],"campfire_rested":3,"item_purchase_floors":[4,4,22,22,40,42,42],"current_hp_per_floor":[73,58,58,58,54,54,53,53,53,53,43,25,25,16,16,8,75,59,59,59,45,45,27,49,49,49,49,39,39,37,37,37,22,37,37,37,37,37,37,37,29,29,29,26,28,37,27,29,37,19],"gold":152,"neow_bonus":"RANDOM_COLORLESS_2","is_daily":false,"chose_seed":false,"campfire_upgraded":5,"win_rate":0.0,"timestamp":1609652801,"path_taken":["M","?","?","$","M","R","?","R","T","R","?","E","M","M","R","BOSS","M","?","?","M","$","E","R","M","T","?","M","$","?","M","R","BOSS","M","?","?","M","M","$","M","$","T","E","?","R","?","M","R","BOSS"],"items_purchased_type":["Card","Relic","Relic","Card","Card","Card","Card"],"build_version":"2020-12-22","purchased_purges":3,"victory":true,"max_hp_per_floor":[75,75,75,75,75,75,75,75,75,75,75,75,75,75,75,75,75,75,75,75,75,75,75,75,75,75,75,75,75,37,37,37,37,37,37,37,37,37,37,37,37,37,37,37,37,37,37,37,37,37],"card_choices":[{"not_picked":["Transmutation","REME_BattleFury"],"picked":"REME_AllRoundStrike","floor":0.0},{"not_picked":["OrrerysSun","DoubleSpark"],"picked":"OpenUniverse","floor":1.0},{"not_picked":["ChargingUp","LuminesStrike"],"picked":"StarBarrage","floor":5.0},{"not_picked":["MachineGunSpark","ChargingUp"],"picked":"GrandCross","floor":7.0},{"not_picked":["IllusionStar","WitchOfGreed"],"picked":"PowerUp","floor":11.0},{"not_picked":["NonDirectionalLaser","ChargingUp"],"picked":"ShootTheMoon","floor":12.0},{"not_picked":["WitchLeyline","GravityBeat"],"picked":"MachineGunSpark","floor":13.0},{"not_picked":["EnergyFlow","OpenUniverse"],"picked":"UltimateShortwave","floor":14.0},{"not_picked":["SuperNova","UltimateShortwave"],"picked":"MillisecondPulsars","floor":16.0},{"not_picked":["PowerUp","ChargingUp"],"picked":"EnergyFlow","floor":18.0},{"not_picked":["PulseMagic","NonDirectionalLaser"],"picked":"MeteoricShower","floor":21.0},{"not_picked":["MysteriousBeam","Choke","True Grit"],"picked":"SKIP","floor":23.0},{"not_picked":["Headbutt","Crescendo"],"picked":"Second Wind","floor":25.0},{"not_picked":["FlyingSleeves","Metallicize","Poisoned Stab+1"],"picked":"SKIP","floor":28.0},{"not_picked":["Iron Wave+1","Finisher"],"picked":"Scrawl","floor":31.0},{"not_picked":["Seek","Multi-Cast"],"picked":"DevaForm","floor":33.0},{"not_picked":["Evaluate+1","CrushJoints+1"],"picked":"Crescendo","floor":35.0},{"not_picked":["Ball Lightning+1","CrushJoints+1"],"picked":"Calculated Gamble+1","floor":37.0},{"not_picked":["REME_TheoryOfElimination","Flechettes","Evaluate"],"picked":"SKIP","floor":38.0},{"not_picked":["Gash","Coolheaded+1"],"picked":"REME_BuildACard","floor":39.0},{"not_picked":["Ball Lightning","PathToVictory+1"],"picked":"Armaments+1","floor":41.0},{"not_picked":["IllusionStar+1","Barrage+1","BattleHymn+1"],"picked":"SKIP","floor":44.0},{"not_picked":["Magnetism","Mind Blast"],"picked":"Secret Technique","floor":47.0},{"not_picked":["Blind","Swift Strike"],"picked":"REME_TwoStrings","floor":47.0},{"not_picked":["PanicButton","Violence"],"picked":"Master of Strategy","floor":47.0},{"not_picked":["Melter","Deflect+1"],"picked":"Reprogram+1","floor":48}],"player_experience":602473,"relics_obtained":[{"floor":9.0,"key":"Shuriken"},{"floor":11.0,"key":"Orichalcum"},{"floor":12.0,"key":"Whetstone"},{"floor":20.0,"key":"Kunai"},{"floor":23.0,"key":"ShroomBag"},{"floor":26.0,"key":"PreservedInsect"},{"floor":43.0,"key":"REME_HandOfSuture"},{"floor":44.0,"key":"FossilizedHelix"},{"floor":45.0,"key":"CatCart"}],"event_choices":[{"damage_healed":0.0,"max_hp_gain":0.0,"max_hp_loss":0.0,"gold_gain":0.0,"event_name":"Shining Light","player_choice":"Entered Light","floor":2.0,"gold_loss":0.0,"damage_taken":15.0,"cards_upgraded":["OpenUniverse","REME_AllRoundStrike"]},{"damage_healed":0.0,"max_hp_gain":0.0,"max_hp_loss":0.0,"gold_gain":275.0,"event_name":"Golden Shrine","player_choice":"Desecrate","floor":3.0,"gold_loss":0.0,"damage_taken":0.0,"cards_obtained":["Regret"]},{"damage_healed":0.0,"max_hp_gain":0.0,"max_hp_loss":0.0,"gold_gain":0.0,"event_name":"Dead Adventurer","player_choice":"Searched \u00271\u0027 times","floor":11.0,"gold_loss":0.0,"damage_taken":0.0},{"damage_healed":0.0,"max_hp_gain":0.0,"max_hp_loss":0.0,"gold_gain":0.0,"event_name":"Addict","player_choice":"Obtained Relic","floor":19.0,"gold_loss":85.0,"damage_taken":0.0,"relics_obtained":["Meat on the Bone"]},{"damage_healed":0.0,"max_hp_gain":0.0,"max_hp_loss":0.0,"gold_gain":0.0,"event_name":"Drug Dealer","player_choice":"Inject Mutagens","floor":27.0,"gold_loss":0.0,"damage_taken":0.0,"relics_obtained":["MutagenicStrength"]},{"damage_healed":0.0,"max_hp_gain":0.0,"max_hp_loss":38.0,"gold_gain":0.0,"event_name":"Ghosts","player_choice":"Became a Ghost","floor":30.0,"gold_loss":0.0,"damage_taken":0.0,"cards_obtained":["Ghostly","Ghostly","Ghostly","Ghostly","Ghostly"]},{"cards_removed":["Clumsy"],"damage_healed":0.0,"max_hp_gain":0.0,"max_hp_loss":0.0,"gold_gain":0.0,"event_name":"Designer","player_choice":"Upgrade and Remove","floor":36.0,"gold_loss":90.0,"damage_taken":0.0,"cards_upgraded":["MeteoricShower"]},{"damage_healed":0.0,"max_hp_gain":0.0,"max_hp_loss":0.0,"gold_gain":0.0,"event_name":"OrinTheCat","player_choice":"Fight","floor":45.0,"gold_loss":0.0,"damage_taken":0.0},{"damage_healed":0.0,"max_hp_gain":0.0,"max_hp_loss":0.0,"gold_gain":0.0,"event_name":"SensoryStone","player_choice":"Memory 3","floor":47.0,"gold_loss":0.0,"damage_taken":10.0}],"is_beta":false,"boss_relics":[{"not_picked":["Astrolabe","Velvet Choker"],"picked":"REME_ChargedStone"},{"not_picked":["Calling Bell","REME_LowDesire"],"picked":"Fusion Hammer"}],"items_purged_floors":[4,22,29],"is_endless":false,"potions_floor_spawned":[5,7,14,16,31,33,35,41,45,48],"ascension_level":2}}