{"host":"i58uscbei3sy5089","time":1609665324,"event":{"mods":["ATMod(阿瑾Mod)","Act Like it!","BaseMod","Challenge The Spire","Colored Powertips","Conspire","Infinite Spire","Koishi","Lobotomy","LobotomyExtend","Minty Spire (QoL Compilation)","MostiFishMod","Prisma Mod","Quick Restart","Replay The Spire","Shop Mod","Spicy Shops","StSLib","TestMod","The Administrix","The Construct","The Marked","UnlockEverythingMod","WarShipGirlsR/战舰少女R mod","[IsaacMod]以撒尖塔","vexMod","【功能Mod】混沌之环修复补丁","【遗物卡牌】REMEMod","篝火指南"],"gold_per_floor":[112,128,103,103,114,114,149,167,167,187,206,15,15,15,49,76,121,52,63,84,102,102,215,215,227,293,36,36,36],"floor_reached":21,"playtime":2400,"items_purged":["rmod:strick","rmod:strick","rmod:strick"],"score":222,"play_id":"bd144410-8998-4017-8b06-5fc1de7d3fa6","local_time":"20210103171524","is_ascension_mode":false,"campfire_choices":[{"data":"AT_FocusSwordFire","floor":6.0,"key":"SMITH"},{"data":"rmod:spoils","floor":6,"key":"SMITH"},{"data":"rmod:maintain","floor":15,"key":"SMITH"}],"circlet_count":0,"master_deck":["rmod:strick","rmod:defend","rmod:defend","rmod:defend","rmod:defend","rmod:basicallowance","rmod:maingunfire","AT_FocusSwordFire+1","Scorched","WallGazer","rmod:wife","MHz","infinitespire:Punishment","rmod:spoils+1","rmod:firesupport","rmod:strick","rmod:firesupport","Funeral","rmod:secretscript","OSAHOGD","rmod:slowdown","FieryBird","rmod:maintain+1","QueenOfHatred","rmod:abidefaith+1","rmod:slowdown+1","rmod:sl+1","testmod-Reverberation+1"],"relics":["rmod:firstchargereward","testmod-TestBox","HushsDoor","DaveBox","AT_ATBox","REME_ComplimentaryCards","CogitoBucket","RabbitCall","JellyFishMachine","YumHeart","testmod-Déjàvu","SynthV:TestCard","Toy Ornithopter","SynthV:TestCard","LetterFromLob","SteamSale","MerchantsRug","vexMod:PlasmaPancake","SlaversCollar","testmod-RealStoneCalender","vexMod:PaidLearning"],"acts_visited":["Exordium","TheBeyond"],"potions_floor_usage":[],"damage_taken":[{"damage":0.0,"enemies":"Small Slimes","floor":1.0,"turns":2.0},{"damage":0.0,"enemies":"2 Louse","floor":2.0,"turns":1.0},{"damage":0.0,"enemies":"Jaw Worm","floor":5.0,"turns":1.0},{"damage":0.0,"enemies":"3 Sentries","floor":7.0,"turns":1.0},{"damage":2.0,"enemies":"infinitespire:Voidling","floor":1.0,"turns":2.0},{"damage":0.0,"enemies":"Cultist","floor":3.0,"turns":1.0},{"damage":0.0,"enemies":"2 Louse","floor":4.0,"turns":1.0},{"damage":11,"enemies":"Large Slime","floor":8,"turns":4},{"damage":10,"enemies":"3 Sentries","floor":10,"turns":4},{"damage":0,"enemies":"Blue Slaver","floor":12,"turns":1},{"damage":8,"enemies":"2 Fungi Beasts","floor":13,"turns":3},{"damage":0,"enemies":"3 Louse","floor":14,"turns":1},{"damage":6,"enemies":"Slime Boss","floor":16,"turns":2},{"damage":0,"enemies":"Orb Walker","floor":18,"turns":1},{"damage":53,"enemies":"Mind Bloom Boss Battle","floor":19,"turns":7},{"damage":31,"enemies":"3 Shapes","floor":21,"turns":2}],"seed_played":"8627259008757177886","potions_obtained":[{"floor":2.0,"key":"GamblersBrew"},{"floor":1.0,"key":"Block Potion"},{"floor":3.0,"key":"PowerPotion"},{"floor":13,"key":"Adrenaline Potion"},{"floor":14,"key":"SpeedPotion"},{"floor":18,"key":"Death Potion"}],"is_trial":false,"path_per_floor":["M","M","?","?","M","R","E","M","M","?","M","M","$","R","?","M","T","E","$","M","M","M","R","B",null,"M","?","$","M"],"character_chosen":"PRAEFECT","items_purchased":["SteamSale","rmod:firesupport","MerchantsRug","testmod-MagicalMallet","vexMod:PlasmaPancake","Elixir","testmod-Reverberation","vexMod:PaidLearning"],"campfire_rested":0,"item_purchase_floors":[5,5,11,11,11,11,20,20],"current_hp_per_floor":[75,75,75,75,75,75,75,73,55,55,55,55,55,55,44,44,34,65,65,58,58,58,52,81,81,31,31,0,0],"gold":36,"neow_bonus":"","is_daily":false,"chose_seed":false,"campfire_upgraded":3,"win_rate":0.0,"timestamp":1609665324,"path_taken":["M","M","?","?","M","R","E","?","M","?","M","?","?","R","?","M","T","E","$","M","M","M","R","BOSS","M","?","$","?"],"items_purchased_type":["Relic","Card","Relic","Relic","Relic","Potion","Card","Relic"],"build_version":"2020-12-22","purchased_purges":3,"victory":false,"max_hp_per_floor":[75,75,75,75,75,75,75,75,75,75,75,75,75,75,75,75,75,81,81,81,81,81,81,81,81,81,81,81,81],"card_choices":[{"not_picked":["rmod:aviationdawn","rmod:unsinkable"],"picked":"Bomb","floor":1.0},{"not_picked":["Bloodbath","FairyFestival"],"picked":"Scorched","floor":2.0},{"not_picked":["rmod:generalist","rmod:diamondstrike","rmod:lonelyqueen","rmod:luckystar"],"picked":"Bomb","floor":2.0},{"not_picked":["QueenBee","Variant"],"picked":"WallGazer","floor":5.0},{"not_picked":["rmod:circuitoustactics","rmod:punchline","rmod:steelsupply","rmod:aviationdawn"],"picked":"rmod:wife","floor":5.0},{"not_picked":["Wellcheers","BigBadWolf","Bloodbath"],"picked":"Singing Bowl","floor":7.0},{"not_picked":["rmod:fletcherpendant","rmod:ammunitionsupply","rmod:garrisonisland","rmod:selfconfidence"],"picked":"Bomb","floor":7.0},{"not_picked":["Laetitia","FairyFestival"],"picked":"MHz","floor":1.0},{"not_picked":["rmod:goodsister","rmod:firesupport","rmod:mineteam","rmod:tearstotiara","rmod:steelsupply"],"picked":"SKIP","floor":1.0},{"not_picked":["infinitespire:Fortify","infinitespire:TheBestDefense"],"picked":"infinitespire:Punishment","floor":2.0},{"not_picked":["PunishingBird","UniverseFragment","BlackSwan"],"picked":"Singing Bowl","floor":3.0},{"not_picked":["rmod:steelsupply","rmod:unsinkable","rmod:heivgo","rmod:supportescort","rmod:ammunitionsupply","rmod:aluminumsupply"],"picked":"rmod:spoils","floor":3.0},{"not_picked":["GreedKing","LaLuna","GalaxyChild"],"picked":"Singing Bowl","floor":4.0},{"not_picked":["rmod:ring","rmod:openingtorpedo","rmod:goodsister","rmod:intelligenceanalysis","rmod:fuelsupply","rmod:aluminumsupply","rmod:wolves"],"picked":"SKIP","floor":4.0},{"not_picked":["HappyTeddy","PunishingBird","MeatLantern"],"picked":"Singing Bowl","floor":8},{"not_picked":["rmod:victimresponsibility","rmod:supportescort","rmod:aluminumsupply","rmod:fuelsupply","rmod:circuitoustactics","rmod:luckystar"],"picked":"rmod:firesupport","floor":8},{"not_picked":["HappyTeddy","SpiderBud"],"picked":"Funeral","floor":10},{"not_picked":["rmod:ammunitionsupply","rmod:punchline","rmod:supportescort","rmod:heivgo","rmod:chargemoney","rmod:intelligenceanalysis"],"picked":"rmod:secretscript","floor":10},{"not_picked":["DreamingCurrent","OldLady","SnowQueen"],"picked":"Singing Bowl","floor":12},{"not_picked":["rmod:diamondstrike","rmod:intelligenceanalysis","rmod:fletcherpendant","rmod:saltedfish","rmod:fuelsupply","rmod:ammunitionsupply","rmod:aluminumsupply"],"picked":"SKIP","floor":12},{"not_picked":["UniverseFragment","CrumblingArmor","BeautyBeast"],"picked":"Singing Bowl","floor":13},{"not_picked":["BlackSwan","BeautyBeast"],"picked":"OSAHOGD","floor":13},{"not_picked":["rmod:goodfighter","rmod:intelligenceanalysis","rmod:smokecover","rmod:launchingtorpedo","rmod:wife","rmod:ring"],"picked":"rmod:slowdown","floor":13},{"not_picked":["FairyFestival","SpiderBud"],"picked":"FieryBird","floor":14},{"not_picked":["rmod:aviationdawn","rmod:capitalist","rmod:fuelsupply","rmod:highspeedmaneuver","rmod:generalist","rmod:lonelyqueen"],"picked":"rmod:maintain","floor":14},{"not_picked":["ShyLook","LittleHelper"],"picked":"QueenOfHatred","floor":16},{"not_picked":["rmod:u235","rmod:expeditionaryescort","rmod:secretscript","rmod:desperatesituation","rmod:highspeedmaneuver","rmod:ridicule"],"picked":"rmod:abidefaith","floor":16},{"not_picked":["BeautyBeast","Wellcheers","SpiderBud"],"picked":"Singing Bowl","floor":18},{"not_picked":["rmod:chargemoney","rmod:mineteam","rmod:tearstotiara+1","rmod:intelligenceanalysis+1","rmod:generalist+1","rmod:diaomin+1"],"picked":"rmod:slowdown+1","floor":18},{"not_picked":["HappyTeddy","CENSORED","Mercenary"],"picked":"Singing Bowl","floor":19},{"not_picked":["rmod:aviationdawn+1","rmod:tearstotiara","rmod:supportescort","rmod:desperatesituation","rmod:fuelsupply+1","rmod:aluminumsupply+1"],"picked":"rmod:sl+1","floor":19}],"player_experience":687958,"relics_obtained":[{"floor":1.0,"key":"SynthV:TestCard"},{"floor":1.0,"key":"LetterFromLob"},{"floor":7.0,"key":"Toy Ornithopter"},{"floor":1.0,"key":"SynthV:TestCard"},{"floor":1.0,"key":"LetterFromLob"},{"floor":9,"key":"REME_HandOfSuture"},{"floor":10,"key":"BelialBook"},{"floor":19,"key":"testmod-RealStoneCalender"}],"event_choices":[{"damage_healed":0.0,"max_hp_gain":0.0,"max_hp_loss":0.0,"gold_gain":0.0,"event_name":"conspire:Investor","player_choice":"Leave","floor":4.0,"gold_loss":0.0,"damage_taken":0.0},{"damage_healed":0,"gold_gain":0,"player_choice":"Fight","damage_taken":0,"max_hp_gain":0,"max_hp_loss":0,"event_name":"MindBloom","floor":19,"gold_loss":0}],"is_beta":false,"boss_relics":[{"not_picked":["vexMod:BigBerry","BloodWine"],"picked":"SlaversCollar"},{"not_picked":[]}],"items_purged_floors":[11,20,20],"is_endless":false,"potions_floor_spawned":[2,1,3,10,13,14,18],"killed_by":"3 Shapes","ascension_level":0}}