{"host":"cwp0xoxch9uxtnfk","time":1609714482,"event":{"mods":["AchievementEnabler","BaseMod","Bestiary","Colored Map","Colored Powertips","DeckTracker","Highlight Path","Minty Spire (QoL Compilation)","Rare Cards Sparkle","Relic Sorter","Relic Stats"],"gold_per_floor":[118,6,81,98,98,130,130,143,143,143,154,171,171,191,191,290,290,305,305,305,161,112,112,162,162,186,206,226,226,245,260,260,357,357,377,396,396,746,766,786,786,803,829,845,845,860,860,872,872,872,872],"floor_reached":50,"playtime":4755,"items_purged":["Strike_B"],"score":523,"play_id":"f31baf29-cc9f-44c6-b154-d03a5a95751b","local_time":"20210103225442","is_ascension_mode":false,"campfire_choices":[{"floor":7,"key":"REST"},{"floor":13,"key":"RECALL"},{"floor":15,"key":"REST"},{"data":"Defragment","floor":23,"key":"SMITH"},{"data":"Dualcast","floor":25,"key":"SMITH"},{"data":"Hologram","floor":29,"key":"SMITH"},{"floor":32,"key":"REST"},{"floor":45,"key":"REST"},{"floor":49,"key":"REST"}],"circlet_count":0,"master_deck":["Strike_B+1","Strike_B+1","Defend_B+1","Defend_B+1","Defend_B+1","Defend_B+1","Zap","Dualcast+1","Redo","Doom and Gloom+1","Cold Snap","Hello World","Defragment+1","BootSequence","Cold Snap","Compile Driver","Biased Cognition","Ball Lightning+1","Compile Driver+1","Hologram+1","Rebound+1","Fusion+1","Biased Cognition","Glacier+1","Capacitor+1","Biased Cognition","Panache","Flash of Steel"],"relics":["Cracked Core","Ice Cream","Matryoshka","Philosopher\u0027s Stone","Whetstone","Dream Catcher","Boot","Sozu","Old Coin","Regal Pillow","Bronze Scales"],"acts_visited":["Exordium","TheCity","TheBeyond"],"potions_floor_usage":[6,16,16,33],"damage_taken":[{"damage":0,"enemies":"2 Louse","floor":1,"turns":2},{"damage":0,"enemies":"Small Slimes","floor":4,"turns":3},{"damage":16,"enemies":"Lagavulin","floor":6,"turns":6},{"damage":6,"enemies":"Jaw Worm","floor":8,"turns":4},{"damage":21,"enemies":"Exordium Wildlife","floor":11,"turns":5},{"damage":0,"enemies":"3 Louse","floor":12,"turns":3},{"damage":0,"enemies":"Looter","floor":14,"turns":3},{"damage":1,"enemies":"The Guardian","floor":16,"turns":11},{"damage":17,"enemies":"2 Thieves","floor":18,"turns":5},{"damage":0,"enemies":"Spheric Guardian","floor":27,"turns":3},{"damage":0,"enemies":"Snake Plant","floor":28,"turns":3},{"damage":0,"enemies":"Centurion and Healer","floor":30,"turns":6},{"damage":0,"enemies":"Cultist and Chosen","floor":31,"turns":4},{"damage":73,"enemies":"Champ","floor":33,"turns":12},{"damage":5,"enemies":"3 Shapes","floor":35,"turns":4},{"damage":0,"enemies":"Orb Walker","floor":36,"turns":3},{"damage":0,"enemies":"Mind Bloom Boss Battle","floor":38,"turns":6},{"damage":0,"enemies":"4 Shapes","floor":39,"turns":6},{"damage":3,"enemies":"Spire Growth","floor":40,"turns":5},{"damage":2,"enemies":"Sphere and 2 Shapes","floor":42,"turns":3},{"damage":35,"enemies":"Jaw Worm Horde","floor":44,"turns":4},{"damage":9,"enemies":"3 Darklings","floor":46,"turns":4},{"damage":22,"enemies":"4 Shapes","floor":48,"turns":3},{"damage":88,"enemies":"Awakened One","floor":50,"turns":9}],"seed_played":"-6013943496053002758","potions_obtained":[{"floor":1,"key":"BlessingOfTheForge"},{"floor":12,"key":"Block Potion"},{"floor":14,"key":"DistilledChaos"},{"floor":18,"key":"SkillPotion"},{"floor":27,"key":"Strength Potion"}],"is_trial":false,"path_per_floor":["M","$","?","M","?","E","R","M","T","?","M","M","R","M","R","B",null,"M","?","?","$","$","R","?","R","T","M","M","R","M","M","R","B",null,"M","M","$","?","M","M","?","M","T","M","R","M","?","M","R","B"],"character_chosen":"DEFECT","items_purchased":["Doom and Gloom","Whetstone","FocusPotion"],"campfire_rested":5,"item_purchase_floors":[2,21,22],"current_hp_per_floor":[82,82,71,71,64,48,72,66,66,54,33,33,33,33,57,56,82,65,65,65,65,65,65,65,65,65,65,65,65,65,65,82,9,82,77,77,77,77,77,74,74,72,72,37,76,67,57,35,74,0,0],"gold":872,"neow_bonus":"TEN_PERCENT_HP_BONUS","is_daily":false,"chose_seed":false,"campfire_upgraded":3,"win_rate":0.0,"timestamp":1609714482,"path_taken":["M","$","?","M","?","E","R","M","T","?","M","M","R","M","R","BOSS","M","?","?","?","$","R","?","R","T","M","M","R","M","M","R","BOSS","M","?","$","?","M","M","?","M","T","M","R","M","?","?","R","BOSS"],"items_purchased_type":["Card","Relic","Potion"],"build_version":"2020-12-22","purchased_purges":1,"victory":false,"max_hp_per_floor":[82,82,82,82,82,82,82,82,82,82,82,82,82,82,82,82,82,82,82,82,82,82,82,82,82,82,82,82,82,82,82,82,82,82,82,82,82,82,82,82,82,82,82,82,82,82,82,82,82,82,82],"relic_stats":{"Sozu":3,"Dream Catcher":3,"Regal Pillow":30,"counters":[24,117],"Bronze Scales":[99],"Whetstone":["Ball Lightning","Doom and Gloom"],"Boot":[33],"obtain_stats":[{"Ice Cream":6,"Sozu":34,"Dream Catcher":26,"Regal Pillow":43,"Matryoshka":10,"Bronze Scales":43,"Philosopher\u0027s Stone":17,"Whetstone":21,"Cracked Core":0,"Boot":26,"Old Coin":38},{"Ice Cream":3,"Sozu":14,"Dream Catcher":9,"Regal Pillow":20,"Matryoshka":4,"Bronze Scales":20,"Philosopher\u0027s Stone":8,"Whetstone":9,"Cracked Core":0,"Boot":9,"Old Coin":17},{"Ice Cream":11,"Sozu":70,"Dream Catcher":42,"Regal Pillow":97,"Matryoshka":15,"Bronze Scales":97,"Philosopher\u0027s Stone":37,"Whetstone":42,"Cracked Core":0,"Boot":42,"Old Coin":83}]},"card_choices":[{"not_picked":["Darkness","Doom and Gloom"],"picked":"Redo","floor":1},{"not_picked":["Heatsinks","Genetic Algorithm"],"picked":"Cold Snap","floor":4},{"not_picked":["Scrape","Consume"],"picked":"Hello World","floor":6},{"not_picked":["Beam Cell","Cold Snap"],"picked":"Defragment","floor":8},{"not_picked":["Tempest","Turbo"],"picked":"BootSequence","floor":11},{"not_picked":["Coolheaded","Glacier"],"picked":"Cold Snap","floor":12},{"not_picked":["Glacier","Recycle"],"picked":"Compile Driver","floor":14},{"not_picked":["Fission","Hyperbeam"],"picked":"Biased Cognition","floor":16},{"not_picked":["Glacier+1","Reprogram+1"],"picked":"Ball Lightning","floor":18},{"not_picked":["Ball Lightning","Beam Cell"],"picked":"Compile Driver+1","floor":27},{"not_picked":["Core Surge","Force Field"],"picked":"Hologram","floor":28},{"not_picked":["Ball Lightning","Force Field"],"picked":"Rebound+1","floor":30},{"not_picked":["Stack+1","Beam Cell+1"],"picked":"Fusion+1","floor":31},{"not_picked":["Buffer","Seek"],"picked":"Biased Cognition","floor":33},{"not_picked":["Recycle+1","Static Discharge+1"],"picked":"Glacier+1","floor":35},{"not_picked":["Coolheaded+1","Steam","Hologram+1"],"picked":"SKIP","floor":36},{"not_picked":["Coolheaded+1","Go for the Eyes+1","Redo"],"picked":"SKIP","floor":39},{"not_picked":["Leap+1","Barrage"],"picked":"Capacitor+1","floor":40},{"not_picked":["Lockon+1","Glacier"],"picked":"Biased Cognition","floor":42},{"not_picked":["Redo+1","Steam+1","Go for the Eyes+1"],"picked":"SKIP","floor":44},{"not_picked":["White Noise+1","Streamline+1","Force Field"],"picked":"SKIP","floor":46},{"not_picked":["Purity","Jack Of All Trades"],"picked":"Panache","floor":47},{"not_picked":["Enlightenment","Swift Strike"],"picked":"Flash of Steel","floor":47},{"not_picked":["Conserve Battery","Steam+1","Aggregate"],"picked":"SKIP","floor":48}],"player_experience":164312,"relics_obtained":[{"floor":6,"key":"Ice Cream"},{"floor":26,"key":"Dream Catcher"},{"floor":26,"key":"Boot"},{"floor":38,"key":"Old Coin"},{"floor":43,"key":"Regal Pillow"},{"floor":43,"key":"Bronze Scales"}],"event_choices":[{"damage_healed":0,"gold_gain":75,"player_choice":"Gather Gold","damage_taken":11,"max_hp_gain":0,"max_hp_loss":0,"event_name":"World of Goop","floor":3,"gold_loss":0},{"cards_removed":["Strike_B"],"damage_healed":0,"gold_gain":0,"player_choice":"Card Removal","damage_taken":7,"max_hp_gain":0,"max_hp_loss":0,"event_name":"Golden Wing","floor":5,"gold_loss":0},{"damage_healed":0,"gold_gain":0,"player_choice":"Success","damage_taken":12,"relics_obtained":["Matryoshka"],"max_hp_gain":0,"max_hp_loss":0,"event_name":"Scrap Ooze","floor":10,"gold_loss":0},{"damage_healed":0,"gold_gain":0,"player_choice":"Ignored","damage_taken":0,"max_hp_gain":0,"max_hp_loss":0,"event_name":"Vampires","floor":19,"gold_loss":0},{"damage_healed":0,"gold_gain":0,"player_choice":"Simplicity","damage_taken":0,"max_hp_gain":0,"max_hp_loss":0,"event_name":"Back to Basics","floor":20,"gold_loss":0,"cards_upgraded":["Strike_B","Strike_B","Defend_B","Defend_B","Defend_B","Defend_B"]},{"damage_healed":0,"gold_gain":100,"player_choice":"Bet on Murderer","damage_taken":0,"max_hp_gain":0,"max_hp_loss":0,"event_name":"The Joust","floor":24,"gold_loss":50},{"damage_healed":0,"gold_gain":0,"player_choice":"Fight","damage_taken":0,"max_hp_gain":0,"max_hp_loss":0,"event_name":"MindBloom","floor":38,"gold_loss":0},{"damage_healed":0,"gold_gain":0,"player_choice":"Ignored","damage_taken":0,"max_hp_gain":0,"max_hp_loss":0,"event_name":"Tomb of Lord Red Mask","floor":41,"gold_loss":0},{"damage_healed":0,"gold_gain":0,"player_choice":"Memory 3","damage_taken":10,"max_hp_gain":0,"max_hp_loss":0,"event_name":"SensoryStone","floor":47,"gold_loss":0}],"is_beta":false,"boss_relics":[{"not_picked":["SacredBark","FrozenCore"],"picked":"Philosopher\u0027s Stone"},{"not_picked":["Tiny House","Busted Crown"],"picked":"Sozu"}],"items_purged_floors":[2],"is_endless":false,"potions_floor_spawned":[1,12,14,18,27,30,36,38,46],"killed_by":"Awakened One","ascension_level":0}}