{"host":"g01l53quoe6lrer0","time":1609689871,"event":{"mods":["2.2 Compatiblity","AchievementEnabler","BaseMod","Colored Map","Highlight Path","Keyboard Shortcuts","Minty Spire (QoL Compilation)","Permanent Neow","Quick Restart","StSLib","SuperFastMode","everything is the same but u backflip on backflip"],"gold_per_floor":[117,117,132,63,83,83,109,109,109,109,109,139,214,228,228,324,324,335,335,354,366,377,377,377,377,432,443,368,381,381,381,381,479,479,493,593,607,627,641,318,318,0,0,11,11,11,27,40,40,40,40],"floor_reached":50,"playtime":1766,"items_purged":["Strike_B","Strike_B+1","Multi-Cast"],"score":529,"play_id":"57b0256f-fecb-4045-86b0-7ea129196804","local_time":"20210104010431","is_ascension_mode":true,"campfire_choices":[{"data":"Defragment","floor":6.0,"key":"SMITH"},{"data":"Zap","floor":8.0,"key":"SMITH"},{"data":"Dualcast","floor":10.0,"key":"SMITH"},{"data":"Storm","floor":15.0,"key":"SMITH"},{"data":"Biased Cognition","floor":23.0,"key":"SMITH"},{"data":"Thunder Strike","floor":25.0,"key":"SMITH"},{"data":"Machine Learning","floor":30.0,"key":"SMITH"},{"floor":32.0,"key":"REST"},{"floor":41.0,"key":"REST"},{"data":"Defragment","floor":45.0,"key":"SMITH"},{"floor":49.0,"key":"REST"}],"circlet_count":0,"master_deck":["Defend_B+1","Defend_B+1","Defend_B+1","Defend_B+1","Zap+1","Dualcast+1","Auto Shields+1","Beam Cell","Leap","Thunder Strike+1","Defragment+1","Self Repair","Ball Lightning","Storm+1","Buffer","Go for the Eyes","Amplify+1","Fusion+1","Biased Cognition+1","Machine Learning+1","Capacitor+1","Hologram+1","Redo+1","Chill+1","Defragment","Defragment+1","Seek","Lockon","Leap+1"],"relics":["Cracked Core","Bottled Lightning","Sundial","Toy Ornithopter","Sozu","Nloth\u0027s Gift","Enchiridion","Art of War","Velvet Choker","MealTicket","War Paint"],"acts_visited":["Exordium","TheCity","TheBeyond"],"potions_floor_usage":[50],"damage_taken":[{"damage":0.0,"enemies":"2 Louse","floor":1.0,"turns":2.0},{"damage":0.0,"enemies":"Cultist","floor":3.0,"turns":3.0},{"damage":2.0,"enemies":"Small Slimes","floor":5.0,"turns":4.0},{"damage":10.0,"enemies":"Lagavulin","floor":7.0,"turns":8.0},{"damage":17.0,"enemies":"3 Sentries","floor":12.0,"turns":10.0},{"damage":20.0,"enemies":"Exordium Thugs","floor":14.0,"turns":3.0},{"damage":0.0,"enemies":"The Guardian","floor":16.0,"turns":8.0},{"damage":19.0,"enemies":"Shell Parasite","floor":18.0,"turns":3.0},{"damage":5.0,"enemies":"3 Byrds","floor":20.0,"turns":5.0},{"damage":11.0,"enemies":"3 Cultists","floor":21.0,"turns":5.0},{"damage":6.0,"enemies":"Cultist and Chosen","floor":22.0,"turns":3.0},{"damage":22.0,"enemies":"Sentry and Sphere","floor":27.0,"turns":3.0},{"damage":5.0,"enemies":"Chosen and Byrds","floor":29.0,"turns":3.0},{"damage":22.0,"enemies":"Collector","floor":33.0,"turns":6.0},{"damage":37.0,"enemies":"3 Darklings","floor":35.0,"turns":4.0},{"damage":1.0,"enemies":"Orb Walker","floor":37.0,"turns":2.0},{"damage":19.0,"enemies":"3 Darklings","floor":38.0,"turns":3.0},{"damage":2.0,"enemies":"Writhing Mass","floor":39.0,"turns":5.0},{"damage":13.0,"enemies":"4 Shapes","floor":44.0,"turns":4.0},{"damage":0.0,"enemies":"Transient","floor":47.0,"turns":5.0},{"damage":30.0,"enemies":"Spire Growth","floor":48.0,"turns":4.0},{"damage":100,"enemies":"Awakened One","floor":50,"turns":6}],"seed_played":"-7543582217743045925","potions_obtained":[{"floor":7.0,"key":"Dexterity Potion"},{"floor":12.0,"key":"DistilledChaos"},{"floor":16.0,"key":"FocusPotion"}],"is_trial":false,"path_per_floor":["M","?","M","$","M","R","E","R","T","R","?","E","?","M","R","B",null,"M","?","M","M","M","R","?","R","T","M","$","M","R","?","R","B",null,"M","?","M","M","M","$","R","$","T","M","R","?","M","M","R","B"],"character_chosen":"DEFECT","items_purchased":["Thunder Strike","Defragment","MealTicket","Defragment","Seek"],"campfire_rested":3,"item_purchase_floors":[4,40,40,42,42],"current_hp_per_floor":[75,75,75,75,73,73,63,63,63,63,60,50,39,19,19,31,75,63,63,65,66,67,67,51,51,51,36,36,31,31,31,53,38,75,38,38,44,25,30,30,52,67,67,54,54,54,61,38,60,0,0],"gold":40,"neow_bonus":"TRANSFORM_CARD","is_daily":false,"chose_seed":false,"campfire_upgraded":8,"win_rate":0.0,"timestamp":1609689871,"path_taken":["M","?","?","$","M","R","E","R","T","R","?","E","?","M","R","BOSS","M","?","M","?","M","R","?","R","T","M","$","M","R","?","R","BOSS","M","?","?","M","M","$","R","$","T","M","R","?","M","M","R","BOSS"],"items_purchased_type":["Card","Card","Relic","Card","Card"],"build_version":"2020-12-22","purchased_purges":3,"victory":false,"max_hp_per_floor":[75,75,75,75,75,75,75,75,75,75,75,75,75,75,75,75,75,75,75,75,75,75,75,75,75,75,75,75,75,75,75,75,75,75,75,75,75,75,75,75,75,75,75,75,75,75,75,75,75,75,75],"card_choices":[{"not_picked":["Ball Lightning","Stack"],"picked":"Beam Cell","floor":1.0},{"not_picked":["Sweeping Beam","Stack"],"picked":"Leap","floor":3.0},{"not_picked":["Rebound","Aggregate"],"picked":"Defragment","floor":5.0},{"not_picked":["Self Repair","Coolheaded","Static Discharge"],"picked":"SKIP","floor":7.0},{"not_picked":["Coolheaded","Static Discharge"],"picked":"Self Repair","floor":7.0},{"not_picked":["Tempest","Steam Power"],"picked":"Ball Lightning","floor":12.0},{"not_picked":["Hello World","Conserve Battery"],"picked":"Storm","floor":14.0},{"not_picked":["Rainbow","All For One"],"picked":"Buffer","floor":16.0},{"not_picked":["Streamline","Stack"],"picked":"Go for the Eyes","floor":18.0},{"not_picked":["Reprogram","Thunder Strike"],"picked":"Amplify","floor":20.0},{"not_picked":["Self Repair","Fission"],"picked":"Fusion+1","floor":21.0},{"not_picked":["Coolheaded","Stack"],"picked":"Biased Cognition","floor":22.0},{"not_picked":["Conserve Battery","Chaos+1"],"picked":"Machine Learning","floor":27.0},{"not_picked":["Cold Snap","Ball Lightning","Compile Driver"],"picked":"SKIP","floor":29.0},{"not_picked":["Multi-Cast","Amplify"],"picked":"Reboot","floor":33.0},{"not_picked":["Cold Snap","Gash+1"],"picked":"Capacitor+1","floor":35.0},{"not_picked":["Undo","Ball Lightning+1"],"picked":"Hologram+1","floor":37.0},{"not_picked":["Blizzard","Streamline+1"],"picked":"Redo+1","floor":38.0},{"not_picked":["Loop","Chill+1","Fusion"],"picked":"SKIP","floor":39.0},{"not_picked":["Loop","Fusion"],"picked":"Chill+1","floor":39.0},{"not_picked":["Fusion+1","FTL","Steam+1"],"picked":"SKIP","floor":44.0},{"not_picked":["Streamline","Self Repair+1"],"picked":"Leap+1","floor":47.0},{"not_picked":["Thunder Strike","Stack+1","Chill+1"],"picked":"SKIP","floor":48.0}],"player_experience":49165,"relics_obtained":[{"floor":7.0,"key":"Bottled Lightning"},{"floor":9.0,"key":"Sundial"},{"floor":12.0,"key":"Bottled Flame"},{"floor":24.0,"key":"Enchiridion"},{"floor":26.0,"key":"Art of War"},{"floor":43.0,"key":"War Paint"}],"event_choices":[{"damage_healed":0.0,"max_hp_gain":0.0,"max_hp_loss":0.0,"gold_gain":0.0,"cards_transformed":["Strike_B"],"event_name":"Transmorgrifier","player_choice":"Transformed","floor":2.0,"gold_loss":0.0,"damage_taken":0.0,"cards_obtained":["Multi-Cast"]},{"damage_healed":0.0,"max_hp_gain":0.0,"max_hp_loss":0.0,"gold_gain":0.0,"event_name":"Scrap Ooze","player_choice":"Success","floor":11.0,"gold_loss":0.0,"damage_taken":3.0,"relics_obtained":["Toy Ornithopter"]},{"damage_healed":0.0,"max_hp_gain":0.0,"max_hp_loss":0.0,"gold_gain":75.0,"event_name":"World of Goop","player_choice":"Gather Gold","floor":13.0,"gold_loss":0.0,"damage_taken":11.0},{"damage_healed":0.0,"max_hp_gain":0.0,"max_hp_loss":0.0,"gold_gain":0.0,"event_name":"N\u0027loth","player_choice":"Traded Relic","floor":19.0,"relics_lost":["Bottled Flame"],"gold_loss":0.0,"damage_taken":0.0,"relics_obtained":["Nloth\u0027s Gift"]},{"damage_healed":0.0,"max_hp_gain":0.0,"max_hp_loss":0.0,"gold_gain":0.0,"event_name":"Cursed Tome","player_choice":"Obtained Book","floor":24.0,"gold_loss":0.0,"damage_taken":16.0},{"damage_healed":0.0,"max_hp_gain":0.0,"max_hp_loss":0.0,"gold_gain":0.0,"event_name":"Back to Basics","player_choice":"Simplicity","floor":31.0,"gold_loss":0.0,"damage_taken":0.0,"cards_upgraded":["Strike_B","Defend_B","Defend_B","Defend_B","Defend_B"]},{"damage_healed":0.0,"max_hp_gain":0.0,"max_hp_loss":0.0,"gold_gain":100.0,"event_name":"Golden Shrine","player_choice":"Pray","floor":36.0,"gold_loss":0.0,"damage_taken":0.0},{"damage_healed":0.0,"max_hp_gain":0.0,"max_hp_loss":0.0,"gold_gain":0.0,"cards_transformed":["Reboot"],"event_name":"Transmorgrifier","player_choice":"Transformed","floor":46.0,"gold_loss":0.0,"damage_taken":0.0,"cards_obtained":["Lockon"]}],"is_beta":false,"boss_relics":[{"not_picked":["SlaversCollar","Empty Cage"],"picked":"Sozu"},{"not_picked":["Fusion Hammer","Black Star"],"picked":"Velvet Choker"}],"items_purged_floors":[28,40,42],"is_endless":false,"potions_floor_spawned":[7,12,16,21,27,33,38,39,44,47],"killed_by":"Awakened One","ascension_level":1}}