{"host":"na09lpbrez4gbfiz","time":1609643378,"event":{"mods":["Act Like it!","BaseMod","BetterRewards","Colored Map","Colored Powertips","DeckTracker","Googly Eyes","Highlight Path","Minty Spire (QoL Compilation)","Quick Restart","Spicy Shops","StSLib","SuperFastMode","Synergy Search"],"gold_per_floor":[115,2,21,21,21,52,52,75,75,98,98,121,165,186,186,310,310,333,608,51,72,72,113,212,230,253,253,293,307,307,325,325,445,445,470,494,404,422,441,441,441],"floor_reached":40,"playtime":1218,"items_purged":["Strike_R","Regret"],"score":769,"play_id":"b6cf73b0-4d55-416f-96ce-6e4558f7347c","local_time":"20210103040938","is_ascension_mode":true,"campfire_choices":[{"data":"Armaments","floor":7,"key":"SMITH"},{"data":"Heavy Blade","floor":11,"key":"SMITH"},{"data":"Metallicize","floor":15,"key":"SMITH"},{"data":"True Grit","floor":27,"key":"SMITH"},{"data":"Juggernaut","floor":30,"key":"SMITH"},{"floor":32,"key":"REST"}],"circlet_count":0,"master_deck":["AscendersBane","Strike_R","Strike_R+1","Strike_R+1","Defend_R","Defend_R+1","Defend_R","Defend_R","Bash","Heavy Blade+1","Metallicize+1","Spot Weakness","Armaments+1","Shrug It Off","Juggernaut+1","Sword Boomerang","Shrug It Off","True Grit+1","Rage"],"relics":["Burning Blood","NeowsBlessing","Golden Idol","Torii","Lizard Tail","Bird Faced Urn","Busted Crown","Whetstone","MealTicket","Nunchaku","Happy Flower","Red Skull","SlaversCollar"],"acts_visited":["Exordium","TheCity","TheBeyond"],"potions_floor_usage":[16,18,21,23,25,33,33],"damage_taken":[{"damage":0,"enemies":"Cultist","floor":1,"turns":1},{"damage":0,"enemies":"Small Slimes","floor":3,"turns":1},{"damage":0,"enemies":"Lagavulin","floor":6,"turns":1},{"damage":0,"enemies":"2 Louse","floor":8,"turns":3},{"damage":2,"enemies":"2 Fungi Beasts","floor":10,"turns":3},{"damage":3,"enemies":"Blue Slaver","floor":12,"turns":4},{"damage":35,"enemies":"Gremlin Nob","floor":13,"turns":5},{"damage":16,"enemies":"Lots of Slimes","floor":14,"turns":6},{"damage":53,"enemies":"Slime Boss","floor":16,"turns":15},{"damage":19,"enemies":"Spheric Guardian","floor":18,"turns":4},{"damage":26,"enemies":"3 Byrds","floor":21,"turns":4},{"damage":40,"enemies":"Slavers","floor":23,"turns":6},{"damage":26,"enemies":"Snake Plant","floor":25,"turns":6},{"damage":12,"enemies":"Book of Stabbing","floor":28,"turns":6},{"damage":7,"enemies":"Sentry and Sphere","floor":29,"turns":4},{"damage":14,"enemies":"Snecko","floor":31,"turns":4},{"damage":46,"enemies":"Automaton","floor":33,"turns":10},{"damage":28,"enemies":"3 Darklings","floor":35,"turns":4},{"damage":14,"enemies":"3 Shapes","floor":36,"turns":5},{"damage":79,"enemies":"Transient","floor":38,"turns":5},{"damage":19,"enemies":"3 Darklings","floor":39,"turns":5},{"damage":29,"enemies":"Reptomancer","floor":40,"turns":3}],"seed_played":"7898572590993249789","potions_obtained":[{"floor":1,"key":"FearPotion"},{"floor":10,"key":"Explosive Potion"},{"floor":13,"key":"BloodPotion"},{"floor":16,"key":"Explosive Potion"},{"floor":21,"key":"Block Potion"},{"floor":25,"key":"Fruit Juice"},{"floor":29,"key":"SkillPotion"},{"floor":31,"key":"DistilledChaos"},{"floor":35,"key":"PowerPotion"},{"floor":38,"key":"EssenceOfSteel"}],"is_trial":false,"path_per_floor":["M","$","M","?","$","E","R","M","T","M","R","M","E","M","R","B",null,"M","?","$","M","?","E","?","M","T","R","E","M","R","M","R","B",null,"M","M","?","M","M","E"],"character_chosen":"IRONCLAD","items_purchased":["Metallicize","Whetstone","Sword Boomerang","MealTicket"],"campfire_rested":1,"item_purchase_floors":[2,20,20,20],"current_hp_per_floor":[78,78,80,60,60,66,66,72,72,76,76,79,50,42,42,13,63,54,54,54,38,64,34,34,23,23,23,21,22,22,18,43,7,66,48,44,44,23,14,0,0],"gold":441,"neow_bonus":"THREE_ENEMY_KILL","is_daily":false,"chose_seed":false,"campfire_upgraded":5,"win_rate":0.0,"timestamp":1609643378,"path_taken":["M","?","M","?","$","E","R","M","T","M","R","M","E","M","R","BOSS","M","?","$","?","?","E","?","M","T","R","E","M","R","M","R","BOSS","M","M","?","M","?","E"],"items_purchased_type":["Card","Relic","Card","Relic"],"build_version":"2020-12-22","purchased_purges":2,"victory":false,"max_hp_per_floor":[80,80,80,80,80,80,80,80,80,80,80,80,80,80,80,80,80,80,80,80,80,80,80,80,85,85,85,85,85,85,85,85,85,85,85,85,85,85,85,85,85],"card_choices":[{"not_picked":["Clothesline","Pommel Strike"],"picked":"Heavy Blade","floor":1},{"not_picked":["Intimidate","Shrug It Off"],"picked":"Spot Weakness","floor":3},{"not_picked":["Anger","Double Tap"],"picked":"Armaments","floor":6},{"not_picked":["Perfected Strike","Battle Trance","Havoc"],"picked":"SKIP","floor":8},{"not_picked":["Heavy Blade","Hemokinesis","Perfected Strike"],"picked":"SKIP","floor":10},{"not_picked":["Searing Blow","Anger","Entrench"],"picked":"SKIP","floor":12},{"not_picked":["Body Slam","Headbutt","Heavy Blade"],"picked":"SKIP","floor":13},{"not_picked":["Heavy Blade","Second Wind"],"picked":"Shrug It Off","floor":14},{"not_picked":["Reaper","Immolate"],"picked":"Juggernaut","floor":16},{"not_picked":["Anger"],"picked":"SKIP","floor":18},{"not_picked":[],"picked":"Shrug It Off","floor":21},{"not_picked":[],"picked":"True Grit","floor":23},{"not_picked":["Body Slam"],"picked":"SKIP","floor":25},{"not_picked":[],"picked":"Rage","floor":28},{"not_picked":["Iron Wave"],"picked":"SKIP","floor":29},{"not_picked":["Battle Trance"],"picked":"SKIP","floor":31},{"not_picked":["Armaments+1"],"picked":"SKIP","floor":35},{"not_picked":["Dropkick"],"picked":"SKIP","floor":36},{"not_picked":["Disarm"],"picked":"SKIP","floor":38},{"not_picked":["Sever Soul"],"picked":"SKIP","floor":39}],"player_experience":263135,"relics_obtained":[{"floor":6,"key":"Torii"},{"floor":9,"key":"Lizard Tail"},{"floor":13,"key":"Bird Faced Urn"},{"floor":23,"key":"Nunchaku"},{"floor":26,"key":"Happy Flower"},{"floor":28,"key":"Red Skull"}],"event_choices":[{"damage_healed":0,"gold_gain":0,"player_choice":"Take Damage","damage_taken":20,"relics_obtained":["Golden Idol"],"max_hp_gain":0,"max_hp_loss":0,"event_name":"Golden Idol","floor":4,"gold_loss":0},{"damage_healed":0,"gold_gain":275,"player_choice":"Desecrate","damage_taken":0,"max_hp_gain":0,"max_hp_loss":0,"event_name":"Golden Shrine","floor":19,"gold_loss":0,"cards_obtained":["Regret"]},{"damage_healed":26,"gold_gain":0,"player_choice":"Heal","damage_taken":0,"max_hp_gain":0,"max_hp_loss":0,"event_name":"The Library","floor":22,"gold_loss":0},{"damage_healed":0,"gold_gain":99,"player_choice":"Stole From Cult","damage_taken":0,"max_hp_gain":0,"max_hp_loss":0,"event_name":"Nest","floor":24,"gold_loss":0},{"cards_removed":["Strike_R"],"damage_healed":0,"gold_gain":0,"player_choice":"Upgrade and Remove","damage_taken":0,"max_hp_gain":0,"max_hp_loss":0,"event_name":"Designer","floor":37,"gold_loss":90,"cards_upgraded":["Defend_R"]}],"is_beta":false,"boss_relics":[{"not_picked":["Runic Cube","Pandora\u0027s Box"],"picked":"Busted Crown"},{"not_picked":["Coffee Dripper","Tiny House"],"picked":"SlaversCollar"}],"items_purged_floors":[2,20],"is_endless":false,"potions_floor_spawned":[1,10,12,13,16,21,25,29,31,35,38],"killed_by":"Reptomancer","ascension_level":12}}