{"host":"mitsb0f2d3kywzzp","time":1609717008,"event":{"mods":["AchievementEnabler","BaseMod","Colored Map","Colored Powertips","Downfall","Hermit","Highlight Path","Marisa????????","Minty Spire (QoL Compilation)","READ ME - Guardian Mod","Rare Cards Sparkle","Replay The Spire","StSLib","SuperFastMode","The Cursed","The Necromancer","The Servant 0.9.4"],"gold_per_floor":[113,113,113,113,128,53,53,85,85,85,85,97,114,114,139,157,157,253,253,273,198,216,49,66,101,101,126,126,126,1,14,31,51,51,147,147,157,257,268,283,61,61,71,98,172,183,195,226,226,240,240,240],"floor_reached":53,"playtime":6468,"items_purged":["Strike_P","Defend_P","Strike_P","Strike_P"],"score":741,"play_id":"db70c3ee-1541-48b2-a188-269f4dff55b1","local_time":"20210103183648","is_ascension_mode":false,"campfire_choices":[{"data":"Vigilance","floor":10,"key":"SMITH"},{"floor":14,"key":"REST"},{"data":"Adaptation","floor":26,"key":"SMITH"},{"data":"Adaptation","floor":29,"key":"SMITH"},{"floor":34,"key":"DIG"},{"data":"DevaForm","floor":42,"key":"SMITH"},{"floor":49,"key":"REST"},{"floor":51,"key":"REST"}],"circlet_count":0,"master_deck":["Strike_P","Defend_P","Defend_P","Eruption+1","Vigilance+1","Evaluate+1","Crescendo+1","Scrawl+1","FlurryOfBlows+1","Adaptation+1","FearNoEvil","Replay:ManipulateFuture+1","CutThroughFate","Adaptation+1","Replay:AtTheReady+1","FearNoEvil","CutThroughFate","DevaForm+1","Crescendo+1","Establishment","Evaluate+1","Crescendo+1","Study","Omniscience+1","Sanctity+1","MentalFortress+1","FlurryOfBlows+1","InnerPeace+1","MentalFortress"],"relics":["PureWater","NeowsBlessing","Replay:Wax Seal","Toxic Egg 2","Odd Mushroom","Honey Jar","Darkstone Periapt","Red Mask","Dream Catcher","Simple Rune","ReplayTheSpireMod:DimensionalGlitch","Membership Card","Lizard Tail","ReplayTheSpireMod:Ninjato","The Courier"],"acts_visited":["Exordium","TheCity","TheBeyond"],"potions_floor_usage":[18,18,33,40,40,47,52,52,52,52],"damage_taken":[{"damage":0,"enemies":"Small Slimes","floor":1,"turns":1},{"damage":0,"enemies":"2 Louse","floor":5,"turns":1},{"damage":0,"enemies":"Gremlin Nob","floor":8,"turns":1},{"damage":0,"enemies":"Jaw Worm","floor":12,"turns":4},{"damage":4,"enemies":"Exordium Wildlife","floor":13,"turns":4},{"damage":4,"enemies":"The Mushroom Lair","floor":15,"turns":6},{"damage":0,"enemies":"2 Fungi Beasts","floor":16,"turns":3},{"damage":41,"enemies":"The Guardian","floor":18,"turns":17},{"damage":2,"enemies":"Shell Parasite","floor":20,"turns":6},{"damage":0,"enemies":"Spheric Guardian","floor":22,"turns":1},{"damage":0,"enemies":"3 Cultists","floor":24,"turns":3},{"damage":5,"enemies":"Replay:Snechameleon","floor":25,"turns":2},{"damage":0,"enemies":"Masked Bandits","floor":27,"turns":2},{"damage":0,"enemies":"Sentry and Sphere","floor":31,"turns":2},{"damage":0,"enemies":"Centurion and Healer","floor":32,"turns":2},{"damage":0,"enemies":"3 Cultists","floor":33,"turns":3},{"damage":6,"enemies":"Automaton","floor":35,"turns":5},{"damage":3,"enemies":"Orb Walker","floor":37,"turns":3},{"damage":0,"enemies":"3 Shapes","floor":39,"turns":3},{"damage":10,"enemies":"Sphere and 2 Shapes","floor":40,"turns":3},{"damage":0,"enemies":"Transient","floor":43,"turns":5},{"damage":6,"enemies":"Reptomancer","floor":44,"turns":2},{"damage":4,"enemies":"Jaw Worm Horde","floor":46,"turns":3},{"damage":0,"enemies":"3 Darklings","floor":47,"turns":2},{"damage":10,"enemies":"R_Hoarder","floor":48,"turns":5},{"damage":19,"enemies":"4 Shapes","floor":50,"turns":3},{"damage":59,"enemies":"Time Eater","floor":52,"turns":10}],"seed_played":"2761594982193419366","potions_obtained":[{"floor":5,"key":"Dexterity Potion"},{"floor":8,"key":"Guardian:BlockOnCardUsePotion"},{"floor":13,"key":"Cursed Concoction"},{"floor":20,"key":"Energy Potion"},{"floor":22,"key":"FearPotion"},{"floor":31,"key":"DistilledChaos"},{"floor":35,"key":"Fire Potion"},{"floor":40,"key":"Dexterity Potion"},{"floor":43,"key":"BlessingOfTheForge"},{"floor":48,"key":"AttackPotion"}],"is_trial":false,"path_per_floor":["M","?","PTL","PTL","M","$","?","E","?","R","T","M","M","R","?","M","R_BF","B",null,"M","?","M","$","M","E","R","?","T","R","$","M","M","M","R_BF","B",null,"M","?","M","M","$","R","M","E","T","M","M","E","R","M","R","B",null],"character_chosen":"WATCHER","items_purchased":["FearNoEvil","Membership Card"],"campfire_rested":3,"item_purchase_floors":[23,41],"current_hp_per_floor":[72,77,77,77,77,77,77,77,62,62,62,62,58,77,73,73,73,32,77,75,75,75,75,75,70,70,70,70,70,70,70,70,70,70,64,77,74,74,74,64,64,64,64,58,58,54,54,44,67,48,71,12],"gold":240,"neow_bonus":"THREE_ENEMY_KILL","is_daily":false,"chose_seed":false,"campfire_upgraded":4,"win_rate":0.0,"timestamp":1609717008,"path_taken":["M","?","PTL","PTL","M","$","?","E","?","R","T","M","M","R","?","M","R_BF","BOSS","M","?","M","$","M","E","R","?","T","R","?","M","M","M","R_BF","BOSS","M","?","M","M","$","R","M","E","T","?","?","E","R","M","R","BOSS"],"items_purchased_type":["Card","Relic"],"build_version":"2020-12-22","purchased_purges":4,"victory":true,"max_hp_per_floor":[72,77,77,77,77,77,77,77,77,77,77,77,77,77,77,77,77,77,77,77,77,77,77,77,77,77,77,77,77,77,77,77,77,77,77,77,77,77,77,77,77,77,77,77,77,77,77,77,77,77,77,77],"card_choices":[{"not_picked":["Prostrate","FollowUp","Replay:AtTheReady"],"picked":"SKIP","floor":1},{"not_picked":["ThirdEye","BowlingBash","Evaluate"],"picked":"SKIP","floor":5},{"not_picked":["BattleHymn","Judgement","Replay:BluntJabs"],"picked":"SKIP","floor":8},{"not_picked":["CrushJoints","Collect+1"],"picked":"Evaluate+1","floor":12},{"not_picked":["Fasting2","CrushJoints","Prostrate+1"],"picked":"SKIP","floor":13},{"not_picked":["CrushJoints","CarveReality"],"picked":"Crescendo+1","floor":15},{"not_picked":["JustLucky","Replay:BluntJabs","Prostrate+1"],"picked":"SKIP","floor":16},{"not_picked":["Omniscience+1","ConjureBlade+1"],"picked":"Scrawl+1","floor":18},{"not_picked":["LikeWater","SandsOfTime+1","BowlingBash"],"picked":"FlurryOfBlows+1","floor":20},{"not_picked":["FlyingSleeves","ThirdEye+1","Replay:Cycle+1"],"picked":"Adaptation","floor":22},{"not_picked":["PathToVictory+1","Halt+1","ThirdEye+1"],"picked":"Replay:ManipulateFuture+1","floor":24},{"not_picked":["Evaluate+1","Devotion","Replay:ManipulateFuture+1"],"picked":"CutThroughFate","floor":25},{"not_picked":["CutThroughFate","BowlingBash+1","EmptyBody+1"],"picked":"Adaptation","floor":27},{"not_picked":["Replay:Vibes+1","EmptyFist","Replay:Hum+1"],"picked":"Replay:AtTheReady+1","floor":31},{"not_picked":["ReachHeaven","Consecrate","Worship+1"],"picked":"FearNoEvil","floor":32},{"not_picked":["Meditate+1","SashWhip","SignatureMove"],"picked":"CutThroughFate","floor":33},{"not_picked":["Alpha+1","DeusExMachina+1","Omniscience+1"],"picked":"DevaForm","floor":35},{"not_picked":["BowlingBash+1","EmptyBody+1","CutThroughFate+1"],"picked":"Crescendo+1","floor":37},{"not_picked":["Prostrate+1","Halt+1","FlyingSleeves"],"picked":"Establishment","floor":39},{"not_picked":["Replay:Battleflow+1","Replay:BluntJabs+1","Replay:Anticipation+1"],"picked":"Evaluate+1","floor":40},{"not_picked":["Replay:AtTheReady+1","Halt+1","FlurryOfBlows+1"],"picked":"Crescendo+1","floor":43},{"not_picked":["Replay:ManipulateFuture+1","Consecrate","FollowUp"],"picked":"Study","floor":44},{"not_picked":["CutThroughFate+1","ThirdEye+1","EmptyBody+1"],"picked":"Omniscience+1","floor":46},{"not_picked":["Evaluate+1","BowlingBash+1","SashWhip"],"picked":"Sanctity+1","floor":47},{"not_picked":["Pray+1","Worship+1","JustLucky+1"],"picked":"MentalFortress+1","floor":48},{"not_picked":["TalkToTheHand","CarveReality","Vengeance+1"],"picked":"FlurryOfBlows+1","floor":49},{"not_picked":["CrushJoints","WreathOfFlame+1","EmptyMind+1"],"picked":"InnerPeace+1","floor":50},{"not_picked":["PathToVictory+1","ClearTheMind+1","Vault+1"],"picked":"MentalFortress","floor":51}],"player_experience":340733,"relics_obtained":[{"floor":8,"key":"Replay:Wax Seal"},{"floor":11,"key":"Toxic Egg 2"},{"floor":15,"key":"Odd Mushroom"},{"floor":25,"key":"Darkstone Periapt"},{"floor":27,"key":"Red Mask"},{"floor":28,"key":"Dream Catcher"},{"floor":34,"key":"Simple Rune"},{"floor":44,"key":"Lizard Tail"},{"floor":45,"key":"ReplayTheSpireMod:Ninjato"},{"floor":48,"key":"The Courier"}],"event_choices":[{"damage_healed":0,"gold_gain":0,"player_choice":"Donut","damage_taken":0,"max_hp_gain":5,"max_hp_loss":0,"event_name":"Big Fish","floor":2,"gold_loss":0},{"damage_healed":0,"gold_gain":0,"player_choice":"Entered Light","damage_taken":15,"max_hp_gain":0,"max_hp_loss":0,"event_name":"Shining Light","floor":9,"gold_loss":0,"cards_upgraded":["Defend_P","Defend_P"]},{"damage_healed":0,"gold_gain":0,"player_choice":"Fought Mushrooms","damage_taken":0,"max_hp_gain":0,"max_hp_loss":0,"event_name":"Mushrooms","floor":15,"gold_loss":0},{"cards_removed":["Defend_P"],"damage_healed":0,"gold_gain":0,"player_choice":"Gave Gold","damage_taken":0,"max_hp_gain":0,"max_hp_loss":0,"event_name":"Beggar","floor":21,"gold_loss":75},{"damage_healed":0,"gold_gain":0,"player_choice":"Fought Bandits","damage_taken":0,"max_hp_gain":0,"max_hp_loss":0,"event_name":"Masked Bandits","floor":27,"gold_loss":0},{"damage_healed":0,"gold_gain":100,"player_choice":"Pray","damage_taken":0,"max_hp_gain":0,"max_hp_loss":0,"event_name":"Golden Shrine","floor":38,"gold_loss":0}],"is_beta":false,"boss_relics":[{"not_picked":["Replay:Wanted Poster","Calling Bell"],"picked":"Honey Jar"},{"not_picked":["Snecko Eye","Kintsugi"],"picked":"ReplayTheSpireMod:DimensionalGlitch"}],"items_purged_floors":[6,23,30,41],"is_endless":false,"potions_floor_spawned":[5,8,13,15,20,22,31,35,39,40,43,48,50],"ascension_level":0}}