{"host":"5fasz840ryq7obdf","time":1609693848,"event":{"mods":["2.2 Compatiblity","AchievementEnabler","BaseMod","Bestiary","Better Altar","Better Skull","Better Third Choice","BetterRewards","Block Reminder","Colored Powertips","Curses Come First","Downfall","Minty Spire (QoL Compilation)","Quick Restart","Relic Sorter","Relic Stats","Shop Mod","Spicy Shops","StSLib","SuperFastMode","ojb\u0027s Better Paths Mod","ojb\u0027s Info Mod"],"gold_per_floor":[99,99,99,99,26,54,54,74,109,109,120,220,220,245,265,366,366,366,382,400,19,38,57,57,77,93,128,151,194,206,233,257,364,376,313,344,373,700,730,771,810,672,52,62,72,72,92,112,125,125,125,155,4,4,4],"floor_reached":56,"playtime":4383,"items_purged":["Regret","Slimebound:Strike_Slimebound","Slimebound:Defend_Slimebound","Slimebound:Defend_Slimebound"],"score":1564,"play_id":"6b502bfb-2a27-49fb-a7d7-3ff70c96dc1a","local_time":"20210103171048","is_ascension_mode":true,"campfire_choices":[{"data":"Slimebound:Split","floor":1.0,"key":"SMITH"},{"data":"Slimebound:RainOfGoop","floor":13.0,"key":"SMITH"},{"data":"Slimebound:MassFeed","floor":18.0,"key":"SMITH"},{"floor":35.0,"key":"RECALL"},{"data":"Slimebound:DuplicatedForm","floor":42.0,"key":"SMITH"},{"data":"1","floor":46.0,"key":"LIFT"},{"data":"2","floor":54.0,"key":"LIFT"}],"circlet_count":0,"master_deck":["Slimebound:Strike_Slimebound+1","Slimebound:Tackle","Slimebound:Defend_Slimebound","Slimebound:Defend_Slimebound","Slimebound:Split+1","Slimebound:CorrosiveSpit","Slimebound:SamplingLick+1","Slimebound:OneTwoCombo","Slimebound:SamplingLick","Slimebound:HauntingLick+1","Slimebound:SpikyOuterGoop","Slimebound:SplitMire","Slimebound:SplitLeeching","Slimebound:RainOfGoop+1","Slimebound:SplitBruiser","Slimebound:FirmFortitude","Slimebound:MassFeed+1","Slimebound:Repurpose","Slimebound:Prepare","Slimebound:SplitLeeching+1","Slimebound:AcidTongue+1","Slimebound:LeechingTouch","Slimebound:HauntingLick","Slimebound:LivingWall","Slimebound:Gluttony","Slimebound:Equalize","Slimebound:HauntingLick+1","Slimebound:DivideAndConquer","Slimebound:SamplingLick","Slimebound:DuplicatedForm+1","Slimebound:SlimeBarrage+1","Slimebound:DivideAndConquer","Slimebound:SlimeSpikes+1","Slimebound:SplitLeeching+1","Slimebound:SplitLeeching+1","Slimebound:SamplingLick+1","Slimebound:AcidTongue","Slimebound:DivideAndConquer+1","Slimebound:SplitMire+1","Slimebound:SplitBruiser+1","Slimebound:SplitSpecialist+1","Slimebound:ViciousTackle","Slimebound:MegaLick+1","Slimebound:SplitMire+1"],"relics":["Slimebound:AbsorbEndCombat","downfall:HeartsMalice","Slimebound:SlimedSkullRelic","Potion Belt","Girya","Blood Vial","Centennial Puzzle","expansioncontent:StudyCardRelic","Nunchaku","OrangePellets","Mercury Hourglass","MawBank","Blue Candle","Slimebound:TarBlob","downfall:HeartBlessingGreen","Smiling Mask","downfall:HeartBlessingRed","downfall:HeartBlessingBlue","Calipers","Toxic Egg 2","Akabeko","Pen Nib"],"acts_visited":["Exordium","TheCity","TheBeyond","TheEnding"],"potions_floor_usage":[55,55,55],"damage_taken":[{"damage":0.0,"enemies":"Jaw Worm","floor":2.0,"turns":1.0},{"damage":0.0,"enemies":"Cultist","floor":4.0,"turns":1.0},{"damage":0.0,"enemies":"downfall:FleeingMerchant","floor":5.0,"turns":1.0},{"damage":26.0,"enemies":"Lagavulin","floor":6.0,"turns":5.0},{"damage":8.0,"enemies":"Small Slimes","floor":8.0,"turns":2.0},{"damage":17.0,"enemies":"3 Sentries","floor":9.0,"turns":6.0},{"damage":16.0,"enemies":"2 Fungi Beasts","floor":11.0,"turns":2.0},{"damage":12.0,"enemies":"Gremlin Nob","floor":14.0,"turns":2.0},{"damage":24.0,"enemies":"Exordium Wildlife","floor":15.0,"turns":2.0},{"damage":28.0,"enemies":"downfall:Ironclad","floor":16.0,"turns":5.0},{"damage":34.0,"enemies":"Spheric Guardian","floor":19.0,"turns":4.0},{"damage":54.0,"enemies":"Shell Parasite","floor":20.0,"turns":6.0},{"damage":14.0,"enemies":"downfall:FleeingMerchant","floor":21.0,"turns":4.0},{"damage":12.0,"enemies":"Cultist and Chosen","floor":22.0,"turns":2.0},{"damage":28.0,"enemies":"Snake Plant","floor":23.0,"turns":3.0},{"damage":33.0,"enemies":"Centurion and Healer","floor":25.0,"turns":3.0},{"damage":28.0,"enemies":"Shelled Parasite and Fungi","floor":26.0,"turns":3.0},{"damage":18.0,"enemies":"Slavers","floor":27.0,"turns":5.0},{"damage":44.0,"enemies":"Cultist and Chosen","floor":28.0,"turns":7.0},{"damage":16.0,"enemies":"Gremlin Leader","floor":29.0,"turns":4.0},{"damage":26.0,"enemies":"Snake Plant","floor":31.0,"turns":3.0},{"damage":4.0,"enemies":"3 Cultists","floor":32.0,"turns":3.0},{"damage":24.0,"enemies":"downfall:Silent","floor":33.0,"turns":4.0},{"damage":45.0,"enemies":"3 Darklings","floor":36.0,"turns":5.0},{"damage":16.0,"enemies":"Orb Walker","floor":37.0,"turns":3.0},{"damage":43.0,"enemies":"downfall:FleeingMerchant","floor":38.0,"turns":4.0},{"damage":13.0,"enemies":"Maw","floor":39.0,"turns":6.0},{"damage":53.0,"enemies":"Giant Head","floor":40.0,"turns":7.0},{"damage":45.0,"enemies":"4 Shapes","floor":44.0,"turns":6.0},{"damage":24.0,"enemies":"3 Darklings","floor":45.0,"turns":3.0},{"damage":12.0,"enemies":"Transient","floor":47.0,"turns":5.0},{"damage":18.0,"enemies":"4 Shapes","floor":48.0,"turns":3.0},{"damage":54.0,"enemies":"Sphere and 2 Shapes","floor":49.0,"turns":4.0},{"damage":53.0,"enemies":"downfall:Defect","floor":50.0,"turns":4.0},{"damage":69.0,"enemies":"downfall:CharBossMerchant","floor":52.0,"turns":6.0},{"damage":70,"enemies":"downfall:NeowBoss","floor":55,"turns":19}],"seed_played":"3997877191810594681","potions_obtained":[{"floor":6.0,"key":"Weak Potion"},{"floor":8.0,"key":"Weak Potion"},{"floor":9.0,"key":"Fire Potion"},{"floor":15.0,"key":"Swift Potion"},{"floor":20.0,"key":"Explosive Potion"},{"floor":22.0,"key":"Energy Potion"},{"floor":28.0,"key":"Explosive Potion"},{"floor":29.0,"key":"Block Potion"},{"floor":30.0,"key":"CultistPotion"},{"floor":31.0,"key":"champ:CounterPotion"},{"floor":36.0,"key":"EssenceOfSteel"},{"floor":40.0,"key":"Strength Potion"},{"floor":52.0,"key":"Slimebound:SlimedPotion"}],"is_trial":false,"path_per_floor":["R","M","?","M","$","E","T","M","E","?","M","?","R","E","M","B",null,"R","M","M","$","M","M","T","M","M","E","M","E","?","M","M","B",null,"R","M","M","$","M","E","T","R","$","M","M","R","M","M","M","B",null,"E","$","R","B",null],"character_chosen":"SLIMEBOUND","items_purchased":["Slimebound:SlimedSkullRelic","Nunchaku","OrangePellets","Calipers","Toxic Egg 2","Slimebound:SplitLeeching+1","Slimebound:SamplingLick+1","Slimebound:AcidTongue","Pen Nib","Slimebound:SplitMire+1"],"campfire_rested":0,"item_purchase_floors":[5,21,21,43,43,43,43,43,53,53],"current_hp_per_floor":[60,60,60,60,60,48,48,52,57,57,60,60,60,60,56,60,60,60,43,21,43,61,55,55,50,50,56,46,66,66,60,78,80,80,80,78,80,76,80,78,78,88,88,90,90,90,90,94,81,92,94,94,94,94,89],"gold":4,"neow_bonus":"THREE_ENEMY_KILL","is_daily":false,"chose_seed":false,"campfire_upgraded":4,"win_rate":0.0,"timestamp":1609693848,"path_taken":["R","M","?","M","$","E","T","?","E","?","M","?","R","E","M","BOSS","R","M","M","$","M","M","T","M","M","E","M","E","?","M","M","BOSS","R","M","?","?","M","E","T","R","$","M","M","R","M","M","M","BOSS","E","$","R","BOSS"],"items_purchased_type":["Relic","Relic","Relic","Relic","Relic","Card","Card","Card","Relic","Card"],"build_version":"2020-12-22","purchased_purges":4,"victory":true,"max_hp_per_floor":[60,60,60,60,60,60,60,60,60,60,60,60,60,60,60,60,60,60,64,68,68,72,72,72,72,72,72,76,76,76,76,80,80,80,80,80,80,80,80,80,80,90,90,90,90,90,90,94,94,94,94,94,94,94,94],"relic_stats":{"Blood Vial":36,"OrangePellets":[55],"Centennial Puzzle":[84],"Nunchaku":[18],"counters":[36,145],"Blue Candle":[6],"Pen Nib":[3],"MawBank":192,"Smiling Mask":225,"obtain_stats":[{"Potion Belt":6,"Girya":7,"Calipers":43,"downfall:HeartBlessingRed":42,"Blue Candle":29,"downfall:HeartsMalice":0,"downfall:HeartBlessingGreen":35,"Pen Nib":53,"expansioncontent:StudyCardRelic":17,"MawBank":27,"Smiling Mask":40,"Akabeko":52,"Mercury Hourglass":24,"Slimebound:TarBlob":34,"Blood Vial":9,"OrangePellets":21,"Centennial Puzzle":14,"Nunchaku":21,"downfall:HeartBlessingBlue":42,"Slimebound:AbsorbEndCombat":0,"Toxic Egg 2":43,"Slimebound:SlimedSkullRelic":5},{"Potion Belt":4,"Girya":4,"Calipers":28,"downfall:HeartBlessingRed":28,"Blue Candle":20,"downfall:HeartsMalice":0,"downfall:HeartBlessingGreen":23,"Pen Nib":35,"expansioncontent:StudyCardRelic":10,"MawBank":18,"Smiling Mask":28,"Akabeko":35,"Mercury Hourglass":15,"Slimebound:TarBlob":23,"Blood Vial":6,"OrangePellets":13,"Centennial Puzzle":8,"Nunchaku":13,"downfall:HeartBlessingBlue":28,"Slimebound:AbsorbEndCombat":0,"Toxic Egg 2":28,"Slimebound:SlimedSkullRelic":3},{"Potion Belt":5,"Girya":5,"Calipers":96,"downfall:HeartBlessingRed":96,"Blue Candle":62,"downfall:HeartsMalice":0,"downfall:HeartBlessingGreen":72,"Pen Nib":126,"expansioncontent:StudyCardRelic":23,"MawBank":51,"Smiling Mask":96,"Akabeko":126,"Mercury Hourglass":41,"Slimebound:TarBlob":72,"Blood Vial":12,"OrangePellets":37,"Centennial Puzzle":16,"Nunchaku":37,"downfall:HeartBlessingBlue":96,"Slimebound:AbsorbEndCombat":0,"Toxic Egg 2":96,"Slimebound:SlimedSkullRelic":0}],"Mercury Hourglass":[392]},"card_choices":[{"not_picked":["Slimebound:RejuvenatingLick","Slimebound:Grow"],"picked":"Slimebound:SamplingLick","floor":2.0},{"not_picked":["Slimebound:SlimeBrawl","Slimebound:FinishingTackle"],"picked":"Slimebound:SamplingLick","floor":4.0},{"not_picked":["Slimebound:LevelUp","Slimebound:SplitBruiser"],"picked":"Slimebound:HauntingLick","floor":5.0},{"not_picked":["Slimebound:LeechEnergy","Slimebound:DivideAndConquer"],"picked":"Slimebound:SpikyOuterGoop","floor":6.0},{"not_picked":["Slimebound:ForwardTackle","Slimebound:Schlurp"],"picked":"Slimebound:SplitMire","floor":8.0},{"not_picked":["Slimebound:GoopSpray","Slimebound:ForwardTackle"],"picked":"Slimebound:SplitLeeching","floor":9.0},{"not_picked":["Slimebound:GoopSpray","Slimebound:SamplingLick"],"picked":"Slimebound:RainOfGoop","floor":11.0},{"not_picked":["Slimebound:SamplingLick","Slimebound:FirmFortitude"],"picked":"Slimebound:SplitBruiser","floor":14.0},{"not_picked":["Slimebound:Chomp","Slimebound:FinishingTackle"],"picked":"Slimebound:FirmFortitude","floor":15.0},{"not_picked":["Slimebound:Teamwork","Slimebound:OozeBath"],"picked":"Slimebound:MassFeed","floor":16.0},{"not_picked":["Slimebound:GrowthPunch","Slimebound:ComboTackle"],"picked":"Slimebound:Repurpose","floor":19.0},{"not_picked":["Slimebound:RollThrough","Slimebound:SlimeSpikes"],"picked":"Slimebound:Prepare","floor":20.0},{"not_picked":["Slimebound:LeechingTouch","Slimebound:RainOfGoop"],"picked":"Slimebound:SplitLeeching+1","floor":21.0},{"not_picked":["Slimebound:ComboTackle","Slimebound:Prepare"],"picked":"Slimebound:AcidTongue+1","floor":22.0},{"not_picked":["Slimebound:FinishingTackle","Slimebound:RainOfGoop"],"picked":"Slimebound:LeechingTouch","floor":23.0},{"not_picked":["Slimebound:RejuvenatingLick","Slimebound:Dissolve+1"],"picked":"Slimebound:HauntingLick","floor":25.0},{"not_picked":["Slimebound:DisruptingSlam","Slimebound:Grow"],"picked":"Slimebound:LivingWall","floor":26.0},{"not_picked":["Slimebound:SplitMire","Slimebound:SplitAcid"],"picked":"Slimebound:Gluttony","floor":27.0},{"not_picked":["Slimebound:Schlurp","Slimebound:PrepareCrush"],"picked":"Slimebound:Equalize","floor":28.0},{"not_picked":["Slimebound:ServeAndProtect","Slimebound:PressTheAttack"],"picked":"Slimebound:HauntingLick+1","floor":29.0},{"not_picked":["Slimebound:SlimeBrawl","Slimebound:FormOfPuddle"],"picked":"Slimebound:DivideAndConquer","floor":31.0},{"not_picked":["Slimebound:ViciousTackle","Slimebound:FlameTackle"],"picked":"Slimebound:SamplingLick","floor":32.0},{"not_picked":["Slimebound:Overexert","Slimebound:OneTwoCombo"],"picked":"Slimebound:DuplicatedForm","floor":33.0},{"not_picked":["Slimebound:FinishingTackle+1","Slimebound:ItLooksTasty"],"picked":"Slimebound:SlimeBarrage+1","floor":36.0},{"not_picked":["Slimebound:ViciousTackle","Slimebound:Chomp"],"picked":"Slimebound:DivideAndConquer","floor":37.0},{"not_picked":["Slimebound:SplitLeeching","Slimebound:ItLooksTasty+1"],"picked":"Slimebound:SlimeSpikes+1","floor":39.0},{"not_picked":["Slimebound:DisruptingSlam","Slimebound:ForwardTackle+1"],"picked":"Slimebound:SplitLeeching+1","floor":40.0},{"not_picked":["Slimebound:ProtectTheBoss+1","Slimebound:BestDefense+1"],"picked":"Slimebound:DivideAndConquer+1","floor":44.0},{"not_picked":["Slimebound:FinishingTackle+1","Slimebound:FlameTackle+1"],"picked":"Slimebound:SplitMire+1","floor":45.0},{"not_picked":["Slimebound:RollThrough","Slimebound:Nibble"],"picked":"Slimebound:SplitBruiser+1","floor":47.0},{"not_picked":["Slimebound:SlimeSpikes+1","Slimebound:Nibble"],"picked":"Slimebound:SplitSpecialist+1","floor":48.0},{"not_picked":["Slimebound:FirmFortitude","Slimebound:FlameTackle"],"picked":"Slimebound:ViciousTackle","floor":49.0},{"not_picked":["Slimebound:LivingWall+1","Slimebound:SplitAcid+1"],"picked":"Slimebound:MegaLick+1","floor":52.0}],"player_experience":1437582,"relics_obtained":[{"floor":6.0,"key":"Potion Belt"},{"floor":7.0,"key":"Girya"},{"floor":9.0,"key":"Blood Vial"},{"floor":14.0,"key":"Centennial Puzzle"},{"floor":24.0,"key":"Mercury Hourglass"},{"floor":27.0,"key":"MawBank"},{"floor":29.0,"key":"Blue Candle"},{"floor":40.0,"key":"Smiling Mask"},{"floor":52.0,"key":"Akabeko"}],"event_choices":[{"damage_healed":0.0,"max_hp_gain":0.0,"max_hp_loss":0.0,"gold_gain":0.0,"cards_transformed":["Slimebound:Strike_Slimebound"],"event_name":"Transmorgrifier","player_choice":"Transformed","floor":3.0,"gold_loss":0.0,"damage_taken":0.0,"cards_obtained":["Slimebound:OneTwoCombo"]},{"damage_healed":0.0,"max_hp_gain":0.0,"max_hp_loss":0.0,"gold_gain":0.0,"event_name":"Lab","player_choice":"Got Potions","floor":30.0,"gold_loss":0.0,"damage_taken":0.0}],"is_beta":false,"boss_relics":[{"not_picked":["SacredBark","Velvet Choker"],"picked":"expansioncontent:StudyCardRelic"},{"not_picked":["Empty Cage","Runic Dome"],"picked":"Slimebound:TarBlob"}],"items_purged_floors":[21,43,43,53],"is_endless":false,"potions_floor_spawned":[6,8,9,15,20,22,28,29,31,32,33,36,39,40,44,47,48,52],"ascension_level":4}}