{"host":"9tzam4717zt8ei1o","time":1609706563,"event":{"mods":["BaseMod","Colored Map","Keyboard Shortcuts","Minty Spire (QoL Compilation)","Quick Restart","StSLib","SuperFastMode"],"gold_per_floor":[362,380,530,605,617,617,632,632,632,16,30,30,30,30,30,30,30],"floor_reached":16,"playtime":253,"items_purged":["Doubt"],"score":180,"play_id":"effd1ce0-77a3-46b7-8079-a14294b5a006","local_time":"20210104054243","is_ascension_mode":true,"campfire_choices":[{"data":"Neutralize","floor":6,"key":"SMITH"},{"floor":8,"key":"REST"},{"data":"Terror","floor":13,"key":"SMITH"},{"data":"Flechettes","floor":15,"key":"SMITH"}],"circlet_count":0,"master_deck":["AscendersBane","Strike_G","Strike_G","Strike_G","Strike_G","Strike_G","Defend_G","Defend_G","Defend_G","Defend_G","Defend_G","Survivor","Neutralize+1","Flying Knee","Masterful Stab+1","Terror+1","Leg Sweep","Accuracy","Flechettes+1"],"relics":["Ring of the Snake","Regal Pillow","Paper Crane","Bag of Marbles"],"acts_visited":["Exordium"],"potions_floor_usage":[7],"damage_taken":[{"damage":1,"enemies":"Small Slimes","floor":1,"turns":4},{"damage":2,"enemies":"Jaw Worm","floor":2,"turns":5},{"damage":0,"enemies":"2 Louse","floor":5,"turns":5},{"damage":26,"enemies":"Exordium Wildlife","floor":7,"turns":8},{"damage":16,"enemies":"Lots of Slimes","floor":11,"turns":6},{"damage":21,"enemies":"Slime Boss","floor":16,"turns":6}],"seed_played":"5975132309413013336","potions_obtained":[{"floor":1,"key":"Energy Potion"}],"is_trial":false,"path_per_floor":["M","M","?","?","M","R","M","R","T","$","M","$","R","?","R","B"],"character_chosen":"THE_SILENT","items_purchased":["Paper Crane","Bag of Marbles","Leg Sweep","Accuracy"],"campfire_rested":1,"item_purchase_floors":[10,10,10,10],"current_hp_per_floor":[43,41,41,30,30,30,4,23,23,23,7,7,7,7,7,0,0],"gold":30,"neow_bonus":"TWO_FIFTY_GOLD","is_daily":false,"chose_seed":false,"campfire_upgraded":3,"win_rate":0.0,"timestamp":1609706563,"path_taken":["M","M","?","?","M","R","M","R","T","$","M","$","R","?","R","BOSS"],"items_purchased_type":["Relic","Relic","Card","Card"],"build_version":"2020-12-22","purchased_purges":1,"victory":false,"max_hp_per_floor":[66,66,66,66,66,66,66,66,66,66,66,66,66,66,66,66,66],"card_choices":[{"not_picked":["Infinite Blades","Sucker Punch","Deflect"],"picked":"SKIP","floor":1},{"not_picked":["Heel Hook","Finisher"],"picked":"Flying Knee","floor":2},{"not_picked":["Footwork","Dodge and Roll"],"picked":"Masterful Stab","floor":5},{"not_picked":["Underhanded Strike","Grand Finale"],"picked":"Terror","floor":7},{"not_picked":["Prepared","Quick Slash"],"picked":"Flechettes","floor":11}],"player_experience":151628,"relics_obtained":[{"floor":9,"key":"Regal Pillow"}],"event_choices":[{"damage_healed":0,"gold_gain":150,"player_choice":"AGREE","damage_taken":0,"max_hp_gain":0,"max_hp_loss":0,"event_name":"Liars Game","floor":3,"gold_loss":0,"cards_obtained":["Doubt"]},{"damage_healed":0,"gold_gain":75,"player_choice":"Gather Gold","damage_taken":11,"max_hp_gain":0,"max_hp_loss":0,"event_name":"World of Goop","floor":4,"gold_loss":0},{"damage_healed":0,"gold_gain":0,"player_choice":"Grow","damage_taken":0,"max_hp_gain":0,"max_hp_loss":0,"event_name":"Living Wall","floor":14,"gold_loss":0,"cards_upgraded":["Masterful Stab"]}],"is_beta":false,"boss_relics":[],"items_purged_floors":[10],"is_endless":false,"potions_floor_spawned":[1],"killed_by":"Slime Boss","ascension_level":20}}