{"host":"na09lpbrez4gbfiz","time":1609638096,"event":{"mods":["Act Like it!","BaseMod","BetterRewards","Colored Map","Colored Powertips","DeckTracker","Googly Eyes","Highlight Path","Minty Spire (QoL Compilation)","Quick Restart","Spicy Shops","StSLib","SuperFastMode","Synergy Search"],"gold_per_floor":[117,117,130,1,176,210,229,257,339,367,379,391,403,432,444,456,456],"floor_reached":16,"playtime":392,"items_purged":[],"score":216,"play_id":"2acd0143-c33e-4fa8-beb0-35d6fad61237","local_time":"20210103024136","is_ascension_mode":true,"campfire_choices":[{"data":"True Grit","floor":11,"key":"SMITH"},{"floor":15,"key":"REST"}],"circlet_count":0,"master_deck":["AscendersBane","Strike_R","Strike_R","Strike_R","Strike_R","Strike_R","Defend_R","Defend_R","Defend_R","Defend_R","Bash","Rage","Double Tap","Shrug It Off","True Grit+1","Disarm"],"relics":["Burning Blood","NeowsBlessing","Ice Cream","Lizard Tail","MawBank","Sundial","InkBottle"],"acts_visited":["Exordium"],"potions_floor_usage":[8,16],"damage_taken":[{"damage":0,"enemies":"Jaw Worm","floor":1,"turns":1},{"damage":0,"enemies":"2 Louse","floor":3,"turns":1},{"damage":0,"enemies":"Lagavulin","floor":6,"turns":1},{"damage":0,"enemies":"Cultist","floor":7,"turns":3},{"damage":99,"enemies":"Gremlin Nob","floor":8,"turns":8},{"damage":32,"enemies":"Exordium Thugs","floor":10,"turns":6},{"damage":0,"enemies":"Looter","floor":14,"turns":4},{"damage":41,"enemies":"Hexaghost","floor":16,"turns":15}],"seed_played":"1519823880086518218","potions_obtained":[{"floor":8,"key":"DuplicationPotion"}],"is_trial":false,"path_per_floor":["M","$","M","$","?","E","M","E","T","M","R","?","?","M","R","B"],"character_chosen":"IRONCLAD","items_purchased":["Ice Cream","PowerPotion"],"campfire_rested":1,"item_purchase_floors":[4,4],"current_hp_per_floor":[78,78,80,80,80,80,80,40,40,14,14,7,7,13,37,0,0],"gold":456,"neow_bonus":"THREE_ENEMY_KILL","is_daily":false,"chose_seed":false,"campfire_upgraded":1,"win_rate":0.0,"timestamp":1609638096,"path_taken":["M","$","M","$","?","E","M","E","T","M","R","?","?","M","R","BOSS"],"items_purchased_type":["Relic","Potion"],"build_version":"2020-12-22","purchased_purges":0,"victory":false,"max_hp_per_floor":[80,80,80,80,80,80,80,80,80,80,80,80,80,80,80,80,80],"card_choices":[{"not_picked":["Sword Boomerang","Dropkick"],"picked":"Rage","floor":1},{"not_picked":["Perfected Strike","Clothesline","Iron Wave"],"picked":"SKIP","floor":3},{"not_picked":["Wild Strike","Headbutt"],"picked":"Double Tap","floor":6},{"not_picked":["Intimidate","Flex"],"picked":"Shrug It Off","floor":7},{"not_picked":["Flex","Heavy Blade"],"picked":"True Grit","floor":8},{"not_picked":["Anger","Heavy Blade","Sword Boomerang"],"picked":"SKIP","floor":10},{"not_picked":["Berserk","Infernal Blade"],"picked":"Disarm","floor":14}],"player_experience":263135,"relics_obtained":[{"floor":6,"key":"Lizard Tail"},{"floor":8,"key":"MawBank"},{"floor":9,"key":"Sundial"}],"event_choices":[{"damage_healed":0,"gold_gain":175,"player_choice":"AGREE","damage_taken":0,"max_hp_gain":0,"max_hp_loss":0,"event_name":"Liars Game","floor":5,"gold_loss":0,"cards_obtained":["Doubt"]},{"damage_healed":0,"gold_gain":0,"player_choice":"Success","damage_taken":7,"relics_obtained":["InkBottle"],"max_hp_gain":0,"max_hp_loss":0,"event_name":"Scrap Ooze","floor":12,"gold_loss":0},{"cards_removed":["Doubt"],"damage_healed":0,"gold_gain":0,"player_choice":"Removed Curses","damage_taken":0,"max_hp_gain":0,"max_hp_loss":0,"event_name":"Fountain of Cleansing","floor":13,"gold_loss":0}],"is_beta":false,"boss_relics":[],"items_purged_floors":[],"is_endless":false,"potions_floor_spawned":[6,7,8],"killed_by":"Hexaghost","ascension_level":12}}