{"host":"8lvnnmfamkc2d31d","time":1609639975,"event":{"mods":["2.2 Compatiblity","Act Like it!","BaseMod","Colored Map","Minty Spire (QoL Compilation)","Relic Stats","StSLib","The Dragon Tamer"],"gold_per_floor":[113,188,188,204,223,251,265,440,465,465,506,506,506,543,543,657,657,676,700,700,34,62,101,101,139,139,148,192,11,11,39,39,39,39,39],"floor_reached":33,"playtime":2314,"items_purged":["DTMod:Strike"],"score":442,"play_id":"9f715afe-23e0-46c0-9a22-7fcd03a2270a","local_time":"20210102201255","is_ascension_mode":true,"metric_token":531,"campfire_choices":[{"data":"DTMod:SwitchingTactic","floor":10,"key":"SMITH"},{"data":"DTMod:Training","floor":12,"key":"SMITH"},{"data":"DTMod:BurningEnergy","floor":15,"key":"SMITH"},{"data":"DTMod:ForkedFire","floor":24,"key":"SMITH"},{"data":"DTMod:DragonDance","floor":30,"key":"SMITH"},{"data":"DTMod:Outburst","floor":32,"key":"SMITH"}],"dtmod_dragon_data":[0,50,2,-1,4,0],"circlet_count":0,"master_deck":["DTMod:Strike","DTMod:Strike","DTMod:DoubleHit","DTMod:TargetDefense","DTMod:TargetDefense","DTMod:TargetDefense","DTMod:TargetDefense","DTMod:SwitchingTactic+1","DTMod:Training+1","DTMod:ForkedFire+1","DTMod:Overwhelm","DTMod:BurningEnergy+1","DTMod:Hide","Doubt","DTMod:BlazingStrike","DTMod:Feint","DTMod:Outburst+1","DTMod:BurningEnergy+1","DTMod:QuickFly+1","DTMod:QuickFly+1","DTMod:FlameSlash","DTMod:FlameSlash+1","DTMod:OpeningTactic","J.A.X.","DTMod:Training+1","DTMod:DragonDance+1","DTMod:BlazingStrike"],"relics":["DTMod:PactStone","NeowsBlessing","Blood Vial","CeramicFish","Orichalcum","Bottled Lightning","Sozu","PreservedInsect","Mango","DollysMirror","Toy Ornithopter","Pen Nib","Meat on the Bone","Gambling Chip","Membership Card"],"acts_visited":["Exordium","TheCity"],"potions_floor_usage":[6,6,14,14,16],"damage_taken":[{"damage":0,"enemies":"2 Louse","floor":1,"turns":1},{"damage":0,"enemies":"Jaw Worm","floor":4,"turns":1},{"damage":0,"enemies":"Cultist","floor":5,"turns":1},{"damage":22,"enemies":"Gremlin Nob","floor":6,"turns":4},{"damage":0,"enemies":"Exordium Wildlife","floor":7,"turns":3},{"damage":0,"enemies":"3 Sentries","floor":11,"turns":7},{"damage":9,"enemies":"Gremlin Nob","floor":14,"turns":5},{"damage":0,"enemies":"Hexaghost","floor":16,"turns":12},{"damage":12,"enemies":"Spheric Guardian","floor":18,"turns":5},{"damage":20,"enemies":"Shell Parasite","floor":19,"turns":6},{"damage":3,"enemies":"3 Cultists","floor":22,"turns":4},{"damage":14,"enemies":"Book of Stabbing","floor":23,"turns":5},{"damage":0,"enemies":"Gremlin Leader","floor":25,"turns":3},{"damage":7,"enemies":"Slavers","floor":28,"turns":3},{"damage":0,"enemies":"Snake Plant","floor":31,"turns":2},{"damage":45,"enemies":"Automaton","floor":33,"turns":8}],"seed_played":"-8493789897340310929","potions_obtained":[{"floor":4,"key":"Strength Potion"},{"floor":5,"key":"LiquidMemories"},{"floor":7,"key":"SpeedPotion"},{"floor":13,"key":"GamblersBrew"},{"floor":13,"key":"CultistPotion"}],"is_trial":false,"path_per_floor":["M","?","?","M","M","E","M","?","T","R","E","R","?","E","R","B",null,"M","M","?","$","M","E","R","E","T","?","E","$","R","M","R","B"],"character_chosen":"THE_DT","items_purchased":["PreservedInsect","Mango","DollysMirror","Membership Card","DTMod:DragonDance"],"campfire_rested":0,"item_purchase_floors":[21,21,21,29,29],"current_hp_per_floor":[45,34,34,34,34,12,14,14,14,14,16,16,16,9,9,11,45,33,15,15,29,28,16,16,18,18,18,25,25,25,39,39,0,0,0],"gold":39,"neow_bonus":"THREE_ENEMY_KILL","is_daily":false,"chose_seed":false,"campfire_upgraded":6,"win_rate":0.0,"timestamp":1609639975,"path_taken":["M","?","?","M","M","E","?","?","T","R","E","R","?","E","R","BOSS","M","?","?","$","M","E","R","E","T","?","E","$","R","M","R","BOSS"],"items_purchased_type":["Relic","Relic","Relic","Relic","Card"],"build_version":"2020-12-22","purchased_purges":1,"victory":false,"max_hp_per_floor":[45,45,45,45,45,45,45,45,45,45,45,45,45,45,45,45,45,45,45,45,59,59,59,59,59,59,59,59,59,59,59,59,59,59,59],"relic_stats":{"Blood Vial":22,"Sozu":2,"counters":[16,70],"CeramicFish":117,"Gambling Chip":[1],"PreservedInsect":126,"Pen Nib":[2],"Orichalcum":[180],"obtain_stats":[{"NeowsBlessing":0,"CeramicFish":9,"Mango":21,"PreservedInsect":21,"Pen Nib":25,"Orichalcum":11,"Blood Vial":6,"Sozu":17,"DTMod:PactStone":0,"DollysMirror":21,"Gambling Chip":28,"Bottled Lightning":14,"Membership Card":29,"Toy Ornithopter":23,"Meat on the Bone":26},{"NeowsBlessing":0,"CeramicFish":5,"Mango":10,"PreservedInsect":10,"Pen Nib":13,"Orichalcum":6,"Blood Vial":4,"Sozu":8,"DTMod:PactStone":0,"DollysMirror":10,"Gambling Chip":14,"Bottled Lightning":7,"Membership Card":14,"Toy Ornithopter":12,"Meat on the Bone":13},{"NeowsBlessing":0,"CeramicFish":10,"Mango":45,"PreservedInsect":45,"Pen Nib":57,"Orichalcum":17,"Blood Vial":7,"Sozu":34,"DTMod:PactStone":0,"DollysMirror":45,"Gambling Chip":60,"Bottled Lightning":22,"Membership Card":60,"Toy Ornithopter":54,"Meat on the Bone":57}],"Toy Ornithopter":0,"Meat on the Bone":24},"card_choices":[{"not_picked":["DTMod:Punisher","DTMod:MagiciansMark"],"picked":"DTMod:Training","floor":1},{"not_picked":["DTMod:Shift","DTMod:LowKick"],"picked":"DTMod:ForkedFire","floor":4},{"not_picked":["DTMod:Adaptation","DTMod:MasterPlan"],"picked":"DTMod:Overwhelm","floor":5},{"not_picked":["DTMod:TauntingStrike","DTMod:CleansingStrike"],"picked":"DTMod:BurningEnergy","floor":6},{"not_picked":["DTMod:MagicField","DTMod:MasterPlan"],"picked":"DTMod:Hide","floor":7},{"not_picked":["DTMod:MaximumCharge","DTMod:LastStand"],"picked":"DTMod:BlazingStrike","floor":11},{"not_picked":["DTMod:CrossStep","DTMod:LightShield"],"picked":"DTMod:Feint","floor":14},{"not_picked":["DTMod:Multitask","DTMod:EchoTactic"],"picked":"DTMod:Outburst","floor":16},{"not_picked":["DTMod:Threaten","DTMod:ShieldDrain"],"picked":"DTMod:BurningEnergy+1","floor":18},{"not_picked":["DTMod:Training","DTMod:Cover"],"picked":"DTMod:QuickFly+1","floor":19},{"not_picked":["DTMod:Shift","DTMod:BreakAttack"],"picked":"DTMod:FlameSlash","floor":22},{"not_picked":["DTMod:Coolant","DTMod:Cover"],"picked":"DTMod:FlameSlash+1","floor":23},{"not_picked":["DTMod:LastStand+1","DTMod:DeepFocus"],"picked":"DTMod:OpeningTactic","floor":25},{"not_picked":["DTMod:MasterPlan","DTMod:MaximumCharge+1"],"picked":"DTMod:Training+1","floor":28},{"not_picked":["DTMod:BreakAttack+1","DTMod:Cover"],"picked":"DTMod:BlazingStrike","floor":31}],"player_experience":446154,"relics_obtained":[{"floor":6,"key":"Blood Vial"},{"floor":9,"key":"CeramicFish"},{"floor":11,"key":"Orichalcum"},{"floor":14,"key":"Bottled Lightning"},{"floor":23,"key":"Toy Ornithopter"},{"floor":25,"key":"Pen Nib"},{"floor":26,"key":"Meat on the Bone"},{"floor":28,"key":"Gambling Chip"}],"event_choices":[{"damage_healed":0,"gold_gain":75,"player_choice":"Gather Gold","damage_taken":11,"max_hp_gain":0,"max_hp_loss":0,"event_name":"World of Goop","floor":2,"gold_loss":0},{"cards_removed":["DTMod:Strike"],"damage_healed":0,"gold_gain":0,"player_choice":"Purged","damage_taken":0,"max_hp_gain":0,"max_hp_loss":0,"event_name":"Purifier","floor":3,"gold_loss":0},{"damage_healed":0,"gold_gain":175,"player_choice":"AGREE","damage_taken":0,"max_hp_gain":0,"max_hp_loss":0,"event_name":"Liars Game","floor":8,"gold_loss":0,"cards_obtained":["Doubt"]},{"damage_healed":0,"gold_gain":0,"player_choice":"Got Potions","damage_taken":0,"max_hp_gain":0,"max_hp_loss":0,"event_name":"Lab","floor":13,"gold_loss":0},{"damage_healed":0,"gold_gain":0,"player_choice":"Ignored","damage_taken":0,"max_hp_gain":0,"max_hp_loss":0,"event_name":"Ghosts","floor":20,"gold_loss":0},{"damage_healed":0,"gold_gain":0,"player_choice":"Obtain J.A.X.","damage_taken":0,"max_hp_gain":0,"max_hp_loss":0,"event_name":"Drug Dealer","floor":27,"gold_loss":0,"cards_obtained":["J.A.X."]}],"is_beta":false,"boss_relics":[{"not_picked":["Snecko Eye","Runic Pyramid"],"picked":"Sozu"}],"items_purged_floors":[21],"is_endless":false,"potions_floor_spawned":[4,5,7,18,31],"killed_by":"Automaton","ascension_level":1}}