{"host":"67d7yvf7wgk1klfn","time":1609656016,"event":{"mods":["BaseMod","Colored Powertips","Filter the Spire","Minty Spire (QoL Compilation)","Relic Stats","Slay the Relics Exporter","StSLib","ojb\u0027s Better Paths Mod","ojb\u0027s Info Mod"],"gold_per_floor":[112,127,139,139,104,104,116,143,194,206,206,231,245,245,245,343,343,357,378,328,344,367,367,401,401,428,442,465,590,615,651,651,747,747,771,792,810,826,839,839,875,894,920,65,0,0,35,55,55,55,55,55,55,2,42,42,42],"floor_reached":56,"playtime":5441,"items_purged":["Decay"],"score":2155,"play_id":"c40d8ade-eaa0-4f86-a65c-16ee94b86df0","local_time":"20210103014016","is_ascension_mode":true,"campfire_choices":[{"data":"Blade Dance","floor":6.0,"key":"SMITH"},{"data":"Noxious Fumes","floor":15.0,"key":"SMITH"},{"data":"Bullet Time","floor":23.0,"key":"SMITH"},{"floor":25.0,"key":"REST"},{"floor":32.0,"key":"REST"},{"floor":40,"key":"REST"},{"floor":46,"key":"RECALL"},{"data":"Well Laid Plans","floor":49,"key":"SMITH"},{"data":"After Image","floor":53,"key":"SMITH"}],"circlet_count":0,"master_deck":["AscendersBane","Survivor","Neutralize","Well Laid Plans+1","After Image+1","Riddle With Holes","Quick Slash+1","Bullet Time+1","Distraction","Caltrops","Unload","Envenom","Blade Dance+1","Noxious Fumes+1","Leg Sweep","Dash","Escape Plan","Die Die Die+1","Backflip","Backflip","PiercingWail+1","After Image","Blade Dance+1","Backflip+1","Blade Dance+1","Finisher+1","Concentrate+1","Burst","Calculated Gamble","Leg Sweep+1","Acrobatics","Backflip+1","Adrenaline","PiercingWail","Accuracy","Terror","Acrobatics","Night Terror","Swift Strike","Night Terror"],"relics":["Pandora\u0027s Box","Blue Candle","PreservedInsect","Bag of Preparation","Golden Idol","WristBlade","StrikeDummy","Bag of Marbles","Torii","Gremlin Horn","Orichalcum","Cursed Key","Happy Flower","Orrery","Snake Skull","Nunchaku","Red Mask","Ancient Tea Set","Whetstone"],"acts_visited":["Exordium","TheCity","TheBeyond","TheEnding"],"potions_floor_usage":[47,50,50,56],"damage_taken":[{"damage":10.0,"enemies":"2 Louse","floor":1.0,"turns":2.0},{"damage":10.0,"enemies":"Small Slimes","floor":2.0,"turns":3.0},{"damage":4.0,"enemies":"Jaw Worm","floor":3.0,"turns":3.0},{"damage":7.0,"enemies":"Blue Slaver","floor":7.0,"turns":4.0},{"damage":6.0,"enemies":"3 Sentries","floor":8.0,"turns":6.0},{"damage":6.0,"enemies":"Exordium Thugs","floor":10.0,"turns":3.0},{"damage":0.0,"enemies":"Lagavulin","floor":12.0,"turns":6.0},{"damage":0.0,"enemies":"Red Slaver","floor":13.0,"turns":2.0},{"damage":13.0,"enemies":"The Guardian","floor":16.0,"turns":10.0},{"damage":8.0,"enemies":"Shell Parasite","floor":18.0,"turns":3.0},{"damage":0.0,"enemies":"3 Byrds","floor":19.0,"turns":5.0},{"damage":7.0,"enemies":"Centurion and Healer","floor":21.0,"turns":3.0},{"damage":9.0,"enemies":"Shelled Parasite and Fungi","floor":22.0,"turns":3.0},{"damage":12.0,"enemies":"Slavers","floor":24.0,"turns":4.0},{"damage":26.0,"enemies":"Cultist and Chosen","floor":27.0,"turns":7.0},{"damage":0.0,"enemies":"3 Cultists","floor":28.0,"turns":3.0},{"damage":1.0,"enemies":"Colosseum Slavers","floor":29.0,"turns":2.0},{"damage":0.0,"enemies":"Colosseum Nobs","floor":29.0,"turns":3.0},{"damage":0.0,"enemies":"Centurion and Healer","floor":30.0,"turns":4.0},{"damage":1.0,"enemies":"Book of Stabbing","floor":31.0,"turns":2.0},{"damage":2,"enemies":"Automaton","floor":33,"turns":5},{"damage":0,"enemies":"3 Darklings","floor":35,"turns":1},{"damage":7,"enemies":"3 Shapes","floor":36,"turns":4},{"damage":2,"enemies":"Writhing Mass","floor":37,"turns":5},{"damage":10,"enemies":"Maw","floor":38,"turns":6},{"damage":11,"enemies":"3 Darklings","floor":39,"turns":5},{"damage":0,"enemies":"Nemesis","floor":41,"turns":1},{"damage":7,"enemies":"Spire Growth","floor":42,"turns":3},{"damage":0,"enemies":"Giant Head","floor":47,"turns":3},{"damage":0,"enemies":"Jaw Worm Horde","floor":48,"turns":3},{"damage":25,"enemies":"Time Eater","floor":50,"turns":12},{"damage":9,"enemies":"Donu and Deca","floor":51,"turns":9},{"damage":44,"enemies":"Shield and Spear","floor":55,"turns":5},{"damage":3,"enemies":"The Heart","floor":56,"turns":2}],"seed_played":"3441458466112494570","potions_obtained":[{"floor":2.0,"key":"SkillPotion"},{"floor":7.0,"key":"FearPotion"},{"floor":8.0,"key":"BlessingOfTheForge"},{"floor":13.0,"key":"Strength Potion"},{"floor":16.0,"key":"ColorlessPotion"},{"floor":19.0,"key":"Swift Potion"},{"floor":21.0,"key":"SneckoOil"},{"floor":24.0,"key":"Energy Potion"},{"floor":28.0,"key":"SkillPotion"},{"floor":35,"key":"Weak Potion"},{"floor":37,"key":"Regen Potion"},{"floor":47,"key":"SkillPotion"}],"is_trial":false,"path_per_floor":["M","M","M","?","?","R","M","E","T","M","?","E","M","?","R","B",null,"M","M","?","M","M","R","E","R","T","M","M","?","M","E","R","B",null,"M","M","M","M","M","R","E","M","T","$","?","R","E","M","R","B","B",null,"R","$","E","B"],"character_chosen":"THE_SILENT","items_purchased":["GhostInAJar","Orrery","Snake Skull","Night Terror","Nunchaku","Swift Strike","Swift Potion"],"campfire_rested":3,"item_purchase_floors":[44,44,44,44,44,44,54],"current_hp_per_floor":[49,39,35,35,51,51,44,38,38,32,25,25,25,25,25,12,48,40,40,40,33,24,24,12,30,30,4,4,3,3,2,20,18,50,50,43,41,31,20,38,38,31,31,31,31,31,43,43,43,18,9,47,47,47,3,0,0],"gold":42,"neow_bonus":"BOSS_RELIC","is_daily":false,"chose_seed":false,"campfire_upgraded":5,"win_rate":0.0,"timestamp":1609656016,"path_taken":["M","M","M","?","?","R","?","E","T","M","?","E","M","?","R","BOSS","M","M","?","?","M","R","E","R","T","M","M","?","M","E","R","BOSS","M","M","M","M","M","R","E","M","T","$","?","R","E","M","R","BOSS","BOSS","R","$","E","BOSS"],"items_purchased_type":["Potion","Relic","Relic","Card","Relic","Card","Potion"],"build_version":"2020-12-22","purchased_purges":1,"victory":false,"max_hp_per_floor":[66,66,66,66,66,66,66,66,66,66,66,66,66,60,60,60,60,60,60,60,60,60,60,60,60,60,60,60,60,60,60,60,60,60,60,60,60,60,60,60,60,60,60,60,60,60,60,60,60,60,60,60,60,60,60,60,60],"relic_stats":{"Torii":19,"Gremlin Horn":[9,14],"Happy Flower":[12],"counters":[34,142],"Golden Idol":193,"Blue Candle":[2],"PreservedInsect":414,"Snake Skull":[60],"Bag of Preparation":[54],"Whetstone":["Die Die Die","Quick Slash"],"Orichalcum":[24],"Cursed Key":1,"Nunchaku":[10],"Pandora\u0027s Box":["Well Laid Plans","After Image","Riddle With Holes","Quick Slash","Bullet Time","Concentrate","Distraction","Caltrops","Unload","Envenom"],"obtain_stats":[{"Torii":29,"Gremlin Horn":29,"Happy Flower":41,"Golden Idol":14,"Blue Candle":8,"PreservedInsect":9,"Snake Skull":44,"Bag of Preparation":12,"Whetstone":55,"Orichalcum":31,"Cursed Key":34,"Ancient Tea Set":47,"Nunchaku":44,"WristBlade":17,"Orrery":44,"Pandora\u0027s Box":0,"Bag of Marbles":26,"Red Mask":45,"StrikeDummy":24,"Ring of the Snake":0},{"Torii":18,"Gremlin Horn":18,"Happy Flower":27,"Golden Idol":8,"Blue Candle":5,"PreservedInsect":5,"Snake Skull":28,"Bag of Preparation":7,"Whetstone":33,"Orichalcum":20,"Cursed Key":21,"Ancient Tea Set":29,"Nunchaku":28,"WristBlade":9,"Orrery":28,"Pandora\u0027s Box":0,"Bag of Marbles":14,"Red Mask":28,"StrikeDummy":14,"Ring of the Snake":0},{"Torii":72,"Gremlin Horn":72,"Happy Flower":105,"Golden Idol":29,"Blue Candle":18,"PreservedInsect":18,"Snake Skull":108,"Bag of Preparation":27,"Whetstone":140,"Orichalcum":78,"Cursed Key":83,"Ancient Tea Set":111,"Nunchaku":108,"WristBlade":39,"Orrery":108,"Pandora\u0027s Box":0,"Bag of Marbles":57,"Red Mask":108,"StrikeDummy":57,"Ring of the Snake":0}]},"card_choices":[{"not_picked":["Bane","Acrobatics"],"picked":"Blade Dance","floor":1.0},{"not_picked":["Expertise","Slice"],"picked":"Noxious Fumes","floor":2.0},{"not_picked":["Dodge and Roll","Envenom"],"picked":"Leg Sweep","floor":3.0},{"not_picked":["Crippling Poison","Terror"],"picked":"Dash","floor":7.0},{"not_picked":["Backstab","Concentrate","Choke"],"picked":"SKIP","floor":8.0},{"not_picked":["Sucker Punch","Underhanded Strike","Poisoned Stab"],"picked":"SKIP","floor":10.0},{"not_picked":["Bane","Underhanded Strike","Choke"],"picked":"SKIP","floor":12.0},{"not_picked":["Deflect","Prepared"],"picked":"Escape Plan","floor":13.0},{"not_picked":["Glass Knife","Tools of the Trade"],"picked":"Die Die Die","floor":16.0},{"not_picked":["Blur","Underhanded Strike+1"],"picked":"Backflip","floor":18.0},{"not_picked":["Bane","Outmaneuver"],"picked":"Backflip","floor":19.0},{"not_picked":["Cloak And Dagger","Deadly Poison","A Thousand Cuts"],"picked":"SKIP","floor":21.0},{"not_picked":["Bane","Dagger Throw"],"picked":"PiercingWail+1","floor":22.0},{"not_picked":["Prepared","Quick Slash"],"picked":"After Image","floor":24.0},{"not_picked":["Cloak And Dagger","Dagger Throw+1"],"picked":"Blade Dance+1","floor":27.0},{"not_picked":["Poisoned Stab","Dagger Spray"],"picked":"Backflip+1","floor":28.0},{"not_picked":["Cloak And Dagger","Infinite Blades"],"picked":"Blade Dance+1","floor":29.0},{"not_picked":["Dagger Spray","Slice"],"picked":"Finisher+1","floor":30.0},{"not_picked":["All Out Attack","Dodge and Roll"],"picked":"Concentrate+1","floor":31.0},{"not_picked":["Venomology","Malaise"],"picked":"Burst","floor":33},{"not_picked":["Flying Knee+1","Endless Agony"],"picked":"Calculated Gamble","floor":35},{"not_picked":["Sucker Punch","Acrobatics"],"picked":"Leg Sweep+1","floor":36},{"not_picked":["Blade Dance","Noxious Fumes+1"],"picked":"Acrobatics","floor":37},{"not_picked":["Bane+1","Heel Hook"],"picked":"Backflip+1","floor":38},{"not_picked":["Expertise","Outmaneuver","Prepared+1"],"picked":"SKIP","floor":39},{"not_picked":["Outmaneuver","Poisoned Stab"],"picked":"Adrenaline","floor":41},{"not_picked":["Underhanded Strike","Concentrate+1"],"picked":"PiercingWail","floor":42},{"not_picked":["Calculated Gamble","Terror"],"picked":"Accuracy","floor":44},{"not_picked":["Caltrops","Masterful Stab+1"],"picked":"Terror","floor":44},{"not_picked":["Infinite Blades+1","Cloak And Dagger"],"picked":"Acrobatics","floor":44},{"not_picked":["Outmaneuver","Flying Knee"],"picked":"Night Terror","floor":47},{"not_picked":["Infinite Blades","Concentrate","Crippling Poison"],"picked":"SKIP","floor":48},{"not_picked":["Flying Knee","Backstab+1","Dodge and Roll"],"picked":"SKIP","floor":55}],"player_experience":641175,"relics_obtained":[{"floor":8.0,"key":"Blue Candle"},{"floor":9.0,"key":"PreservedInsect"},{"floor":12.0,"key":"Bag of Preparation"},{"floor":24.0,"key":"StrikeDummy"},{"floor":26.0,"key":"Bag of Marbles"},{"floor":29.0,"key":"Torii"},{"floor":29.0,"key":"Gremlin Horn"},{"floor":31.0,"key":"Orichalcum"},{"floor":41,"key":"Happy Flower"},{"floor":47,"key":"Ancient Tea Set"},{"floor":55,"key":"Whetstone"}],"event_choices":[{"damage_healed":0.0,"max_hp_gain":0.0,"max_hp_loss":0.0,"gold_gain":0.0,"event_name":"Liars Game","player_choice":"Ignored","floor":4.0,"gold_loss":0.0,"damage_taken":0.0},{"damage_healed":16.0,"max_hp_gain":0.0,"max_hp_loss":0.0,"gold_gain":0.0,"event_name":"The Cleric","player_choice":"Healed","floor":5.0,"gold_loss":35.0,"damage_taken":0.0},{"cards_removed":["Concentrate"],"damage_healed":0.0,"max_hp_gain":0.0,"max_hp_loss":0.0,"gold_gain":0.0,"event_name":"Golden Wing","player_choice":"Card Removal","floor":11.0,"gold_loss":0.0,"damage_taken":7.0},{"damage_healed":0.0,"max_hp_gain":0.0,"max_hp_loss":6.0,"gold_gain":0.0,"event_name":"Golden Idol","player_choice":"Lose Max HP","floor":14.0,"gold_loss":0.0,"damage_taken":0.0,"relics_obtained":["Golden Idol"]},{"damage_healed":0.0,"max_hp_gain":0.0,"max_hp_loss":0.0,"gold_gain":0.0,"event_name":"The Joust","player_choice":"Bet on Owner","floor":20.0,"gold_loss":50.0,"damage_taken":0.0},{"damage_healed":0.0,"max_hp_gain":0.0,"max_hp_loss":0.0,"gold_gain":0.0,"event_name":"Colosseum","player_choice":"Fight","floor":29.0,"gold_loss":0.0,"damage_taken":0.0},{"damage_healed":0.0,"max_hp_gain":0.0,"max_hp_loss":0.0,"gold_gain":0.0,"event_name":"Colosseum","player_choice":"Fought Nobs","floor":29.0,"gold_loss":0.0,"damage_taken":0.0},{"damage_healed":0,"gold_gain":0,"player_choice":"Paid","damage_taken":0,"relics_obtained":["Red Mask"],"max_hp_gain":0,"max_hp_loss":0,"event_name":"Tomb of Lord Red Mask","floor":45,"gold_loss":65}],"is_beta":false,"boss_relics":[{"not_picked":["Sozu","Tiny House"],"picked":"WristBlade"},{"not_picked":["Empty Cage","SacredBark"],"picked":"Cursed Key"}],"items_purged_floors":[44],"is_endless":false,"potions_floor_spawned":[2,7,8,12,13,16,18,19,21,24,28,29,35,37,38,42,47],"killed_by":"The Heart","ascension_level":20}}