{"host":"e4wnmsyty9uvvtwf","time":1609678138,"event":{"mods":["Act Like it!","Aspiration","BaseMod","Colored Map","Colored Powertips","Gensokyo","Marisa£®ÏF”Í°°ƒß¿Ì…≥£©","Minty Spire (QoL Compilation)","Rare Cards Sparkle","Replay The Spire","StSLib"],"gold_per_floor":[99,99,116,155,180,180,480,480,505,505,610,670,670,146,146,146,146],"floor_reached":16,"playtime":469,"items_purged":[],"score":171,"play_id":"6dcfa0e1-ac58-4a0b-9890-4edf5a279f15","local_time":"20210103204858","daily_mods":["Draft","Vintage","Allstar","Heirloom","Time Dilation","Flight"],"is_ascension_mode":false,"campfire_choices":[{"floor":6,"key":"REST"},{"floor":7,"key":"DIG"},{"floor":10,"key":"DIG"},{"floor":13,"key":"DIG"},{"floor":15,"key":"DIG"}],"circlet_count":0,"master_deck":["GalacticHalo","Robbery","DoubleSpark","MilkyWay+1","WitchOfGreed","6A","MysteriousBeam","AsteroidBelt","AsteroidBelt","IllusionStar","MagicAbsorber","PulseMagic","MilkyWay+1","GravityBeat","Singularity+1","OrrerysSun","MysteriousBeam","Robbery","WitchOfGreed","Gensokyo:MissMary","Gensokyo:RustyChest"],"relics":["MiniHakkero","replay:Trail_Library","Shovel","Replay:Bottled Eggs","Regal Pillow","Gensokyo:MarisaPhilosophersStone","Old Coin","Boot","Iron Hammer","Centennial Puzzle","Oddly Smooth Stone","Bronze Scales","SimpleLauncher","Sling","Blue Candle"],"acts_visited":["Exordium"],"potions_floor_usage":[],"damage_taken":[{"damage":0,"enemies":"Gensokyo:Python","floor":3,"turns":1},{"damage":3,"enemies":"Gensokyo:3_Fairies","floor":4,"turns":4},{"damage":58,"enemies":"Gensokyo:3_Fairies","floor":5,"turns":7},{"damage":0,"enemies":"Gensokyo:Cirno","floor":11,"turns":5},{"damage":2,"enemies":"Gensokyo:2_Kodama","floor":12,"turns":3},{"damage":0,"enemies":"Gensokyo:Kokoro","floor":16,"turns":1}],"seed_played":"-8022823026193617175","potions_obtained":[{"floor":3,"key":"StarNLove"},{"floor":4,"key":"SkillPotion"},{"floor":5,"key":"Toxic Potion"}],"is_trial":true,"path_per_floor":["?","$","M","M","?","R","R","?","T","R","E","M","R","COS","R_BF","B"],"character_chosen":"MARISA","items_purchased":[],"campfire_rested":1,"item_purchase_floors":[],"current_hp_per_floor":[75,75,75,72,14,51,51,59,59,59,59,57,57,57,57,57,57],"gold":146,"neow_bonus":"","is_daily":false,"chose_seed":false,"campfire_upgraded":0,"win_rate":0.0,"timestamp":1609678138,"path_taken":["?","?","M","?","?","R","R","?","T","R","E","?","R","COS","R_BF","BOSS"],"items_purchased_type":[],"build_version":"2020-12-22","purchased_purges":0,"victory":false,"max_hp_per_floor":[75,75,75,75,75,75,75,75,75,75,75,75,75,75,75,75,75],"card_choices":[{"not_picked":["DC","StarlightTyphoon"],"picked":"GalacticHalo","floor":0},{"not_picked":["GasGiant","UnstableBomb"],"picked":"Robbery","floor":0},{"not_picked":["LuminesStrike","DC"],"picked":"DoubleSpark","floor":0},{"not_picked":["WitchOfGreed","PowerUp"],"picked":"MilkyWay","floor":0},{"not_picked":["WitchLeyline","DC"],"picked":"WitchOfGreed","floor":0},{"not_picked":["GalacticHalo","DarkSpark"],"picked":"6A","floor":0},{"not_picked":["AsteroidBelt","WitchLeyline"],"picked":"MysteriousBeam","floor":0},{"not_picked":["6A","WitchLeyline"],"picked":"AsteroidBelt","floor":0},{"not_picked":["WitchLeyline","OneTimeOff"],"picked":"MeteoricShower","floor":0},{"not_picked":["SporeBomb","GravityBeat"],"picked":"AsteroidBelt","floor":0},{"not_picked":["LuminesStrike","DC"],"picked":"IllusionStar","floor":0},{"not_picked":["MachineGunSpark","ManaConvection"],"picked":"MagicAbsorber","floor":0},{"not_picked":["SporeBomb","Acceleration"],"picked":"PulseMagic","floor":0},{"not_picked":["MysteriousBeam","NonDirectionalLaser"],"picked":"MilkyWay","floor":0},{"not_picked":["DC","DoubleSpark"],"picked":"GravityBeat","floor":0},{"not_picked":["DC","StarBarrage"],"picked":"MysteriousBeam","floor":5},{"not_picked":["AsteroidBelt","DeepEcoloBomb"],"picked":"WitchOfGreed","floor":11}],"player_experience":691997,"relics_obtained":[{"floor":3,"key":"Replay:Bottled Eggs"},{"floor":4,"key":"Regal Pillow"},{"floor":5,"key":"Gensokyo:MarisaPhilosophersStone"},{"floor":7,"key":"Old Coin"},{"floor":9,"key":"Boot"},{"floor":10,"key":"Iron Hammer"},{"floor":11,"key":"Centennial Puzzle"},{"floor":12,"key":"Oddly Smooth Stone"},{"floor":13,"key":"Bronze Scales"},{"floor":15,"key":"Blue Candle"}],"event_choices":[],"is_beta":false,"boss_relics":[],"items_purged_floors":[],"is_endless":true,"potions_floor_spawned":[3,4],"killed_by":"Gensokyo:Kokoro","ascension_level":0}}