{"host":"¿à÷økuyou","time":1609676683,"event":{"mods":["ATMod(°¢èªMod)","Act Like it!","BaseMod","Minty Spire (QoL Compilation)","Pale of the Ancients","Quick Restart","StSLib"],"gold_per_floor":[114,64,164,199,214,244,279,354,354,354,389,239,269,284,284,384,384,399,399,399,414,429,459,459,489,514,514,114,114,129,144,144,264,264,279,18,33,48,75,102,0,42,54,96,123,135,162,189,201,213,240,252,264,26,26,26,26],"floor_reached":56,"playtime":866,"items_purged":[],"score":1295,"play_id":"65922d43-4391-48b8-b53b-08721bb75936","local_time":"20210103202443","daily_mods":["Allstar","Hoarder","Terminal"],"is_ascension_mode":false,"campfire_choices":[{"data":"Mind Blast","floor":10.0,"key":"SMITH"},{"data":"Apotheosis","floor":15.0,"key":"SMITH"},{"data":"Apotheosis","floor":32.0,"key":"SMITH"},{"data":"AT_Dispersion","floor":46.0,"key":"SMITH"},{"data":"Mind Blast","floor":49.0,"key":"SMITH"},{"data":"Bash","floor":55,"key":"SMITH"}],"circlet_count":0,"master_deck":["Strike_R+1","Strike_R+1","Strike_R+1","Defend_R+1","Defend_R+1","Defend_R+1","Defend_R+1","Bash+1","HandOfGreed+1","HandOfGreed","HandOfGreed","AT_EmpoweredMortalDraw","AT_EmpoweredMortalDraw","AT_EmpoweredMortalDraw","Jack Of All Trades","Jack Of All Trades","Jack Of All Trades","Apotheosis+1","Apotheosis+1","Apotheosis","Mind Blast+1","Mind Blast+1","Mind Blast","AT_EmpoweredMortalDraw","AT_EmpoweredMortalDraw","AT_EmpoweredMortalDraw","Berserk","Berserk","Berserk","Mind Blast+1","Mind Blast+1","Mind Blast+1","AT_Dispersion+1","AT_Dispersion","AT_Dispersion","Bloodletting","Bloodletting","Bloodletting","Warcry","Warcry","Warcry","Metallicize+1","Metallicize+1","Metallicize+1","Feel No Pain","Feel No Pain","Feel No Pain","Feed","Feed","Feed","AT_ShrugMaster","AT_ShrugMaster","AT_ShrugMaster","Shrug It Off+1","Shrug It Off+1","Shrug It Off+1","Berserk","Berserk","Berserk","AT_EmpoweredMortalDraw","AT_EmpoweredMortalDraw","AT_EmpoweredMortalDraw","AT_ShrugMaster","AT_ShrugMaster","AT_ShrugMaster","Feel No Pain","Feel No Pain","Feel No Pain","Bludgeon","Bludgeon","Bludgeon","Warcry","Warcry","Warcry","Shrug It Off","Shrug It Off","Shrug It Off","Juggernaut","Juggernaut","Juggernaut"],"relics":["Burning Blood","AT_ATBox","AT_LudenTempest","Orichalcum","DollysMirror","HornCleat","Philosopher\u0027s Stone","Bag of Preparation","Shuriken","Oddly Smooth Stone","White Beast Statue","Ancient Tea Set","MutagenicStrength","AT_MortalBlade","Membership Card","AT_BellDemon","TungstenRod","MawBank","Bottled Lightning","Regal Pillow","Red Mask","Potion Belt","Magic Flower","FossilizedHelix","Ice Cream","Champion Belt","Sundial","CeramicFish","Pear","paleoftheancients:Timepiece","CultistMask","HandDrill","Boot","AT_EbonyIvory"],"acts_visited":["Exordium","TheCity","TheBeyond","TheBeyond"],"potions_floor_usage":[50,50,50,50],"damage_taken":[{"damage":0.0,"enemies":"Small Slimes","floor":1.0,"turns":2.0},{"damage":0.0,"enemies":"2 Louse","floor":4.0,"turns":2.0},{"damage":0.0,"enemies":"Cultist","floor":5.0,"turns":2.0},{"damage":4.0,"enemies":"3 Sentries","floor":6.0,"turns":2.0},{"damage":3.0,"enemies":"Gremlin Gang","floor":7.0,"turns":2.0},{"damage":0.0,"enemies":"2 Fungi Beasts","floor":11.0,"turns":2.0},{"damage":0.0,"enemies":"Gremlin Nob","floor":13.0,"turns":2.0},{"damage":0.0,"enemies":"Exordium Wildlife","floor":14.0,"turns":1.0},{"damage":20.0,"enemies":"Hexaghost","floor":16.0,"turns":6.0},{"damage":0.0,"enemies":"3 Byrds","floor":18.0,"turns":2.0},{"damage":0.0,"enemies":"Spheric Guardian","floor":21.0,"turns":1.0},{"damage":0.0,"enemies":"Shelled Parasite and Fungi","floor":22.0,"turns":1.0},{"damage":0.0,"enemies":"Slavers","floor":23.0,"turns":3.0},{"damage":0.0,"enemies":"Gremlin Leader","floor":25.0,"turns":1.0},{"damage":0.0,"enemies":"3 Cultists","floor":30.0,"turns":4.0},{"damage":0.0,"enemies":"Snecko","floor":31.0,"turns":1.0},{"damage":3.0,"enemies":"Collector","floor":33.0,"turns":2.0},{"damage":3.0,"enemies":"3 Shapes","floor":35.0,"turns":1.0},{"damage":0.0,"enemies":"Orb Walker","floor":37.0,"turns":1.0},{"damage":0.0,"enemies":"Spire Growth","floor":38.0,"turns":1.0},{"damage":0.0,"enemies":"Sphere and 2 Shapes","floor":39.0,"turns":1.0},{"damage":33.0,"enemies":"Transient","floor":40.0,"turns":5.0},{"damage":0.0,"enemies":"Nemesis","floor":42.0,"turns":1.0},{"damage":0.0,"enemies":"Reptomancer","floor":44.0,"turns":1.0},{"damage":0.0,"enemies":"Spire Growth","floor":45.0,"turns":1.0},{"damage":0.0,"enemies":"Writhing Mass","floor":47.0,"turns":1.0},{"damage":0.0,"enemies":"3 Darklings","floor":48.0,"turns":1.0},{"damage":29,"enemies":"Donu and Deca","floor":50,"turns":3},{"damage":4,"enemies":"Donu and Deca","floor":51,"turns":6},{"damage":42,"enemies":"Donu and Deca","floor":52,"turns":3},{"damage":38,"enemies":"Donu and Deca","floor":56,"turns":3}],"seed_played":"4251252283042701915","potions_obtained":[{"floor":1.0,"key":"GamblersBrew"},{"floor":7.0,"key":"SteroidPotion"},{"floor":11.0,"key":"FearPotion"},{"floor":18.0,"key":"Strength Potion"},{"floor":21.0,"key":"AttackPotion"},{"floor":30.0,"key":"Ancient Potion"},{"floor":40.0,"key":"SpeedPotion"},{"floor":42.0,"key":"FearPotion"},{"floor":44.0,"key":"BloodPotion"},{"floor":51,"key":"Ancient Potion"}],"is_trial":false,"path_per_floor":["M","?","?","M","M","E","M","?","T","R","M","$","E","M","R","B",null,"M","?","?","M","M","E","?","E","T","?","$","?","M","M","R","B",null,"M","$","M","M","M","M","?","E","T","E","M","R","M","M","R","B","M","M","?","$","R","M"],"character_chosen":"IRONCLAD","items_purchased":["DollysMirror","White Beast Statue","Ancient Tea Set","Membership Card","AT_BellDemon","Feel No Pain","HandDrill","Boot","AT_EbonyIvory","PowerPotion"],"campfire_rested":0,"item_purchase_floors":[12,28,28,36,36,36,54,54,54,54],"current_hp_per_floor":[78,77,76,75,74,73,72,61,61,61,67,67,66,65,64,50,62,61,60,59,58,57,56,55,54,53,52,51,50,49,48,47,46,45,44,43,42,41,43,16,16,22,22,31,37,36,35,44,43,42,41,40,39,38,37,0,0],"gold":26,"neow_bonus":"","is_daily":true,"chose_seed":false,"campfire_upgraded":6,"win_rate":0.0,"timestamp":1609676683,"path_taken":["M","?","?","M","?","E","?","?","T","R","M","?","E","M","R","BOSS","M","?","?","?","M","E","?","E","T","?","$","?","M","M","R","BOSS","M","$","M","M","M","M","?","E","T","E","M","R","M","M","R","BOSS","M","M","?","$","R","M"],"items_purchased_type":["Relic","Relic","Relic","Relic","Relic","Card","Relic","Relic","Relic","Potion"],"build_version":"2020-12-18","purchased_purges":0,"victory":false,"max_hp_per_floor":[78,77,76,75,74,73,72,71,70,69,68,67,66,65,64,63,62,61,60,59,58,57,56,55,54,53,52,51,50,49,48,47,46,45,44,43,42,41,43,42,41,40,39,38,37,36,35,44,43,42,41,40,39,38,37,37,37],"card_choices":[{"not_picked":["Blood for Blood","Twin Strike","Pommel Strike"],"picked":"SKIP","floor":1.0},{"not_picked":["Sword Boomerang","Armaments","Twin Strike"],"picked":"SKIP","floor":4.0},{"not_picked":["Sword Boomerang","Whirlwind","Hemokinesis"],"picked":"SKIP","floor":5.0},{"not_picked":["Uppercut","Cleave"],"picked":"Berserk","floor":6.0},{"not_picked":["Reckless Charge","Flex","Thunderclap"],"picked":"SKIP","floor":7.0},{"not_picked":["Perfected Strike","Rage","AT_IchimonjiDouble"],"picked":"SKIP","floor":11.0},{"not_picked":["Cleave","AT_DiedThrough","Reckless Charge"],"picked":"SKIP","floor":13.0},{"not_picked":["AT_BodySlamDance","Shrug It Off","Reckless Charge"],"picked":"SKIP","floor":14.0},{"not_picked":["Corruption","Immolate"],"picked":"AT_Dispersion","floor":16.0},{"not_picked":["Anger","Headbutt","AT_CaressingTears"],"picked":"SKIP","floor":18.0},{"not_picked":["Ghostly Armor","Intimidate"],"picked":"Warcry","floor":21.0},{"not_picked":["Headbutt","Wild Strike"],"picked":"Metallicize+1","floor":22.0},{"not_picked":["Inflame","Wild Strike+1"],"picked":"Feel No Pain","floor":23.0},{"not_picked":["Headbutt+1","Thunderclap+1"],"picked":"Feed","floor":25.0},{"not_picked":["Power Through+1","AT_IchimonjiDouble"],"picked":"Shrug It Off+1","floor":30.0},{"not_picked":["Armaments","Anger","Cleave"],"picked":"SKIP","floor":31.0},{"not_picked":["Reaper","Brutality"],"picked":"Berserk","floor":33.0},{"not_picked":["Dropkick","Sword Boomerang+1"],"picked":"AT_ShrugMaster","floor":35.0},{"not_picked":["Twin Strike","Clothesline","Clash+1"],"picked":"SKIP","floor":37.0},{"not_picked":["AT_IchimonjiDouble+1","Whirlwind+1","Twin Strike"],"picked":"SKIP","floor":38.0},{"not_picked":["Pommel Strike+1","Iron Wave"],"picked":"Bludgeon","floor":39.0},{"not_picked":["Blood for Blood+1","Ghostly Armor+1"],"picked":"Warcry","floor":40.0},{"not_picked":["Reckless Charge","Armaments","Clash+1"],"picked":"SKIP","floor":42.0},{"not_picked":["Hemokinesis","Clothesline+1"],"picked":"Shrug It Off","floor":44.0},{"not_picked":["Uppercut+1","Headbutt+1"],"picked":"Juggernaut","floor":45.0},{"not_picked":["Twin Strike+1","Body Slam+1","AT_DrawKnifeCut"],"picked":"SKIP","floor":47.0},{"not_picked":["Clothesline","Thunderclap+1","Armaments+1"],"picked":"SKIP","floor":48.0},{"not_picked":["Uppercut","Twin Strike","Hemokinesis+1"],"picked":"SKIP","floor":51}],"player_experience":157114,"relics_obtained":[{"floor":6.0,"key":"AT_LudenTempest"},{"floor":9.0,"key":"Orichalcum"},{"floor":13.0,"key":"HornCleat"},{"floor":23.0,"key":"Bag of Preparation"},{"floor":25.0,"key":"Shuriken"},{"floor":26.0,"key":"Oddly Smooth Stone"},{"floor":37.0,"key":"TungstenRod"},{"floor":38.0,"key":"MawBank"},{"floor":39.0,"key":"Bottled Lightning"},{"floor":40.0,"key":"Regal Pillow"},{"floor":42.0,"key":"Potion Belt"},{"floor":42.0,"key":"Magic Flower"},{"floor":43.0,"key":"FossilizedHelix"},{"floor":44.0,"key":"Ice Cream"},{"floor":44.0,"key":"Champion Belt"},{"floor":45.0,"key":"Sundial"},{"floor":47.0,"key":"CeramicFish"},{"floor":48.0,"key":"Pear"}],"event_choices":[{"cards_removed":["Strike_R"],"damage_healed":0.0,"max_hp_gain":0.0,"max_hp_loss":0.0,"gold_gain":0.0,"event_name":"The Cleric","player_choice":"Card Removal","floor":2.0,"gold_loss":50.0,"damage_taken":0.0},{"damage_healed":0.0,"max_hp_gain":0.0,"max_hp_loss":0.0,"gold_gain":100.0,"event_name":"Golden Shrine","player_choice":"Pray","floor":3.0,"gold_loss":0.0,"damage_taken":0.0},{"damage_healed":0.0,"max_hp_gain":0.0,"max_hp_loss":0.0,"gold_gain":75.0,"event_name":"World of Goop","player_choice":"Gather Gold","floor":8.0,"gold_loss":0.0,"damage_taken":11.0},{"damage_healed":0.0,"max_hp_gain":0.0,"max_hp_loss":0.0,"gold_gain":0.0,"event_name":"The Mausoleum","player_choice":"Ignored","floor":19.0,"gold_loss":0.0,"damage_taken":0.0},{"damage_healed":0.0,"max_hp_gain":0.0,"max_hp_loss":0.0,"gold_gain":0.0,"cards_transformed":["Strike_R"],"event_name":"Transmorgrifier","player_choice":"Transformed","floor":20.0,"gold_loss":0.0,"damage_taken":0.0,"cards_obtained":["Bloodletting"]},{"damage_healed":0.0,"max_hp_gain":0.0,"max_hp_loss":0.0,"gold_gain":0.0,"event_name":"Back to Basics","player_choice":"Simplicity","floor":24.0,"gold_loss":0.0,"damage_taken":0.0,"cards_upgraded":["Strike_R","Strike_R","Strike_R","Defend_R","Defend_R","Defend_R","Defend_R"]},{"damage_healed":0.0,"max_hp_gain":0.0,"max_hp_loss":0.0,"gold_gain":0.0,"event_name":"The Library","player_choice":"Read","floor":27.0,"gold_loss":0.0,"damage_taken":0.0,"cards_obtained":["AT_ShrugMaster"]},{"damage_healed":0.0,"max_hp_gain":0.0,"max_hp_loss":0.0,"gold_gain":0.0,"event_name":"Drug Dealer","player_choice":"Inject Mutagens","floor":29.0,"gold_loss":0.0,"damage_taken":0.0,"relics_obtained":["MutagenicStrength"]},{"damage_healed":0.0,"max_hp_gain":0.0,"max_hp_loss":0.0,"gold_gain":0.0,"event_name":"Tomb of Lord Red Mask","player_choice":"Paid","floor":41.0,"gold_loss":114.0,"damage_taken":0.0,"relics_obtained":["Red Mask"]},{"damage_healed":0,"gold_gain":0,"player_choice":"Forge","damage_taken":0,"max_hp_gain":0,"max_hp_loss":0,"event_name":"Accursed Blacksmith","floor":53,"gold_loss":0,"cards_upgraded":["HandOfGreed"]}],"is_beta":true,"boss_relics":[{"not_picked":["Runic Pyramid","SlaversCollar"],"picked":"Philosopher\u0027s Stone"},{"not_picked":["Calling Bell","Black Star"],"picked":"AT_MortalBlade"}],"items_purged_floors":[],"is_endless":false,"potions_floor_spawned":[1,7,11,13,18,21,30,31,33,35,37,38,39,40,42,44,45,47,48,51,52],"killed_by":"Donu and Deca","ascension_level":0}}