{"host":"dzallfdpazhc6w9d","time":1609696353,"event":{"mods":["BaseMod","Colored Powertips","Highlight Path","Minty Spire (QoL Compilation)","StSLib","The Bug Knight","The Jungle","The Senshi","The Servant 0.9.4"],"gold_per_floor":[112,187,200,200,200,233,233,247,247,247,272,303,160,181,181,307,307,326,326,326,339,359,403,422,435,459,310,310,350,350,393,393,513,513,526,551,564,589,603,647,647,311,311,344,369,389,389,428,428,428],"floor_reached":51,"playtime":30017,"items_purged":["Injury"],"score":1002,"play_id":"08860d44-31ba-4950-bc6a-0b4533afe9e4","local_time":"20210103115233","is_ascension_mode":true,"campfire_choices":[{"data":"Fire Breathing","floor":7,"key":"SMITH"},{"data":"Perfected Strike","floor":10,"key":"SMITH"},{"data":"Inflame","floor":15,"key":"SMITH"},{"floor":32,"key":"REST"},{"data":"Fiend Fire","floor":41,"key":"SMITH"},{"data":"Spot Weakness","floor":47,"key":"SMITH"},{"data":"Burning Pact","floor":49,"key":"SMITH"}],"circlet_count":0,"master_deck":["Strike_R","Strike_R","Strike_R","Strike_R","Strike_R+1","Defend_R","Defend_R","Defend_R","Bash+1","Fire Breathing+1","Perfected Strike+1","Bloodletting","Intimidate","Inflame+1","Fiend Fire+1","True Grit+1","Necronomicurse","Iron Wave+1","Ghostly Armor","Uppercut+1","Cleave","Ghostly","Ghostly","Ghostly","Ghostly","Ghostly","Burning Pact+1","Feel No Pain","Perfected Strike+1","Reckless Charge+1","Flex+1","Sword Boomerang+1","Spot Weakness+1","Perfected Strike+1"],"relics":["Burning Blood","Bag of Preparation","Golden Idol","Du-Vu Doll","HollowMod:LifeEnderRelic","Bag of Marbles","Bronze Scales","Black Star","Necronomicon","theSenshi:SailorFukuRelic","Self Forming Clay","Omamori","HandDrill","Whetstone","Oddly Smooth Stone","Mummified Hand","Dream Catcher","SlaversCollar","Singing Bowl","Smiling Mask","Ice Cream","Mercury Hourglass","Potion Belt","Art of War","CaptainsWheel","Blue Candle"],"acts_visited":["Exordium","TheCity","TheBeyond"],"potions_floor_usage":[12,23,23,29,33,33,33,39,48,50,50],"damage_taken":[{"damage":9,"enemies":"Jaw Worm","floor":1,"turns":6},{"damage":6,"enemies":"Small Slimes","floor":3,"turns":5},{"damage":30,"enemies":"3 Sentries","floor":6,"turns":7},{"damage":1,"enemies":"Cultist","floor":8,"turns":3},{"damage":14,"enemies":"Exordium Thugs","floor":11,"turns":4},{"damage":8,"enemies":"HollowMod:MossKnight","floor":12,"turns":9},{"damage":3,"enemies":"2 Fungi Beasts","floor":14,"turns":4},{"damage":0,"enemies":"Slime Boss","floor":16,"turns":4},{"damage":20,"enemies":"Spheric Guardian","floor":18,"turns":4},{"damage":1,"enemies":"Chosen","floor":21,"turns":2},{"damage":39,"enemies":"Centurion and Healer","floor":22,"turns":6},{"damage":21,"enemies":"Gremlin Leader","floor":23,"turns":4},{"damage":0,"enemies":"Snake Plant","floor":24,"turns":1},{"damage":4,"enemies":"3 Cultists","floor":25,"turns":4},{"damage":3,"enemies":"HollowMod:Nosk","floor":29,"turns":7},{"damage":3,"enemies":"Gremlin Leader","floor":31,"turns":6},{"damage":10,"enemies":"Collector","floor":33,"turns":8},{"damage":1,"enemies":"Orb Walker","floor":35,"turns":3},{"damage":14,"enemies":"3 Darklings","floor":36,"turns":6},{"damage":0,"enemies":"Transient","floor":37,"turns":5},{"damage":2,"enemies":"Spire Growth","floor":38,"turns":6},{"damage":15,"enemies":"Sphere and 2 Shapes","floor":39,"turns":7},{"damage":10,"enemies":"Nemesis","floor":40,"turns":3},{"damage":1,"enemies":"Reptomancer","floor":44,"turns":3},{"damage":0,"enemies":"Transient","floor":45,"turns":5},{"damage":4,"enemies":"3 Darklings","floor":46,"turns":4},{"damage":2,"enemies":"Giant Head","floor":48,"turns":7},{"damage":0,"enemies":"Donu and Deca","floor":50,"turns":7}],"seed_played":"8241744527011856067","potions_obtained":[{"floor":1,"key":"Strength Potion"},{"floor":3,"key":"SteroidPotion"},{"floor":12,"key":"FearPotion"},{"floor":16,"key":"FearPotion"},{"floor":18,"key":"SteroidPotion"},{"floor":24,"key":"BlessingOfTheForge"},{"floor":29,"key":"Explosive Potion"},{"floor":30,"key":"SteroidPotion"},{"floor":30,"key":"SpeedPotion"},{"floor":36,"key":"GamblersBrew"},{"floor":37,"key":"LiquidBronze"},{"floor":38,"key":"EssenceOfSteel"},{"floor":39,"key":"FearPotion"}],"is_trial":false,"path_per_floor":["M","?","M","?","?","E","R","M","T","R","M","E","$","M","R","B",null,"M","?","?","M","M","E","M","M","T","$","?","E","?","E","R","B",null,"M","M","M","M","M","E","R","$","T","E","M","M","R","E","R","B",null],"character_chosen":"IRONCLAD","items_purchased":["Bronze Scales","HandDrill","Ice Cream"],"campfire_rested":1,"item_purchase_floors":[13,27,42],"current_hp_per_floor":[77,66,66,66,66,42,42,47,47,47,39,37,37,40,40,46,80,66,50,50,55,22,7,13,15,15,15,15,18,18,21,33,29,40,40,32,38,40,31,29,29,29,29,34,42,44,44,46,46,46],"gold":428,"neow_bonus":"RANDOM_COMMON_RELIC","is_daily":false,"chose_seed":false,"campfire_upgraded":6,"win_rate":0.0,"timestamp":1609696353,"path_taken":["M","?","M","?","?","E","R","M","T","R","?","E","?","M","R","BOSS","M","?","?","?","M","E","M","M","T","$","?","E","?","E","R","BOSS","M","?","M","M","M","E","R","$","T","E","?","M","R","E","R","BOSS"],"items_purchased_type":["Relic","Relic","Relic"],"build_version":"2020-12-22","purchased_purges":1,"victory":true,"max_hp_per_floor":[80,80,80,80,80,80,80,80,80,80,80,80,80,80,80,80,80,80,80,80,80,80,80,80,80,80,80,40,40,40,40,40,40,40,40,40,40,40,40,42,42,42,42,42,44,44,44,46,46,46],"card_choices":[{"not_picked":["Burning Pact","Pummel"],"picked":"Fire Breathing","floor":1},{"not_picked":["Warcry","Thunderclap"],"picked":"Perfected Strike","floor":3},{"not_picked":["Headbutt","Sword Boomerang"],"picked":"Bloodletting","floor":6},{"not_picked":["Pommel Strike","Sword Boomerang"],"picked":"Intimidate","floor":8},{"not_picked":["Iron Wave","Havoc"],"picked":"Inflame","floor":11},{"not_picked":["True Grit","Burning Pact","Berserk"],"picked":"SKIP","floor":12},{"not_picked":["Iron Wave","True Grit","Body Slam"],"picked":"SKIP","floor":14},{"not_picked":["Offering","Corruption"],"picked":"Fiend Fire","floor":16},{"not_picked":["Sword Boomerang","Shrug It Off"],"picked":"True Grit+1","floor":18},{"not_picked":["Anger","Brutality"],"picked":"Iron Wave+1","floor":21},{"not_picked":["Hemokinesis","Body Slam+1"],"picked":"Ghostly Armor","floor":22},{"not_picked":["Entrench","Heavy Blade"],"picked":"Uppercut","floor":23},{"not_picked":["Thunderclap","Blood for Blood","Shrug It Off"],"picked":"SKIP","floor":24},{"not_picked":["Evolve","Fire Breathing"],"picked":"Cleave","floor":25},{"not_picked":["Havoc","Combust+1","Fiend Fire"],"picked":"SKIP","floor":29},{"not_picked":["Clothesline+1","True Grit"],"picked":"Burning Pact","floor":31},{"not_picked":["True Grit+1","Clothesline"],"picked":"Feel No Pain","floor":32},{"not_picked":["Warcry","Twin Strike"],"picked":"Perfected Strike+1","floor":35},{"not_picked":["True Grit+1","Armaments","Havoc+1"],"picked":"SKIP","floor":36},{"not_picked":["Wild Strike+1","Anger+1"],"picked":"Reckless Charge+1","floor":37},{"not_picked":["Ghostly Armor","Wild Strike"],"picked":"Flex+1","floor":38},{"not_picked":["Cleave","Wild Strike"],"picked":"Sword Boomerang+1","floor":39},{"not_picked":["Burning Pact+1","Warcry+1","Berserk"],"picked":"Singing Bowl","floor":40},{"not_picked":["Thunderclap","Feel No Pain+1"],"picked":"Spot Weakness","floor":44},{"not_picked":["Pommel Strike+1","Wild Strike","Clothesline"],"picked":"Singing Bowl","floor":45},{"not_picked":["Iron Wave","Anger+1"],"picked":"Perfected Strike+1","floor":46},{"not_picked":["Double Tap","Havoc+1","Rage"],"picked":"Singing Bowl","floor":48}],"player_experience":440028,"relics_obtained":[{"floor":6,"key":"Du-Vu Doll"},{"floor":9,"key":"HollowMod:LifeEnderRelic"},{"floor":12,"key":"Bag of Marbles"},{"floor":19,"key":"Necronomicon"},{"floor":23,"key":"theSenshi:SailorFukuRelic"},{"floor":23,"key":"Self Forming Clay"},{"floor":26,"key":"Omamori"},{"floor":29,"key":"Whetstone"},{"floor":29,"key":"Oddly Smooth Stone"},{"floor":31,"key":"Mummified Hand"},{"floor":31,"key":"Dream Catcher"},{"floor":40,"key":"Singing Bowl"},{"floor":40,"key":"Smiling Mask"},{"floor":43,"key":"Mercury Hourglass"},{"floor":44,"key":"Potion Belt"},{"floor":44,"key":"Art of War"},{"floor":48,"key":"CaptainsWheel"},{"floor":48,"key":"Blue Candle"}],"event_choices":[{"damage_healed":0,"gold_gain":75,"player_choice":"Gather Gold","damage_taken":11,"max_hp_gain":0,"max_hp_loss":0,"event_name":"World of Goop","floor":2,"gold_loss":0},{"damage_healed":0,"gold_gain":0,"player_choice":"Take Wound","damage_taken":0,"relics_obtained":["Golden Idol"],"max_hp_gain":0,"max_hp_loss":0,"event_name":"Golden Idol","floor":4,"gold_loss":0,"cards_obtained":["Injury"]},{"damage_healed":0,"gold_gain":0,"player_choice":"Upgraded","damage_taken":0,"max_hp_gain":0,"max_hp_loss":0,"event_name":"Upgrade Shrine","floor":5,"gold_loss":0,"cards_upgraded":["Bash"]},{"damage_healed":0,"gold_gain":0,"player_choice":"Obtained Book","damage_taken":16,"max_hp_gain":0,"max_hp_loss":0,"event_name":"Cursed Tome","floor":19,"gold_loss":0},{"cards_removed":["Defend_R"],"damage_healed":0,"gold_gain":0,"player_choice":"Offered Basic","damage_taken":0,"max_hp_gain":0,"max_hp_loss":0,"event_name":"Bonfire Elementals","floor":20,"gold_loss":0},{"damage_healed":0,"gold_gain":0,"player_choice":"Became a Ghost","damage_taken":0,"max_hp_gain":0,"max_hp_loss":40,"event_name":"Ghosts","floor":28,"gold_loss":0,"cards_obtained":["Ghostly","Ghostly","Ghostly","Ghostly","Ghostly"]},{"damage_healed":0,"gold_gain":0,"player_choice":"Got Potions","damage_taken":0,"max_hp_gain":0,"max_hp_loss":0,"event_name":"Lab","floor":30,"gold_loss":0}],"is_beta":false,"boss_relics":[{"not_picked":["Cursed Key","Sozu"],"picked":"Black Star"},{"not_picked":["Black Blood","Tiny House"],"picked":"SlaversCollar"}],"items_purged_floors":[42],"is_endless":false,"potions_floor_spawned":[1,3,12,16,18,24,29,31,36,37,38,39,40],"ascension_level":1}}