{"host":"armnliea5o2aqs4b","time":1609673654,"event":{"mods":["BaseMod","Hubris","Infinite Spire","Minty Spire (QoL Compilation)","Quick Restart","StSLib"],"gold_per_floor":[117,117,38,58,69,101,46,46,99,99,99,125,125,125,125,225,225,238,238,253,253,265,265,276,201,252,287,287,287,287],"floor_reached":29,"playtime":638,"items_purged":[],"score":286,"play_id":"8ea1fe4d-050c-470e-9247-a36a1907fc57","local_time":"20210103223414","is_ascension_mode":true,"campfire_choices":[{"data":"Inflame","floor":8,"key":"SMITH"},{"data":"Inflame","floor":11,"key":"SMITH"},{"floor":13,"key":"REST"},{"data":"hubris:InfiniteBlow+4","floor":15,"key":"SMITH"},{"data":"hubris:InfiniteBlow+5","floor":23,"key":"SMITH"},{"data":"hubris:InfiniteBlow+6","floor":28,"key":"SMITH"}],"circlet_count":0,"master_deck":["Strike_R","Strike_R","Strike_R","Strike_R","Defend_R","Defend_R","Defend_R","Defend_R","Bash+1","Inflame+1","Disarm","Inflame+1","Armaments","hubris:InfiniteBlow+7","Offering","Battle Trance","Spot Weakness","Flex"],"relics":["Burning Blood","NeowsBlessing","Lantern","Boot","Happy Flower","Vajra","Pocketwatch","hubris:Backtick","Bottled Flame","Red Skull","hubris:MedicalManual"],"acts_visited":["Exordium","TheCity"],"potions_floor_usage":[6,16],"damage_taken":[{"damage":0,"enemies":"Small Slimes","floor":1,"turns":1},{"damage":0,"enemies":"Cultist","floor":4,"turns":1},{"damage":0,"enemies":"Jaw Worm","floor":5,"turns":1},{"damage":32,"enemies":"Gremlin Nob","floor":6,"turns":4},{"damage":40,"enemies":"3 Sentries","floor":12,"turns":9},{"damage":24,"enemies":"The Guardian","floor":16,"turns":8},{"damage":11,"enemies":"Shell Parasite","floor":18,"turns":2},{"damage":6,"enemies":"Spheric Guardian","floor":20,"turns":2},{"damage":10,"enemies":"Centurion and Healer","floor":22,"turns":3},{"damage":3,"enemies":"Snecko","floor":24,"turns":3},{"damage":43,"enemies":"Book of Stabbing","floor":27,"turns":4},{"damage":42,"enemies":"Slavers","floor":29,"turns":3}],"seed_played":"-3400140210633749906","potions_obtained":[{"floor":1,"key":"DuplicationPotion"},{"floor":5,"key":"FairyPotion"},{"floor":12,"key":"Dexterity Potion"},{"floor":18,"key":"DistilledChaos"},{"floor":20,"key":"BloodPotion"}],"is_trial":false,"path_per_floor":["M","?","$","M","M","E","?","R","T","$","R","E","R","?","R","B",null,"M","AVR","M","?","M","R","M","?","T","E","R","E"],"character_chosen":"IRONCLAD","items_purchased":["Inflame"],"campfire_rested":1,"item_purchase_floors":[3],"current_hp_per_floor":[80,80,80,80,80,54,54,54,54,54,54,20,44,24,24,30,80,75,75,75,75,71,71,74,74,74,37,37,0,0],"gold":287,"neow_bonus":"THREE_ENEMY_KILL","is_daily":false,"chose_seed":false,"campfire_upgraded":5,"win_rate":0.0,"timestamp":1609673654,"path_taken":["M","?","$","M","?","E","?","R","T","?","R","E","R","?","R","BOSS","M","AVR","M","?","?","R","M","?","T","E","R","E"],"items_purchased_type":["Card"],"build_version":"2020-12-22","purchased_purges":0,"victory":false,"max_hp_per_floor":[80,80,80,80,80,80,80,80,80,80,80,80,80,80,80,80,80,80,80,80,80,80,80,80,80,80,80,80,80,80],"card_choices":[{"not_picked":["Heavy Blade","Clothesline","Feel No Pain"],"picked":"SKIP","floor":1},{"not_picked":["Clash","Heavy Blade"],"picked":"Disarm","floor":4},{"not_picked":["Havoc","Warcry"],"picked":"Inflame","floor":5},{"not_picked":["Power Through","Metallicize","Warcry"],"picked":"SKIP","floor":6},{"not_picked":["Sever Soul","Power Through"],"picked":"Armaments","floor":12},{"not_picked":["infinitespire:TheBestDefense","infinitespire:Starlight"],"picked":"hubris:InfiniteBlow+4","floor":14},{"not_picked":["Corruption","Barricade"],"picked":"Offering","floor":16},{"not_picked":["True Grit","Carnage"],"picked":"Battle Trance","floor":18},{"not_picked":["Body Slam+1","Havoc"],"picked":"Spot Weakness","floor":20},{"not_picked":["Clothesline","Blood for Blood","Feel No Pain"],"picked":"SKIP","floor":22},{"not_picked":["Body Slam","Pommel Strike","Blood for Blood+1"],"picked":"SKIP","floor":24},{"not_picked":["Reaper","Spot Weakness"],"picked":"Flex","floor":27}],"player_experience":148246,"relics_obtained":[{"floor":6,"key":"Lantern"},{"floor":9,"key":"Happy Flower"},{"floor":12,"key":"Vajra"},{"floor":26,"key":"Red Skull"},{"floor":27,"key":"hubris:MedicalManual"}],"event_choices":[{"damage_healed":0,"gold_gain":0,"player_choice":"Upgraded","damage_taken":0,"max_hp_gain":0,"max_hp_loss":0,"event_name":"Upgrade Shrine","floor":2,"gold_loss":0,"cards_upgraded":["Bash"]},{"damage_healed":0,"gold_gain":0,"player_choice":"Paid Gold","damage_taken":0,"relics_obtained":["Boot"],"max_hp_gain":0,"max_hp_loss":0,"event_name":"WeMeetAgain","floor":7,"gold_loss":55},{"damage_healed":0,"gold_gain":0,"player_choice":"Ignored","damage_taken":0,"max_hp_gain":0,"max_hp_loss":0,"event_name":"NoteForYourself","floor":21,"gold_loss":0},{"cards_removed":["Strike_R"],"damage_healed":0,"gold_gain":0,"player_choice":"Gave Gold","damage_taken":0,"max_hp_gain":0,"max_hp_loss":0,"event_name":"Beggar","floor":25,"gold_loss":75}],"is_beta":false,"boss_relics":[{"not_picked":["Mark of Pain","Sozu","Runic Pyramid"]}],"items_purged_floors":[],"is_endless":false,"potions_floor_spawned":[1,5,12,18,20],"killed_by":"Slavers","ascension_level":3}}