{"host":"Jedit","time":1609711974,"event":{"mods":["BaseMod","Minty Spire (QoL Compilation)","Relic Stats","StSLib"],"gold_per_floor":[111,36,36,56,56,90,100,100,181,210,225,252,272,289,289,363,363,374,374,374,393,393,422,422,422,422],"floor_reached":25,"playtime":927,"items_purged":[],"score":586,"play_id":"f3854508-e9e2-44ea-bb2f-ae9b312a6a56","local_time":"20210103221254","is_ascension_mode":true,"campfire_choices":[{"data":"Crippling Poison","floor":8,"key":"SMITH"},{"floor":15,"key":"REST"}],"circlet_count":0,"master_deck":["AscendersBane","Strike_G","Strike_G","Defend_G","Defend_G","Defend_G","Defend_G","Survivor","Neutralize","Crippling Poison+1","Venomology","Catalyst","Blur","Crippling Poison","Catalyst","Flechettes+1","Poisoned Stab+1","Unload+1","Acrobatics","Flechettes+1","Doppelganger","Poisoned Stab+1","Caltrops","Calculated Gamble"],"relics":["Ring of the Snake","NeowsBlessing","Akabeko","Ninja Scroll","Sundial","Mercury Hourglass","Molten Egg 2","Snecko Eye","Toy Ornithopter"],"acts_visited":["Exordium","TheCity"],"potions_floor_usage":[7,10,10,12,12,16,18,22,22,25],"damage_taken":[{"damage":0,"enemies":"Jaw Worm","floor":1,"turns":1},{"damage":0,"enemies":"2 Louse","floor":4,"turns":1},{"damage":0,"enemies":"Lagavulin","floor":6,"turns":1},{"damage":1,"enemies":"Small Slimes","floor":7,"turns":3},{"damage":15,"enemies":"3 Sentries","floor":10,"turns":13},{"damage":5,"enemies":"Exordium Thugs","floor":11,"turns":4},{"damage":2,"enemies":"Lagavulin","floor":12,"turns":6},{"damage":6,"enemies":"Blue Slaver","floor":13,"turns":3},{"damage":0,"enemies":"2 Fungi Beasts","floor":14,"turns":2},{"damage":57,"enemies":"Slime Boss","floor":16,"turns":10},{"damage":8,"enemies":"Spheric Guardian","floor":18,"turns":3},{"damage":0,"enemies":"3 Byrds","floor":21,"turns":2},{"damage":0,"enemies":"Snake Plant","floor":22,"turns":1},{"damage":0,"enemies":"Gremlin Leader","floor":23,"turns":3},{"damage":35,"enemies":"Book of Stabbing","floor":25,"turns":4}],"seed_played":"-1274792450206465790","potions_obtained":[{"floor":6,"key":"Energy Potion"},{"floor":7,"key":"ColorlessPotion"},{"floor":11,"key":"FairyPotion"},{"floor":16,"key":"GamblersBrew"},{"floor":18,"key":"Swift Potion"}],"is_trial":false,"path_per_floor":["M","?","?","M","?","E","M","R","T","E","M","E","M","M","R","B",null,"M","?","?","M","M","E","?","E"],"character_chosen":"THE_SILENT","items_purchased":[],"campfire_rested":1,"item_purchase_floors":[],"current_hp_per_floor":[59,59,59,59,59,59,58,58,58,43,38,36,30,30,49,12,53,45,45,27,27,27,27,27,0,0],"gold":422,"neow_bonus":"THREE_ENEMY_KILL","is_daily":false,"chose_seed":false,"campfire_upgraded":1,"win_rate":0.0,"timestamp":1609711974,"path_taken":["M","?","?","?","?","E","M","R","T","E","M","E","M","M","R","BOSS","M","?","?","M","M","E","?","E"],"items_purchased_type":[],"build_version":"2020-12-18","purchased_purges":0,"victory":false,"max_hp_per_floor":[66,66,66,66,66,66,66,66,66,66,66,66,66,66,66,66,66,66,66,71,71,71,71,71,71,71],"relic_stats":{"counters":[15,57],"Sundial":[6],"Snecko Eye":[23,28,20,22],"obtain_stats":[{"NeowsBlessing":0,"Ninja Scroll":6,"Sundial":9,"Snecko Eye":17,"Molten Egg 2":12,"Akabeko":5,"Toy Ornithopter":23,"Ring of the Snake":0,"Mercury Hourglass":10},{"NeowsBlessing":0,"Ninja Scroll":3,"Sundial":4,"Snecko Eye":10,"Molten Egg 2":7,"Akabeko":2,"Toy Ornithopter":14,"Ring of the Snake":0,"Mercury Hourglass":5},{"NeowsBlessing":0,"Ninja Scroll":3,"Sundial":6,"Snecko Eye":44,"Molten Egg 2":29,"Akabeko":2,"Toy Ornithopter":53,"Ring of the Snake":0,"Mercury Hourglass":19}],"Toy Ornithopter":5,"Ring of the Snake":[20],"Mercury Hourglass":[140]},"card_choices":[{"not_picked":["Acrobatics","Dodge and Roll"],"picked":"Crippling Poison","floor":1},{"not_picked":["Eviscerate","Quick Slash"],"picked":"Outmaneuver","floor":4},{"not_picked":["Prepared","Underhanded Strike"],"picked":"Catalyst","floor":6},{"not_picked":["Dodge and Roll","Wraith Form v2"],"picked":"Blur","floor":7},{"not_picked":["Dagger Throw","Dash"],"picked":"Crippling Poison","floor":10},{"not_picked":["Bane","All Out Attack"],"picked":"Catalyst","floor":11},{"not_picked":["Crippling Poison","Endless Agony+1"],"picked":"Flechettes+1","floor":12},{"not_picked":["Dagger Throw+1","Cloak And Dagger"],"picked":"Deflect","floor":13},{"not_picked":["Doppelganger","Deflect"],"picked":"Poisoned Stab+1","floor":14},{"not_picked":["Envenom","Phantasmal Killer"],"picked":"Unload+1","floor":16},{"not_picked":["Eviscerate+1","Quick Slash+1"],"picked":"Acrobatics","floor":18},{"not_picked":["Catalyst","Blade Dance"],"picked":"Poisoned Stab+1","floor":21},{"not_picked":["Quick Slash+1","Concentrate"],"picked":"Caltrops","floor":23}],"player_experience":3440083,"relics_obtained":[{"floor":6,"key":"Ninja Scroll"},{"floor":9,"key":"Sundial"},{"floor":10,"key":"Mercury Hourglass"},{"floor":12,"key":"Molten Egg 2"},{"floor":23,"key":"Toy Ornithopter"}],"event_choices":[{"cards_removed":["Strike_G"],"damage_healed":0,"gold_gain":0,"player_choice":"Card Removal","damage_taken":0,"max_hp_gain":0,"max_hp_loss":0,"event_name":"The Cleric","floor":2,"gold_loss":75},{"damage_healed":0,"gold_gain":0,"cards_transformed":["Defend_G"],"player_choice":"Change","damage_taken":0,"max_hp_gain":0,"max_hp_loss":0,"event_name":"Living Wall","floor":3,"gold_loss":0,"cards_obtained":["Venomology"]},{"cards_removed":["Outmaneuver"],"damage_healed":0,"gold_gain":0,"player_choice":"Gave Card","damage_taken":0,"relics_obtained":["Akabeko"],"max_hp_gain":0,"max_hp_loss":0,"event_name":"WeMeetAgain","floor":5,"gold_loss":0},{"damage_healed":0,"gold_gain":0,"cards_transformed":["Strike_G","Strike_G"],"player_choice":"Became Test Subject","damage_taken":0,"max_hp_gain":0,"max_hp_loss":0,"event_name":"Drug Dealer","floor":19,"gold_loss":0,"cards_obtained":["Flechettes","Doppelganger"]},{"damage_healed":0,"gold_gain":0,"player_choice":"Shed Blood","damage_taken":23,"max_hp_gain":5,"max_hp_loss":0,"event_name":"Forgotten Altar","floor":20,"gold_loss":0},{"damage_healed":0,"gold_gain":0,"cards_transformed":["Deflect"],"player_choice":"Transformed","damage_taken":0,"max_hp_gain":0,"max_hp_loss":0,"event_name":"Transmorgrifier","floor":24,"gold_loss":0,"cards_obtained":["Calculated Gamble"]}],"is_beta":true,"boss_relics":[{"not_picked":["Tiny House","Pandora\u0027s Box"],"picked":"Snecko Eye"}],"items_purged_floors":[],"is_endless":false,"potions_floor_spawned":[6,7,11,16,18,22],"killed_by":"Book of Stabbing","ascension_level":20}}