{"host":"5cddetx9rxq1mqd4","time":1609713146,"event":{"mods":["BaseMod","Minty Spire (QoL Compilation)"],"gold_per_floor":[116,116,116,134,146,146,173,173,173,98,109,109,120,138,138,211,261,272,18,37,48,60,60,60,60],"floor_reached":24,"playtime":12182,"items_purged":["Pain","Strike_R"],"score":390,"play_id":"331a2137-5f92-477c-8ab6-8fa19fa0a776","local_time":"20210103233226","is_ascension_mode":true,"campfire_choices":[{"data":"Cleave","floor":6,"key":"SMITH"},{"data":"Shrug It Off","floor":8,"key":"SMITH"},{"data":"Clothesline","floor":12,"key":"SMITH"},{"data":"Disarm","floor":15,"key":"SMITH"},{"floor":23,"key":"REST"}],"circlet_count":0,"master_deck":["AscendersBane","Strike_R","Strike_R+1","Strike_R+1","Strike_R+1","Defend_R","Defend_R","Defend_R","Defend_R","Bash","True Grit","Wild Strike","Cleave+1","Shrug It Off+1","Clothesline+1","Disarm+1","Juggernaut","Immolate","Flame Barrier","Battle Trance","Feed","Clash","Thunderclap"],"relics":["Burning Blood","NeowsBlessing","WarpedTongs","Gremlin Horn","Kunai","Tiny House"],"acts_visited":["Exordium","TheCity"],"potions_floor_usage":[7,16,16,20,24,24],"damage_taken":[{"damage":0,"enemies":"Small Slimes","floor":1,"turns":2},{"damage":1,"enemies":"2 Louse","floor":4,"turns":2},{"damage":0,"enemies":"Cultist","floor":5,"turns":1},{"damage":34,"enemies":"Gremlin Nob","floor":7,"turns":4},{"damage":0,"enemies":"Lots of Slimes","floor":11,"turns":1},{"damage":0,"enemies":"Large Slime","floor":13,"turns":3},{"damage":1,"enemies":"3 Louse","floor":14,"turns":3},{"damage":8,"enemies":"The Guardian","floor":16,"turns":12},{"damage":22,"enemies":"Shell Parasite","floor":18,"turns":8},{"damage":20,"enemies":"3 Byrds","floor":20,"turns":2},{"damage":7,"enemies":"Snecko","floor":21,"turns":6},{"damage":15,"enemies":"Cultist and Chosen","floor":22,"turns":8},{"damage":77,"enemies":"Book of Stabbing","floor":24,"turns":8}],"seed_played":"4014139899127422210","potions_obtained":[{"floor":1,"key":"DuplicationPotion"},{"floor":7,"key":"Regen Potion"},{"floor":14,"key":"LiquidMemories"},{"floor":16,"key":"LiquidBronze"},{"floor":17,"key":"Regen Potion"},{"floor":21,"key":"PowerPotion"}],"is_trial":false,"path_per_floor":["M","?","?","M","M","R","E","R","T","$","M","R","M","M","R","B",null,"M","$","M","M","M","R","E"],"character_chosen":"IRONCLAD","items_purchased":["Feed"],"campfire_rested":1,"item_purchase_floors":[19],"current_hp_per_floor":[74,51,51,56,62,62,34,34,34,34,40,40,46,51,51,64,77,61,61,47,46,37,61,0,0],"gold":60,"neow_bonus":"THREE_ENEMY_KILL","is_daily":false,"chose_seed":false,"campfire_upgraded":4,"win_rate":0.0,"timestamp":1609713146,"path_taken":["M","?","?","?","M","R","E","R","T","$","M","R","M","M","R","BOSS","M","$","M","?","M","R","E"],"items_purchased_type":["Card"],"build_version":"2020-12-22","purchased_purges":2,"victory":false,"max_hp_per_floor":[75,75,75,75,75,75,75,75,75,75,75,75,75,75,75,75,80,80,80,80,80,80,80,80,80],"card_choices":[{"not_picked":["Searing Blow","Headbutt"],"picked":"True Grit","floor":1},{"not_picked":["Anger","Dropkick"],"picked":"Wild Strike","floor":4},{"not_picked":["Havoc","Iron Wave"],"picked":"Cleave","floor":5},{"not_picked":["Second Wind","Havoc"],"picked":"Shrug It Off","floor":7},{"not_picked":["Havoc","Feel No Pain"],"picked":"Clothesline","floor":11},{"not_picked":["Dual Wield","Warcry"],"picked":"Disarm","floor":13},{"not_picked":["Intimidate","Infernal Blade"],"picked":"Juggernaut","floor":14},{"not_picked":["Brutality","Demon Form"],"picked":"Immolate","floor":16},{"not_picked":["Headbutt","Cleave"],"picked":"Flame Barrier","floor":17},{"not_picked":["Havoc","Clothesline"],"picked":"Battle Trance","floor":18},{"not_picked":["Berserk","True Grit","Warcry+1"],"picked":"SKIP","floor":20},{"not_picked":["True Grit","Dual Wield+1"],"picked":"Clash","floor":21},{"not_picked":["Body Slam","Sword Boomerang"],"picked":"Thunderclap","floor":22}],"player_experience":587976,"relics_obtained":[{"floor":7,"key":"Gremlin Horn"},{"floor":9,"key":"Kunai"}],"event_choices":[{"damage_healed":0,"gold_gain":0,"player_choice":"Entered Light","damage_taken":23,"max_hp_gain":0,"max_hp_loss":0,"event_name":"Shining Light","floor":2,"gold_loss":0,"cards_upgraded":["Strike_R","Strike_R"]},{"damage_healed":0,"gold_gain":0,"player_choice":"Rummage","damage_taken":0,"relics_obtained":["WarpedTongs"],"max_hp_gain":0,"max_hp_loss":0,"event_name":"Accursed Blacksmith","floor":3,"gold_loss":0,"cards_obtained":["Pain"]}],"is_beta":false,"boss_relics":[{"not_picked":["Cursed Key","Runic Dome"],"picked":"Tiny House"}],"items_purged_floors":[10,19],"is_endless":false,"potions_floor_spawned":[1,7,14,16,21],"killed_by":"Book of Stabbing","ascension_level":19}}