{"host":"oy4pyvr762z5n0bb","time":1609696856,"event":{"mods":["AchievementEnabler","BaseMod","Colored Map","Colored Powertips","Googly Eyes","Key Reminder","Minty Spire (QoL Compilation)","Quick Restart","Relic Sorter","StSLib","SuperFastMode","Unceasing Turn Reminder","slay the spire mod where everything is the same but ironclad has a cowboy hat"],"gold_per_floor":[109,109,184,197,197,197,224,5,30,64,64,79,79,130,130,231,231,250,250,250,250,263,32,57,57,82,112,112,129,129,146,146,146,146],"floor_reached":33,"playtime":673,"items_purged":["Strike_R"],"score":473,"play_id":"c82f050f-4186-4697-8a99-feddfa258f7b","local_time":"20210103100056","is_ascension_mode":true,"campfire_choices":[{"data":"Disarm","floor":6,"key":"SMITH"},{"data":"Inflame","floor":13,"key":"SMITH"},{"data":"Heavy Blade","floor":15,"key":"SMITH"},{"data":"Fire Breathing","floor":28,"key":"SMITH"},{"data":"Armaments","floor":30,"key":"SMITH"},{"floor":32,"key":"REST"}],"circlet_count":0,"master_deck":["Strike_R","Strike_R","Strike_R","Strike_R","Defend_R+1","Defend_R","Defend_R","Defend_R+1","Bash+1","Disarm+1","Pommel Strike","Inflame+1","Pummel","Heavy Blade+1","Immolate","Armaments+1","Fire Breathing+1","Intimidate+1","Immolate","Dual Wield"],"relics":["Burning Blood","NeowsBlessing","Mango","The Courier","Juzu Bracelet","Centennial Puzzle","Oddly Smooth Stone","Mark of Pain","Nilry\u0027s Codex","Red Skull","War Paint","Ancient Tea Set"],"acts_visited":["Exordium","TheCity"],"potions_floor_usage":[10,10,24,27,27,33,33],"damage_taken":[{"damage":0,"enemies":"Jaw Worm","floor":1,"turns":1},{"damage":0,"enemies":"2 Louse","floor":4,"turns":1},{"damage":0,"enemies":"Gremlin Nob","floor":7,"turns":1},{"damage":15,"enemies":"3 Sentries","floor":10,"turns":6},{"damage":0,"enemies":"Cultist","floor":12,"turns":3},{"damage":0,"enemies":"Slime Boss","floor":16,"turns":9},{"damage":6,"enemies":"Chosen","floor":18,"turns":3},{"damage":24,"enemies":"2 Thieves","floor":22,"turns":4},{"damage":27,"enemies":"Gremlin Leader","floor":24,"turns":6},{"damage":9,"enemies":"Book of Stabbing","floor":27,"turns":6},{"damage":14,"enemies":"Sentry and Sphere","floor":29,"turns":4},{"damage":9,"enemies":"Chosen and Byrds","floor":31,"turns":4},{"damage":75,"enemies":"Automaton","floor":33,"turns":6}],"seed_played":"-5173151397394480203","potions_obtained":[{"floor":1,"key":"DuplicationPotion"},{"floor":4,"key":"Swift Potion"},{"floor":10,"key":"Block Potion"},{"floor":18,"key":"BloodPotion"},{"floor":29,"key":"PowerPotion"},{"floor":31,"key":"Swift Potion"}],"is_trial":false,"path_per_floor":["M","?","?","M","?","R","E","$","T","E","$","M","R","?","R","B",null,"M","?","?","?","M","$","E","?","T","E","R","M","R","M","R","B"],"character_chosen":"IRONCLAD","items_purchased":["Juzu Bracelet","Pummel","Fire Potion","Immolate","Dual Wield"],"campfire_rested":1,"item_purchase_floors":[8,8,8,23,23],"current_hp_per_floor":[78,78,67,73,80,80,86,86,86,77,77,83,83,83,83,89,93,93,93,93,77,59,59,56,56,56,53,53,45,45,42,70,0,0],"gold":146,"neow_bonus":"THREE_ENEMY_KILL","is_daily":false,"chose_seed":false,"campfire_upgraded":5,"win_rate":0.0,"timestamp":1609696856,"path_taken":["M","?","?","M","?","R","E","?","T","E","$","M","R","?","R","BOSS","M","?","?","?","M","$","E","?","T","E","R","M","R","M","R","BOSS"],"items_purchased_type":["Relic","Card","Potion","Card","Card"],"build_version":"2020-12-22","purchased_purges":1,"victory":false,"max_hp_per_floor":[80,80,80,80,94,94,94,94,94,94,94,94,94,94,94,94,94,94,94,94,94,94,94,94,94,94,94,94,94,94,94,94,94,94],"card_choices":[{"not_picked":["True Grit","Rage"],"picked":"Disarm","floor":1},{"not_picked":["Heavy Blade","Thunderclap"],"picked":"Pommel Strike","floor":4},{"not_picked":["Anger","Seeing Red"],"picked":"Inflame","floor":7},{"not_picked":["Intimidate","Rupture"],"picked":"Heavy Blade","floor":10},{"not_picked":["Havoc","Uppercut","Clash"],"picked":"SKIP","floor":12},{"not_picked":["Impervious","Bludgeon"],"picked":"Immolate","floor":16},{"not_picked":["Dropkick+1","Clothesline+1"],"picked":"Armaments","floor":18},{"not_picked":["Flex+1","Rupture"],"picked":"Intimidate+1","floor":22},{"not_picked":["Shockwave","Dark Embrace","Havoc+1"],"picked":"SKIP","floor":24},{"not_picked":["Body Slam","Combust","Iron Wave"],"picked":"SKIP","floor":27},{"not_picked":["Clothesline+1","Twin Strike","Pommel Strike"],"picked":"SKIP","floor":29},{"not_picked":["Wild Strike","Anger+1","Thunderclap"],"picked":"SKIP","floor":31}],"player_experience":630872,"relics_obtained":[{"floor":7,"key":"The Courier"},{"floor":9,"key":"Centennial Puzzle"},{"floor":10,"key":"Oddly Smooth Stone"},{"floor":21,"key":"Nilry\u0027s Codex"},{"floor":24,"key":"Red Skull"},{"floor":26,"key":"War Paint"},{"floor":27,"key":"Ancient Tea Set"}],"event_choices":[{"damage_healed":0,"gold_gain":0,"player_choice":"Grow","damage_taken":0,"max_hp_gain":0,"max_hp_loss":0,"event_name":"Living Wall","floor":2,"gold_loss":0,"cards_upgraded":["Bash"]},{"damage_healed":0,"gold_gain":75,"player_choice":"Gather Gold","damage_taken":11,"max_hp_gain":0,"max_hp_loss":0,"event_name":"World of Goop","floor":3,"gold_loss":0},{"damage_healed":0,"gold_gain":0,"player_choice":"Success","damage_taken":7,"relics_obtained":["Mango"],"max_hp_gain":0,"max_hp_loss":0,"event_name":"Scrap Ooze","floor":5,"gold_loss":0},{"damage_healed":0,"gold_gain":51,"player_choice":"Gained Gold","damage_taken":0,"max_hp_gain":0,"max_hp_loss":0,"event_name":"Golden Wing","floor":14,"gold_loss":0},{"damage_healed":0,"gold_gain":0,"player_choice":"Read","damage_taken":0,"max_hp_gain":0,"max_hp_loss":0,"event_name":"The Library","floor":19,"gold_loss":0,"cards_obtained":["Fire Breathing"]},{"damage_healed":0,"gold_gain":0,"player_choice":"Got Potions","damage_taken":0,"max_hp_gain":0,"max_hp_loss":0,"event_name":"Lab","floor":20,"gold_loss":0},{"damage_healed":0,"gold_gain":0,"player_choice":"Obtained Book","damage_taken":16,"max_hp_gain":0,"max_hp_loss":0,"event_name":"Cursed Tome","floor":21,"gold_loss":0},{"damage_healed":0,"gold_gain":0,"player_choice":"0 cards matched","damage_taken":0,"max_hp_gain":0,"max_hp_loss":0,"event_name":"Match and Keep!","floor":25,"gold_loss":0,"cards_obtained":[]}],"is_beta":false,"boss_relics":[{"not_picked":["Tiny House","SacredBark"],"picked":"Mark of Pain"}],"items_purged_floors":[23],"is_endless":false,"potions_floor_spawned":[1,4,10,18,29,31],"killed_by":"Automaton","ascension_level":6}}