{"host":"tun3f817eag2bnif","time":1609689462,"event":{"mods":["BaseMod","Downfall","Marisa????????","Minty Spire (QoL Compilation)","Replay The Spire","StSLib"],"gold_per_floor":[118,118,132,148,161,161,187,258,258,269,269,14,14,14,14,119,119,131,145,156,56,73,73,84,84,108,108,108],"floor_reached":27,"playtime":2250,"items_purged":["Strike_MRS","Amnesia"],"score":265,"play_id":"aba3f730-f273-4d50-874a-5c9e2cb2dd3f","local_time":"20210103165742","is_ascension_mode":false,"campfire_choices":[{"data":"SprinkleStarSeal","floor":6,"key":"SMITH"},{"floor":11,"key":"REST"},{"data":"DoubleSpark","floor":15,"key":"SMITH"},{"data":"SatelliteIllusion","floor":15,"key":"SMITH"},{"data":"UltimateShortwave","floor":23,"key":"SMITH"},{"data":"StarBarrage","floor":23,"key":"SMITH"},{"data":"LuminesStrike","floor":25,"key":"SMITH"},{"data":"StarBarrage","floor":25,"key":"SMITH"}],"circlet_count":0,"master_deck":["Strike_MRS","Strike_MRS","Defend_MRS","Defend_MRS","Defend_MRS","Defend_MRS","MasterSpark","UpSweep+1","StarBarrage+1","SprinkleStarSeal+1","GravityBeat","6A","StarBarrage+1","Occultation+1","DoubleSpark+1","DoubleSpark","TreasureHunter","Acceleration","SporeBomb","expansioncontent:SlimeTackle","SatelliteIllusion+1","UltimateShortwave+1","AlicesGift+1","GalacticHalo","LuminesStrike+1","LuminesStrike+1","DC"],"relics":["MiniHakkero","Replay:Arrowhead","Replay:Ringing Soul","Replay:Bottled Steam","BargainBundle","Ring of Fury","ReplayTheSpireMod:Ring of Collecting","Honey Jar","Whetstone","Ring of Fangs"],"acts_visited":["Exordium","TheCity"],"potions_floor_usage":[16],"damage_taken":[{"damage":2,"enemies":"2 Louse","floor":1,"turns":3},{"damage":0,"enemies":"Cultist","floor":3,"turns":4},{"damage":6,"enemies":"Jaw Worm","floor":4,"turns":3},{"damage":12,"enemies":"Looter","floor":5,"turns":3},{"damage":11,"enemies":"Lagavulin","floor":7,"turns":5},{"damage":11,"enemies":"Lots of Slimes","floor":10,"turns":6},{"damage":15,"enemies":"Hexaghost","floor":16,"turns":7},{"damage":2,"enemies":"Chosen","floor":18,"turns":4},{"damage":10,"enemies":"2 Thieves","floor":19,"turns":3},{"damage":0,"enemies":"3 Cultists","floor":20,"turns":4},{"damage":10,"enemies":"Centurion and Healer","floor":22,"turns":5},{"damage":0,"enemies":"Shelled Parasite and Fungi","floor":24,"turns":4},{"damage":26,"enemies":"Replay:Snechameleon","floor":27,"turns":3}],"seed_played":"981598927449359564","potions_obtained":[{"floor":1,"key":"Reflective Coating"},{"floor":7,"key":"Adrenaline Potion"},{"floor":16,"key":"BlessingOfTheForge"},{"floor":22,"key":"champ:CounterPotion"},{"floor":24,"key":"PowerPotion"}],"is_trial":false,"path_per_floor":["M","?","M","M","M","R","E","T","T","M","R","$","?","?","R","B",null,"M","M","M","$","M","R","M","R","T","E"],"character_chosen":"MARISA","items_purchased":["BargainBundle","DoubleSpark","TreasureHunter","Acceleration","SporeBomb","expansioncontent:SlimeTackle","SatelliteIllusion","champ:CounterPotion"],"campfire_rested":1,"item_purchase_floors":[12,12,12,12,12,12,12,12],"current_hp_per_floor":[80,80,80,74,62,62,51,51,51,43,68,71,74,74,74,62,94,95,88,91,91,84,84,87,87,87,61,61],"gold":108,"neow_bonus":"TEN_PERCENT_HP_BONUS","is_daily":false,"chose_seed":false,"campfire_upgraded":7,"win_rate":0.0,"timestamp":1609689462,"path_taken":["M","?","M","M","?","R","E","?","T","M","R","?","?","?","R","BOSS","M","M","M","?","M","R","M","R","T","E"],"items_purchased_type":["Relic","Card","Card","Card","Card","Card","Card","Potion"],"build_version":"2020-12-22","purchased_purges":2,"victory":false,"max_hp_per_floor":[82,82,82,82,82,82,82,82,82,85,85,88,91,91,91,94,94,97,100,103,103,106,106,109,109,109,109,109],"card_choices":[{"not_picked":["MilkyWay","AsteroidBelt"],"picked":"StarBarrage","floor":1},{"not_picked":["AsteroidBelt","WitchLeyline"],"picked":"GravityBeat","floor":3},{"not_picked":["ShootingEcho","AsteroidBelt"],"picked":"6A","floor":4},{"not_picked":["Robbery","SporeBomb"],"picked":"StarBarrage","floor":5},{"not_picked":["PulseMagic","OortCloud"],"picked":"Occultation","floor":7},{"not_picked":["UnstableBomb","MagicChant"],"picked":"DoubleSpark","floor":10},{"not_picked":["JA","TreasureHunter"],"picked":"UltimateShortwave","floor":16},{"not_picked":["UnstableBomb+1","NonDirectionalLaser","GravityBeat"],"picked":"AlicesGift","floor":18},{"not_picked":["6A","SporeBomb+1","WitchLeyline"],"picked":"GalacticHalo","floor":19},{"not_picked":["NonDirectionalLaser","OneTimeOff+1","AbsoluteMagnitude"],"picked":"LuminesStrike","floor":20},{"not_picked":["DeepEcoloBomb","ShootTheMoon","DoubleSpark+1"],"picked":"LuminesStrike+1","floor":22},{"not_picked":["UnstableBomb","GalacticHalo","MeteoricShower"],"picked":"DC","floor":24}],"player_experience":48254,"relics_obtained":[{"floor":7,"key":"Replay:Arrowhead"},{"floor":8,"key":"Replay:Ringing Soul"},{"floor":9,"key":"Replay:Bottled Steam"},{"floor":13,"key":"Ring of Fury"},{"floor":13,"key":"ReplayTheSpireMod:Ring of Collecting"},{"floor":26,"key":"Whetstone"},{"floor":26,"key":"Ring of Fangs"}],"event_choices":[{"damage_healed":0,"gold_gain":0,"cards_transformed":["Strike_MRS"],"player_choice":"Transformed","damage_taken":0,"max_hp_gain":0,"max_hp_loss":0,"event_name":"Transmorgrifier","floor":2,"gold_loss":0,"cards_obtained":["SprinkleStarSeal"]},{"damage_healed":0,"gold_gain":0,"player_choice":"Forge","damage_taken":0,"max_hp_gain":0,"max_hp_loss":0,"event_name":"Accursed Blacksmith","floor":14,"gold_loss":0,"cards_upgraded":["Occultation"]}],"is_beta":false,"boss_relics":[{"not_picked":["Runic Dome","Astrolabe"],"picked":"Honey Jar"}],"items_purged_floors":[12,21],"is_endless":false,"potions_floor_spawned":[1,7,16,22,24],"killed_by":"Replay:Snechameleon","ascension_level":0}}