{"host":"tnsigirk6wurdark","time":1609634953,"event":{"mods":["BaseMod","Highlight Path","Minty Spire (QoL Compilation)","Quick Restart","Relic Sorter"],"gold_per_floor":[16,16,41,54,75,75,91,115,115,130,165,183,183,221,221,221,221],"floor_reached":16,"playtime":1112,"items_purged":[],"score":282,"play_id":"4304eb55-342e-46a4-a449-0ec217ee9be0","local_time":"20210103004913","is_ascension_mode":true,"campfire_choices":[{"floor":6,"key":"REST"},{"floor":13,"key":"REST"},{"floor":15,"key":"REST"}],"circlet_count":0,"master_deck":["AscendersBane","Strike_G","Strike_G","Strike_G","Strike_G","Strike_G","Defend_G","Defend_G","Defend_G","Defend_G","Defend_G","Survivor","Neutralize","Footwork","Injury","Sucker Punch","Dodge and Roll","Sucker Punch","Sucker Punch","Quick Slash","PiercingWail","Dodge and Roll","Corpse Explosion"],"relics":["Ring of the Snake","MealTicket","Golden Idol","Ice Cream","Tingsha"],"acts_visited":["Exordium"],"potions_floor_usage":[11,11,14,16],"damage_taken":[{"damage":2,"enemies":"2 Louse","floor":1,"turns":5},{"damage":0,"enemies":"Small Slimes","floor":3,"turns":5},{"damage":3,"enemies":"Cultist","floor":4,"turns":5},{"damage":9,"enemies":"3 Louse","floor":5,"turns":8},{"damage":3,"enemies":"Blue Slaver","floor":7,"turns":6},{"damage":3,"enemies":"Looter","floor":8,"turns":4},{"damage":0,"enemies":"3 Louse","floor":10,"turns":6},{"damage":21,"enemies":"Gremlin Nob","floor":11,"turns":5},{"damage":5,"enemies":"Red Slaver","floor":12,"turns":6},{"damage":19,"enemies":"3 Sentries","floor":14,"turns":10},{"damage":61,"enemies":"Slime Boss","floor":16,"turns":11}],"seed_played":"6699446582898100147","potions_obtained":[{"floor":3,"key":"Block Potion"},{"floor":5,"key":"PowerPotion"},{"floor":12,"key":"BlessingOfTheForge"},{"floor":14,"key":"SpeedPotion"}],"is_trial":false,"path_per_floor":["M","?","M","M","M","R","M","M","T","M","E","M","R","E","R","B"],"character_chosen":"THE_SILENT","items_purchased":[],"campfire_rested":3,"item_purchase_floors":[],"current_hp_per_floor":[57,57,57,54,45,64,61,58,58,58,37,32,51,32,51,0,0],"gold":221,"neow_bonus":"ONE_RARE_RELIC","is_daily":false,"chose_seed":false,"campfire_upgraded":0,"win_rate":0.0,"timestamp":1609634953,"path_taken":["M","?","M","M","M","R","M","M","T","M","E","M","R","E","R","BOSS"],"items_purchased_type":[],"build_version":"2020-12-22","purchased_purges":0,"victory":false,"max_hp_per_floor":[66,66,66,66,66,66,66,66,66,66,66,66,66,66,66,66,66],"card_choices":[{"not_picked":["Bane","Underhanded Strike"],"picked":"Footwork","floor":1},{"not_picked":["Flechettes","Finisher"],"picked":"Sucker Punch","floor":3},{"not_picked":["Noxious Fumes","Prepared"],"picked":"Dodge and Roll","floor":4},{"not_picked":["Eviscerate","Cloak And Dagger"],"picked":"Sucker Punch","floor":5},{"not_picked":["Catalyst","Choke"],"picked":"Sucker Punch","floor":7},{"not_picked":["Terror","Underhanded Strike"],"picked":"Quick Slash","floor":8},{"not_picked":["Reflex","Setup","Concentrate"],"picked":"SKIP","floor":10},{"not_picked":["Accuracy","Eviscerate"],"picked":"PiercingWail","floor":11},{"not_picked":["Prepared","Outmaneuver"],"picked":"Dodge and Roll","floor":12},{"not_picked":["Dodge and Roll","Poisoned Stab"],"picked":"Corpse Explosion","floor":14}],"player_experience":629908,"relics_obtained":[{"floor":11,"key":"Tingsha"},{"floor":14,"key":"MealTicket"}],"event_choices":[{"damage_healed":0,"gold_gain":0,"player_choice":"Take Wound","damage_taken":0,"relics_obtained":["Golden Idol"],"max_hp_gain":0,"max_hp_loss":0,"event_name":"Golden Idol","floor":2,"gold_loss":0,"cards_obtained":["Injury"]}],"is_beta":false,"boss_relics":[],"items_purged_floors":[],"is_endless":false,"potions_floor_spawned":[3,5,7,12,14],"killed_by":"Slime Boss","ascension_level":14}}