{"host":"6pgtslebjnyv5xmi","time":1609672625,"event":{"mods":["AchievementEnabler","BaseMod","Colored Map","Minty Spire (QoL Compilation)","Rare Cards Sparkle","StSLib","SuperFastMode","everything is the same but u backflip on backflip"],"gold_per_floor":[110,43,57,73,73,73,85,102,183,183,4,4,24,39,39,134,134,146,160,160,213,213,213,244,169,215,140,140,55,71,71,71,71,71],"floor_reached":33,"playtime":1008,"items_purged":["Strike_R"],"score":305,"play_id":"49d460a1-187d-4798-ac4a-b23cac42773d","local_time":"20210103201705","is_ascension_mode":false,"campfire_choices":[{"data":"Evolve","floor":10.0,"key":"SMITH"},{"data":"Apotheosis","floor":15,"key":"SMITH"},{"floor":23,"key":"REST"},{"floor":28,"key":"REST"},{"floor":32,"key":"RECALL"}],"circlet_count":0,"master_deck":["Strike_R","Strike_R","Strike_R+1","Defend_R","Defend_R","Defend_R","Bash+1","Fiend Fire+1","Armaments","Power Through","Seeing Red","Evolve+1","Wild Strike","Feel No Pain","Apotheosis+1","Reckless Charge","Thunderclap+1","Dark Embrace","Bloodletting","Feel No Pain"],"relics":["Burning Blood","White Beast Statue","Fusion Hammer","Juzu Bracelet","Ice Cream","Lantern","Omamori"],"acts_visited":["Exordium","TheCity"],"potions_floor_usage":[16,19,24,33,33],"damage_taken":[{"damage":8.0,"enemies":"Jaw Worm","floor":1.0,"turns":3.0},{"damage":2.0,"enemies":"Small Slimes","floor":3.0,"turns":6.0},{"damage":0.0,"enemies":"Cultist","floor":4.0,"turns":3.0},{"damage":10.0,"enemies":"Red Slaver","floor":7.0,"turns":4.0},{"damage":0.0,"enemies":"3 Louse","floor":8.0,"turns":3.0},{"damage":4,"enemies":"2 Fungi Beasts","floor":13,"turns":2},{"damage":0,"enemies":"Exordium Wildlife","floor":14,"turns":4},{"damage":0,"enemies":"Slime Boss","floor":16,"turns":5},{"damage":22,"enemies":"3 Byrds","floor":18,"turns":7},{"damage":0,"enemies":"Chosen","floor":19,"turns":4},{"damage":39,"enemies":"Book of Stabbing","floor":24,"turns":5},{"damage":4,"enemies":"Centurion and Healer","floor":30,"turns":5},{"damage":100,"enemies":"Collector","floor":33,"turns":6}],"seed_played":"5413560851312986821","potions_obtained":[{"floor":8.0,"key":"Regen Potion"},{"floor":13,"key":"PowerPotion"},{"floor":14,"key":"Energy Potion"},{"floor":16,"key":"SteroidPotion"},{"floor":18,"key":"Regen Potion"},{"floor":19,"key":"HeartOfIron"},{"floor":24,"key":"ColorlessPotion"}],"is_trial":false,"path_per_floor":["M","$","M","M","?","?","M","M","T","R","$","?","M","M","R","B",null,"M","M","?","T","?","R","E","$","T","?","R","?","M","$","R","B"],"character_chosen":"IRONCLAD","items_purchased":["Power Through","Apotheosis"],"campfire_rested":2,"item_purchase_floors":[2,11],"current_hp_per_floor":[78,78,80,80,64,64,60,66,66,66,66,59,61,67,67,73,80,64,79,79,79,64,85,61,61,61,61,85,85,85,85,85,0,0],"gold":71,"neow_bonus":"ONE_RANDOM_RARE_CARD","is_daily":false,"chose_seed":false,"campfire_upgraded":2,"win_rate":0.0,"timestamp":1609672625,"path_taken":["M","$","M","M","?","?","?","M","T","R","?","?","M","M","R","BOSS","M","M","?","?","?","R","E","$","T","?","R","?","M","?","R","BOSS"],"items_purchased_type":["Card","Card"],"build_version":"2020-12-22","purchased_purges":1,"victory":false,"max_hp_per_floor":[80,80,80,80,80,80,80,80,80,80,80,80,80,80,80,80,80,80,80,80,80,85,85,85,85,85,85,85,85,85,85,85,85,85],"card_choices":[{"not_picked":["Iron Wave","Clash"],"picked":"Armaments","floor":1.0},{"not_picked":["Iron Wave","Spot Weakness"],"picked":"Seeing Red","floor":3.0},{"not_picked":["Pummel","Body Slam"],"picked":"Evolve","floor":4.0},{"not_picked":["Sword Boomerang","Pummel"],"picked":"Wild Strike","floor":7.0},{"not_picked":["Warcry","Anger"],"picked":"Feel No Pain","floor":8.0},{"not_picked":["Infernal Blade","Armaments","Iron Wave"],"picked":"SKIP","floor":13},{"not_picked":["Combust","Warcry"],"picked":"Reckless Charge","floor":14},{"not_picked":["Warcry","Ghostly Armor"],"picked":"Thunderclap+1","floor":18},{"not_picked":["Infernal Blade","Thunderclap"],"picked":"Dark Embrace","floor":19},{"not_picked":["Blood for Blood+1","Heavy Blade"],"picked":"Feel No Pain","floor":24},{"not_picked":["Inflame+1","Whirlwind","Havoc+1"],"picked":"SKIP","floor":30}],"player_experience":669244,"relics_obtained":[{"floor":9.0,"key":"White Beast Statue"},{"floor":21,"key":"Juzu Bracelet"},{"floor":24,"key":"Ice Cream"},{"floor":26,"key":"Lantern"}],"event_choices":[{"damage_healed":0.0,"max_hp_gain":0.0,"max_hp_loss":0.0,"gold_gain":0.0,"event_name":"Shining Light","player_choice":"Entered Light","floor":5.0,"gold_loss":0.0,"damage_taken":16.0,"cards_upgraded":["Bash","Strike_R"]},{"damage_healed":0.0,"max_hp_gain":0.0,"max_hp_loss":0.0,"gold_gain":0.0,"event_name":"Upgrade Shrine","player_choice":"Upgraded","floor":6.0,"gold_loss":0.0,"damage_taken":0.0,"cards_upgraded":["Fiend Fire"]},{"cards_removed":["Strike_R"],"damage_healed":0.0,"max_hp_gain":0.0,"max_hp_loss":0.0,"gold_gain":0.0,"event_name":"Golden Wing","player_choice":"Card Removal","floor":12.0,"gold_loss":0.0,"damage_taken":7.0},{"damage_healed":0,"gold_gain":0,"player_choice":"Read","damage_taken":0,"max_hp_gain":0,"max_hp_loss":0,"event_name":"The Library","floor":20,"gold_loss":0,"cards_obtained":["Bloodletting"]},{"damage_healed":0,"gold_gain":0,"player_choice":"Shed Blood","damage_taken":20,"max_hp_gain":5,"max_hp_loss":0,"event_name":"Forgotten Altar","floor":22,"gold_loss":0},{"cards_removed":["Defend_R"],"damage_healed":0,"gold_gain":0,"player_choice":"Gave Gold","damage_taken":0,"max_hp_gain":0,"max_hp_loss":0,"event_name":"Beggar","floor":27,"gold_loss":75},{"damage_healed":0,"gold_gain":0,"player_choice":"Obtained Relic","damage_taken":0,"relics_obtained":["Omamori"],"max_hp_gain":0,"max_hp_loss":0,"event_name":"Addict","floor":29,"gold_loss":85}],"is_beta":false,"boss_relics":[{"not_picked":["Cursed Key","Busted Crown"],"picked":"Fusion Hammer"}],"items_purged_floors":[25],"is_endless":false,"potions_floor_spawned":[8,13,14,16,18,19,24,30],"killed_by":"Collector","ascension_level":0}}