{"host":"1rf9pknejqhzkc4o","time":1609636167,"event":{"mods":["BaseMod","Better Altar","Better Match","Better Note","Better Sensory Stone","Better Skull","Better Third Choice","Colored Map","Colored Powertips","Communication Mod","Minty Spire (QoL Compilation)","Quick Restart","RNG Fix","Rare Cards Sparkle","Relic Stats","StSLib"],"gold_per_floor":[211,211,211,22,22,22,22,36,107,77,97,117,134,150,150,252,252,272,46,46,61,71,71,71],"floor_reached":23,"playtime":922,"items_purged":[],"score":208,"play_id":"3b7dfd1b-c84d-4d5b-a95e-aa8b41183884","local_time":"20210103040927","is_ascension_mode":false,"campfire_choices":[{"floor":6.0,"key":"REST"},{"data":"Mayhem","floor":15.0,"key":"SMITH"}],"circlet_count":0,"master_deck":["Strike_P","Strike_P","Strike_P","Strike_P","Defend_P","Defend_P","Defend_P","Defend_P","Eruption","Vigilance","Collect+1","Mayhem+1","BowlingBash","EmptyMind+1","ClearTheMind+1","Wish+1","CurseOfTheBell","Vengeance+1","Echo Form","Crescendo+1"],"relics":["PureWater","Blood Vial","Pear","Toxic Egg 2","Calling Bell","Strawberry","Mummified Hand","CaptainsWheel","Membership Card","Vajra"],"acts_visited":["Exordium","TheCity"],"potions_floor_usage":[22],"damage_taken":[{"damage":7.0,"enemies":"Small Slimes","floor":1.0,"turns":4.0},{"damage":4.0,"enemies":"2 Louse","floor":8.0,"turns":3.0},{"damage":1.0,"enemies":"Jaw Worm","floor":11.0,"turns":5.0},{"damage":6.0,"enemies":"Large Slime","floor":12.0,"turns":8.0},{"damage":5.0,"enemies":"Lots of Slimes","floor":13.0,"turns":4.0},{"damage":21.0,"enemies":"2 Fungi Beasts","floor":14.0,"turns":3.0},{"damage":28.0,"enemies":"Slime Boss","floor":16.0,"turns":9.0},{"damage":5.0,"enemies":"Chosen","floor":18.0,"turns":4.0},{"damage":7.0,"enemies":"Shell Parasite","floor":21.0,"turns":4.0},{"damage":15,"enemies":"Snecko","floor":22,"turns":5},{"damage":76,"enemies":"Slavers","floor":23,"turns":6}],"seed_played":"6553465178594187128","potions_obtained":[{"floor":8.0,"key":"BlessingOfTheForge"},{"floor":10.0,"key":"SkillPotion"},{"floor":10.0,"key":"LiquidBronze"},{"floor":14.0,"key":"BottledMiracle"},{"floor":16.0,"key":"DuplicationPotion"},{"floor":18.0,"key":"BlessingOfTheForge"}],"is_trial":false,"path_per_floor":["M","?","?","$","?","R","T","M","T","?","M","M","M","M","R","B",null,"M","$","?","M","M","E"],"character_chosen":"WATCHER","items_purchased":["Mayhem","Membership Card","Vajra"],"campfire_rested":1,"item_purchase_floors":[4,19,19],"current_hp_per_floor":[65,65,65,65,53,72,82,78,78,78,79,75,72,53,53,27,89,84,84,84,79,66,0,0],"gold":71,"neow_bonus":"HUNDRED_GOLD","is_daily":false,"chose_seed":false,"campfire_upgraded":1,"win_rate":0.0,"timestamp":1609636167,"path_taken":["M","?","?","$","?","R","?","?","T","?","?","M","M","M","R","BOSS","M","$","?","?","M","E"],"items_purchased_type":["Card","Relic","Relic"],"build_version":"2020-12-22","purchased_purges":0,"victory":false,"max_hp_per_floor":[72,72,72,72,72,72,82,82,82,82,82,82,82,82,82,82,89,89,89,89,89,89,89,89],"relic_stats":{"Blood Vial":16,"counters":[11,55],"Mummified Hand":[15],"obtain_stats":[{"Blood Vial":5,"Calling Bell":17,"CaptainsWheel":17,"Pear":7,"Mummified Hand":17,"Strawberry":17,"Vajra":19,"Membership Card":19,"PureWater":0,"Toxic Egg 2":9},{"Blood Vial":1,"Calling Bell":7,"CaptainsWheel":7,"Pear":1,"Mummified Hand":7,"Strawberry":7,"Vajra":8,"Membership Card":8,"PureWater":0,"Toxic Egg 2":2},{"Blood Vial":4,"Calling Bell":36,"CaptainsWheel":36,"Pear":4,"Mummified Hand":36,"Strawberry":36,"Vajra":40,"Membership Card":40,"PureWater":0,"Toxic Egg 2":7}]},"card_choices":[{"not_picked":["EmptyBody","BowlingBash"],"picked":"Collect","floor":1.0},{"not_picked":["ThirdEye","FlyingSleeves"],"picked":"BowlingBash","floor":8.0},{"not_picked":["BowlingBash","Establishment"],"picked":"EmptyMind+1","floor":11.0},{"not_picked":["FlurryOfBlows","WindmillStrike","PathToVictory+1"],"picked":"SKIP","floor":12.0},{"not_picked":["Tantrum","Nirvana","EmptyFist"],"picked":"SKIP","floor":13.0},{"not_picked":["FlyingSleeves","FlurryOfBlows"],"picked":"ClearTheMind+1","floor":14.0},{"not_picked":["Brilliance","MasterReality"],"picked":"Wish+1","floor":16.0},{"not_picked":["WindmillStrike","SignatureMove"],"picked":"Vengeance+1","floor":18.0},{"not_picked":["Pray+1","SashWhip","BowlingBash"],"picked":"SKIP","floor":21.0},{"not_picked":["Prostrate+1","SashWhip"],"picked":"Crescendo+1","floor":22}],"player_experience":163452,"relics_obtained":[{"floor":7.0,"key":"Pear"},{"floor":9.0,"key":"Toxic Egg 2"},{"floor":17.0,"key":"Strawberry"},{"floor":17.0,"key":"Mummified Hand"},{"floor":17.0,"key":"CaptainsWheel"}],"event_choices":[{"damage_healed":0.0,"max_hp_gain":0.0,"max_hp_loss":0.0,"gold_gain":0.0,"event_name":"Living Wall","player_choice":"Grow","floor":2.0,"gold_loss":0.0,"damage_taken":0.0,"cards_upgraded":["Collect"]},{"damage_healed":0.0,"max_hp_gain":0.0,"max_hp_loss":0.0,"gold_gain":0.0,"event_name":"The Cleric","player_choice":"Leave","floor":3.0,"gold_loss":0.0,"damage_taken":0.0},{"damage_healed":0.0,"max_hp_gain":0.0,"max_hp_loss":0.0,"gold_gain":0.0,"event_name":"betterThird:BetterScrap","player_choice":"Relic ","floor":5.0,"gold_loss":0.0,"damage_taken":12.0,"cards_obtained":["Hemokinesis"]},{"damage_healed":0.0,"max_hp_gain":0.0,"max_hp_loss":0.0,"gold_gain":0.0,"event_name":"The Woman in Blue","player_choice":"Bought 2 Potions","floor":10.0,"gold_loss":0.0,"damage_taken":0.0},{"cards_removed":["Mayhem"],"damage_healed":0.0,"max_hp_gain":0.0,"max_hp_loss":0.0,"gold_gain":0.0,"event_name":"betterNote:BetterNote","player_choice":"Take \u0026 Give","floor":20.0,"gold_loss":0.0,"damage_taken":0.0,"cards_obtained":["Echo Form"]}],"is_beta":false,"boss_relics":[{"not_picked":["Busted Crown","Snecko Eye"],"picked":"Calling Bell"}],"items_purged_floors":[],"is_endless":false,"potions_floor_spawned":[8,11,14,16,18],"killed_by":"Slavers","ascension_level":0}}