{"host":"xepm4vdq3mgbriir","time":1609638901,"event":{"mods":["AchievementEnabler","BaseMod","Bestiary","Block Reminder","DeckTracker","Minty Spire (QoL Compilation)","Rare Cards Sparkle","Relic Stats","Spire Birthday Party","StSLib","Unceasing Turn Reminder","everything is the same but u backflip on backflip","slay the spire mod where everything is the same but ironclad has a cowboy hat"],"gold_per_floor":[110,63,73,73,73,105,119,147,147,167,142,142,174,105,105,105,105],"floor_reached":16,"playtime":593,"items_purged":[],"score":195,"play_id":"602936b5-4a51-4cbb-99c4-3ebdfd889f79","local_time":"20210102205501","is_ascension_mode":true,"campfire_choices":[{"floor":12,"key":"REST"},{"floor":15,"key":"REST"}],"circlet_count":0,"master_deck":["AscendersBane","Strike_R","Strike_R","Strike_R","Strike_R","Defend_R","Defend_R","Defend_R","Defend_R","Bash","Anger","Twin Strike","Ghostly Armor","Wild Strike","Battle Trance","Feed","Power Through","Evolve"],"relics":["Burning Blood","Turnip","Singing Bowl","Bottled Flame","Blue Candle","Paper Frog","Question Card"],"acts_visited":["Exordium"],"potions_floor_usage":[6,10,13],"damage_taken":[{"damage":0,"enemies":"Small Slimes","floor":1,"turns":5},{"damage":12,"enemies":"Jaw Worm","floor":3,"turns":2},{"damage":15,"enemies":"Gremlin Nob","floor":6,"turns":4},{"damage":0,"enemies":"Cultist","floor":7,"turns":2},{"damage":35,"enemies":"3 Sentries","floor":8,"turns":10},{"damage":21,"enemies":"Exordium Wildlife","floor":10,"turns":4},{"damage":13,"enemies":"Gremlin Nob","floor":13,"turns":3},{"damage":58,"enemies":"The Guardian","floor":16,"turns":15}],"seed_played":"-2582199625196092708","potions_obtained":[{"floor":1,"key":"SneckoOil"},{"floor":6,"key":"Strength Potion"},{"floor":8,"key":"Weak Potion"}],"is_trial":false,"path_per_floor":["M","$","M","?","T","E","M","E","T","M","?","R","E","$","R","B"],"character_chosen":"IRONCLAD","items_purchased":["Twin Strike","Evolve"],"campfire_rested":2,"item_purchase_floors":[2,14],"current_hp_per_floor":[72,72,66,59,59,50,58,29,29,14,14,36,32,32,55,0,0],"gold":105,"neow_bonus":"ONE_RARE_RELIC","is_daily":false,"chose_seed":false,"campfire_upgraded":0,"win_rate":0.0,"timestamp":1609638901,"path_taken":["M","$","M","?","?","E","M","E","T","?","?","R","E","$","R","BOSS"],"items_purchased_type":["Card","Card"],"build_version":"2020-12-22","purchased_purges":0,"victory":false,"max_hp_per_floor":[72,72,72,72,72,72,74,74,74,74,74,74,77,77,77,77,77],"relic_stats":{"Singing Bowl":2,"counters":[8,45],"Blue Candle":[0],"Turnip":[3],"Question Card":0,"obtain_stats":[{"Bottled Flame":6,"Singing Bowl":5,"Blue Candle":8,"Turnip":0,"Question Card":13,"Burning Blood":0,"Paper Frog":9},{"Bottled Flame":3,"Singing Bowl":2,"Blue Candle":5,"Turnip":0,"Question Card":7,"Burning Blood":0,"Paper Frog":5},{"Bottled Flame":11,"Singing Bowl":7,"Blue Candle":23,"Turnip":0,"Question Card":30,"Burning Blood":0,"Paper Frog":23}],"Burning Blood":36},"card_choices":[{"not_picked":["Searing Blow","Havoc"],"picked":"Anger","floor":1},{"not_picked":["Bloodletting","Sever Soul"],"picked":"Ghostly Armor","floor":3},{"not_picked":["Dual Wield","Second Wind"],"picked":"Wild Strike","floor":6},{"not_picked":["Warcry","Iron Wave","Sword Boomerang"],"picked":"Singing Bowl","floor":7},{"not_picked":["Infernal Blade","Twin Strike"],"picked":"Battle Trance","floor":8},{"not_picked":["Sword Boomerang","Anger"],"picked":"Feed","floor":10},{"not_picked":["Headbutt","Blood for Blood"],"picked":"Power Through","floor":13}],"player_experience":470147,"relics_obtained":[{"floor":5,"key":"Singing Bowl"},{"floor":6,"key":"Bottled Flame"},{"floor":8,"key":"Blue Candle"},{"floor":9,"key":"Paper Frog"},{"floor":13,"key":"Question Card"}],"event_choices":[{"cards_removed":["Strike_R"],"damage_healed":0,"gold_gain":0,"player_choice":"Card Removal","damage_taken":7,"max_hp_gain":0,"max_hp_loss":0,"event_name":"Golden Wing","floor":4,"gold_loss":0},{"damage_healed":0,"gold_gain":0,"player_choice":"Left Gold","damage_taken":0,"max_hp_gain":0,"max_hp_loss":0,"event_name":"World of Goop","floor":11,"gold_loss":25}],"is_beta":false,"boss_relics":[],"items_purged_floors":[],"is_endless":false,"potions_floor_spawned":[1,6,8],"killed_by":"The Guardian","ascension_level":13}}