{"host":"ek3xvuouaw6vk9if","time":1609643083,"event":{"mods":["BaseMod","BetterRewards","Minty Spire (QoL Compilation)","Permanent Neow","Quick Restart","Relic Stats","Replay The Spire","StSLib","The Disciple"],"gold_per_floor":[112,123,123,21,38,38,65,78,78,78,78,89,103,118,118,118,118],"floor_reached":16,"playtime":834,"items_purged":["Strike_Br"],"score":109,"play_id":"a8d10dc3-c6db-49c0-9615-a468b8f61344","local_time":"20210102220443","is_ascension_mode":true,"campfire_choices":[{"data":"Engulf","floor":6,"key":"SMITH"},{"data":"Engulf","floor":10,"key":"SMITH"},{"data":"Echoward","floor":15,"key":"SMITH"}],"circlet_count":0,"master_deck":["Strike_Br","Strike_Br","Defend_Br","Defend_Br","Defend_Br","Defend_Br","SecondHand","PatternShift","Analog","LockedTurtyl","Engulf+1","Engulf+1","Engulf+1","SlimeSpray","LockedWarPaint","Echoward+1"],"relics":["Chronometer","Letter Opener","SlipperyGoo","Gremlin Horn"],"acts_visited":["Exordium"],"potions_floor_usage":[7,12,14],"damage_taken":[{"damage":0,"enemies":"Small Slimes","floor":1,"turns":5},{"damage":7,"enemies":"Cultist","floor":2,"turns":7},{"damage":8,"enemies":"2 Louse","floor":5,"turns":3},{"damage":16,"enemies":"Lagavulin","floor":7,"turns":7},{"damage":6,"enemies":"2 Fungi Beasts","floor":8,"turns":3},{"damage":0,"enemies":"3 Louse","floor":12,"turns":3},{"damage":13,"enemies":"Blue Slaver","floor":13,"turns":4},{"damage":0,"enemies":"Gremlin Gang","floor":14,"turns":4},{"damage":10,"enemies":"Hexaghost","floor":16,"turns":13}],"seed_played":"8953022292463166696","potions_obtained":[{"floor":1,"key":"SneckoOil"},{"floor":5,"key":"ColorlessPotion"},{"floor":8,"key":"ColorlessPotion"},{"floor":12,"key":"Fire Potion"}],"is_trial":false,"path_per_floor":["M","M","?","$","M","R","E","M","T","R","?","M","M","M","R","B"],"character_chosen":"CHRONO_CLASS","items_purchased":["Engulf"],"campfire_rested":0,"item_purchase_floors":[4],"current_hp_per_floor":[65,58,51,51,43,43,27,21,21,21,21,21,8,8,8,0,0],"gold":118,"neow_bonus":"TRANSFORM_CARD","is_daily":false,"chose_seed":false,"campfire_upgraded":3,"win_rate":0.0,"timestamp":1609643083,"path_taken":["M","M","?","$","M","R","E","M","T","R","?","?","M","M","R","BOSS"],"items_purchased_type":["Card"],"build_version":"2020-12-22","purchased_purges":1,"victory":false,"max_hp_per_floor":[65,65,65,65,65,65,65,65,65,65,65,65,65,65,65,65,65],"relic_stats":{"Gremlin Horn":[3,3],"counters":[9,49],"Letter Opener":[68],"obtain_stats":[{"SlipperyGoo":7,"Gremlin Horn":9,"Chronometer":0,"Letter Opener":3},{"SlipperyGoo":4,"Gremlin Horn":5,"Chronometer":0,"Letter Opener":2},{"SlipperyGoo":22,"Gremlin Horn":25,"Chronometer":0,"Letter Opener":12}]},"card_choices":[{"not_picked":["Goo","Tempo"],"picked":"LockedTurtyl","floor":1},{"not_picked":["BlueShift","LockedWarPaint"],"picked":"Engulf","floor":2},{"not_picked":["LockedAnchor","PrimeTime"],"picked":"Engulf","floor":5},{"not_picked":["FormalWear","Fragmentalize"],"picked":"SlimeSpray","floor":7},{"not_picked":["ReapSow","HandsUpC","WindUp"],"picked":"SKIP","floor":8},{"not_picked":["LockedScales","FormalWear","HandsUpC"],"picked":"SKIP","floor":12},{"not_picked":["Parity","WatchCommand"],"picked":"LockedWarPaint","floor":13},{"not_picked":["ResonantCall","AlternateTimeline"],"picked":"Echoward","floor":14}],"player_experience":522909,"relics_obtained":[{"floor":7,"key":"SlipperyGoo"},{"floor":9,"key":"Gremlin Horn"}],"event_choices":[{"damage_healed":0,"gold_gain":0,"player_choice":"Success","damage_taken":7,"relics_obtained":["Letter Opener"],"max_hp_gain":0,"max_hp_loss":0,"event_name":"Scrap Ooze","floor":3,"gold_loss":0},{"damage_healed":0,"gold_gain":0,"player_choice":"Forge","damage_taken":0,"max_hp_gain":0,"max_hp_loss":0,"event_name":"Accursed Blacksmith","floor":11,"gold_loss":0,"cards_upgraded":["Engulf"]}],"is_beta":false,"boss_relics":[],"items_purged_floors":[4],"is_endless":false,"potions_floor_spawned":[1,5,8,12],"killed_by":"Hexaghost","ascension_level":1}}