{"host":"cr892wvdvh6p7gzy","time":1609716860,"event":{"mods":["A Magickal Journey","BaseMod","Downfall","GifTheSpireLib","Minty Spire (QoL Compilation)","READ ME - Guardian Mod","SOS???????","StSLib","The Bug Knight","The Dragon Tamer","The Necromancer","The Runesmith","The Servant 0.9.4","???Mod??????Boss"],"gold_per_floor":[99,0,13,23,34,34,34,34,45,45,45,145,164,181,197,197,197,197],"floor_reached":16,"playtime":1240,"items_purged":[],"score":94,"play_id":"d2955896-4297-4feb-94b7-6719c992e56e","local_time":"20210104003420","is_ascension_mode":false,"campfire_choices":[{"data":"Guardian:TwinSlam","floor":1,"key":"SMITH"},{"data":"Guardian:RollAttack","floor":6,"key":"SMITH"},{"data":"Guardian:DonusPower","floor":8,"key":"SMITH"}],"circlet_count":0,"master_deck":["Guardian:Strike_Guardian","Guardian:Strike_Guardian","Guardian:Strike_Guardian","Guardian:Strike_Guardian","Guardian:Defend_Guardian","Guardian:Defend_Guardian","Guardian:Defend_Guardian","Guardian:Defend_Guardian","Guardian:CurlUp","Guardian:TwinSlam+1","Guardian:Incinerate","Guardian:Gem_Red","Guardian:RefractedBeam","Guardian:DonusPower+1","Guardian:RollAttack+1","Guardian:ShieldSpikes"],"relics":["Guardian:ModeShifter","The Courier"],"acts_visited":["Exordium"],"potions_floor_usage":[],"damage_taken":[{"damage":0,"enemies":"downfall:FleeingMerchant","floor":2,"turns":4},{"damage":1,"enemies":"Cultist","floor":3,"turns":3},{"damage":0,"enemies":"2 Louse","floor":4,"turns":2},{"damage":4,"enemies":"Jaw Worm","floor":5,"turns":2},{"damage":8,"enemies":"2 Fungi Beasts","floor":9,"turns":4},{"damage":0,"enemies":"Large Slime","floor":13,"turns":4},{"damage":8,"enemies":"Red Slaver","floor":14,"turns":3},{"damage":7,"enemies":"Lots of Slimes","floor":15,"turns":5},{"damage":60,"enemies":"downfall:Silent","floor":16,"turns":12}],"seed_played":"1045862549378085671","potions_obtained":[{"floor":4,"key":"PowerPotion"},{"floor":9,"key":"Dexterity Potion"},{"floor":15,"key":"LiquidBronze"}],"is_trial":false,"path_per_floor":["R","$","M","M","M","R","T","R","M","?","?","?","M","M","M","B"],"character_chosen":"GUARDIAN","items_purchased":["Guardian:Gem_Red","Guardian:RefractedBeam"],"campfire_rested":0,"item_purchase_floors":[2,2],"current_hp_per_floor":[88,88,87,87,83,83,83,83,75,75,75,75,75,67,60,0,0,0],"gold":197,"neow_bonus":"TEN_PERCENT_HP_BONUS","is_daily":false,"chose_seed":false,"campfire_upgraded":3,"win_rate":0.0,"timestamp":1609716860,"path_taken":["R","$","M","M","M","R","T","R","M","?","?","?","?","M","M","BOSS"],"items_purchased_type":["Card","Card"],"build_version":"2020-12-22","purchased_purges":0,"victory":false,"max_hp_per_floor":[88,88,88,88,88,88,88,88,88,88,88,88,88,88,88,88,88,88],"card_choices":[{"not_picked":["Guardian:DecasProtection","Guardian:TimeCapacitor"],"picked":"Guardian:Incinerate","floor":2},{"not_picked":["Guardian:Gem_Blue","Guardian:ShieldCharger","Guardian:ChargeUp"],"picked":"SKIP","floor":3},{"not_picked":["Guardian:ShieldCharger","Guardian:RefractedBeam"],"picked":"Guardian:DonusPower","floor":4},{"not_picked":["Guardian:WalkerClaw","Guardian:TimeBomb"],"picked":"Guardian:RollAttack","floor":5},{"not_picked":["Guardian:RollAttack","Guardian:Incinerate","Guardian:Reroute"],"picked":"SKIP","floor":9},{"not_picked":["Guardian:PrismaticBeam","Guardian:Reroute"],"picked":"Guardian:ShieldSpikes","floor":13},{"not_picked":["Guardian:RollAttack","Guardian:Clone","Guardian:PrimingBeam"],"picked":"SKIP","floor":14},{"not_picked":["Guardian:TimeCapacitor","Guardian:DonusPower","Guardian:Incinerate"],"picked":"SKIP","floor":15}],"player_experience":444632,"relics_obtained":[{"floor":7,"key":"The Courier"}],"event_choices":[],"is_beta":false,"boss_relics":[],"items_purged_floors":[],"is_endless":false,"potions_floor_spawned":[4,9,15],"killed_by":"downfall:Silent","ascension_level":0}}