{"host":"lqqk09r0bn16292c","time":1609684259,"event":{"mods":["2.2 Compatiblity","BaseMod","Minty Spire (QoL Compilation)","Relic Stats","StSLib"],"gold_per_floor":[116,129,147,147,215,215,225,237,286,297,297,61,61,11,11,88,88,106,125,125,125,125,125,125],"floor_reached":23,"playtime":2425,"items_purged":["Strike_G"],"score":348,"play_id":"9478ee2a-1daf-4e2b-9baa-4f28a315e900","local_time":"20210103163059","is_ascension_mode":true,"campfire_choices":[{"floor":6,"key":"REST"},{"floor":11,"key":"REST"},{"data":"Deadly Poison","floor":13,"key":"SMITH"},{"data":"Neutralize","floor":15,"key":"SMITH"}],"circlet_count":0,"master_deck":["AscendersBane","Strike_G","Strike_G","Strike_G","Strike_G","Defend_G","Defend_G","Defend_G","Defend_G","Defend_G","Survivor","Neutralize+1","Prepared","All Out Attack","Deadly Poison+1","Terror","After Image","Caltrops","Backflip","Corpse Explosion","PiercingWail","Flying Knee+1","Writhe","Necronomicurse"],"relics":["Ring of the Snake","InkBottle","Bronze Scales","Blood Vial","Black Star","Bag of Marbles","Necronomicon"],"acts_visited":["Exordium","TheCity"],"potions_floor_usage":[19,22],"damage_taken":[{"damage":3,"enemies":"2 Louse","floor":1,"turns":3},{"damage":0,"enemies":"Small Slimes","floor":2,"turns":5},{"damage":16,"enemies":"Jaw Worm","floor":3,"turns":6},{"damage":12,"enemies":"Exordium Wildlife","floor":7,"turns":5},{"damage":6,"enemies":"Looter","floor":8,"turns":4},{"damage":6,"enemies":"Red Slaver","floor":10,"turns":4},{"damage":14,"enemies":"The Guardian","floor":16,"turns":10},{"damage":9,"enemies":"Shell Parasite","floor":18,"turns":6},{"damage":5,"enemies":"Chosen","floor":19,"turns":5},{"damage":0,"enemies":"Snake Plant","floor":22,"turns":1},{"damage":37,"enemies":"Book of Stabbing","floor":23,"turns":5}],"seed_played":"-7063888914676486101","potions_obtained":[{"floor":7,"key":"SmokeBomb"},{"floor":16,"key":"FearPotion"}],"is_trial":false,"path_per_floor":["M","M","M","?","?","R","M","M","T","M","R","$","R","$","R","B",null,"M","M","?","?","M","E"],"character_chosen":"THE_SILENT","items_purchased":["Blood Vial","Backflip"],"campfire_rested":2,"item_purchase_floors":[12,14],"current_hp_per_floor":[62,62,46,20,20,41,29,23,23,17,38,38,38,38,38,26,61,54,51,51,30,32,0,0],"gold":125,"neow_bonus":"TEN_PERCENT_HP_BONUS","is_daily":false,"chose_seed":false,"campfire_upgraded":2,"win_rate":0.0,"timestamp":1609684259,"path_taken":["M","M","M","?","?","R","M","M","T","M","R","?","R","$","R","BOSS","M","M","?","?","M","E"],"items_purchased_type":["Relic","Card"],"build_version":"2020-12-22","purchased_purges":1,"victory":false,"max_hp_per_floor":[72,72,72,72,72,72,72,72,72,72,72,72,72,72,72,72,72,72,72,72,72,72,72,72],"relic_stats":{"Blood Vial":10,"counters":[11,54],"Bronze Scales":[103],"Black Star":0,"Necronomicon":[0],"obtain_stats":[{"Blood Vial":12,"Bronze Scales":9,"Black Star":17,"Bag of Marbles":20,"Necronomicon":21,"InkBottle":4,"Ring of the Snake":0},{"Blood Vial":6,"Bronze Scales":5,"Black Star":7,"Bag of Marbles":9,"Necronomicon":9,"InkBottle":3,"Ring of the Snake":0},{"Blood Vial":27,"Bronze Scales":23,"Black Star":37,"Bag of Marbles":48,"Necronomicon":48,"InkBottle":14,"Ring of the Snake":0}],"InkBottle":[14],"Ring of the Snake":[22]},"card_choices":[{"not_picked":["Acrobatics","Cloak And Dagger"],"picked":"Prepared","floor":1},{"not_picked":["PiercingWail","Dagger Throw"],"picked":"All Out Attack","floor":2},{"not_picked":["Choke","Acrobatics"],"picked":"Deadly Poison","floor":3},{"not_picked":["Cloak And Dagger","Dagger Spray"],"picked":"Terror","floor":7},{"not_picked":["Well Laid Plans","Prepared"],"picked":"After Image","floor":8},{"not_picked":["Dagger Throw","Dagger Spray"],"picked":"Caltrops","floor":10},{"not_picked":["Bullet Time","Grand Finale"],"picked":"Corpse Explosion","floor":16},{"not_picked":["Flechettes","Prepared"],"picked":"PiercingWail","floor":18},{"not_picked":["Concentrate","Masterful Stab"],"picked":"Flying Knee+1","floor":19}],"player_experience":1320852,"relics_obtained":[{"floor":9,"key":"Bronze Scales"},{"floor":21,"key":"Necronomicon"}],"event_choices":[{"damage_healed":0,"gold_gain":0,"player_choice":"Success","damage_taken":26,"relics_obtained":["InkBottle"],"max_hp_gain":0,"max_hp_loss":0,"event_name":"Scrap Ooze","floor":4,"gold_loss":0},{"damage_healed":0,"gold_gain":68,"player_choice":"Gained Gold","damage_taken":0,"max_hp_gain":0,"max_hp_loss":0,"event_name":"Golden Wing","floor":5,"gold_loss":0},{"damage_healed":0,"gold_gain":0,"player_choice":"Opened","damage_taken":0,"relics_obtained":["Bag of Marbles"],"max_hp_gain":0,"max_hp_loss":0,"event_name":"The Mausoleum","floor":20,"gold_loss":0,"cards_obtained":["Writhe"]},{"damage_healed":0,"gold_gain":0,"player_choice":"Obtained Book","damage_taken":21,"max_hp_gain":0,"max_hp_loss":0,"event_name":"Cursed Tome","floor":21,"gold_loss":0}],"is_beta":false,"boss_relics":[{"not_picked":["Snecko Eye","SacredBark"],"picked":"Black Star"}],"items_purged_floors":[12],"is_endless":false,"potions_floor_spawned":[7,16,22],"killed_by":"Book of Stabbing","ascension_level":18}}