{"host":"6ld56ls1xbe0aj21","time":1609668131,"event":{"mods":["AchievementEnabler","BaseMod","Colored Powertips","Minty Spire (QoL Compilation)","Quick Restart","Rare Cards Sparkle","StSLib","SuperFastMode","everything is the same but u backflip on backflip","slay the spire mod where everything is the same but ironclad has a cowboy hat"],"gold_per_floor":[110,110,60,80,5,37,37,37,37,72,82,82,82,97,97,200,200,212,227,245,271,271,271,271],"floor_reached":23,"playtime":614,"items_purged":["Strike_R"],"score":314,"play_id":"ca0dd1ec-9d87-4cac-ab11-0e9b243657ce","local_time":"20210103210211","is_ascension_mode":true,"campfire_choices":[{"data":"Searing Blow","floor":7,"key":"SMITH"},{"data":"Searing Blow+1","floor":12,"key":"SMITH"},{"data":"Searing Blow+2","floor":15,"key":"SMITH"}],"circlet_count":0,"master_deck":["Defend_R","Defend_R","Defend_R","Bash","Shockwave","Searing Blow+3","Uppercut","Second Wind","Offering","Dark Embrace+1","Perfected Strike+1","Inflame+1","Decay"],"relics":["Burning Blood","NeowsBlessing","Tiny Chest","Gremlin Horn","Pantograph","FaceOfCleric","Astrolabe","Orichalcum"],"acts_visited":["Exordium","TheCity"],"potions_floor_usage":[14,16,20],"damage_taken":[{"damage":0,"enemies":"Small Slimes","floor":1,"turns":1},{"damage":0,"enemies":"Jaw Worm","floor":4,"turns":1},{"damage":0,"enemies":"Lagavulin","floor":6,"turns":1},{"damage":42,"enemies":"Gremlin Nob","floor":10,"turns":5},{"damage":0,"enemies":"Cultist","floor":11,"turns":4},{"damage":10,"enemies":"3 Louse","floor":14,"turns":2},{"damage":51,"enemies":"The Guardian","floor":16,"turns":9},{"damage":23,"enemies":"Shell Parasite","floor":18,"turns":5},{"damage":33,"enemies":"3 Byrds","floor":19,"turns":7},{"damage":18,"enemies":"Cultist and Chosen","floor":20,"turns":5},{"damage":17,"enemies":"Snake Plant","floor":23,"turns":2}],"seed_played":"3817856436443259889","potions_obtained":[{"floor":1,"key":"BlessingOfTheForge"},{"floor":6,"key":"Explosive Potion"},{"floor":14,"key":"Ancient Potion"},{"floor":16,"key":"EssenceOfSteel"},{"floor":19,"key":"GamblersBrew"},{"floor":20,"key":"Energy Potion"}],"is_trial":false,"path_per_floor":["M","?","?","M","$","E","R","$","T","E","M","R","?","M","R","B",null,"M","M","M","T","?","M"],"character_chosen":"IRONCLAD","items_purchased":[],"campfire_rested":0,"item_purchase_floors":[],"current_hp_per_floor":[78,78,78,80,80,80,80,80,80,44,50,50,50,47,47,28,69,53,27,16,16,16,0,0],"gold":271,"neow_bonus":"THREE_ENEMY_KILL","is_daily":false,"chose_seed":false,"campfire_upgraded":3,"win_rate":0.0,"timestamp":1609668131,"path_taken":["M","?","?","M","$","E","R","?","T","E","M","R","?","M","R","BOSS","M","?","M","?","?","M"],"items_purchased_type":[],"build_version":"2020-12-22","purchased_purges":1,"victory":false,"max_hp_per_floor":[80,80,80,80,80,80,80,80,80,80,80,80,80,81,81,82,82,83,84,85,85,85,85,85],"card_choices":[{"not_picked":["Armaments","Iron Wave"],"picked":"Shockwave","floor":1},{"not_picked":["Anger","Seeing Red"],"picked":"Searing Blow","floor":4},{"not_picked":["Iron Wave","Entrench"],"picked":"Uppercut","floor":6},{"not_picked":["Anger","Flex"],"picked":"Second Wind","floor":10},{"not_picked":["Twin Strike","Flex","Entrench"],"picked":"SKIP","floor":11},{"not_picked":["True Grit","Twin Strike","Fiend Fire"],"picked":"SKIP","floor":14},{"not_picked":["Reaper","Feed"],"picked":"Offering","floor":16},{"not_picked":["Body Slam","Shockwave","Feel No Pain"],"picked":"SKIP","floor":18},{"not_picked":["Burning Pact","Twin Strike","Fire Breathing"],"picked":"SKIP","floor":19},{"not_picked":["Shrug It Off","Rampage","Pummel+1"],"picked":"SKIP","floor":20}],"player_experience":268411,"relics_obtained":[{"floor":6,"key":"Tiny Chest"},{"floor":9,"key":"Gremlin Horn"},{"floor":10,"key":"Pantograph"},{"floor":21,"key":"Orichalcum"}],"event_choices":[{"cards_removed":["Strike_R"],"damage_healed":0,"gold_gain":0,"player_choice":"Forget","damage_taken":0,"max_hp_gain":0,"max_hp_loss":0,"event_name":"Living Wall","floor":2,"gold_loss":0},{"cards_removed":["Strike_R"],"damage_healed":0,"gold_gain":0,"player_choice":"Card Removal","damage_taken":0,"max_hp_gain":0,"max_hp_loss":0,"event_name":"The Cleric","floor":3,"gold_loss":50},{"damage_healed":0,"gold_gain":0,"player_choice":"Trade","damage_taken":0,"relics_obtained":["FaceOfCleric"],"max_hp_gain":0,"max_hp_loss":0,"event_name":"FaceTrader","floor":13,"gold_loss":0},{"damage_healed":0,"gold_gain":0,"player_choice":"Smashed Altar","damage_taken":0,"max_hp_gain":0,"max_hp_loss":0,"event_name":"Forgotten Altar","floor":22,"gold_loss":0,"cards_obtained":["Decay"]}],"is_beta":false,"boss_relics":[{"not_picked":["Tiny House","Ectoplasm"],"picked":"Astrolabe"}],"items_purged_floors":[5],"is_endless":false,"potions_floor_spawned":[1,6,14,16,19,20],"killed_by":"Snake Plant","ascension_level":8}}