{"host":"o2kcdk33oz5v9lro","time":1609690146,"event":{"mods":["2.2 Compatiblity","Act Like it!","Aspiration","Astrologer","BaseMod","Better Third Choice","ChefMod","Clockwork Mod","Colored Map","Conspire","DeckTracker","Downfall","Elementarium","GifTheSpireLib","Glutton Mod","Halation","Hermit","Hubris","Infinite Spire","Jedi Mod","Keyboard Shortcuts","Mad Scientist","Menagerie","Minty Spire (QoL Compilation)","Puzzle Mod","QueenMod","RatMod","Replay The Spire","Robot Space Explorer","Shade Mod","Slumbering Mod","Somnambulant","Spicy Shops","Spikes Relics","StSLib","Stuff the Spire","SuperFastMode","The Bug Knight","The Caster","The Cursed","The Death Knight","The Disciple","The Druid","The Exalted","The Exordian Avenger","The Extravagant","The Factory","The Forsaken","The Hierophant","The Judge","The Jungle","The Marked","The Necromancer","The Runesmith","The Saiyan","The Servant 0.9.4","The Showman","The Trickster","The Valiant","TheArtist","TheFirefly","TheHeartMod","TheVacant","The_Crusader","Trackpad","thorton"],"gold_per_floor":[110,110,123,141,141,141,154,154,181,212,235,235,235,269,269,393,393,393,393],"floor_reached":18,"playtime":600,"items_purged":[],"score":170,"play_id":"47faf921-4ebb-44ba-9d4d-acdbe88a25d7","local_time":"20210103170906","is_ascension_mode":false,"campfire_choices":[{"data":"RobotSpaceExplorer:MiniLasers","floor":6.0,"key":"SMITH"},{"data":"RobotSpaceExplorer:ImprovisedAttack","floor":8.0,"key":"SMITH"},{"floor":12.0,"key":"REST"},{"data":"RobotSpaceExplorer:Scanner","floor":15.0,"key":"SMITH"}],"circlet_count":0,"master_deck":["RobotSpaceExplorer:Strike","RobotSpaceExplorer:Strike","RobotSpaceExplorer:Strike","RobotSpaceExplorer:Defend","RobotSpaceExplorer:Defend","RobotSpaceExplorer:Defend","RobotSpaceExplorer:Defend","RobotSpaceExplorer:Scan","RobotSpaceExplorer:MiniLasers+1","RobotSpaceExplorer:ImprovisedAttack+1","Menagerie:Dismember","RobotSpaceExplorer:ScrapMissile","RobotSpaceExplorer:Discharger","RobotSpaceExplorer:Ammunition","RobotSpaceExplorer:Scanner+1","RobotSpaceExplorer:ShockKick","RobotSpaceExplorer:LuckyStrike","RobotSpaceExplorer:Multitool"],"relics":["RobotSpaceExplorer:RoboCore","NeowsBlessing","Golden Idol","MiniBlackHole","infinitespire:Golems Mask","infinitespire:BottledMercury","Coffee Dripper"],"acts_visited":[],"potions_floor_usage":[],"damage_taken":[{"damage":0.0,"enemies":"Menagerie:2_RABBITS","floor":1.0,"turns":1.0},{"damage":0.0,"enemies":"Menagerie:MonstrousExperiment","floor":3.0,"turns":1.0},{"damage":0.0,"enemies":"Menagerie:StygianBoar","floor":4.0,"turns":1.0},{"damage":2.0,"enemies":"Menagerie:MENAGERIE_WILDLIFE","floor":7.0,"turns":3.0},{"damage":26.0,"enemies":"Menagerie:VoidReaper","floor":10.0,"turns":8.0},{"damage":9.0,"enemies":"Menagerie:BEAST_MAGE_AND_PROWLING_AMALGAM","floor":11.0,"turns":6.0},{"damage":3.0,"enemies":"Menagerie:Hydra","floor":14.0,"turns":6.0},{"damage":13.0,"enemies":"Menagerie:Chimera","floor":16.0,"turns":7.0},{"damage":0,"enemies":"Elementarium:2_ELEMENTALS","floor":18,"turns":1}],"seed_played":"7132571028614197329","potions_obtained":[{"floor":1.0,"key":"Adrenaline Potion"},{"floor":4.0,"key":"Weak Potion"},{"floor":10.0,"key":"LifebloodPotion"}],"is_trial":false,"path_per_floor":["M","?","M","M","?","R","M","R","T","E","M","R","?","E","R","B",null,"M"],"character_chosen":"RobotSpaceExplorer","items_purchased":[],"campfire_rested":1,"item_purchase_floors":[],"current_hp_per_floor":[75,75,75,75,57,57,55,55,55,29,20,42,42,39,39,26,75,75,75],"gold":393,"neow_bonus":"THREE_ENEMY_KILL","is_daily":false,"chose_seed":false,"campfire_upgraded":3,"win_rate":0.0,"timestamp":1609690146,"path_taken":["M","?","M","M","?","R","M","R","T","E","M","R","?","E","R","BOSS","M"],"items_purchased_type":[],"build_version":"2020-12-22","purchased_purges":0,"victory":false,"max_hp_per_floor":[75,75,75,75,75,75,75,75,75,75,75,75,75,75,75,75,75,75,75],"card_choices":[{"not_picked":["RobotSpaceExplorer:ShovelStrike","RobotSpaceExplorer:StunGrenade"],"picked":"RobotSpaceExplorer:ImprovisedAttack","floor":1.0},{"not_picked":["RobotSpaceExplorer:Fix","RobotSpaceExplorer:DoubleBlock"],"picked":"RobotSpaceExplorer:ScrapMissile","floor":3.0},{"not_picked":["RobotSpaceExplorer:MiniDrones","RobotSpaceExplorer:Probe"],"picked":"RobotSpaceExplorer:Discharger","floor":4.0},{"not_picked":["RobotSpaceExplorer:MakeshiftVolley","RobotSpaceExplorer:ShovelStrike"],"picked":"RobotSpaceExplorer:Ammunition","floor":7.0},{"not_picked":["RobotSpaceExplorer:Pulsar","RobotSpaceExplorer:Counterblock"],"picked":"RobotSpaceExplorer:Scanner","floor":10.0},{"not_picked":["RobotSpaceExplorer:StunGrenade","RobotSpaceExplorer:ImprovisedAttack"],"picked":"RobotSpaceExplorer:ShockKick","floor":11.0},{"not_picked":["RobotSpaceExplorer:DoubleFind","RobotSpaceExplorer:JunkDive"],"picked":"RobotSpaceExplorer:LuckyStrike","floor":14.0},{"not_picked":["RobotSpaceExplorer:Wormhole","RobotSpaceExplorer:Asteroid"],"picked":"RobotSpaceExplorer:Multitool","floor":16.0}],"player_experience":344606,"relics_obtained":[{"floor":9.0,"key":"MiniBlackHole"},{"floor":10.0,"key":"infinitespire:Golems Mask"},{"floor":14.0,"key":"infinitespire:BottledMercury"}],"event_choices":[{"damage_healed":0.0,"max_hp_gain":0.0,"max_hp_loss":0.0,"gold_gain":0.0,"cards_transformed":["RobotSpaceExplorer:Strike"],"event_name":"Menagerie:MagesHand","player_choice":"Grasp","floor":2.0,"gold_loss":0.0,"damage_taken":0.0,"cards_obtained":["Menagerie:Dismember"]},{"damage_healed":0.0,"max_hp_gain":0.0,"max_hp_loss":0.0,"gold_gain":0.0,"event_name":"Golden Idol","player_choice":"Take Damage","floor":5.0,"gold_loss":0.0,"damage_taken":18.0,"relics_obtained":["Golden Idol"]}],"is_beta":false,"boss_relics":[{"not_picked":["hubris:RunicObelisk","halation:ForbiddenBikini"],"picked":"Coffee Dripper"}],"items_purged_floors":[],"is_endless":false,"potions_floor_spawned":[1,4,10,11],"killed_by":"Elementarium:2_ELEMENTALS","ascension_level":0}}