{"host":"pf5oese4ka0eje7d","time":1609670355,"event":{"mods":["AchievementEnabler","BaseMod","Colored Map","Minty Spire (QoL Compilation)","StSLib","SuperFastMode"],"gold_per_floor":[109,16,16,34,34,69,69,88,88,98,114,114,114,124,124,221,221,236,137,52,52,52,52,0,0,27,27,27,27,27,47,47,148,148,161,0,11,11,11],"floor_reached":38,"playtime":1154,"items_purged":["Strike_B"],"score":488,"play_id":"57f9a6f4-fd15-45d2-8cd9-869364489957","local_time":"20210103113915","is_ascension_mode":true,"campfire_choices":[{"floor":7,"key":"REST"},{"floor":13,"key":"REST"},{"data":"Redo","floor":15,"key":"SMITH"},{"data":"Redo","floor":23,"key":"SMITH"},{"floor":25,"key":"REST"},{"data":"Coolheaded","floor":28,"key":"SMITH"},{"data":"Zap","floor":30,"key":"SMITH"},{"floor":32,"key":"REST"}],"circlet_count":0,"master_deck":["Strike_B","Strike_B","Strike_B","Defend_B+1","Defend_B","Defend_B","Defend_B","Zap+1","Dualcast+1","Rainbow","Coolheaded","Capacitor","Coolheaded","Redo+1","Coolheaded+1","Redo+1","Cold Snap","CurseOfTheBell","Capacitor+1","Barrage","Coolheaded+1","Self Repair"],"relics":["FrozenCore","Question Card","War Paint","Shuriken","Calling Bell","Pen Nib","The Courier","Gambling Chip","StoneCalendar","MutagenicStrength","Oddly Smooth Stone","Molten Egg 2","Red Mask"],"acts_visited":["Exordium","TheCity","TheBeyond"],"potions_floor_usage":[6,6,11,33,33,35,38],"damage_taken":[{"damage":0,"enemies":"Cultist","floor":1,"turns":4},{"damage":10,"enemies":"Jaw Worm","floor":4,"turns":4},{"damage":26,"enemies":"Lagavulin","floor":6,"turns":7},{"damage":0,"enemies":"2 Louse","floor":8,"turns":2},{"damage":12,"enemies":"Exordium Thugs","floor":10,"turns":7},{"damage":13,"enemies":"Exordium Wildlife","floor":11,"turns":5},{"damage":4,"enemies":"Blue Slaver","floor":14,"turns":4},{"damage":30,"enemies":"Slime Boss","floor":16,"turns":12},{"damage":8,"enemies":"3 Byrds","floor":18,"turns":6},{"damage":17,"enemies":"2 Thieves","floor":24,"turns":4},{"damage":6,"enemies":"Snecko","floor":31,"turns":5},{"damage":64,"enemies":"Champ","floor":33,"turns":19},{"damage":39,"enemies":"3 Darklings","floor":35,"turns":7},{"damage":0,"enemies":"Orb Walker","floor":37,"turns":6},{"damage":26,"enemies":"Spire Growth","floor":38,"turns":6}],"seed_played":"6871030416817433887","potions_obtained":[{"floor":5,"key":"Explosive Potion"},{"floor":5,"key":"LiquidMemories"},{"floor":5,"key":"BlessingOfTheForge"},{"floor":6,"key":"GamblersBrew"},{"floor":8,"key":"Explosive Potion"},{"floor":10,"key":"PotionOfCapacity"},{"floor":11,"key":"ColorlessPotion"},{"floor":18,"key":"Fire Potion"},{"floor":31,"key":"EssenceOfSteel"},{"floor":37,"key":"SkillPotion"}],"is_trial":false,"path_per_floor":["M","$","?","M","?","E","R","M","T","M","M","?","R","M","R","B",null,"M","$","?","$","?","R","M","R","T","$","R","T","R","M","R","B",null,"M","?","M","M"],"character_chosen":"DEFECT","items_purchased":["Capacitor","Coolheaded","Barrage"],"campfire_rested":4,"item_purchase_floors":[2,2,19],"current_hp_per_floor":[75,75,68,58,58,32,54,54,54,42,29,29,51,47,47,17,61,53,53,53,53,53,53,36,58,58,58,58,58,58,52,74,10,59,20,20,20,0,0],"gold":11,"neow_bonus":"ONE_RANDOM_RARE_CARD","is_daily":false,"chose_seed":false,"campfire_upgraded":4,"win_rate":0.0,"timestamp":1609670355,"path_taken":["M","$","?","M","?","E","R","M","T","M","?","?","R","M","R","BOSS","M","$","?","$","?","R","?","R","T","$","R","?","R","M","R","BOSS","M","?","M","M"],"items_purchased_type":["Card","Card","Card"],"build_version":"2020-12-22","purchased_purges":1,"victory":false,"max_hp_per_floor":[75,75,75,75,75,75,75,75,75,75,75,75,75,75,75,75,75,75,75,75,75,75,75,75,75,75,75,75,75,75,75,75,75,75,75,75,75,75,75],"card_choices":[{"not_picked":["Gash","Steam"],"picked":"Coolheaded","floor":1},{"not_picked":["Storm","Capacitor","Cold Snap"],"picked":"Redo","floor":4},{"not_picked":["Stack","Beam Cell","Storm"],"picked":"Coolheaded","floor":6},{"not_picked":["Turbo","Steam Power","Go for the Eyes","Undo"],"picked":"SKIP","floor":8},{"not_picked":["Meteor Strike","Rebound","Heatsinks","Doom and Gloom"],"picked":"SKIP","floor":10},{"not_picked":["Ball Lightning","Darkness","Coolheaded"],"picked":"Redo","floor":11},{"not_picked":["Conserve Battery","Rebound","Redo"],"picked":"Cold Snap","floor":14},{"not_picked":["BootSequence","Cold Snap","Coolheaded"],"picked":"Capacitor+1","floor":18},{"not_picked":["Go for the Eyes","Heatsinks+1","Lockon","Beam Cell"],"picked":"SKIP","floor":24},{"not_picked":["Rebound+1","Heatsinks","Reboot","Compile Driver+1"],"picked":"SKIP","floor":31},{"not_picked":["Glacier","Steam","Sweeping Beam+1"],"picked":"Coolheaded+1","floor":35},{"not_picked":["Glacier","Double Energy+1","Tempest"],"picked":"Self Repair","floor":37}],"player_experience":312228,"relics_obtained":[{"floor":6,"key":"War Paint"},{"floor":9,"key":"Shuriken"},{"floor":17,"key":"Pen Nib"},{"floor":17,"key":"The Courier"},{"floor":17,"key":"Gambling Chip"},{"floor":26,"key":"Oddly Smooth Stone"},{"floor":29,"key":"Molten Egg 2"}],"event_choices":[{"damage_healed":0,"gold_gain":0,"player_choice":"Success","damage_taken":7,"relics_obtained":["Question Card"],"max_hp_gain":0,"max_hp_loss":0,"event_name":"Scrap Ooze","floor":3,"gold_loss":0},{"damage_healed":0,"gold_gain":0,"player_choice":"Got Potions","damage_taken":0,"max_hp_gain":0,"max_hp_loss":0,"event_name":"Lab","floor":5,"gold_loss":0},{"damage_healed":0,"gold_gain":0,"player_choice":"Bought 0 Potions","damage_taken":0,"max_hp_gain":0,"max_hp_loss":0,"event_name":"The Woman in Blue","floor":12,"gold_loss":0},{"damage_healed":0,"gold_gain":0,"player_choice":"Obtained Relic","damage_taken":0,"relics_obtained":["StoneCalendar"],"max_hp_gain":0,"max_hp_loss":0,"event_name":"Addict","floor":20,"gold_loss":85},{"damage_healed":0,"gold_gain":0,"player_choice":"Inject Mutagens","damage_taken":0,"relics_obtained":["MutagenicStrength"],"max_hp_gain":0,"max_hp_loss":0,"event_name":"Drug Dealer","floor":22,"gold_loss":0},{"damage_healed":0,"gold_gain":0,"player_choice":"Paid","damage_taken":0,"relics_obtained":["Red Mask"],"max_hp_gain":0,"max_hp_loss":0,"event_name":"Tomb of Lord Red Mask","floor":36,"gold_loss":161}],"is_beta":false,"boss_relics":[{"not_picked":["Runic Pyramid","Tiny House"],"picked":"Calling Bell"},{"not_picked":["Philosopher\u0027s Stone","Velvet Choker"],"picked":"FrozenCore"}],"items_purged_floors":[19],"is_endless":false,"potions_floor_spawned":[6,8,10,11,14,18,31,37],"killed_by":"Spire Growth","ascension_level":5}}