{"host":"wgmbtq7u7cgqo6r7","time":1609653476,"event":{"mods":["BaseMod","Colored Powertips","Downfall","Minty Spire (QoL Compilation)","Rare Cards Sparkle","StSLib","everything is the same but u backflip on backflip"],"gold_per_floor":[99,109,120,134,152,28,97,97,107,123,141,141,7,25,41,41,41,41],"floor_reached":16,"playtime":1303,"items_purged":["hexamod:Strike"],"score":98,"play_id":"753ebc69-cc46-4898-8846-88b458c519b3","local_time":"20210103005756","is_ascension_mode":false,"campfire_choices":[{"floor":1,"key":"RECALL"},{"data":"hexamod:EmpoweringStance","floor":8,"key":"SMITH"}],"circlet_count":0,"master_deck":["hexamod:Strike","hexamod:Strike","hexamod:Defend","hexamod:Defend","hexamod:Defend","hexamod:Defend","hexamod:Sear","hexamod:Float","hexamod:NightmareStrike","hexamod:EmpoweringStance+1","hexamod:Firestarter","hexamod:BurningTouch","hexamod:ParanormalForm","hexamod:StepThrough","hexamod:EmpoweredFlame","hexamod:NightmareGuise","hexamod:HeatCrush","hexamod:ThermalTransfer","hexamod:ShieldOfDarkness","hexamod:StepThrough","hexamod:EtherealExpedition"],"relics":["hexamod:SpiritBrand","HornCleat","downfall:BrokenWingStatue"],"acts_visited":["Exordium"],"potions_floor_usage":[16,16],"damage_taken":[{"damage":0,"enemies":"Cultist","floor":2,"turns":3},{"damage":0,"enemies":"Jaw Worm","floor":3,"turns":3},{"damage":0,"enemies":"2 Louse","floor":4,"turns":4},{"damage":7,"enemies":"Gremlin Gang","floor":5,"turns":5},{"damage":5,"enemies":"downfall:FleeingMerchant","floor":6,"turns":4},{"damage":6,"enemies":"Red Slaver","floor":9,"turns":4},{"damage":20,"enemies":"Large Slime","floor":10,"turns":7},{"damage":1,"enemies":"2 Fungi Beasts","floor":11,"turns":5},{"damage":0,"enemies":"downfall:FleeingMerchant","floor":13,"turns":4},{"damage":7,"enemies":"Large Slime","floor":14,"turns":7},{"damage":0,"enemies":"3 Louse","floor":15,"turns":4},{"damage":26,"enemies":"downfall:Defect","floor":16,"turns":5}],"seed_played":"1097610248297807029","potions_obtained":[{"floor":4,"key":"AttackPotion"},{"floor":5,"key":"Weak Potion"},{"floor":9,"key":"Ancient Potion"}],"is_trial":false,"path_per_floor":["R","M","M","M","M","$","T","R","M","M","M","?","$","M","M","B"],"character_chosen":"THE_SPIRIT","items_purchased":["hexamod:StepThrough","hexamod:ShieldOfDarkness","hexamod:StepThrough"],"campfire_rested":0,"item_purchase_floors":[6,13,13],"current_hp_per_floor":[70,70,70,70,63,58,58,58,52,32,31,31,31,24,24,0,0,0],"gold":41,"neow_bonus":"REMOVE_CARD","is_daily":false,"chose_seed":false,"campfire_upgraded":1,"win_rate":0.0,"timestamp":1609653476,"path_taken":["R","M","M","M","M","?","T","R","M","?","?","?","$","M","M","BOSS"],"items_purchased_type":["Card","Card","Card"],"build_version":"2020-12-22","purchased_purges":1,"victory":false,"max_hp_per_floor":[70,70,70,70,70,70,70,70,70,70,70,70,70,70,70,70,70,70],"card_choices":[{"not_picked":["hexamod:FastForward","hexamod:BacktrackSmack"],"picked":"hexamod:NightmareStrike","floor":2},{"not_picked":["hexamod:RainOfEmbers","hexamod:Incineration"],"picked":"hexamod:EmpoweringStance","floor":3},{"not_picked":["hexamod:GhostLash","hexamod:HauntingEcho"],"picked":"hexamod:Firestarter","floor":4},{"not_picked":["hexamod:AdvancingGuard","hexamod:Firestarter"],"picked":"hexamod:BurningTouch","floor":5},{"not_picked":["hexamod:EtherealExpedition","hexamod:ShieldOfDarkness"],"picked":"hexamod:ParanormalForm","floor":6},{"not_picked":["hexamod:BurningTouch","hexamod:NightmareGuise"],"picked":"hexamod:EmpoweredFlame","floor":9},{"not_picked":["hexamod:ChargedBarrage","hexamod:BacktrackSmack"],"picked":"hexamod:NightmareGuise","floor":10},{"not_picked":["hexamod:BurningTouch","hexamod:HeatMetal"],"picked":"hexamod:HeatCrush","floor":11},{"not_picked":["hexamod:EtherealExpedition","hexamod:ThirdSeal"],"picked":"hexamod:ThermalTransfer","floor":13},{"not_picked":["hexamod:NightmareStrike","hexamod:ParanormalForm","hexamod:Firestarter"],"picked":"SKIP","floor":14},{"not_picked":["hexamod:AdvancingGuard","hexamod:ShieldOfDarkness"],"picked":"hexamod:EtherealExpedition","floor":15}],"player_experience":122687,"relics_obtained":[{"floor":7,"key":"HornCleat"}],"event_choices":[],"is_beta":false,"boss_relics":[],"items_purged_floors":[6],"is_endless":false,"potions_floor_spawned":[4,5,9],"killed_by":"downfall:Defect","ascension_level":0}}