{"host":"0azimyi6n3ugndj4","time":1609696522,"event":{"mods":["2.2 Compatiblity","BaseMod","Bestiary","Conspire","Curses Come First","Defuse TimeMaze Blight","Downfall","Hermit","Hyrulean Relics","Infinite Spire","Minty Spire (QoL Compilation)","Relic Filter","Relic Stats","Replay The Spire","StSLib","SuperFastMode","The Cursed","Uncapped","¡¼?Úª?ø«¡½REMEMod"],"gold_per_floor":[141,141,183,429,471,471,564,590,590,590,149,17,167,224,224,420,420,465,465,425,425],"floor_reached":20,"playtime":370,"items_purged":[],"score":515,"play_id":"40c45048-16b8-484e-ada7-3d00f24b402f","local_time":"20210104025522","daily_mods":["SealedDeck","Hoarder","Insanity","Chimera","Specialized","Vintage","ControlledChaos","Allstar","Diverse","Colorless Cards","Heirloom","Time Dilation","Flight","downfall:Jewelcrafting","downfall:Improvised","downfall:Lament","Elite Swarm","Lethality","Midas","downfall:WorldOfGoo","downfall:Enraging","Binary"],"is_ascension_mode":true,"campfire_choices":[{"floor":15,"key":"REST"}],"circlet_count":0,"master_deck":["Demon Form+1","Wraith Form v2","Echo Form","DevaForm","Guardian:ConstructionForm","hexamod:ParanormalForm","Slimebound:DuplicatedForm","sneckomod:SerpentMind","AscendersBane","Bash","Survivor","Zap","Strike_R","Strike_G","Strike_B","Defend_R","Defend_G","Defend_P","Rampage","TheCursedMod:CursedShiv","sneckomod:SoulCleanse","TheCursedMod:CursedStaff","TheCursedMod:ManaBullet","champ:AdrenalArmor","Scrape","ReachHeaven","TheCursedMod:Stretching","champ:EnragedBash","Reprogram","hermit:Vantage","SashWhip","champ:FaceSlap","JustLucky","TheCursedMod:SmokeScreen","Replay:BluntJabs","Slimebound:ServeAndProtect","Backflip","Dagger Spray","Dark Embrace","hexamod:ThermalTransfer","TheCursedMod:Torture","sneckomod:IronFang","Bane","SandsOfTime","Halt","sneckomod:SoulRoll","Guardian:PrismaticBarrier","Indignation","hermit:BodyArmor","Slimebound:TongueLash","hermit:LowProfile","champ:BerserkersShout","Deep Breath","sneckomod:DiceCrush","Reinforced Body","TheCursedMod:CursedSpellbook","hexamod:SpectersWail","TheCursedMod:CircleOfBlood","hermit:HoleUp","True Grit","Worship","Warcry","hermit:Ricochet","Power Through","Cloak And Dagger","Power Through","Sentinel","expansioncontent:Hexaburn","Guardian:ExploitGems","Guardian:ExploitGems","sneckomod:UnknownCommonAttack","sneckomod:UnknownCommonAttack","sneckomod:UnknownCommonAttack","sneckomod:UnknownCommonSkill","sneckomod:UnknownCommonSkill","sneckomod:UnknownCommonSkill","sneckomod:UnknownUncommonAttack","sneckomod:UnknownUncommonSkill","sneckomod:UnknownUncommonPower","sneckomod:Unknown","Apotheosis","Apotheosis","Apotheosis","Apotheosis","Apotheosis","Apotheosis","Apotheosis","Apotheosis","Apotheosis","Apotheosis","Apotheosis","Apotheosis","Apotheosis","Apotheosis","Apotheosis","champ:Circumvent","champ:Circumvent","champ:Circumvent","Cloak And Dagger","Cloak And Dagger","Cloak And Dagger","hexamod:GhostLash","hexamod:GhostLash","hexamod:GhostLash","sneckomod:ImprovisedAttack","sneckomod:ImprovisedAttack","sneckomod:ImprovisedAttack","hermit:Quickdraw","hermit:Quickdraw","hermit:Quickdraw","hermit:BodyArmor","hermit:BodyArmor","hermit:BodyArmor","Defragment","Defragment","Defragment","champ:PerfectedStrike","champ:PerfectedStrike","champ:PerfectedStrike","Headbutt","Headbutt","Headbutt","WheelKick","WheelKick","WheelKick","sneckomod:SoulExchange","sneckomod:SoulExchange","sneckomod:SoulExchange","ReplayTheSpireMod:Book of Names","ReplayTheSpireMod:Book of Names","ReplayTheSpireMod:Book of Names","Doubt","Doubt","Doubt","LessonLearned","LessonLearned","LessonLearned","Slimebound:Equalize","Slimebound:Equalize","Slimebound:Equalize"],"relics":["Burning Blood","Frozen Eye","Busted Crown","REME_ComplimentaryCards","Guardian:PickAxe","NeowsBlessing","Du-Vu Doll","Pen Nib","Lizard Tail","Charon\u0027s Ashes","Orichalcum","zeldaRelics:CourageTriforce","REME_OnlineShoppingPlatform","Ornamental Fan","ReplayTheSpireMod:ShopPack","Question Card","zeldaRelics:MasterSword","infinitespire:Joker Card"],"acts_visited":["Exordium","TheCity"],"potions_floor_usage":[16,20,20],"damage_taken":[{"damage":0,"enemies":"Small Slimes","floor":1,"turns":1},{"damage":3,"enemies":"Cultist","floor":3,"turns":1},{"damage":0,"enemies":"conspire:RoseBush","floor":5,"turns":1},{"damage":8,"enemies":"Replay:BlueRogue","floor":7,"turns":3},{"damage":0,"enemies":"Large Slime","floor":14,"turns":1},{"damage":32,"enemies":"The Guardian","floor":16,"turns":5},{"damage":6,"enemies":"conspire:FuzzyDice","floor":18,"turns":3},{"damage":84,"enemies":"3 Byrds","floor":20,"turns":2}],"seed_played":"2235210597654009534","potions_obtained":[{"floor":1,"key":"Flashbang"},{"floor":5,"key":"SpeedPotion"},{"floor":7,"key":"Flashbang"}],"is_trial":true,"path_per_floor":["M","?","M","?","M","?","E","T","T","?","$","$","?","M","R","B",null,"M","?","M"],"character_chosen":"IRONCLAD","items_purchased":["REME_OnlineShoppingPlatform","Ornamental Fan","ReplayTheSpireMod:ShopPack"],"campfire_rested":1,"item_purchase_floors":[11,11,12],"current_hp_per_floor":[74,74,75,51,57,46,44,44,44,26,26,26,26,32,54,28,55,55,55,0,0],"gold":425,"neow_bonus":"","is_daily":false,"chose_seed":false,"campfire_upgraded":0,"win_rate":0.0,"timestamp":1609696522,"path_taken":["M","?","?","?","M","?","E","?","T","?","?","$","?","?","R","BOSS","M","?","?"],"items_purchased_type":["Relic","Relic","Relic"],"build_version":"2020-12-22","purchased_purges":0,"victory":false,"max_hp_per_floor":[75,75,75,75,75,75,75,75,75,75,75,75,75,75,75,75,55,55,55,55,55],"relic_stats":{"Lizard Tail":27,"Busted Crown":20,"counters":[8,17],"Ornamental Fan":[20],"Pen Nib":[3],"Charon\u0027s Ashes":[112],"Orichalcum":[18],"Question Card":2,"obtain_stats":[{"NeowsBlessing":0,"Pen Nib":1,"Charon\u0027s Ashes":5,"infinitespire:Joker Card":18,"Orichalcum":6,"Question Card":14,"Burning Blood":0,"zeldaRelics:CourageTriforce":9,"Guardian:PickAxe":0,"Du-Vu Doll":0,"Frozen Eye":0,"Lizard Tail":3,"Busted Crown":0,"Ornamental Fan":11,"zeldaRelics:MasterSword":17,"zeldaRelics:CouragePiece":7,"REME_OnlineShoppingPlatform":11,"REME_ComplimentaryCards":0,"ReplayTheSpireMod:ShopPack":12},{"NeowsBlessing":0,"Pen Nib":1,"Charon\u0027s Ashes":3,"infinitespire:Joker Card":7,"Orichalcum":3,"Question Card":5,"Burning Blood":0,"zeldaRelics:CourageTriforce":4,"Guardian:PickAxe":0,"Du-Vu Doll":0,"Frozen Eye":0,"Lizard Tail":2,"Busted Crown":0,"Ornamental Fan":4,"zeldaRelics:MasterSword":6,"zeldaRelics:CouragePiece":4,"REME_OnlineShoppingPlatform":4,"REME_ComplimentaryCards":0,"ReplayTheSpireMod:ShopPack":4},{"NeowsBlessing":0,"Pen Nib":1,"Charon\u0027s Ashes":3,"infinitespire:Joker Card":15,"Orichalcum":3,"Question Card":7,"Burning Blood":0,"zeldaRelics:CourageTriforce":6,"Guardian:PickAxe":0,"Du-Vu Doll":0,"Frozen Eye":0,"Lizard Tail":2,"Busted Crown":0,"Ornamental Fan":6,"zeldaRelics:MasterSword":12,"zeldaRelics:CouragePiece":6,"REME_OnlineShoppingPlatform":6,"REME_ComplimentaryCards":0,"ReplayTheSpireMod:ShopPack":6}],"Burning Blood":40},"card_choices":[{"not_picked":["ReplayTheSpireMod:Haul","infinitespire:Menacing"],"picked":"ReplayTheSpireMod:Book of Names","floor":10},{"not_picked":[],"picked":"LessonLearned","floor":16}],"player_experience":1519758,"relics_obtained":[{"floor":1,"key":"Pen Nib"},{"floor":3,"key":"Lizard Tail"},{"floor":5,"key":"Charon\u0027s Ashes"},{"floor":7,"key":"zeldaRelics:CouragePiece"},{"floor":8,"key":"zeldaRelics:CouragePiece"},{"floor":9,"key":"zeldaRelics:CouragePiece"},{"floor":14,"key":"Question Card"},{"floor":18,"key":"infinitespire:Joker Card"}],"event_choices":[{"damage_healed":0,"gold_gain":0,"player_choice":"Upgraded","damage_taken":0,"max_hp_gain":0,"max_hp_loss":0,"event_name":"Upgrade Shrine","floor":2,"gold_loss":0,"cards_upgraded":["Demon Form"]},{"damage_healed":0,"gold_gain":0,"player_choice":"Success","damage_taken":11,"relics_obtained":["Orichalcum"],"max_hp_gain":0,"max_hp_loss":0,"event_name":"Scrap Ooze","floor":6,"gold_loss":0},{"damage_healed":0,"gold_gain":150,"player_choice":"AGREE","damage_taken":0,"max_hp_gain":0,"max_hp_loss":0,"event_name":"Liars Game","floor":13,"gold_loss":0,"cards_obtained":["Doubt"]},{"damage_healed":0,"gold_gain":0,"cards_transformed":["Eruption"],"player_choice":"Transformed","damage_taken":0,"max_hp_gain":0,"max_hp_loss":0,"event_name":"Transmorgrifier","floor":19,"gold_loss":0,"cards_obtained":["Slimebound:Equalize"]}],"is_beta":false,"boss_relics":[{"not_picked":["Mark of Pain","REME_DemonsWealth"],"picked":"zeldaRelics:MasterSword"}],"items_purged_floors":[],"is_endless":false,"potions_floor_spawned":[1,5,7,14],"killed_by":"3 Byrds","ascension_level":20}}