{"host":"sfkslwp4t49i7lrt","time":1609683670,"event":{"mods":["BaseMod","Bestiary","Block Reminder","Downfall","Highlight Path","Minty Spire (QoL Compilation)","Relic Stats","StSLib","everything is the same but u backflip on backflip","slay the spire mod where everything is the same but ironclad has a cowboy hat"],"gold_per_floor":[99,118,118,134,146,156,181,181,181,181,191,222,25,41,60,60,60],"floor_reached":16,"playtime":734,"items_purged":[],"score":151,"play_id":"a022237c-17f6-49e6-8d88-3bb4f574a340","local_time":"20210103212110","is_ascension_mode":true,"campfire_choices":[{"data":"hexamod:Float","floor":1,"key":"SMITH"},{"data":"hexamod:ShieldOfDarkness","floor":9,"key":"SMITH"}],"circlet_count":0,"master_deck":["hexamod:Strike","hexamod:Strike","hexamod:Strike","hexamod:Strike","hexamod:Defend","hexamod:Defend","hexamod:Defend","hexamod:Defend","hexamod:Sear","hexamod:Float+1","hexamod:SpectersWail+1","hexamod:Hexaguard","hexamod:ShieldOfDarkness+1","hexamod:GhostOfSpireFuture","hexamod:BacktrackSmack","hexamod:HauntingEcho","hexamod:FastForward","hexamod:StepThrough"],"relics":["hexamod:SpiritBrand","Happy Flower","downfall:BrokenWingStatue","Lantern","Guardian:PocketSentry"],"acts_visited":["Exordium"],"potions_floor_usage":[0,6,10,16,16],"damage_taken":[{"damage":2,"enemies":"Jaw Worm","floor":2,"turns":3},{"damage":0,"enemies":"Cultist","floor":4,"turns":3},{"damage":1,"enemies":"2 Louse","floor":5,"turns":2},{"damage":0,"enemies":"Lots of Slimes","floor":6,"turns":2},{"damage":10,"enemies":"Gremlin Gang","floor":11,"turns":4},{"damage":11,"enemies":"3 Sentries","floor":12,"turns":9},{"damage":0,"enemies":"downfall:FleeingMerchant","floor":13,"turns":4},{"damage":0,"enemies":"Exordium Thugs","floor":14,"turns":3},{"damage":0,"enemies":"Exordium Wildlife","floor":15,"turns":3},{"damage":77,"enemies":"downfall:Defect","floor":16,"turns":11}],"seed_played":"3805124493435302282","potions_obtained":[{"floor":0,"key":"LiquidMemories"},{"floor":0,"key":"ColorlessPotion"},{"floor":0,"key":"Fruit Juice"},{"floor":4,"key":"SpeedPotion"},{"floor":10,"key":"Fruit Juice"},{"floor":10,"key":"Guardian:BlockOnCardUsePotion"},{"floor":12,"key":"Strength Potion"}],"is_trial":false,"path_per_floor":["R","M","?","M","M","M","T","?","R","?","M","E","$","M","M","B"],"character_chosen":"THE_SPIRIT","items_purchased":["hexamod:FastForward","Guardian:PocketSentry"],"campfire_rested":0,"item_purchase_floors":[13,13],"current_hp_per_floor":[68,66,66,66,65,65,65,65,65,70,60,49,49,49,49,0,0],"gold":60,"neow_bonus":"THREE_SMALL_POTIONS","is_daily":false,"chose_seed":false,"campfire_upgraded":2,"win_rate":0.0,"timestamp":1609683670,"path_taken":["R","M","?","M","?","M","T","?","R","?","M","E","$","M","M","BOSS"],"items_purchased_type":["Card","Relic"],"build_version":"2020-12-22","purchased_purges":0,"victory":false,"max_hp_per_floor":[75,75,75,75,75,75,75,75,75,80,80,80,80,80,80,80,80],"relic_stats":{"Happy Flower":[11],"counters":[10,44],"obtain_stats":[{"Lantern":12,"downfall:BrokenWingStatue":8,"Happy Flower":7,"Guardian:PocketSentry":13,"hexamod:SpiritBrand":0},{"Lantern":6,"downfall:BrokenWingStatue":4,"Happy Flower":4,"Guardian:PocketSentry":7,"hexamod:SpiritBrand":0},{"Lantern":23,"downfall:BrokenWingStatue":10,"Happy Flower":10,"Guardian:PocketSentry":27,"hexamod:SpiritBrand":0}]},"card_choices":[{"not_picked":["hexamod:RetreatToShadows","hexamod:RecurringNightmare"],"picked":"hexamod:SpectersWail","floor":2},{"not_picked":["hexamod:Firestarter","hexamod:NightmareStrike"],"picked":"hexamod:Hexaguard","floor":4},{"not_picked":["hexamod:GhostflameBarrier","hexamod:BurningTouch"],"picked":"hexamod:ShieldOfDarkness","floor":5},{"not_picked":["hexamod:EtherealExpedition","hexamod:GhostOfSpirePresent"],"picked":"hexamod:GhostOfSpireFuture","floor":6},{"not_picked":["hexamod:ExtraCrispy","hexamod:Incineration","hexamod:InspiringFlames"],"picked":"SKIP","floor":11},{"not_picked":["hexamod:TurnItUp","hexamod:Hexaguard"],"picked":"hexamod:BacktrackSmack","floor":12},{"not_picked":["hexamod:Firestarter","hexamod:Haunt"],"picked":"hexamod:HauntingEcho","floor":13},{"not_picked":["hexamod:HauntingEcho","hexamod:HeatCrush","hexamod:Again"],"picked":"SKIP","floor":14},{"not_picked":["hexamod:SoulSteal","hexamod:ThermalTransfer"],"picked":"hexamod:StepThrough","floor":15}],"player_experience":436868,"relics_obtained":[{"floor":7,"key":"Happy Flower"},{"floor":12,"key":"Lantern"}],"event_choices":[{"damage_healed":0,"gold_gain":0,"player_choice":"Got Potions","damage_taken":0,"max_hp_gain":0,"max_hp_loss":0,"event_name":"Lab","floor":10,"gold_loss":0}],"is_beta":false,"boss_relics":[],"items_purged_floors":[],"is_endless":false,"potions_floor_spawned":[4,5,11,12,14,15],"killed_by":"downfall:Defect","ascension_level":9}}