{"host":"mcdusr64esz012l0","time":1609635606,"event":{"mods":["BaseMod","Minty Spire (QoL Compilation)","Relic Stats"],"gold_per_floor":[115,115,134,144,144,144,176,176,176,190,219,234,264,322,322,393,393,413,413,424,83,95,95,130,130,156,156,20,35,35,70,70,147,147,147,165,218,30,46,46,56,56,56,86,86,121,141,151,151,151,151,151],"floor_reached":51,"playtime":2143,"items_purged":["Strike_R","Strike_R","Decay"],"score":1530,"play_id":"1e914c6a-0b5b-4d6c-9b8d-f0eedc855e50","local_time":"20210102200006","is_ascension_mode":true,"campfire_choices":[{"data":"Immolate","floor":6,"key":"SMITH"},{"data":"Clothesline","floor":8,"key":"SMITH"},{"data":"Demon Form","floor":15,"key":"SMITH"},{"data":"1","floor":23,"key":"LIFT"},{"data":"Heavy Blade","floor":27,"key":"SMITH"},{"data":"Feel No Pain","floor":32,"key":"SMITH"},{"data":"2","floor":40,"key":"LIFT"},{"data":"3","floor":42,"key":"LIFT"},{"floor":49,"key":"REST"}],"circlet_count":0,"master_deck":["AscendersBane","Strike_R","Strike_R","Defend_R","Defend_R","Defend_R","Defend_R","Bash","Clothesline+1","Bash","Immolate+1","Demon Form+1","Pummel","Flame Barrier","Flame Barrier","Offering","Heavy Blade+1","Burning Pact","Feel No Pain+1","Barricade","Impervious","Flame Barrier","Shrug It Off","Evolve","Heavy Blade+1","Exhume","True Grit+1"],"relics":["Burning Blood","NeowsBlessing","Question Card","Art of War","Darkstone Periapt","Sundial","Girya","Snecko Eye","Membership Card","Singing Bowl","Mercury Hourglass","MutagenicStrength","Medical Kit","InkBottle","Runic Cube","Charon\u0027s Ashes","OrangePellets","Toy Ornithopter","Ornamental Fan","Ice Cream"],"acts_visited":["Exordium","TheCity","TheBeyond"],"potions_floor_usage":[7,14,31,31,35,37,51,51],"damage_taken":[{"damage":0,"enemies":"Small Slimes","floor":1,"turns":1},{"damage":0,"enemies":"Cultist","floor":3,"turns":1},{"damage":0,"enemies":"Jaw Worm","floor":4,"turns":1},{"damage":10,"enemies":"Lagavulin","floor":7,"turns":4},{"damage":0,"enemies":"3 Louse","floor":10,"turns":1},{"damage":15,"enemies":"3 Sentries","floor":11,"turns":4},{"damage":9,"enemies":"Looter","floor":12,"turns":3},{"damage":25,"enemies":"Lagavulin","floor":13,"turns":5},{"damage":8,"enemies":"3 Sentries","floor":14,"turns":5},{"damage":12,"enemies":"Hexaghost","floor":16,"turns":7},{"damage":0,"enemies":"2 Thieves","floor":18,"turns":2},{"damage":0,"enemies":"Chosen","floor":20,"turns":2},{"damage":0,"enemies":"Shelled Parasite and Fungi","floor":22,"turns":1},{"damage":41,"enemies":"Book of Stabbing","floor":24,"turns":5},{"damage":0,"enemies":"3 Cultists","floor":29,"turns":3},{"damage":17,"enemies":"Slavers","floor":31,"turns":4},{"damage":26,"enemies":"Champ","floor":33,"turns":8},{"damage":0,"enemies":"3 Darklings","floor":35,"turns":1},{"damage":12,"enemies":"Orb Walker","floor":36,"turns":3},{"damage":8,"enemies":"2 Orb Walkers","floor":37,"turns":3},{"damage":0,"enemies":"Maw","floor":39,"turns":6},{"damage":0,"enemies":"4 Shapes","floor":41,"turns":3},{"damage":0,"enemies":"Nemesis","floor":44,"turns":7},{"damage":18,"enemies":"Giant Head","floor":46,"turns":6},{"damage":12,"enemies":"Transient","floor":47,"turns":6},{"damage":25,"enemies":"Spire Growth","floor":48,"turns":6},{"damage":28,"enemies":"Donu and Deca","floor":50,"turns":5},{"damage":102,"enemies":"Awakened One","floor":51,"turns":4}],"seed_played":"2947424749912871921","potions_obtained":[{"floor":1,"key":"LiquidMemories"},{"floor":12,"key":"Block Potion"},{"floor":16,"key":"Explosive Potion"},{"floor":20,"key":"SteroidPotion"},{"floor":22,"key":"Energy Potion"},{"floor":31,"key":"SmokeBomb"},{"floor":33,"key":"GamblersBrew"},{"floor":41,"key":"BloodPotion"},{"floor":44,"key":"BloodPotion"}],"is_trial":false,"path_per_floor":["M","?","M","M","?","R","E","R","T","M","E","M","E","?","R","B",null,"M","?","M","$","M","R","E","?","T","R","$","M","?","E","R","B",null,"M","M","?","$","M","R","M","R","T","E","?","E","M","M","R","B","B"],"character_chosen":"IRONCLAD","items_purchased":["Membership Card","Singing Bowl","Medical Kit","OrangePellets","Flame Barrier"],"campfire_rested":1,"item_purchase_floors":[21,21,28,38,38],"current_hp_per_floor":[74,74,75,75,68,68,64,64,64,70,61,58,39,37,37,31,64,70,70,75,75,75,75,40,40,40,40,40,48,54,43,43,23,68,74,70,70,70,76,76,82,82,82,87,87,75,71,52,78,56,0,0],"gold":151,"neow_bonus":"THREE_ENEMY_KILL","is_daily":false,"chose_seed":false,"campfire_upgraded":5,"win_rate":0.0,"timestamp":1609635606,"path_taken":["M","?","M","?","?","R","E","R","T","M","E","M","E","?","R","BOSS","M","?","M","$","M","R","E","?","T","R","$","M","?","E","R","BOSS","M","?","?","$","M","R","M","R","T","E","?","E","M","?","R","BOSS","BOSS"],"items_purchased_type":["Relic","Relic","Relic","Relic","Card"],"build_version":"2020-12-22","purchased_purges":3,"victory":false,"max_hp_per_floor":[75,75,75,75,75,75,75,75,75,75,75,75,75,75,75,75,75,75,75,75,75,75,75,75,75,75,75,75,77,83,83,83,83,83,83,85,87,87,87,87,87,87,87,87,87,87,89,89,89,89,89,89],"relic_stats":{"Darkstone Periapt":6,"Singing Bowl":8,"counters":[28,107],"Charon\u0027s Ashes":[121],"Question Card":21,"Medical Kit":[18],"Burning Blood":143,"Mercury Hourglass":[206],"OrangePellets":[14],"Sundial":[18],"Ornamental Fan":[28],"Snecko Eye":[98,100,87,95],"Art of War":[22],"obtain_stats":[{"Darkstone Periapt":11,"Ice Cream":46,"Girya":14,"NeowsBlessing":0,"Singing Bowl":21,"Charon\u0027s Ashes":37,"Question Card":7,"Medical Kit":28,"Burning Blood":0,"Mercury Hourglass":24,"OrangePellets":38,"Sundial":13,"Ornamental Fan":44,"MutagenicStrength":25,"Snecko Eye":17,"Art of War":9,"Membership Card":21,"InkBottle":31,"Toy Ornithopter":43,"Runic Cube":34},{"Darkstone Periapt":6,"Ice Cream":24,"Girya":9,"NeowsBlessing":0,"Singing Bowl":12,"Charon\u0027s Ashes":20,"Question Card":4,"Medical Kit":14,"Burning Blood":0,"Mercury Hourglass":14,"OrangePellets":20,"Sundial":8,"Ornamental Fan":23,"MutagenicStrength":14,"Snecko Eye":10,"Art of War":4,"Membership Card":12,"InkBottle":16,"Toy Ornithopter":22,"Runic Cube":17},{"Darkstone Periapt":12,"Ice Cream":86,"Girya":25,"NeowsBlessing":0,"Singing Bowl":36,"Charon\u0027s Ashes":64,"Question Card":7,"Medical Kit":42,"Burning Blood":0,"Mercury Hourglass":42,"OrangePellets":64,"Sundial":20,"Ornamental Fan":80,"MutagenicStrength":42,"Snecko Eye":32,"Art of War":7,"Membership Card":36,"InkBottle":49,"Toy Ornithopter":73,"Runic Cube":57}],"InkBottle":[21],"Toy Ornithopter":10,"Runic Cube":[23]},"card_choices":[{"not_picked":["Pummel","Dropkick"],"picked":"Clothesline","floor":1},{"not_picked":["Dual Wield","Armaments","Flex"],"picked":"SKIP","floor":3},{"not_picked":["Armaments","Metallicize"],"picked":"Immolate","floor":4},{"not_picked":["Iron Wave","Body Slam","Searing Blow"],"picked":"SKIP","floor":7},{"not_picked":["Blood for Blood","Flex","Sentinel","Carnage"],"picked":"SKIP","floor":10},{"not_picked":["Limit Break","Perfected Strike","Battle Trance"],"picked":"Demon Form","floor":11},{"not_picked":["Cleave","Seeing Red","Dark Embrace"],"picked":"Pummel","floor":12},{"not_picked":["Reckless Charge","Pommel Strike","Searing Blow"],"picked":"Flame Barrier","floor":13},{"not_picked":["Pommel Strike","True Grit","Heavy Blade"],"picked":"Flame Barrier","floor":14},{"not_picked":["Impervious","Double Tap","Fiend Fire"],"picked":"Offering","floor":16},{"not_picked":["Twin Strike","Second Wind","Wild Strike","Carnage+1"],"picked":"SKIP","floor":18},{"not_picked":["Iron Wave","Twin Strike","Flex","Sword Boomerang"],"picked":"SKIP","floor":20},{"not_picked":["Wild Strike","Fire Breathing+1","Sword Boomerang"],"picked":"Burning Pact","floor":22},{"not_picked":["Brutality","Blood for Blood","Pommel Strike"],"picked":"Feel No Pain","floor":24},{"not_picked":["Clothesline","Spot Weakness","Anger","Iron Wave"],"picked":"Singing Bowl","floor":29},{"not_picked":["Anger","Shrug It Off+1","Rampage+1"],"picked":"Barricade","floor":31},{"not_picked":["Bludgeon","Limit Break","Berserk"],"picked":"Impervious","floor":33},{"not_picked":["Thunderclap","Intimidate","Sentinel","Combust"],"picked":"Singing Bowl","floor":36},{"not_picked":["Headbutt","Armaments+1","Hemokinesis+1","Pommel Strike"],"picked":"Singing Bowl","floor":37},{"not_picked":["Pommel Strike","Blood for Blood","Body Slam"],"picked":"Shrug It Off","floor":39},{"not_picked":["Warcry","Headbutt","Heavy Blade"],"picked":"Evolve","floor":41},{"not_picked":["Pommel Strike","Offering","Sword Boomerang"],"picked":"Heavy Blade+1","floor":44},{"not_picked":["Inflame+1","Intimidate+1","Sword Boomerang"],"picked":"Exhume","floor":46},{"not_picked":["Iron Wave+1","Clash","Searing Blow+1","Twin Strike"],"picked":"Singing Bowl","floor":47},{"not_picked":["Bloodletting","Shrug It Off","Sword Boomerang+1"],"picked":"True Grit+1","floor":48}],"player_experience":1031555,"relics_obtained":[{"floor":7,"key":"Question Card"},{"floor":9,"key":"Art of War"},{"floor":11,"key":"Darkstone Periapt"},{"floor":13,"key":"Sundial"},{"floor":14,"key":"Girya"},{"floor":24,"key":"Mercury Hourglass"},{"floor":31,"key":"InkBottle"},{"floor":37,"key":"Charon\u0027s Ashes"},{"floor":43,"key":"Toy Ornithopter"},{"floor":44,"key":"Ornamental Fan"},{"floor":46,"key":"Ice Cream"}],"event_choices":[{"damage_healed":0,"gold_gain":0,"player_choice":"1 cards matched","damage_taken":0,"max_hp_gain":0,"max_hp_loss":0,"event_name":"Match and Keep!","floor":2,"gold_loss":0,"cards_obtained":["Bash"]},{"cards_removed":["Strike_R"],"damage_healed":0,"gold_gain":0,"player_choice":"Card Removal","damage_taken":7,"max_hp_gain":0,"max_hp_loss":0,"event_name":"Golden Wing","floor":5,"gold_loss":0},{"damage_healed":0,"gold_gain":30,"player_choice":"Searched \u00273\u0027 times","damage_taken":0,"max_hp_gain":0,"max_hp_loss":0,"event_name":"Dead Adventurer","floor":14,"gold_loss":0},{"damage_healed":0,"gold_gain":0,"player_choice":"Read","damage_taken":0,"max_hp_gain":0,"max_hp_loss":0,"event_name":"The Library","floor":19,"gold_loss":0,"cards_obtained":["Heavy Blade"]},{"damage_healed":0,"gold_gain":0,"player_choice":"Inject Mutagens","damage_taken":0,"relics_obtained":["MutagenicStrength"],"max_hp_gain":0,"max_hp_loss":0,"event_name":"Drug Dealer","floor":25,"gold_loss":0},{"damage_healed":0,"gold_gain":0,"player_choice":"Cursed","damage_taken":0,"max_hp_gain":0,"max_hp_loss":0,"event_name":"Wheel of Change","floor":30,"gold_loss":0,"cards_obtained":["Decay"]},{"damage_healed":0,"gold_gain":0,"player_choice":"Fight","damage_taken":0,"max_hp_gain":0,"max_hp_loss":0,"event_name":"Mysterious Sphere","floor":37,"gold_loss":0},{"damage_healed":0,"gold_gain":0,"player_choice":"Ignored","damage_taken":0,"max_hp_gain":0,"max_hp_loss":0,"event_name":"SecretPortal","floor":45,"gold_loss":0}],"is_beta":false,"boss_relics":[{"not_picked":["Fusion Hammer","Coffee Dripper"],"picked":"Snecko Eye"},{"not_picked":["Black Star","SlaversCollar"],"picked":"Runic Cube"}],"items_purged_floors":[21,28,38],"is_endless":false,"potions_floor_spawned":[1,12,16,20,22,31,33,41,44,46,47],"killed_by":"Awakened One","ascension_level":20}}