{"host":"J","time":1609694610,"event":{"mods":["AchievementEnabler","BaseMod","Block Reminder","Highlight Path","Minty Spire (QoL Compilation)","Permanent Neow","Quick Restart","Relic Stats","UnlockEverythingMod"],"gold_per_floor":[110,110,128,53,53,84,84,84,84,94,123,142,153,173,173,173,173],"floor_reached":16,"playtime":1318,"items_purged":[],"score":274,"play_id":"035a905b-a338-4ee9-9d07-29cc733d8b1c","local_time":"20210103182330","is_ascension_mode":true,"campfire_choices":[{"data":"Dagger Spray","floor":7.0,"key":"SMITH"},{"floor":15.0,"key":"REST"}],"circlet_count":0,"master_deck":["AscendersBane","Strike_G+1","Strike_G","Defend_G","Defend_G","Defend_G","Defend_G","Defend_G","Survivor","Neutralize","Dagger Spray+1","Backflip","Blur","Poisoned Stab+1","Dagger Throw","Well Laid Plans"],"relics":["Ring of the Snake","NeowsBlessing","Pocketwatch","Anchor","Whetstone"],"acts_visited":["Exordium"],"potions_floor_usage":[16,16],"damage_taken":[{"damage":0.0,"enemies":"2 Louse","floor":1.0,"turns":1.0},{"damage":0.0,"enemies":"Small Slimes","floor":3.0,"turns":1.0},{"damage":0.0,"enemies":"Lagavulin","floor":6.0,"turns":1.0},{"damage":0.0,"enemies":"Cultist","floor":10.0,"turns":4.0},{"damage":45.0,"enemies":"Gremlin Nob","floor":11.0,"turns":6.0},{"damage":0.0,"enemies":"Gremlin Gang","floor":12.0,"turns":1.0},{"damage":0.0,"enemies":"2 Fungi Beasts","floor":13.0,"turns":3.0},{"damage":0.0,"enemies":"Large Slime","floor":14.0,"turns":3.0},{"damage":28,"enemies":"Slime Boss","floor":16,"turns":8}],"seed_played":"4909636935773557446","potions_obtained":[{"floor":1.0,"key":"Explosive Potion"},{"floor":11.0,"key":"Dexterity Potion"},{"floor":12.0,"key":"BlessingOfTheForge"}],"is_trial":false,"path_per_floor":["M","?","M","?","$","E","R","?","T","M","E","M","M","M","R","B"],"character_chosen":"THE_SILENT","items_purchased":[],"campfire_rested":1,"item_purchase_floors":[],"current_hp_per_floor":[59,52,52,52,52,52,52,52,52,52,7,7,7,7,26,0,0],"gold":173,"neow_bonus":"THREE_ENEMY_KILL","is_daily":false,"chose_seed":false,"campfire_upgraded":1,"win_rate":0.0,"timestamp":1609694610,"path_taken":["M","?","M","?","$","E","R","?","T","?","E","?","M","M","R","BOSS"],"items_purchased_type":[],"build_version":"2020-12-18","purchased_purges":0,"victory":false,"max_hp_per_floor":[66,66,66,66,66,66,66,66,66,66,66,66,66,66,66,66,66],"relic_stats":{"counters":[9,28],"Whetstone":["Poisoned Stab","Strike_G"],"obtain_stats":[{"Anchor":9,"NeowsBlessing":0,"Whetstone":11,"Ring of the Snake":0,"Pocketwatch":6},{"Anchor":3,"NeowsBlessing":0,"Whetstone":5,"Ring of the Snake":0,"Pocketwatch":3},{"Anchor":3,"NeowsBlessing":0,"Whetstone":13,"Ring of the Snake":0,"Pocketwatch":3}],"Ring of the Snake":[18],"Pocketwatch":[33]},"card_choices":[{"not_picked":["Infinite Blades","Deflect"],"picked":"Dagger Spray","floor":1.0},{"not_picked":["Cloak And Dagger","Sucker Punch"],"picked":"Backflip","floor":3.0},{"not_picked":["Setup","Infinite Blades"],"picked":"Blur","floor":6.0},{"not_picked":["Dodge and Roll","PiercingWail"],"picked":"Poisoned Stab","floor":10.0},{"not_picked":["Grand Finale","Outmaneuver"],"picked":"Dagger Throw","floor":11.0},{"not_picked":["Acrobatics","All Out Attack"],"picked":"Well Laid Plans","floor":12.0},{"not_picked":["Dagger Spray","Outmaneuver","Flying Knee"],"picked":"SKIP","floor":13.0},{"not_picked":["Cloak And Dagger","Riddle With Holes","Prepared"],"picked":"SKIP","floor":14.0}],"player_experience":265369,"relics_obtained":[{"floor":6.0,"key":"Pocketwatch"},{"floor":9.0,"key":"Anchor"},{"floor":11.0,"key":"Whetstone"}],"event_choices":[{"cards_removed":["Strike_G"],"damage_healed":0.0,"max_hp_gain":0.0,"max_hp_loss":0.0,"gold_gain":0.0,"event_name":"Golden Wing","player_choice":"Card Removal","floor":2.0,"gold_loss":0.0,"damage_taken":7.0},{"cards_removed":["Strike_G"],"damage_healed":0.0,"max_hp_gain":0.0,"max_hp_loss":0.0,"gold_gain":0.0,"event_name":"The Cleric","player_choice":"Card Removal","floor":4.0,"gold_loss":75.0,"damage_taken":0.0},{"cards_removed":["Strike_G"],"damage_healed":0.0,"max_hp_gain":0.0,"max_hp_loss":0.0,"gold_gain":0.0,"event_name":"Purifier","player_choice":"Purged","floor":8.0,"gold_loss":0.0,"damage_taken":0.0}],"is_beta":true,"boss_relics":[],"items_purged_floors":[],"is_endless":false,"potions_floor_spawned":[1,11,12],"killed_by":"Slime Boss","ascension_level":20}}