{"host":"1q1wpq6df472foxy","time":1609650449,"event":{"mods":["BaseMod","DeckTracker","Highlight Path","Minty Spire (QoL Compilation)","Quick Restart","StSLib","SuperFastMode"],"gold_per_floor":[115,115,132,57,57,84,96,96,119,19,19,47,47,73,73,170,170,189,189,189,209,47,47,62,90,90,7,19,48,48,68,68,68,68],"floor_reached":33,"playtime":1400,"items_purged":["Strike_R","Strike_R"],"score":513,"play_id":"195732f9-ff8e-40f2-876f-d5707d5c2d43","local_time":"20210103140729","is_ascension_mode":true,"campfire_choices":[{"floor":8,"key":"RECALL"},{"data":"Metallicize","floor":11,"key":"SMITH"},{"floor":15,"key":"REST"},{"floor":23,"key":"REST"},{"floor":32,"key":"REST"}],"circlet_count":0,"master_deck":["AscendersBane","Bash","Metallicize+1","True Grit","Second Wind","Warcry","Barricade","Pommel Strike","Battle Trance","Immolate","Dark Embrace","Hemokinesis","Second Wind","Feel No Pain+1","Magnetism","True Grit","Metallicize","Enlightenment","Shame","Sever Soul"],"relics":["Burning Blood","NeowsBlessing","Red Skull","Dead Branch","Potion Belt","Sundial","Pandora\u0027s Box","Enchiridion","Red Mask","Matryoshka","White Beast Statue","Kunai"],"acts_visited":["Exordium","TheCity"],"potions_floor_usage":[16,16,25,29,29,33,33,33],"damage_taken":[{"damage":0,"enemies":"Small Slimes","floor":1,"turns":1},{"damage":0,"enemies":"Cultist","floor":3,"turns":1},{"damage":0,"enemies":"Gremlin Nob","floor":6,"turns":1},{"damage":4,"enemies":"2 Louse","floor":7,"turns":3},{"damage":12,"enemies":"3 Sentries","floor":12,"turns":10},{"damage":16,"enemies":"Lagavulin","floor":14,"turns":9},{"damage":63,"enemies":"Hexaghost","floor":16,"turns":13},{"damage":17,"enemies":"Spheric Guardian","floor":18,"turns":5},{"damage":10,"enemies":"Chosen","floor":21,"turns":6},{"damage":5,"enemies":"Shelled Parasite and Fungi","floor":24,"turns":7},{"damage":45,"enemies":"Masked Bandits","floor":25,"turns":5},{"damage":0,"enemies":"Snecko","floor":28,"turns":6},{"damage":10,"enemies":"Book of Stabbing","floor":29,"turns":5},{"damage":0,"enemies":"Centurion and Healer","floor":31,"turns":4},{"damage":82,"enemies":"Champ","floor":33,"turns":9}],"seed_played":"5590044205725905473","potions_obtained":[{"floor":1,"key":"SkillPotion"},{"floor":3,"key":"Explosive Potion"},{"floor":14,"key":"SteroidPotion"},{"floor":18,"key":"FearPotion"},{"floor":20,"key":"PowerPotion"},{"floor":20,"key":"Energy Potion"},{"floor":25,"key":"AttackPotion"},{"floor":31,"key":"Regen Potion"}],"is_trial":false,"path_per_floor":["M","?","M","$","?","E","M","R","T","$","R","E","?","E","R","B",null,"M","?","?","M","$","R","M","?","T","$","M","E","?","M","R","B"],"character_chosen":"IRONCLAD","items_purchased":["Magnetism","Enlightenment"],"campfire_rested":3,"item_purchase_floors":[22,27],"current_hp_per_floor":[78,71,77,77,77,80,80,80,80,80,80,74,67,57,80,23,66,55,39,39,35,35,59,60,21,21,21,27,23,23,29,53,0,0],"gold":68,"neow_bonus":"THREE_ENEMY_KILL","is_daily":false,"chose_seed":false,"campfire_upgraded":1,"win_rate":0.0,"timestamp":1609650449,"path_taken":["M","?","M","$","?","E","?","R","T","$","R","E","?","E","R","BOSS","M","?","?","?","$","R","M","?","T","?","M","E","?","M","R","BOSS"],"items_purchased_type":["Card","Card"],"build_version":"2020-12-22","purchased_purges":2,"victory":false,"max_hp_per_floor":[80,80,80,80,80,80,80,80,80,80,80,80,80,80,80,80,80,80,80,80,80,80,80,80,80,80,80,80,80,80,80,80,80,80],"card_choices":[{"not_picked":["Dark Embrace","Sword Boomerang"],"picked":"Metallicize","floor":1},{"not_picked":["Warcry","Iron Wave","True Grit"],"picked":"SKIP","floor":3},{"not_picked":["Battle Trance","Hemokinesis"],"picked":"True Grit","floor":6},{"not_picked":["Armaments","Iron Wave"],"picked":"Second Wind","floor":7},{"not_picked":["Anger","Uppercut"],"picked":"Warcry","floor":12},{"not_picked":["Limit Break","Uppercut","Pummel"],"picked":"SKIP","floor":14},{"not_picked":["Fiend Fire","Offering"],"picked":"Barricade","floor":16},{"not_picked":["True Grit","Sever Soul"],"picked":"Second Wind","floor":18},{"not_picked":["Havoc","Disarm"],"picked":"Feel No Pain+1","floor":21},{"not_picked":["Anger","Wild Strike"],"picked":"True Grit","floor":24},{"not_picked":["Wild Strike","Warcry"],"picked":"Metallicize","floor":25},{"not_picked":["Thunderclap","Inflame","Clothesline+1"],"picked":"SKIP","floor":28},{"not_picked":["Feed","Shrug It Off","Twin Strike"],"picked":"SKIP","floor":29},{"not_picked":["Body Slam","Thunderclap"],"picked":"Sever Soul","floor":31}],"player_experience":374310,"relics_obtained":[{"floor":6,"key":"Dead Branch"},{"floor":12,"key":"Potion Belt"},{"floor":14,"key":"Sundial"},{"floor":19,"key":"Enchiridion"},{"floor":25,"key":"Red Mask"},{"floor":26,"key":"Matryoshka"},{"floor":29,"key":"White Beast Statue"}],"event_choices":[{"damage_healed":0,"gold_gain":0,"player_choice":"Success","damage_taken":7,"relics_obtained":["Red Skull"],"max_hp_gain":0,"max_hp_loss":0,"event_name":"Scrap Ooze","floor":2,"gold_loss":0},{"cards_removed":["Defend_R"],"damage_healed":0,"gold_gain":0,"player_choice":"Purged","damage_taken":0,"max_hp_gain":0,"max_hp_loss":0,"event_name":"Purifier","floor":5,"gold_loss":0},{"cards_removed":["Strike_R"],"damage_healed":0,"gold_gain":0,"player_choice":"Card Removal","damage_taken":7,"max_hp_gain":0,"max_hp_loss":0,"event_name":"Golden Wing","floor":13,"gold_loss":0},{"damage_healed":0,"gold_gain":0,"player_choice":"Obtained Book","damage_taken":16,"max_hp_gain":0,"max_hp_loss":0,"event_name":"Cursed Tome","floor":19,"gold_loss":0},{"damage_healed":0,"gold_gain":0,"player_choice":"Got Potions","damage_taken":0,"max_hp_gain":0,"max_hp_loss":0,"event_name":"Lab","floor":20,"gold_loss":0},{"damage_healed":0,"gold_gain":0,"player_choice":"Fought Bandits","damage_taken":0,"max_hp_gain":0,"max_hp_loss":0,"event_name":"Masked Bandits","floor":25,"gold_loss":0},{"damage_healed":0,"gold_gain":0,"player_choice":"Stole Relic","damage_taken":0,"relics_obtained":["Kunai"],"max_hp_gain":0,"max_hp_loss":0,"event_name":"Addict","floor":30,"gold_loss":0,"cards_obtained":["Shame"]}],"is_beta":false,"boss_relics":[{"not_picked":["Ectoplasm","Velvet Choker"],"picked":"Pandora\u0027s Box"}],"items_purged_floors":[4,10],"is_endless":false,"potions_floor_spawned":[1,3,6,14,18,21,25,31],"killed_by":"Champ","ascension_level":11}}