{"host":"2lvuisjyit3p3u01","time":1609704281,"event":{"mods":["Act Like it!","BaseMod","Bestiary","Better Synergies","CapriCore","Colored Map","Colored Powertips","Duelist Mod","GifTheSpireLib","Minty Spire (QoL Compilation)","Quick Restart","Replay The Spire","StSLib"],"gold_per_floor":[140,160,3,3,20,20,50,50,50,68,83,83,83,145,145,300,300,362,362,85,97,30,59,59,86,86,86,154,164,108,108,108],"floor_reached":31,"playtime":1195,"items_purged":["theDuelist:CastleWalls"],"score":287,"play_id":"a33a1e57-9e31-4b2a-a7f9-3df9ebf5c0c8","local_time":"20210103220441","is_ascension_mode":true,"campfire_choices":[{"data":"theDuelist:HeartUnderdog","floor":6,"key":"SMITH"},{"data":"theDuelist:MillenniumScorpion","floor":8,"key":"SMITH"},{"data":"theDuelist:NaturiaMarron","floor":15,"key":"SMITH"},{"floor":24,"key":"REST"},{"floor":27,"key":"REST"}],"circlet_count":0,"master_deck":["theDuelist:CastleWalls","theDuelist:CastleWalls","theDuelist:NaturiaBeast","theDuelist:NaturiaCliff","theDuelist:NaturiaRock+1","theDuelist:NaturiaTulip","theDuelist:Sparks","theDuelist:Sparks","theDuelist:Sparks","theDuelist:FuryFire+2","theDuelist:HeartUnderdog+1","theDuelist:NaturiaEggplant+1","theDuelist:MillenniumScorpion+1","theDuelist:NaturiaEggplant+1","theDuelist:NaturiaMarron+1","theDuelist:SeismicShockwave+1","CurseOfTheBell","theDuelist:NaturiaPineapple","theDuelist:NaturiaStinkbug","theDuelist:NaturiaEggplant+1","theDuelist:NaturiaStinkbug","theDuelist:NaturiaRock","Pot Of Greed","Pot Of Greed","theDuelist:SummoningSwarm","theDuelist:NaturiaGaiastrio","Pot Of Greed"],"relics":["theDuelist:MillenniumPuzzle","theDuelist:CardPoolRelic","theDuelist:CardPoolBasicRelic","theDuelist:BoosterPackPoolRelic","theDuelist:CardPoolAddRelic","theDuelist:CardPoolMinusRelic","theDuelist:CardPoolSaveRelic","theDuelist:CardPoolOptionsRelic","Boot","Blue Doll","Mummified Hand","ReplayTheSpireMod:Ring of Challenge","Calling Bell","Pen Nib","Replay:Bottled Eggs","Charon\u0027s Ashes","Guide Book","Dream Catcher","Grinning Jar","Replay:Bottled Flurry","theDuelist:NamelessPowerRelicA"],"acts_visited":["Exordium","TheCity"],"potions_floor_usage":[16,16,18,18,23,29,29,31],"damage_taken":[{"damage":0,"enemies":"Small Slimes","floor":1,"turns":3},{"damage":6,"enemies":"Cultist","floor":2,"turns":3},{"damage":0,"enemies":"2 Louse","floor":5,"turns":2},{"damage":9,"enemies":"Replay:BlueRogue","floor":7,"turns":7},{"damage":1,"enemies":"Looter","floor":10,"turns":3},{"damage":0,"enemies":"2 Fungi Beasts","floor":11,"turns":3},{"damage":0,"enemies":"Blue Slaver","floor":14,"turns":4},{"damage":28,"enemies":"Slime Boss","floor":16,"turns":7},{"damage":37,"enemies":"Shell Parasite","floor":18,"turns":5},{"damage":0,"enemies":"3 Byrds","floor":21,"turns":4},{"damage":12,"enemies":"theDuelist:KaibaA2","floor":23,"turns":5},{"damage":18,"enemies":"Book of Stabbing","floor":25,"turns":5},{"damage":0,"enemies":"3 Cultists","floor":29,"turns":3},{"damage":14,"enemies":"Snake Plant","floor":31,"turns":3}],"seed_played":"3568650660909954958","potions_obtained":[{"floor":5,"key":"theDuelist:FreezingPotion"},{"floor":7,"key":"Explosive Potion"},{"floor":11,"key":"Fire Potion"},{"floor":14,"key":"theDuelist:MillenniumElixir"},{"floor":16,"key":"theDuelist:TokenPotion"},{"floor":23,"key":"theDuelist:TokenPotion"},{"floor":28,"key":"theDuelist:FlamingBottle"},{"floor":28,"key":"theDuelist:ElectricPotion"}],"is_trial":false,"path_per_floor":["M","M","$","?","M","R","E","R","T","M","M","?","?","M","R","B",null,"M","?","$","M","$","E","R","E","T","R","?","M","?","M"],"character_chosen":"THE_DUELIST","items_purchased":["Boot","Guide Book","Fire Potion","theDuelist:NaturiaStinkbug","theDuelist:NaturiaEggplant"],"campfire_rested":2,"item_purchase_floors":[3,20,20,22,22],"current_hp_per_floor":[80,74,74,74,74,74,65,65,65,64,64,64,57,57,57,29,80,43,28,28,28,28,16,41,23,23,48,14,14,14,0,0],"gold":108,"neow_bonus":"RANDOM_EVENT","is_daily":false,"chose_seed":false,"campfire_upgraded":3,"win_rate":0.0,"timestamp":1609704281,"path_taken":["M","M","$","?","?","R","E","R","T","M","?","?","?","M","R","BOSS","M","?","$","M","$","E","R","E","T","R","?","?","?","M"],"items_purchased_type":["Relic","Relic","Potion","Card","Card"],"build_version":"2020-12-22","purchased_purges":1,"victory":false,"max_hp_per_floor":[80,80,80,80,80,80,80,80,80,80,80,80,80,80,80,80,80,80,85,85,85,85,85,85,85,85,85,85,85,85,85,85],"card_choices":[{"not_picked":["theDuelist:Wiretap","theDuelist:DestructPotion","theDuelist:DianKeto+1","theDuelist:RedMedicine+1"],"picked":"theDuelist:FuryFire+1","floor":1},{"not_picked":["theDuelist:NaturiaBarkion","theDuelist:ClosedForest","theDuelist:Canyon","theDuelist:Wildfire"],"picked":"theDuelist:HeartUnderdog","floor":2},{"not_picked":["theDuelist:NaturiaCliff","theDuelist:LonefireBlossom","theDuelist:Spore","theDuelist:NaturiaStagBeetle"],"picked":"theDuelist:NaturiaEggplant","floor":5},{"not_picked":["theDuelist:MillenniumGolem","theDuelist:Mudora","theDuelist:BigEye","theDuelist:HeavyStorm"],"picked":"theDuelist:MillenniumScorpion","floor":7},{"not_picked":["theDuelist:NaturiaHydrangea","theDuelist:NaturiaDragonfly","theDuelist:NaturiaCliff","theDuelist:NaturiaPumpkin"],"picked":"theDuelist:NaturiaEggplant","floor":10},{"not_picked":["theDuelist:NaturiaCliff","theDuelist:NaturiaMantis","theDuelist:LonefireBlossom","theDuelist:LeodrakeMane"],"picked":"theDuelist:NaturiaMarron","floor":11},{"not_picked":["theDuelist:HammerShot","theDuelist:DarkCreator","theDuelist:DestroyerGolem","theDuelist:Terraforming","theDuelist:Wiretap"],"picked":"SKIP","floor":14},{"not_picked":["theDuelist:NaturiaForest","theDuelist:NaturiaBarkion","theDuelist:Canyon","theDuelist:Wildfire"],"picked":"theDuelist:SeismicShockwave","floor":16},{"not_picked":["theDuelist:NaturiaHydrangea","theDuelist:NaturiaRagweed+1","theDuelist:NaturiaDragonfly","theDuelist:NaturiaMantis"],"picked":"theDuelist:NaturiaPineapple","floor":18},{"not_picked":["theDuelist:Sangan","theDuelist:Fissure+1","theDuelist:Mudora","theDuelist:AttackTheMoon+1","theDuelist:MudGolem"],"picked":"SKIP","floor":21},{"not_picked":["theDuelist:NaturiaRagweed","theDuelist:FossilExcavation+1","theDuelist:BarkionBark","theDuelist:NaturiaMarron+1"],"picked":"theDuelist:NaturiaStinkbug","floor":23},{"not_picked":["theDuelist:NaturiaEggplant","theDuelist:NaturiaAntjaw"],"picked":"theDuelist:NaturiaRock","floor":24},{"not_picked":["theDuelist:FuryFire+1","theDuelist:WildNatureRelease","theDuelist:FrozenRose","theDuelist:ExterioFang"],"picked":"theDuelist:SummoningSwarm","floor":25},{"not_picked":["theDuelist:NaturiaRock","theDuelist:CrystalRose","theDuelist:NaturiaLandoise","theDuelist:NaturiaCliff"],"picked":"theDuelist:NaturiaGaiastrio","floor":28},{"not_picked":["theDuelist:Fissure","theDuelist:Reload","theDuelist:Mudora","theDuelist:CatapultZone+1","theDuelist:DarkHole+1"],"picked":"SKIP","floor":29}],"player_experience":241090,"relics_obtained":[{"floor":7,"key":"Blue Doll"},{"floor":9,"key":"Mummified Hand"},{"floor":12,"key":"ReplayTheSpireMod:Ring of Challenge"},{"floor":17,"key":"Pen Nib"},{"floor":17,"key":"Replay:Bottled Eggs"},{"floor":17,"key":"Charon\u0027s Ashes"},{"floor":23,"key":"Dream Catcher"},{"floor":25,"key":"Grinning Jar"},{"floor":26,"key":"Replay:Bottled Flurry"}],"event_choices":[{"damage_healed":0,"gold_gain":0,"player_choice":"Leave","duelist":true,"damage_taken":0,"max_hp_gain":0,"max_hp_loss":0,"event_name":"Relic Duplicator","floor":4,"gold_loss":0},{"cards_removed":["Hallucinations"],"damage_healed":0,"gold_gain":0,"player_choice":"Card Removal","damage_taken":7,"max_hp_gain":0,"max_hp_loss":0,"event_name":"Golden Wing","floor":13,"gold_loss":0},{"damage_healed":0,"gold_gain":0,"player_choice":"Shed Blood","damage_taken":20,"max_hp_gain":5,"max_hp_loss":0,"event_name":"Forgotten Altar","floor":19,"gold_loss":0},{"power_reward":2,"total_magic_score":52,"gold_gain":0,"duelist":true,"damage_taken":0,"relics_obtained":["theDuelist:NamelessPowerRelicA"],"points":7,"max_hp_gain":0,"max_hp_loss":0,"spent_points":{"magic":2,"greed":0,"war":0,"power":2,"hunger":2},"event_name":"Nameless Tomb","floor":30,"gold_loss":56,"cards_obtained":[]}],"is_beta":false,"boss_relics":[{"not_picked":["theDuelist:ElectricKey","Cursed Key"],"picked":"Calling Bell"}],"items_purged_floors":[20],"is_endless":false,"potions_floor_spawned":[5,7,11,14,16,23],"killed_by":"Snake Plant","ascension_level":1}}