{"host":"cu7v2bzxqo9zajt2","time":1609667186,"event":{"mods":["Ascension Reborn","BaseMod","CapriCore","Hermit","HololiveMod","Koishi","Marisa£¨Ùöéë¡¡Øª×âÞÞ£©","Minty Spire (QoL Compilation)","Prisma Mod","Railgun Mod","StSLib","SuperFastMode","The Bug Knight","The Cursed","The Dragon Tamer","The Gatherer","The Immortal","The Runesmith","WarShipGirlsR/??á´Ò³R mod"],"gold_per_floor":[109,109,120,80,80,80,111,130,182,194,194,206,206,224,224,323,323,337,337,337,347,83,103,121,121,121,139,139,152,152,152,152],"floor_reached":31,"playtime":1325,"items_purged":["Parasite"],"score":239,"play_id":"6c706ec3-9718-46c2-ae8c-52b03d31515f","local_time":"20210103184626","is_ascension_mode":true,"campfire_choices":[{"data":"TheCursedMod:CollectTribute","floor":6,"key":"SMITH"},{"data":"TheCursedMod:HellfireBreathing","floor":11,"key":"SMITH"},{"floor":13,"key":"REST"},{"data":"TheCursedMod:OutForBlood","floor":15,"key":"SMITH"},{"floor":25,"key":"REST"}],"circlet_count":0,"master_deck":["TheCursedMod:Strike_TheCursed","TheCursedMod:Strike_TheCursed","TheCursedMod:Strike_TheCursed","TheCursedMod:Strike_TheCursed+1","TheCursedMod:Defend_TheCursed","TheCursedMod:Defend_TheCursed","TheCursedMod:Defend_TheCursed+1","TheCursedMod:CursedWand","TheCursedMod:CleanUpWorkshop","TheCursedMod:Dregs","TheCursedMod:ParallelWorld","TheCursedMod:CursedAmulet","TheCursedMod:HellfireBreathing+1","TheCursedMod:SoulCrush","TheCursedMod:Stigma","TheCursedMod:SpitefulStrike","TheCursedMod:CollectTribute+1","TheCursedMod:SpitefulPlan","TheCursedMod:SurpriseAttack","TheCursedMod:WearCloak","TheCursedMod:OutForBlood+1","TheCursedMod:UltimatePain","TheCursedMod:SpreadPlague","TheCursedMod:SmokeScreen+1","TheCursedMod:LuckyCharm","Hololive_CallAmaneKanata","Burning Pact","SporeBomb+1","Shame","Gatherer:CollectorsShot"],"relics":["TheCursedMod:BlackMagic101","Ancient Tea Set","HollowMod:PaleOreRelic","Black Star","PrismaticShard","Meat on the Bone","Smiling Mask","Bottled Lightning"],"acts_visited":["Exordium","TheCity"],"potions_floor_usage":[24,31,31],"damage_taken":[{"damage":0,"enemies":"Small Slimes","floor":1,"turns":5},{"damage":1,"enemies":"Jaw Worm","floor":3,"turns":5},{"damage":14,"enemies":"Lagavulin","floor":7,"turns":7},{"damage":0,"enemies":"2 Louse","floor":8,"turns":3},{"damage":18,"enemies":"2 Fungi Beasts","floor":10,"turns":4},{"damage":8,"enemies":"Red Slaver","floor":12,"turns":2},{"damage":0,"enemies":"Large Slime","floor":14,"turns":5},{"damage":20,"enemies":"Hexaghost","floor":16,"turns":7},{"damage":20,"enemies":"Spheric Guardian","floor":18,"turns":5},{"damage":10,"enemies":"3 Byrds","floor":21,"turns":2},{"damage":13,"enemies":"Snecko","floor":23,"turns":6},{"damage":25,"enemies":"Snake Plant","floor":24,"turns":3},{"damage":12,"enemies":"3 Cultists","floor":27,"turns":6},{"damage":10,"enemies":"Shelled Parasite and Fungi","floor":29,"turns":5},{"damage":24,"enemies":"Gremlin Leader","floor":31,"turns":4}],"seed_played":"2613269949758819428","potions_obtained":[{"floor":3,"key":"Swift Potion"},{"floor":8,"key":"Block Potion"},{"floor":27,"key":"LiquidMemories"}],"is_trial":false,"path_per_floor":["M","?","M","?","?","R","E","M","T","M","R","M","R","M","R","B",null,"M","?","?","M","$","M","M","R","T","M","?","M","T","E"],"character_chosen":"THE_CURSED","items_purchased":["PrismaticShard","TheCursedMod:LuckyCharm"],"campfire_rested":2,"item_purchase_floors":[22,22],"current_hp_per_floor":[75,60,59,59,52,52,38,38,38,20,20,12,34,34,34,14,75,55,55,49,39,39,26,1,22,22,22,22,24,24,0,0],"gold":152,"neow_bonus":"THREE_RARE_CARDS","is_daily":false,"chose_seed":false,"campfire_upgraded":3,"win_rate":0.0,"timestamp":1609667186,"path_taken":["M","?","M","?","?","R","E","M","T","M","R","M","R","M","R","BOSS","M","?","?","M","$","M","?","R","T","M","?","M","?","E"],"items_purchased_type":["Relic","Card"],"build_version":"2020-12-22","purchased_purges":1,"victory":false,"max_hp_per_floor":[75,75,75,75,75,75,75,75,75,75,75,75,75,75,75,75,75,75,75,75,75,72,72,72,72,72,72,72,72,72,72,72],"card_choices":[{"not_picked":["TheCursedMod:Neurasthenia","TheCursedMod:ManaCirculation"],"picked":"TheCursedMod:ParallelWorld","floor":0},{"not_picked":["TheCursedMod:DoubleShield","TheCursedMod:PrepareRite"],"picked":"TheCursedMod:CursedAmulet","floor":1},{"not_picked":["TheCursedMod:RapidMovement","TheCursedMod:ReleasedKnowledge"],"picked":"TheCursedMod:HellfireBreathing","floor":3},{"not_picked":[],"picked":"TheCursedMod:SoulCrush","floor":4},{"not_picked":[],"picked":"TheCursedMod:Stigma","floor":4},{"not_picked":[],"picked":"TheCursedMod:SpitefulStrike","floor":4},{"not_picked":[],"picked":"TheCursedMod:CollectTribute","floor":4},{"not_picked":["TheCursedMod:ManaBullet","TheCursedMod:Grudge"],"picked":"TheCursedMod:SpitefulPlan","floor":7},{"not_picked":["TheCursedMod:CircleOfAmplification","TheCursedMod:RavingStaff","TheCursedMod:CursedShiv"],"picked":"SKIP","floor":8},{"not_picked":["TheCursedMod:CursedShiv","TheCursedMod:CursedMace"],"picked":"TheCursedMod:SurpriseAttack","floor":10},{"not_picked":["TheCursedMod:CircleOfFocus","TheCursedMod:CursedMace"],"picked":"TheCursedMod:WearCloak","floor":12},{"not_picked":["TheCursedMod:Torture","TheCursedMod:SurpriseAttack"],"picked":"TheCursedMod:OutForBlood","floor":14},{"not_picked":["TheCursedMod:ParallelWorld","TheCursedMod:CursedRelics"],"picked":"TheCursedMod:UltimatePain","floor":16},{"not_picked":["TheCursedMod:CircleOfCorruption","TheCursedMod:RavingStaff"],"picked":"TheCursedMod:SpreadPlague","floor":18},{"not_picked":["TheCursedMod:Stigma","TheCursedMod:TacticalStrike"],"picked":"TheCursedMod:SmokeScreen+1","floor":21},{"not_picked":["Deflect+1","Runesmith:RuneHurl"],"picked":"Hololive_CallAmaneKanata","floor":23},{"not_picked":["Wild Strike","TheCursedMod:EmpowerCircles"],"picked":"Burning Pact","floor":24},{"not_picked":["Dodge and Roll+1","MysteriousBeam"],"picked":"SporeBomb+1","floor":27},{"not_picked":["PrismaMod:IllyaDetonatingBlow","HollowMod:NewInfectedGuardian"],"picked":"Gatherer:CollectorsShot","floor":29}],"player_experience":122510,"relics_obtained":[{"floor":7,"key":"Ancient Tea Set"},{"floor":9,"key":"HollowMod:PaleOreRelic"},{"floor":26,"key":"Meat on the Bone"},{"floor":30,"key":"Bottled Lightning"}],"event_choices":[{"damage_healed":0,"gold_gain":0,"player_choice":"Entered Light","damage_taken":15,"max_hp_gain":0,"max_hp_loss":0,"event_name":"Shining Light","floor":2,"gold_loss":0,"cards_upgraded":["TheCursedMod:Defend_TheCursed","TheCursedMod:Strike_TheCursed"]},{"cards_removed":["TheCursedMod:Defend_TheCursed"],"damage_healed":0,"gold_gain":0,"player_choice":"Card Removal","damage_taken":7,"max_hp_gain":0,"max_hp_loss":0,"event_name":"Golden Wing","floor":5,"gold_loss":0},{"damage_healed":0,"gold_gain":0,"player_choice":"Ignored","damage_taken":0,"max_hp_gain":0,"max_hp_loss":0,"event_name":"Ghosts","floor":19,"gold_loss":0},{"damage_healed":0,"gold_gain":0,"player_choice":"","damage_taken":6,"max_hp_gain":0,"max_hp_loss":0,"event_name":"Knowing Skull","floor":20,"potions_obtained":[],"gold_loss":0,"cards_obtained":[]},{"damage_healed":0,"gold_gain":0,"player_choice":"Stole Relic","damage_taken":0,"relics_obtained":["Smiling Mask"],"max_hp_gain":0,"max_hp_loss":0,"event_name":"Addict","floor":28,"gold_loss":0,"cards_obtained":["Shame"]}],"is_beta":false,"boss_relics":[{"not_picked":["Philosopher\u0027s Stone","Hololive_ChaosS"],"picked":"Black Star"}],"items_purged_floors":[22],"is_endless":false,"potions_floor_spawned":[3,8,12,14,23,27],"killed_by":"Gremlin Leader","ascension_level":0}}