{"host":"18wi9kpcl4eah7pe","time":1609685506,"event":{"mods":["BaseMod","Colored Powertips","Downfall","Minty Spire (QoL Compilation)","StSLib"],"gold_per_floor":[99,110,210,210,52,64,64,49,75,0,17,2,2,12,31,135,135,60,70,70,55,55,55,55,55],"floor_reached":23,"playtime":2246,"items_purged":["Regret"],"score":208,"play_id":"dd31e07c-1186-40c9-85b9-6ec4e7ab1737","local_time":"20210103085146","is_ascension_mode":true,"campfire_choices":[{"floor":1.0,"key":"RECALL"},{"floor":10,"key":"REST"},{"data":"hexamod:GhostOfSpirePresent","floor":18,"key":"SMITH"}],"circlet_count":0,"master_deck":["hexamod:Strike","hexamod:Strike","hexamod:Strike","hexamod:Strike+1","hexamod:Defend","hexamod:Defend+1","hexamod:Defend","hexamod:Defend","hexamod:Sear+1","hexamod:Float","hexamod:GhostflameInferno","hexamod:SpectersWail","hexamod:FourthSeal","hexamod:GhostOfSpirePresent+1","hexamod:ThermalTransfer","hexamod:ThirdSeal","hexamod:InspiringFlames","hexamod:AdvancingGuard","hexamod:SwordOfDarkness","hexamod:ShieldOfDarkness","hexamod:EmpoweringStance","Regret","hexamod:BacktrackSmack","hexamod:Rewind","hexamod:EmpoweredFlame","hexamod:HeatShield","hexamod:TimeOfNeed","hexamod:HexaLevel","hexamod:HauntingEcho","hexamod:GhostflameBarrier+1","hexamod:StepThrough"],"relics":["hexamod:SpiritBrand","Bottled Flame","downfall:HeartBlessingGreen","The Courier","Black Star","downfall:HeartBlessingRed","Enchiridion"],"acts_visited":["Exordium","TheCity"],"potions_floor_usage":[12,16,16,16,19,22],"damage_taken":[{"damage":1.0,"enemies":"Jaw Worm","floor":2.0,"turns":3.0},{"damage":8.0,"enemies":"downfall:FleeingMerchant","floor":5.0,"turns":4.0},{"damage":0.0,"enemies":"2 Louse","floor":6.0,"turns":2.0},{"damage":4.0,"enemies":"downfall:FleeingMerchant","floor":8.0,"turns":4.0},{"damage":10.0,"enemies":"Gremlin Nob","floor":9.0,"turns":3.0},{"damage":0,"enemies":"Small Slimes","floor":11,"turns":3},{"damage":0,"enemies":"downfall:FleeingMerchant","floor":12,"turns":4},{"damage":0,"enemies":"3 Louse","floor":14,"turns":3},{"damage":8,"enemies":"Blue Slaver","floor":15,"turns":3},{"damage":7,"enemies":"downfall:Watcher","floor":16,"turns":8},{"damage":30,"enemies":"Spheric Guardian","floor":19,"turns":7},{"damage":2,"enemies":"downfall:FleeingMerchant","floor":21,"turns":4},{"damage":2,"enemies":"Snecko","floor":22,"turns":4},{"damage":20,"enemies":"3 Cultists","floor":23,"turns":4}],"seed_played":"5811272751718593497","potions_obtained":[{"floor":6.0,"key":"SteroidPotion"},{"floor":6.0,"key":"Dexterity Potion"},{"floor":8.0,"key":"hexamod:DoubleChargePotion"},{"floor":9.0,"key":"LiquidMemories"},{"floor":12,"key":"DistilledChaos"},{"floor":14,"key":"PowerPotion"},{"floor":16,"key":"SteroidPotion"},{"floor":16,"key":"AttackPotion"},{"floor":19,"key":"SmokeBomb"}],"is_trial":false,"path_per_floor":["R","M","?","?","$","M","T","$","E","R","M","$","?","M","M","B",null,"R","M","?","$","M","M"],"character_chosen":"THE_SPIRIT","items_purchased":["hexamod:GhostOfSpirePresent"],"campfire_rested":1,"item_purchase_floors":[5],"current_hp_per_floor":[70,69,69,69,61,61,61,57,47,68,68,68,68,68,60,53,70,70,40,24,22,20,0,0,0],"gold":55,"neow_bonus":"ONE_RANDOM_RARE_CARD","is_daily":false,"chose_seed":false,"campfire_upgraded":1,"win_rate":0.0,"timestamp":1609685506,"path_taken":["R","M","?","?","$","M","T","?","E","R","M","?","?","M","M","BOSS","R","M","?","$","M","M"],"items_purchased_type":["Card"],"build_version":"2020-12-22","purchased_purges":1,"victory":false,"max_hp_per_floor":[70,70,70,70,70,70,70,70,70,70,70,70,70,70,70,70,70,70,70,70,70,70,70,70,70],"card_choices":[{"not_picked":["hexamod:BacktrackSmack","hexamod:GhostLash"],"picked":"hexamod:SpectersWail","floor":2.0},{"not_picked":["hexamod:RecurringNightmare","hexamod:SpectersWail"],"picked":"hexamod:FourthSeal","floor":5.0},{"not_picked":["hexamod:BacktrackSmack","hexamod:GhostLash"],"picked":"hexamod:ThermalTransfer","floor":6.0},{"not_picked":["hexamod:SuperheatedStrike","hexamod:NightmareStrike"],"picked":"hexamod:ThirdSeal","floor":8.0},{"not_picked":["hexamod:RecurringNightmare","hexamod:FlamesFromBeyond"],"picked":"hexamod:InspiringFlames","floor":9.0},{"not_picked":["hexamod:ThermalTransfer","hexamod:BurningTouch"],"picked":"hexamod:AdvancingGuard","floor":9.0},{"not_picked":["hexamod:Firestarter","hexamod:Incineration"],"picked":"hexamod:SwordOfDarkness","floor":11},{"not_picked":["hexamod:FirstSeal","hexamod:GhostShield"],"picked":"hexamod:ShieldOfDarkness","floor":12},{"not_picked":["hexamod:SuperheatedStrike","hexamod:VolcanoVisage"],"picked":"hexamod:EmpoweringStance","floor":12},{"not_picked":["hexamod:SpectralAdrenaline","hexamod:ShieldOfDarkness"],"picked":"hexamod:BacktrackSmack","floor":14},{"not_picked":["hexamod:FastForward","hexamod:DynamicBlow"],"picked":"hexamod:Rewind","floor":14},{"not_picked":["hexamod:Rewind","hexamod:ChargedBarrage"],"picked":"hexamod:EmpoweredFlame","floor":15},{"not_picked":["hexamod:GhostLash","hexamod:ExtraCrispy"],"picked":"hexamod:HeatShield","floor":15},{"not_picked":["hexamod:SixthSeal","hexamod:UnleashSpirits"],"picked":"hexamod:TimeOfNeed","floor":16},{"not_picked":["hexamod:Toasty","hexamod:UnlimitedPower"],"picked":"hexamod:HexaLevel","floor":16},{"not_picked":["hexamod:Firestarter","hexamod:ShieldOfDarkness"],"picked":"hexamod:HauntingEcho","floor":19},{"not_picked":["hexamod:InspiringFlames","hexamod:ThermalTransfer"],"picked":"hexamod:GhostflameBarrier+1","floor":21},{"not_picked":["hexamod:NightmareGuise","hexamod:DynamicBlow"],"picked":"hexamod:StepThrough","floor":21}],"player_experience":865218,"relics_obtained":[{"floor":9.0,"key":"Bottled Flame"},{"floor":20,"key":"Enchiridion"}],"event_choices":[{"damage_healed":0,"gold_gain":0,"player_choice":"Box","damage_taken":0,"relics_obtained":["The Courier"],"max_hp_gain":0,"max_hp_loss":0,"event_name":"Big Fish","floor":13,"gold_loss":0,"cards_obtained":["Regret"]}],"is_beta":false,"boss_relics":[{"not_picked":["Coffee Dripper","Fusion Hammer"],"picked":"Black Star"}],"items_purged_floors":[5],"is_endless":false,"potions_floor_spawned":[6,14,15,16],"killed_by":"3 Cultists","ascension_level":2}}