{"host":"jpcy2bclvs7juczu","time":1609651294,"event":{"mods":["AchievementEnabler","BaseMod","Block Reminder","Colored Powertips","Minty Spire (QoL Compilation)","Quick Restart","Relic Stats","ojb\u0027s Better Paths Mod","ojb\u0027s Info Mod","slay the spire mod where everything is the same but ironclad has a cowboy hat"],"gold_per_floor":[119,136,151,161,10,10,36,50,125,125,160,28,28,28,28,101,101,111,111,127,145,156,156,56,56,81,106,122,155,166,52,52,130,130,144,154,207,73,92,92,92],"floor_reached":40,"playtime":1958,"items_purged":["Strike_R"],"score":1026,"play_id":"4d10742e-fb90-40fc-b8f4-6b7decefb48e","local_time":"20210103052134","is_ascension_mode":true,"campfire_choices":[{"data":"Rupture","floor":6,"key":"SMITH"},{"data":"Hemokinesis","floor":10,"key":"SMITH"},{"floor":15,"key":"REST"},{"data":"Immolate","floor":23,"key":"SMITH"},{"floor":25,"key":"REST"},{"floor":32,"key":"REST"}],"circlet_count":0,"master_deck":["AscendersBane","Strike_R","Strike_R","Strike_R","Defend_R","Defend_R","Defend_R","Defend_R","Bash","Anger","Blood for Blood","Inflame","Immolate+1","Hemokinesis+1","Rupture+1","Offering","True Grit","Fiend Fire","Shrug It Off","Intimidate+1","Feel No Pain","Evolve","Carnage+1","Reaper","Feel No Pain","Feel No Pain"],"relics":["Runic Cube","Oddly Smooth Stone","Gambling Chip","Snecko Eye","Lantern","Regal Pillow","HornCleat","Velvet Choker","Torii"],"acts_visited":["Exordium","TheCity","TheBeyond"],"potions_floor_usage":[11,11,16,22,29,30,33,33,33,33,35,37,39],"damage_taken":[{"damage":6,"enemies":"Cultist","floor":1,"turns":3},{"damage":7,"enemies":"Jaw Worm","floor":2,"turns":3},{"damage":3,"enemies":"2 Louse","floor":3,"turns":3},{"damage":20,"enemies":"Gremlin Gang","floor":4,"turns":6},{"damage":37,"enemies":"3 Sentries","floor":7,"turns":5},{"damage":11,"enemies":"Looter","floor":8,"turns":2},{"damage":28,"enemies":"Lagavulin","floor":11,"turns":6},{"damage":10,"enemies":"Slime Boss","floor":16,"turns":5},{"damage":14,"enemies":"2 Thieves","floor":18,"turns":2},{"damage":6,"enemies":"Chosen","floor":20,"turns":2},{"damage":3,"enemies":"Snake Plant","floor":21,"turns":2},{"damage":13,"enemies":"Sentry and Sphere","floor":22,"turns":3},{"damage":8,"enemies":"Gremlin Leader","floor":27,"turns":3},{"damage":6,"enemies":"Shelled Parasite and Fungi","floor":28,"turns":2},{"damage":29,"enemies":"Book of Stabbing","floor":29,"turns":4},{"damage":2,"enemies":"Cultist and Chosen","floor":30,"turns":5},{"damage":33,"enemies":"Champ","floor":33,"turns":8},{"damage":0,"enemies":"3 Darklings","floor":35,"turns":3},{"damage":3,"enemies":"Orb Walker","floor":36,"turns":2},{"damage":60,"enemies":"2 Orb Walkers","floor":37,"turns":6},{"damage":19,"enemies":"Spire Growth","floor":39,"turns":3},{"damage":37,"enemies":"Giant Head","floor":40,"turns":4}],"seed_played":"-2388419688063750385","potions_obtained":[{"floor":2,"key":"BloodPotion"},{"floor":4,"key":"FairyPotion"},{"floor":7,"key":"Fruit Juice"},{"floor":11,"key":"BlessingOfTheForge"},{"floor":22,"key":"Block Potion"},{"floor":29,"key":"AttackPotion"},{"floor":33,"key":"Swift Potion"},{"floor":35,"key":"SkillPotion"},{"floor":39,"key":"LiquidBronze"}],"is_trial":false,"path_per_floor":["M","M","M","M","$","R","E","M","T","R","E","$","?","$","R","B",null,"M","?","M","M","M","R","$","R","T","E","M","E","M","$","R","B",null,"M","M","?","$","M","E"],"character_chosen":"IRONCLAD","items_purchased":["Hemokinesis","Rupture","Fire Potion","Evolve","Swift Potion","EntropicBrew","Feel No Pain","Block Potion"],"campfire_rested":3,"item_purchase_floors":[5,5,12,24,24,31,38,38],"current_hp_per_floor":[62,55,52,32,32,32,22,11,11,11,4,4,4,4,28,18,65,51,51,45,42,29,29,29,53,53,45,39,10,8,8,47,14,64,80,78,26,26,17,0,0],"gold":92,"neow_bonus":"BOSS_RELIC","is_daily":false,"chose_seed":false,"campfire_upgraded":3,"win_rate":0.0,"timestamp":1609651294,"path_taken":["M","M","M","M","$","R","E","?","T","R","E","?","?","$","R","BOSS","M","?","M","M","M","R","$","R","T","E","M","E","?","$","R","BOSS","M","M","?","$","M","E"],"items_purchased_type":["Card","Card","Potion","Card","Potion","Potion","Card","Potion"],"build_version":"2020-12-22","purchased_purges":1,"victory":false,"max_hp_per_floor":[75,75,75,75,75,75,75,75,75,75,80,80,80,80,80,80,80,80,80,80,80,80,80,80,80,80,80,80,80,80,80,80,80,80,80,80,80,80,80,80,80],"relic_stats":{"Regal Pillow":15,"Torii":0,"counters":[22,82],"Gambling Chip":[46],"Snecko Eye":[105,108,112,104],"obtain_stats":[{"Lantern":26,"Regal Pillow":27,"HornCleat":29,"Torii":37,"Gambling Chip":11,"Oddly Smooth Stone":7,"Snecko Eye":17,"Velvet Choker":34,"Burning Blood":0,"Runic Cube":0},{"Lantern":12,"Regal Pillow":13,"HornCleat":15,"Torii":20,"Gambling Chip":7,"Oddly Smooth Stone":5,"Snecko Eye":8,"Velvet Choker":17,"Burning Blood":0,"Runic Cube":0},{"Lantern":42,"Regal Pillow":45,"HornCleat":51,"Torii":75,"Gambling Chip":28,"Oddly Smooth Stone":20,"Snecko Eye":33,"Velvet Choker":64,"Burning Blood":0,"Runic Cube":0}],"Runic Cube":[56]},"card_choices":[{"not_picked":["Shrug It Off","True Grit"],"picked":"Anger","floor":1},{"not_picked":["True Grit","Burning Pact"],"picked":"Blood for Blood","floor":2},{"not_picked":["Twin Strike","Shrug It Off"],"picked":"Inflame","floor":3},{"not_picked":["Flame Barrier","Anger"],"picked":"Immolate","floor":4},{"not_picked":["Searing Blow","Armaments"],"picked":"Offering","floor":7},{"not_picked":["Dropkick","Anger"],"picked":"True Grit","floor":8},{"not_picked":["Carnage","Clothesline","Flex"],"picked":"SKIP","floor":11},{"not_picked":["Carnage","Clothesline","Flex"],"picked":"SKIP","floor":11},{"not_picked":["Demon Form","Corruption"],"picked":"Fiend Fire","floor":16},{"not_picked":["Hemokinesis","Searing Blow"],"picked":"Shrug It Off","floor":18},{"not_picked":["Pommel Strike","Thunderclap","Cleave"],"picked":"SKIP","floor":20},{"not_picked":["Bloodletting+1","Carnage+1"],"picked":"Intimidate+1","floor":21},{"not_picked":["Flex","Reckless Charge"],"picked":"Feel No Pain","floor":22},{"not_picked":["Sentinel","Rage"],"picked":"Carnage+1","floor":27},{"not_picked":["Warcry","Headbutt","Flex"],"picked":"SKIP","floor":28},{"not_picked":["Sword Boomerang","Infernal Blade","Thunderclap"],"picked":"SKIP","floor":29},{"not_picked":["Body Slam","Sword Boomerang","Flex"],"picked":"SKIP","floor":30},{"not_picked":["Offering","Juggernaut"],"picked":"Reaper","floor":33},{"not_picked":["Iron Wave","Heavy Blade+1"],"picked":"Feel No Pain","floor":35},{"not_picked":["Entrench","Flex+1","Sever Soul"],"picked":"SKIP","floor":36},{"not_picked":["Headbutt+1","Body Slam","Flex"],"picked":"SKIP","floor":39}],"player_experience":293677,"relics_obtained":[{"floor":7,"key":"Oddly Smooth Stone"},{"floor":11,"key":"Gambling Chip"},{"floor":26,"key":"Lantern"},{"floor":27,"key":"Regal Pillow"},{"floor":29,"key":"HornCleat"},{"floor":37,"key":"Torii"}],"event_choices":[{"damage_healed":0,"gold_gain":0,"player_choice":"Ignored","damage_taken":0,"max_hp_gain":0,"max_hp_loss":0,"event_name":"Shining Light","floor":13,"gold_loss":0},{"cards_removed":["Strike_R"],"damage_healed":0,"gold_gain":0,"player_choice":"Purged","damage_taken":0,"max_hp_gain":0,"max_hp_loss":0,"event_name":"Purifier","floor":19,"gold_loss":0},{"damage_healed":0,"gold_gain":0,"player_choice":"Fight","damage_taken":0,"max_hp_gain":0,"max_hp_loss":0,"event_name":"Mysterious Sphere","floor":37,"gold_loss":0}],"is_beta":false,"boss_relics":[{"not_picked":["Busted Crown","Cursed Key"],"picked":"Snecko Eye"},{"not_picked":["Sozu","Philosopher\u0027s Stone"],"picked":"Velvet Choker"}],"items_purged_floors":[12],"is_endless":false,"potions_floor_spawned":[2,4,7,11,22,27,29,33,35,39],"killed_by":"Giant Head","ascension_level":20}}