{"host":"mbpcepu6ztteuwhq","time":1609683907,"event":{"mods":["AchievementEnabler","BaseMod","Colored Map","Custom Start","DeckTracker","Minty Spire (QoL Compilation)","Rare Cards Sparkle","StSLib","everything is the same but u backflip on backflip"],"gold_per_floor":[117,132,57,28,55,55,85,85,85,95,95,95,45,61,61,135,135,155,155,205,225,225,225,225],"floor_reached":23,"playtime":424,"items_purged":["Strike_G"],"score":424,"play_id":"5f68c91e-0f47-4f0f-91e7-a9dce3b14f43","local_time":"20210103232507","is_ascension_mode":true,"campfire_choices":[{"data":"Poisoned Stab","floor":6.0,"key":"SMITH"},{"data":"Storm of Steel","floor":8.0,"key":"SMITH"},{"data":"Infinite Blades","floor":12.0,"key":"SMITH"},{"data":"Accuracy","floor":15.0,"key":"SMITH"}],"circlet_count":0,"master_deck":["AscendersBane","Strike_G","Strike_G","Strike_G","Defend_G","Defend_G","Defend_G","Defend_G","Survivor","Neutralize","Cloak And Dagger","Riddle With Holes","Poisoned Stab+1","Storm of Steel+1","Infinite Blades+1","Blade Dance","Accuracy+1","After Image","Blade Dance","Dagger Throw","Phantasmal Killer"],"relics":["Ring of the Serpent","NeowsBlessing","Bronze Scales","Question Card","Letter Opener"],"acts_visited":["Exordium","TheCity"],"potions_floor_usage":[23],"damage_taken":[{"damage":0.0,"enemies":"Cultist","floor":1.0,"turns":1.0},{"damage":0.0,"enemies":"2 Louse","floor":2.0,"turns":1.0},{"damage":0.0,"enemies":"3 Sentries","floor":7.0,"turns":1.0},{"damage":4.0,"enemies":"Jaw Worm","floor":10.0,"turns":2.0},{"damage":3.0,"enemies":"3 Louse","floor":14.0,"turns":3.0},{"damage":20.0,"enemies":"Hexaghost","floor":16.0,"turns":7.0},{"damage":15.0,"enemies":"Spheric Guardian","floor":18.0,"turns":4.0},{"damage":5.0,"enemies":"3 Byrds","floor":21.0,"turns":3.0},{"damage":46,"enemies":"Slavers","floor":23,"turns":4}],"seed_played":"8680458420399316844","potions_obtained":[{"floor":7.0,"key":"SteroidPotion"},{"floor":16.0,"key":"Poison Potion"}],"is_trial":false,"path_per_floor":["M","M","$","$","T","R","E","R","T","M","?","R","$","M","R","B",null,"M","?","?","M","?","E"],"character_chosen":"THE_SILENT","items_purchased":["Poisoned Stab","Blade Dance"],"campfire_rested":0,"item_purchase_floors":[4,13],"current_hp_per_floor":[59,59,59,59,59,59,59,59,59,55,60,60,60,57,57,37,63,48,48,48,43,43,0,0],"gold":225,"neow_bonus":"THREE_ENEMY_KILL","is_daily":false,"chose_seed":false,"campfire_upgraded":4,"win_rate":0.0,"timestamp":1609683907,"path_taken":["M","M","?","$","?","R","E","R","T","M","?","R","$","?","R","BOSS","M","?","?","M","?","E"],"items_purchased_type":["Card","Card"],"build_version":"2020-12-22","purchased_purges":1,"victory":false,"max_hp_per_floor":[66,66,66,66,66,66,66,66,66,66,71,71,71,71,71,71,71,71,71,71,71,71,71,71],"card_choices":[{"not_picked":["Underhanded Strike","Reflex"],"picked":"Cloak And Dagger","floor":1.0},{"not_picked":["Dagger Throw","Underhanded Strike"],"picked":"Riddle With Holes","floor":2.0},{"not_picked":["Underhanded Strike","Deadly Poison"],"picked":"Storm of Steel","floor":7.0},{"not_picked":["Deadly Poison","Dodge and Roll","Acrobatics"],"picked":"Infinite Blades","floor":10.0},{"not_picked":["Deadly Poison","Calculated Gamble","Infinite Blades"],"picked":"Accuracy","floor":14.0},{"not_picked":["Envenom","Venomology","Unload"],"picked":"After Image","floor":16.0},{"not_picked":["Deflect","Outmaneuver","Distraction","PiercingWail"],"picked":"SKIP","floor":18.0},{"not_picked":["Finisher","Masterful Stab","Choke+1"],"picked":"Blade Dance","floor":21.0}],"player_experience":5721,"relics_obtained":[{"floor":5.0,"key":"Bronze Scales"},{"floor":7.0,"key":"Question Card"},{"floor":9.0,"key":"Letter Opener"}],"event_choices":[{"damage_healed":0.0,"max_hp_gain":5.0,"max_hp_loss":0.0,"gold_gain":0.0,"event_name":"Big Fish","player_choice":"Donut","floor":11.0,"gold_loss":0.0,"damage_taken":0.0},{"damage_healed":0.0,"max_hp_gain":0.0,"max_hp_loss":0.0,"gold_gain":0.0,"event_name":"The Mausoleum","player_choice":"Ignored","floor":19.0,"gold_loss":0.0,"damage_taken":0.0},{"damage_healed":0.0,"max_hp_gain":0.0,"max_hp_loss":0.0,"gold_gain":50.0,"event_name":"Nest","player_choice":"Stole From Cult","floor":20.0,"gold_loss":0.0,"damage_taken":0.0},{"damage_healed":0.0,"max_hp_gain":0.0,"max_hp_loss":0.0,"gold_gain":0.0,"cards_transformed":["Strike_G","Defend_G"],"event_name":"Drug Dealer","player_choice":"Became Test Subject","floor":22.0,"gold_loss":0.0,"damage_taken":0.0,"cards_obtained":["Dagger Throw","Phantasmal Killer"]}],"is_beta":false,"boss_relics":[{"not_picked":["Runic Dome","Velvet Choker"],"picked":"Ring of the Serpent"}],"items_purged_floors":[3],"is_endless":false,"potions_floor_spawned":[7,16],"killed_by":"Slavers","ascension_level":20}}