{"host":"t5h83eruwt5lxl3o","time":1609643608,"event":{"mods":["AchievementEnabler","Act Like it!","BaseMod","CapriCore","Colored Map","DeckTracker","Hermit","Highlight Path","Koishi","Marisa£¨Ùöéë¡¡Øª×âÞÞ£©","Minty Spire (QoL Compilation)","Permanent Neow","Quick Restart","StSLib","SuperFastMode","The Cursed","The Immortal","everything is the same but u backflip on backflip"],"gold_per_floor":[111,111,126,126,126,160,175,209,209,209,226,281,281,309,309,388,388,404,423,437,72,89,89,89,124,149,149,167,167,167],"floor_reached":29,"playtime":1023,"items_purged":["Defend_R"],"score":579,"play_id":"465d7f67-2344-43be-b8ed-38963b6759f0","local_time":"20210103121328","is_ascension_mode":true,"campfire_choices":[{"data":"Perfected Strike","floor":10.0,"key":"SMITH"},{"data":"Defend_R","floor":13.0,"key":"PURGE"},{"data":"Pommel Strike","floor":15.0,"key":"SMITH"},{"data":"Thinking Ahead","floor":23.0,"key":"SMITH"},{"data":"Bandage Up","floor":27.0,"key":"SMITH"}],"circlet_count":0,"master_deck":["AscendersBane","Strike_R","Strike_R","Strike_R","Strike_R+1","Defend_R","Defend_R+1","Bash+1","Twin Strike","Shrug It Off","Disarm","Perfected Strike+1","Pummel","Perfected Strike","Pommel Strike+1","Headbutt","Pommel Strike+1","Thinking Ahead+1","Bandage Up+1","Cleave"],"relics":["Burning Blood","NeowsBlessing","Magic Flower","Sundial","Du-Vu Doll","Eternal Feather","Peace Pipe","Nunchaku","Mark of Pain","Blue Candle","Whetstone"],"acts_visited":["Exordium","TheCity"],"potions_floor_usage":[29],"damage_taken":[{"damage":0.0,"enemies":"2 Louse","floor":1.0,"turns":1.0},{"damage":0.0,"enemies":"Small Slimes","floor":3.0,"turns":1.0},{"damage":0.0,"enemies":"Lagavulin","floor":6.0,"turns":1.0},{"damage":7.0,"enemies":"Jaw Worm","floor":7.0,"turns":3.0},{"damage":38.0,"enemies":"3 Sentries","floor":8.0,"turns":9.0},{"damage":0.0,"enemies":"Large Slime","floor":11.0,"turns":4.0},{"damage":29.0,"enemies":"Lagavulin Event","floor":12.0,"turns":4.0},{"damage":0.0,"enemies":"Lagavulin","floor":14.0,"turns":2.0},{"damage":47.0,"enemies":"The Guardian","floor":16.0,"turns":7.0},{"damage":21.0,"enemies":"Shell Parasite","floor":18.0,"turns":2.0},{"damage":16.0,"enemies":"2 Thieves","floor":19.0,"turns":3.0},{"damage":22.0,"enemies":"Shelled Parasite and Fungi","floor":20.0,"turns":3.0},{"damage":27.0,"enemies":"Centurion and Healer","floor":22.0,"turns":4.0},{"damage":31.0,"enemies":"Slavers","floor":25.0,"turns":5.0},{"damage":20.0,"enemies":"3 Cultists","floor":28.0,"turns":5.0},{"damage":33,"enemies":"Sentry and Sphere","floor":29,"turns":4}],"seed_played":"2735867040120717159","potions_obtained":[{"floor":3.0,"key":"SmokeBomb"},{"floor":12.0,"key":"LiquidMemories"},{"floor":14.0,"key":"BlessingOfTheForge"},{"floor":18.0,"key":"Explosive Potion"},{"floor":20.0,"key":"Energy Potion"},{"floor":25.0,"key":"Ancient Potion"}],"is_trial":false,"path_per_floor":["M","?","M","?","?","E","M","E","T","R","M","?","R","E","R","B",null,"M","M","M","$","M","R","?","E","T","R","M","M"],"character_chosen":"IRONCLAD","items_purchased":["Thinking Ahead","Bandage Up"],"campfire_rested":0,"item_purchase_floors":[21,21],"current_hp_per_floor":[74,51,57,57,46,55,57,28,28,37,46,26,35,44,53,15,60,48,41,28,28,16,28,28,12,12,24,22,0,0],"gold":167,"neow_bonus":"THREE_ENEMY_KILL","is_daily":false,"chose_seed":false,"campfire_upgraded":4,"win_rate":0.0,"timestamp":1609643608,"path_taken":["M","?","M","?","?","E","?","E","T","R","M","?","R","E","R","BOSS","M","M","M","$","M","R","?","E","T","R","?","M"],"items_purchased_type":["Card","Card"],"build_version":"2020-12-22","purchased_purges":1,"victory":false,"max_hp_per_floor":[75,75,75,75,75,75,75,75,75,75,75,75,75,75,75,75,75,75,75,75,75,75,75,75,75,75,75,75,75,75],"card_choices":[{"not_picked":["True Grit","Seeing Red"],"picked":"Twin Strike","floor":1.0},{"not_picked":["Cleave","Twin Strike"],"picked":"Shrug It Off","floor":3.0},{"not_picked":["Iron Wave","Searing Blow"],"picked":"Disarm","floor":6.0},{"not_picked":["Cleave","Sword Boomerang"],"picked":"Perfected Strike","floor":7.0},{"not_picked":["Iron Wave","Bloodletting"],"picked":"Pummel","floor":8.0},{"not_picked":["Clash","Shrug It Off"],"picked":"Perfected Strike","floor":11.0},{"not_picked":["Fire Breathing","Rage"],"picked":"Pommel Strike","floor":12.0},{"not_picked":["Juggernaut","Dark Embrace"],"picked":"Headbutt","floor":14.0},{"not_picked":["Armaments","Sword Boomerang+1","Clothesline"],"picked":"SKIP","floor":18.0},{"not_picked":["Second Wind","Body Slam"],"picked":"Pommel Strike","floor":19.0},{"not_picked":["Bloodletting","Shrug It Off","Feel No Pain"],"picked":"SKIP","floor":20.0},{"not_picked":["Entrench","Dropkick","Shockwave"],"picked":"SKIP","floor":22.0},{"not_picked":["Warcry","Demon Form"],"picked":"Cleave","floor":25.0},{"not_picked":["Warcry","Spot Weakness","Body Slam"],"picked":"SKIP","floor":28.0}],"player_experience":647467,"relics_obtained":[{"floor":6.0,"key":"Sundial"},{"floor":8.0,"key":"Du-Vu Doll"},{"floor":9.0,"key":"Eternal Feather"},{"floor":12.0,"key":"Peace Pipe"},{"floor":14.0,"key":"Nunchaku"},{"floor":25.0,"key":"Blue Candle"},{"floor":26.0,"key":"Whetstone"}],"event_choices":[{"damage_healed":0.0,"max_hp_gain":0.0,"max_hp_loss":0.0,"gold_gain":0.0,"event_name":"Shining Light","player_choice":"Entered Light","floor":2.0,"gold_loss":0.0,"damage_taken":23.0,"cards_upgraded":["Bash","Defend_R"]},{"damage_healed":0.0,"max_hp_gain":0.0,"max_hp_loss":0.0,"gold_gain":0.0,"event_name":"Liars Game","player_choice":"Ignored","floor":4.0,"gold_loss":0.0,"damage_taken":0.0},{"damage_healed":0.0,"max_hp_gain":0.0,"max_hp_loss":0.0,"gold_gain":0.0,"event_name":"Scrap Ooze","player_choice":"Success","floor":5.0,"gold_loss":0.0,"damage_taken":11.0,"relics_obtained":["Magic Flower"]},{"damage_healed":0.0,"max_hp_gain":0.0,"max_hp_loss":0.0,"gold_gain":0.0,"event_name":"Dead Adventurer","player_choice":"Searched \u00272\u0027 times","floor":12.0,"gold_loss":0.0,"damage_taken":0.0},{"cards_removed":["Strike_R"],"damage_healed":0.0,"max_hp_gain":0.0,"max_hp_loss":0.0,"gold_gain":0.0,"event_name":"Purifier","player_choice":"Purged","floor":24.0,"gold_loss":0.0,"damage_taken":0.0}],"is_beta":false,"boss_relics":[{"not_picked":["Black Blood","Fusion Hammer"],"picked":"Mark of Pain"}],"items_purged_floors":[21],"is_endless":false,"potions_floor_spawned":[3,12,14,18,20,25],"killed_by":"Sentry and Sphere","ascension_level":17}}