{"host":"ormi09wwzv7sq47a","time":1609711172,"event":{"mods":["2.2 Compatiblity","AchievementEnabler","Act Like it!","BaseMod","Bestiary","Better Altar","Better Note","Better Sensory Stone","Better Skull","Better Third Choice","Better Vampires","BetterRewards","Block Reminder","Card Forge","Colored Map","Colored Powertips","Curses Come First","DeckTracker","Downfall","Highlight Path","Minty Spire (QoL Compilation)","Permanent Neow","Quick Restart","Rare Cards Sparkle","Relic Stats","Shop Mod","StSLib","The Jungle","The Servant 0.9.4"],"gold_per_floor":[115,265,281,308,308,308,339,356,402,430,430,0,0,11,11,85,135,145,145,95,5,5,37,37,37,60,72,72,72,72,106,106,180,180,193,209,209,16,32,32,46,120,420,448,448,483,483,502,502,502,502,502,9,40,40],"floor_reached":56,"playtime":4364,"items_purged":["Guardian:Strike_Guardian","Doubt","Shame"],"score":2558,"play_id":"426fa062-b895-440c-bf81-98be4cb08069","local_time":"20210103185932","is_ascension_mode":true,"campfire_choices":[{"floor":6.0,"key":"REST"},{"data":"Guardian:Harden","floor":15.0,"key":"SMITH"},{"data":"Guardian:StasisField","floor":24.0,"key":"SMITH"},{"data":"Guardian:SentryBeam","floor":28.0,"key":"SMITH"},{"data":"Guardian:PiercingHide","floor":32.0,"key":"SMITH"},{"data":"Guardian:ShieldCharger","floor":40.0,"key":"SMITH"},{"data":"Guardian:ExploitGems","floor":45,"key":"SMITH"},{"floor":47,"key":"REST"},{"floor":49,"key":"RECALL"},{"data":"Guardian:Emergency","floor":52,"key":"SMITH"}],"circlet_count":0,"master_deck":["AscendersBane","Guardian:Strike_Guardian+1","Guardian:Strike_Guardian+1","Guardian:Defend_Guardian","Guardian:Defend_Guardian","Guardian:CurlUp+1","Guardian:TwinSlam+1","Guardian:SentryBeam+1","Guardian:Recover","Guardian:TimeCapacitor","Guardian:Harden+1","Guardian:RollAttack+1","Guardian:BaubleBeam+1","Guardian:BronzeArmor+1","Guardian:Emergency+1","Guardian:PiercingHide+1","Guardian:PrimingBeam","Guardian:GemFire","Guardian:ShieldCharger+1","Guardian:StasisField+1","Flash of Steel","Thinking Ahead+1","Guardian:TemporalShield+1","Guardian:ExploitGems+1","Guardian:Preprogram+1","Guardian:ChargeCore+1","Madness","Madness+1","Injury","Guardian:MultiBeam+1","Guardian:FuturePlans","Forethought"],"relics":["Guardian:ModeShifter","Hammer of Thor","Seething Fire","Anvil of the Gods","StoneCalendar","Juzu Bracelet","Anchor","Regal Pillow","Whetstone","Odd Mushroom","Thread and Needle","Tiny House","Bag of Preparation","Blood Vial","The Courier","Cursed Key","Membership Card","Bag of Marbles","StrikeDummy","Old Coin","Happy Flower","Pocketwatch","War Paint","Sundial","Centennial Puzzle","Boot","Ginger"],"acts_visited":["Exordium","TheCity","TheBeyond","TheEnding"],"potions_floor_usage":[48,54,54],"damage_taken":[{"damage":0.0,"enemies":"Jaw Worm","floor":1.0,"turns":3.0},{"damage":2.0,"enemies":"Cultist","floor":3.0,"turns":3.0},{"damage":7.0,"enemies":"Lagavulin","floor":7.0,"turns":7.0},{"damage":0.0,"enemies":"2 Louse","floor":8.0,"turns":4.0},{"damage":0.0,"enemies":"The Mushroom Lair","floor":10.0,"turns":2.0},{"damage":0.0,"enemies":"2 Fungi Beasts","floor":14.0,"turns":3.0},{"damage":21.0,"enemies":"The Guardian","floor":16.0,"turns":10.0},{"damage":0.0,"enemies":"2 Thieves","floor":18.0,"turns":3.0},{"damage":7.0,"enemies":"Book of Stabbing","floor":23.0,"turns":6.0},{"damage":0.0,"enemies":"Spheric Guardian","floor":27.0,"turns":3.0},{"damage":9.0,"enemies":"Gremlin Leader","floor":31.0,"turns":6.0},{"damage":5.0,"enemies":"Automaton","floor":33.0,"turns":11.0},{"damage":0.0,"enemies":"3 Shapes","floor":35.0,"turns":7.0},{"damage":0.0,"enemies":"Orb Walker","floor":36.0,"turns":3.0},{"damage":12.0,"enemies":"Transient","floor":39.0,"turns":6.0},{"damage":0.0,"enemies":"Sphere and 2 Shapes","floor":41.0,"turns":5.0},{"damage":10,"enemies":"Nemesis","floor":44,"turns":5},{"damage":31,"enemies":"Reptomancer","floor":46,"turns":8},{"damage":0,"enemies":"3 Darklings","floor":48,"turns":4},{"damage":48,"enemies":"Time Eater","floor":50,"turns":13},{"damage":48,"enemies":"Shield and Spear","floor":54,"turns":9},{"damage":8,"enemies":"The Heart","floor":55,"turns":9}],"seed_played":"5533984719635664194","potions_obtained":[{"floor":1.0,"key":"Guardian:AcceleratePotion"},{"floor":7.0,"key":"Guardian:DefensiveModePotion"},{"floor":17.0,"key":"AntidotePotion"},{"floor":46,"key":"ColorlessPotion"}],"is_trial":false,"path_per_floor":["M","?","M","T","?","R","E","M","T","?","?","$","?","M","R","B",null,"M","?","?","$","?","E","R","?","T","M","R","?","$","E","R","B",null,"M","M","?","$","M","R","M","T","T","E","R","E","R","M","R","B",null,"R","$","E","B",null],"character_chosen":"GUARDIAN","items_purchased":["Guardian:SentryBeam","Guardian:Recover","Guardian:TimeCapacitor","Juzu Bracelet","Guardian:Harden","Guardian:RollAttack","SpeedPotion","Thread and Needle","Guardian:StasisField","Membership Card","Bag of Marbles","War Paint","Sundial","Centennial Puzzle","Regen Potion","PowerPotion","Guardian:FuturePlans","Forethought","Boot"],"campfire_rested":2,"item_purchase_floors":[0,0,0,0,0,0,0,12,21,38,38,53,53,53,53,53,53,53,53],"current_hp_per_floor":[51,51,49,49,27,48,41,41,41,41,41,41,41,41,41,20,64,64,64,64,64,64,57,57,33,33,35,35,35,35,32,32,29,65,67,69,55,55,45,45,47,47,47,39,39,10,48,50,50,4,59,59,59,27,21],"gold":40,"neow_bonus":"","is_daily":false,"chose_seed":false,"campfire_upgraded":7,"win_rate":0.0,"timestamp":1609711172,"path_taken":["M","?","M","?","?","R","E","M","T","?","?","?","?","M","R","BOSS","M","?","?","$","?","E","R","?","T","M","R","?","?","E","R","BOSS","M","M","?","$","M","R","M","?","T","E","R","E","R","M","R","BOSS","R","$","E","BOSS"],"items_purchased_type":["Card","Card","Card","Relic","Card","Card","Potion","Relic","Card","Relic","Relic","Relic","Relic","Relic","Potion","Potion","Card","Card","Relic"],"build_version":"2020-12-22","purchased_purges":3,"victory":true,"max_hp_per_floor":[72,72,72,72,72,72,72,72,72,72,72,72,72,72,72,72,77,77,77,77,77,77,77,77,77,77,77,77,77,77,77,77,77,77,77,77,77,77,77,77,77,77,77,77,77,77,77,77,77,77,77,77,77,77,77],"relic_stats":{"Regal Pillow":15,"Happy Flower":[14],"counters":[348,1619],"StoneCalendar":[475],"Juzu Bracelet":2,"Bag of Preparation":[66],"Whetstone":["Guardian:TwinSlam","Guardian:Strike_Guardian"],"Ginger":[2],"War Paint":["Madness","Thinking Ahead"],"Cursed Key":2,"Boot":[1],"Blood Vial":26,"Centennial Puzzle":[5],"Sundial":[2],"obtain_stats":[{"Guardian:StasisEgg":37,"Ginger":0,"Whetstone":26,"Sling":0,"Boot":53,"Old Coin":43,"Guardian:PickAxe":14,"Blood Vial":23,"Sundial":30,"MealTicket":0,"Kunai":53,"MerchantsRug":21,"Pear":40,"Blue Candle":0,"Eternal Feather":9,"Pen Nib":44,"Guardian:PocketSentry":6,"Akabeko":0,"MutagenicStrength":22,"Bird Faced Urn":0,"Snecko Eye":17,"Pandora\u0027s Box":34,"StrikeDummy":43,"Unceasing Top":7,"Guardian:StasisSlotReductionRelic":17,"Lantern":29,"Regal Pillow":7,"Torii":12,"Singing Bowl":21,"Guardian:StasisCodex":54,"StoneCalendar":38,"Bag of Preparation":21,"Ancient Tea Set":26,"Smiling Mask":30,"Cursed Key":17,"Matryoshka":9,"Shovel":40,"WingedGreaves":37,"InkBottle":47,"Lee\u0027s Waffle":0,"Golden Idol":13,"Thread and Needle":12,"PreservedInsect":17,"The Courier":34,"Omamori":46,"Seething Fire":0,"Frozen Egg 2":9,"MawBank":9,"betterThird:SlimedRelic":2,"Turnip":0,"Art of War":48,"Bottled Lightning":26,"hexamod:BolsterEngine":13,"Toy Ornithopter":44,"Ice Cream":31,"Calipers":30,"Tiny House":17,"Gremlin Horn":26,"Nilry\u0027s Codex":25,"CeramicFish":7,"Vajra":31,"Guardian:SackOfGems":23,"Hammer of Thor":0,"Lizard Tail":0,"Centennial Puzzle":29,"HornCleat":22,"DollysMirror":31,"Strawberry":10,"Prayer Wheel":17,"Philosopher\u0027s Stone":34,"Toxic Egg 2":29,"Girya":10,"Guardian:BottledStasis":36,"Happy Flower":54,"Astrolabe":17,"Dead Branch":0,"Guardian:ModeShifter":0,"Oddly Smooth Stone":37,"Letter Opener":9,"War Paint":9,"Question Card":40,"Du-Vu Doll":0,"OrangePellets":0,"Bottled Flame":26,"Shuriken":26,"Anvil of the Gods":0,"Bronze Scales":0,"Black Star":34,"Nloth\u0027s Gift":22,"Pocketwatch":7,"Meat on the Bone":24,"Darkstone Periapt":17,"Guardian:ModeShifterPlus":34,"Incense Burner":7,"Juzu Bracelet":7,"Dream Catcher":14,"Nunchaku":0,"Mummified Hand":8,"Tiny Chest":25,"Orichalcum":43,"Odd Mushroom":10,"Medical Kit":0,"White Beast Statue":21,"Mercury Hourglass":45,"Calling Bell":17,"Peace Pipe":0,"Guardian:StasisUpgradeRelic":53,"CaptainsWheel":9,"Anchor":9,"Bag of Marbles":48,"Membership Card":21,"FossilizedHelix":38,"TungstenRod":26},{"Guardian:StasisEgg":218,"Ginger":39,"Whetstone":249,"Sling":39,"Boot":346,"Old Coin":342,"Guardian:PickAxe":24,"Blood Vial":51,"Sundial":12,"MealTicket":171,"Kunai":109,"MerchantsRug":96,"Pear":320,"Blue Candle":136,"Eternal Feather":44,"Pen Nib":35,"Guardian:PocketSentry":44,"Akabeko":84,"MutagenicStrength":180,"Bird Faced Urn":225,"Snecko Eye":246,"Pandora\u0027s Box":14,"StrikeDummy":256,"Unceasing Top":69,"Guardian:StasisSlotReductionRelic":7,"Lantern":29,"Regal Pillow":329,"Torii":143,"Singing Bowl":209,"Guardian:StasisCodex":65,"StoneCalendar":189,"Bag of Preparation":96,"Ancient Tea Set":28,"Smiling Mask":99,"Cursed Key":177,"Matryoshka":194,"Shovel":220,"WingedGreaves":318,"InkBottle":37,"Lee\u0027s Waffle":162,"Golden Idol":5,"Thread and Needle":331,"PreservedInsect":25,"The Courier":276,"Omamori":106,"Seething Fire":0,"Frozen Egg 2":89,"MawBank":204,"betterThird:SlimedRelic":40,"Turnip":66,"Art of War":133,"Bottled Lightning":10,"hexamod:BolsterEngine":45,"Toy Ornithopter":105,"Ice Cream":275,"Calipers":124,"Tiny House":333,"Gremlin Horn":52,"Nilry\u0027s Codex":149,"CeramicFish":305,"Vajra":30,"Guardian:SackOfGems":210,"Hammer of Thor":0,"Lizard Tail":17,"Centennial Puzzle":53,"HornCleat":50,"DollysMirror":99,"Strawberry":90,"Prayer Wheel":25,"Philosopher\u0027s Stone":186,"Toxic Egg 2":215,"Girya":80,"Guardian:BottledStasis":277,"Happy Flower":110,"Astrolabe":47,"Dead Branch":111,"Guardian:ModeShifter":0,"Oddly Smooth Stone":32,"Letter Opener":242,"War Paint":69,"Question Card":255,"Du-Vu Doll":288,"OrangePellets":111,"Bottled Flame":123,"Shuriken":97,"Anvil of the Gods":0,"Bronze Scales":162,"Black Star":100,"Nloth\u0027s Gift":209,"Pocketwatch":116,"Meat on the Bone":248,"Darkstone Periapt":25,"Guardian:ModeShifterPlus":55,"Incense Burner":4,"Juzu Bracelet":168,"Dream Catcher":6,"Nunchaku":66,"Mummified Hand":141,"Tiny Chest":123,"Orichalcum":34,"Odd Mushroom":331,"Medical Kit":66,"White Beast Statue":96,"Mercury Hourglass":157,"Calling Bell":25,"Peace Pipe":76,"Guardian:StasisUpgradeRelic":109,"CaptainsWheel":4,"Anchor":21,"Bag of Marbles":63,"Membership Card":96,"FossilizedHelix":58,"TungstenRod":212},{"Guardian:StasisEgg":983,"Ginger":211,"Whetstone":1148,"Sling":211,"Boot":1601,"Old Coin":1571,"Guardian:PickAxe":121,"Blood Vial":270,"Sundial":61,"MealTicket":775,"Kunai":521,"MerchantsRug":476,"Pear":1454,"Blue Candle":609,"Eternal Feather":237,"Pen Nib":184,"Guardian:PocketSentry":237,"Akabeko":446,"MutagenicStrength":815,"Bird Faced Urn":1021,"Snecko Eye":1137,"Pandora\u0027s Box":75,"StrikeDummy":1185,"Unceasing Top":367,"Guardian:StasisSlotReductionRelic":38,"Lantern":150,"Regal Pillow":1502,"Torii":640,"Singing Bowl":955,"Guardian:StasisCodex":340,"StoneCalendar":861,"Bag of Preparation":476,"Ancient Tea Set":145,"Smiling Mask":485,"Cursed Key":801,"Matryoshka":883,"Shovel":992,"WingedGreaves":1450,"InkBottle":196,"Lee\u0027s Waffle":727,"Golden Idol":22,"Thread and Needle":1508,"PreservedInsect":130,"The Courier":1282,"Omamori":510,"Seething Fire":0,"Frozen Egg 2":456,"MawBank":929,"betterThird:SlimedRelic":214,"Turnip":349,"Art of War":591,"Bottled Lightning":50,"hexamod:BolsterEngine":240,"Toy Ornithopter":504,"Ice Cream":1273,"Calipers":565,"Tiny House":1521,"Gremlin Horn":274,"Nilry\u0027s Codex":664,"CeramicFish":1404,"Vajra":154,"Guardian:SackOfGems":959,"Hammer of Thor":0,"Lizard Tail":91,"Centennial Puzzle":277,"HornCleat":266,"DollysMirror":485,"Strawberry":460,"Prayer Wheel":130,"Philosopher\u0027s Stone":845,"Toxic Egg 2":974,"Girya":426,"Guardian:BottledStasis":1284,"Happy Flower":525,"Astrolabe":259,"Dead Branch":532,"Guardian:ModeShifter":0,"Oddly Smooth Stone":167,"Letter Opener":1119,"War Paint":367,"Question Card":1177,"Du-Vu Doll":1325,"OrangePellets":532,"Bottled Flame":561,"Shuriken":479,"Anvil of the Gods":0,"Bronze Scales":727,"Black Star":490,"Nloth\u0027s Gift":955,"Pocketwatch":545,"Meat on the Bone":1146,"Darkstone Periapt":130,"Guardian:ModeShifterPlus":288,"Incense Burner":18,"Juzu Bracelet":761,"Dream Catcher":28,"Nunchaku":349,"Mummified Hand":631,"Tiny Chest":561,"Orichalcum":177,"Odd Mushroom":1508,"Medical Kit":349,"White Beast Statue":476,"Mercury Hourglass":698,"Calling Bell":130,"Peace Pipe":412,"Guardian:StasisUpgradeRelic":521,"CaptainsWheel":18,"Anchor":107,"Bag of Marbles":326,"Membership Card":476,"FossilizedHelix":296,"TungstenRod":962}],"Pocketwatch":[8]},"card_choices":[{"not_picked":["Guardian:TemporalStrike","Guardian:Suspension"],"picked":"Guardian:BronzeArmor","floor":1.0},{"not_picked":["Guardian:Incinerate","Guardian:Suspension"],"picked":"Guardian:Gem_Purple","floor":3.0},{"not_picked":["Guardian:PolyBeam","Guardian:PrimingBeam"],"picked":"Guardian:Emergency","floor":7.0},{"not_picked":["Guardian:ChargeCore","Guardian:Planning"],"picked":"Guardian:PiercingHide","floor":8.0},{"not_picked":["Guardian:Planning","Guardian:PiercingHide"],"picked":"Guardian:PrimingBeam","floor":10.0},{"not_picked":["Guardian:VentSteam","Guardian:CompilePackage"],"picked":"Guardian:Gem_Lightblue","floor":14.0},{"not_picked":["Guardian:StasisStrike","Guardian:GemFinder"],"picked":"Guardian:GemFire","floor":16.0},{"not_picked":["Guardian:TemporalStrike","Guardian:GuardianWhirl"],"picked":"Guardian:Gem_Lightblue","floor":17.0},{"not_picked":["Guardian:PiercingHide","Guardian:TemporalShield"],"picked":"Guardian:Gem_Green","floor":18.0},{"not_picked":["Guardian:TimeBomb","Guardian:RollAttack"],"picked":"Guardian:Gem_Green","floor":23.0},{"not_picked":["Guardian:PiercingHide","Guardian:RollAttack+1"],"picked":"Guardian:Gem_Purple","floor":27.0},{"not_picked":["Chrysalis","expansioncontent:ManipulateTime"],"picked":"Flash of Steel","floor":29.0},{"not_picked":["expansioncontent:Flail","expansioncontent:AwakenDeath"],"picked":"Thinking Ahead","floor":29.0},{"not_picked":["Guardian:Gem_Green","Guardian:ShieldCharger"],"picked":"Guardian:TemporalShield+1","floor":31.0},{"not_picked":["Guardian:FastForward","Guardian:BaubleBeam"],"picked":"Guardian:ExploitGems","floor":33.0},{"not_picked":["Guardian:Gem_Green","Guardian:Gem_Cyan"],"picked":"Guardian:Preprogram+1","floor":35.0},{"not_picked":["Guardian:Incinerate","Guardian:PrimingBeam+1"],"picked":"Guardian:ChargeCore+1","floor":36.0},{"not_picked":["Guardian:TimeBomb","Guardian:PrismaticBeam"],"picked":"Guardian:Gem_Red","floor":39.0},{"not_picked":["Guardian:RollAttack","Guardian:Emergency"],"picked":"Guardian:Gem_Lightblue","floor":41.0},{"not_picked":["Guardian:ExploitGems","Guardian:PrimingBeam+1"],"picked":"Guardian:Gem_Purple","floor":44},{"not_picked":["Guardian:ShieldSpikes","Guardian:TemporalStrike+1","Guardian:PrismaticBarrier+1"],"picked":"SKIP","floor":46},{"not_picked":["Guardian:TemporalStrike","Guardian:Gem_Lightblue"],"picked":"Guardian:MultiBeam+1","floor":48},{"not_picked":["Guardian:Incinerate","Guardian:FloatingOrbs","Guardian:Gem_Crimson"],"picked":"SKIP","floor":54}],"player_experience":869517,"relics_obtained":[{"floor":4.0,"key":"Anchor"},{"floor":7.0,"key":"Regal Pillow"},{"floor":9.0,"key":"Whetstone"},{"floor":10.0,"key":"Odd Mushroom"},{"floor":23.0,"key":"Bag of Preparation"},{"floor":31.0,"key":"The Courier"},{"floor":42.0,"key":"StrikeDummy"},{"floor":43.0,"key":"Old Coin"},{"floor":44,"key":"Happy Flower"},{"floor":46,"key":"Pocketwatch"},{"floor":54,"key":"Ginger"}],"event_choices":[{"damage_healed":0.0,"max_hp_gain":0.0,"max_hp_loss":0.0,"gold_gain":150.0,"event_name":"betterThird:BetterSerpent","player_choice":"AGREE","floor":2.0,"gold_loss":0.0,"damage_taken":115.0},{"damage_healed":49.0,"max_hp_gain":0.0,"max_hp_loss":72.0,"gold_gain":0.0,"event_name":"betterThird:BetterShining","player_choice":"Upgrade","floor":5.0,"gold_loss":0.0,"damage_taken":22.0,"cards_upgraded":["Guardian:Strike_Guardian","Guardian:BaubleBeam"]},{"damage_healed":0.0,"max_hp_gain":0.0,"max_hp_loss":0.0,"gold_gain":0.0,"event_name":"Mushrooms","player_choice":"Fought Mushrooms","floor":10.0,"gold_loss":0.0,"damage_taken":0.0},{"damage_healed":0.0,"max_hp_gain":0.0,"max_hp_loss":0.0,"gold_gain":0.0,"event_name":"betterThird:BetterScrap","player_choice":"LEAVE","floor":11.0,"gold_loss":0.0,"damage_taken":0.0,"cards_obtained":["Searing Blow"]},{"damage_healed":0.0,"max_hp_gain":0.0,"max_hp_loss":0.0,"gold_gain":0.0,"event_name":"betterThird:BetterGoop","player_choice":"Left","floor":13.0,"gold_loss":0.0,"damage_taken":0.0},{"damage_healed":0.0,"max_hp_gain":0.0,"max_hp_loss":0.0,"gold_gain":0.0,"cards_transformed":["Guardian:Strike_Guardian","Guardian:Defend_Guardian"],"event_name":"Drug Dealer","player_choice":"Became Test Subject","floor":19.0,"gold_loss":0.0,"damage_taken":0.0,"cards_obtained":["Guardian:ShieldCharger","Guardian:Gem_Purple"]},{"damage_healed":0.0,"max_hp_gain":0.0,"max_hp_loss":0.0,"gold_gain":0.0,"event_name":"Designer","player_choice":"Upgraded Two","floor":20.0,"gold_loss":50.0,"damage_taken":0.0,"cards_upgraded":["Guardian:CurlUp","Guardian:BronzeArmor"]},{"damage_healed":0.0,"max_hp_gain":0.0,"max_hp_loss":0.0,"gold_gain":0.0,"event_name":"The Library","player_choice":"Read","floor":22.0,"gold_loss":0.0,"damage_taken":0.0,"cards_obtained":["Guardian:Gem_Yellow"]},{"damage_healed":0.0,"max_hp_gain":57.0,"max_hp_loss":33.0,"gold_gain":0.0,"event_name":"betterAltar:BetterAltar","player_choice":" Vial ","floor":25.0,"potions_obtained":[],"relics_lost":[],"gold_loss":0.0,"damage_taken":24.0,"relics_obtained":["Blood Vial"]},{"damage_healed":0.0,"max_hp_gain":0.0,"max_hp_loss":0.0,"gold_gain":2.0,"event_name":"betterStone:BetterStone","player_choice":"1","floor":29.0,"gold_loss":0.0,"damage_taken":0.0},{"damage_healed":0.0,"max_hp_gain":0.0,"max_hp_loss":0.0,"gold_gain":0.0,"event_name":"Winding Halls","player_choice":"Embrace Madness","floor":37.0,"gold_loss":0.0,"damage_taken":14.0,"cards_obtained":["Madness","Madness"]}],"is_beta":false,"boss_relics":[{"not_picked":["Runic Dome","Snecko Eye"],"picked":"Tiny House"},{"not_picked":["Calling Bell","Empty Cage"],"picked":"Cursed Key"}],"items_purged_floors":[0,12,53],"is_endless":false,"potions_floor_spawned":[1,7,27,46],"ascension_level":18}}