{"host":"s9dep4x43c14s74h","time":1609712358,"event":{"mods":["BaseMod","Downfall","Gremlin Mod","Hermit","HololiveMod","Jorbs\u0027s Wanderer Trilogy","Lobotomy","Marisa????????","Minty Spire (QoL Compilation)","Replay The Spire","StSLib","The Animator","The Bug Knight","The Construct","The Cursed","The Necromancer","The Runesmith","The Servant 0.9.4"],"gold_per_floor":[99,99,99,99,99,99,99,9,25,43,61,71,81,111,126,231,231,231,247,262,278,292,292,292,174,206,218,218,218,218],"floor_reached":28,"playtime":2260,"items_purged":["Amnesia"],"score":332,"play_id":"9dbaa6f4-23dd-448f-9a5e-c48fbe8c2b1c","local_time":"20210104011918","is_ascension_mode":true,"campfire_choices":[{"data":"Slimebound:Overexert","floor":23,"key":"SMITH"}],"circlet_count":0,"master_deck":["Slimebound:Strike_Slimebound","Slimebound:Strike_Slimebound","Slimebound:Tackle","Slimebound:Defend_Slimebound","Slimebound:Defend_Slimebound","Slimebound:Defend_Slimebound","Slimebound:Defend_Slimebound","Slimebound:Split","Slimebound:CorrosiveSpit","Slimebound:OneTwoCombo","Slimebound:LevelUp+1","Slimebound:PressTheAttack","Slimebound:SplitBruiser","Slimebound:SplitBruiser","Slimebound:SplitBruiser+1","Slimebound:Overexert+1","Slimebound:SplitAcid","Slimebound:SplitBruiser","Slimebound:Replication","Slimebound:LeechLife","CurseOfTheBell","Slimebound:GoopSpray","Slimebound:Schlurp","Slimebound:FormOfPuddle","Slimebound:LeechEnergy","Slimebound:LeadByExample","Slimebound:SlimeBarrage","Slimebound:LevelUp","Slimebound:SlimeBarrage"],"relics":["Slimebound:AbsorbEndCombat","downfall:HeartsMalice","ReplayTheSpireMod:Ring of Exchange","Ring of Fangs","TungstenRod","Pantograph","Calling Bell","Simple Rune","Meat on the Bone","Bird Faced Urn","Du-Vu Doll"],"acts_visited":["Exordium","TheCity"],"potions_floor_usage":[12,21,25,25,26],"damage_taken":[{"damage":0,"enemies":"Cultist","floor":2,"turns":1},{"damage":0,"enemies":"2 Louse","floor":3,"turns":1},{"damage":0,"enemies":"Jaw Worm","floor":5,"turns":1},{"damage":12,"enemies":"downfall:FleeingMerchant","floor":8,"turns":4},{"damage":24,"enemies":"Gremlin Gang","floor":9,"turns":2},{"damage":22,"enemies":"Lots of Slimes","floor":10,"turns":2},{"damage":12,"enemies":"Blue Slaver","floor":11,"turns":2},{"damage":9,"enemies":"2 Fungi Beasts","floor":12,"turns":2},{"damage":21,"enemies":"Blue Slaver","floor":13,"turns":2},{"damage":12,"enemies":"Gremlin Nob","floor":14,"turns":2},{"damage":27,"enemies":"Lots of Slimes","floor":15,"turns":3},{"damage":51,"enemies":"downfall:Ironclad","floor":16,"turns":4},{"damage":25,"enemies":"Spheric Guardian","floor":19,"turns":3},{"damage":19,"enemies":"Chosen","floor":20,"turns":3},{"damage":42,"enemies":"3 Cultists","floor":21,"turns":4},{"damage":69,"enemies":"Centurion and Healer","floor":22,"turns":6},{"damage":8,"enemies":"downfall:FleeingMerchant","floor":25,"turns":4},{"damage":47,"enemies":"Gremlin Leader","floor":26,"turns":4},{"damage":40,"enemies":"Cultist and Chosen","floor":27,"turns":5},{"damage":62,"enemies":"Book of Stabbing","floor":28,"turns":4}],"seed_played":"5554028610330764551","potions_obtained":[{"floor":9,"key":"Adrenaline Potion"},{"floor":10,"key":"SteroidPotion"},{"floor":12,"key":"hexamod:EctoCoolerPotion"},{"floor":13,"key":"SteroidPotion"},{"floor":16,"key":"PowerPotion"},{"floor":19,"key":"EssenceOfSteel"},{"floor":20,"key":"hexamod:EctoCoolerPotion"},{"floor":21,"key":"champ:CounterPotion"},{"floor":22,"key":"sneckomod:MuddlingPotion"}],"is_trial":false,"path_per_floor":["R","M","M","?","M","?","T","$","M","M","M","M","M","E","M","B",null,"R","M","M","M","M","R","T","$","E","M","E"],"character_chosen":"SLIMEBOUND","items_purchased":["Slimebound:LeadByExample","Slimebound:SlimeBarrage"],"campfire_rested":0,"item_purchase_floors":[25,25],"current_hp_per_floor":[60,60,60,60,60,60,60,58,46,36,36,43,38,46,39,31,60,60,46,47,47,36,36,36,52,37,35,0,0,0],"gold":218,"neow_bonus":"THREE_ENEMY_KILL","is_daily":false,"chose_seed":false,"campfire_upgraded":1,"win_rate":0.0,"timestamp":1609712358,"path_taken":["R","M","?","?","M","?","T","$","?","M","M","M","?","E","M","BOSS","R","M","M","M","M","R","T","$","E","M","E"],"items_purchased_type":["Card","Card"],"build_version":"2020-12-22","purchased_purges":1,"victory":false,"max_hp_per_floor":[60,60,60,60,60,60,60,60,60,60,60,60,60,60,60,60,60,60,60,60,60,60,60,60,60,60,60,60,60,60],"card_choices":[{"not_picked":["Slimebound:SplitMire","Slimebound:SplitLeeching"],"picked":"Slimebound:LevelUp","floor":2},{"not_picked":["Slimebound:ComboTackle","Slimebound:Prepare"],"picked":"Slimebound:PressTheAttack","floor":3},{"not_picked":["Slimebound:ComboTackle","Slimebound:GrowthPunch"],"picked":"Slimebound:SplitBruiser","floor":5},{"not_picked":["Slimebound:RallyTheTroops","Slimebound:GoopTackle"],"picked":"Slimebound:SplitBruiser","floor":8},{"not_picked":["Slimebound:ComboTackle","Slimebound:GoopSpray"],"picked":"Slimebound:SplitBruiser","floor":9},{"not_picked":["Slimebound:SamplingLick","Slimebound:TongueLash","Slimebound:LeechEnergy"],"picked":"SKIP","floor":10},{"not_picked":["Slimebound:Schlurp","Slimebound:FinishingTackle"],"picked":"Slimebound:Overexert","floor":11},{"not_picked":["Slimebound:RollThrough","Slimebound:GrowthPunch"],"picked":"Slimebound:SplitAcid","floor":12},{"not_picked":["Slimebound:SpikyOuterGoop","Slimebound:FlameTackle"],"picked":"Slimebound:SplitBruiser","floor":13},{"not_picked":["Slimebound:FinishingTackle","Slimebound:Repurpose"],"picked":"Slimebound:Replication","floor":14},{"not_picked":["Slimebound:Grow","Slimebound:TongueLash","Slimebound:ViciousTackle"],"picked":"SKIP","floor":15},{"not_picked":["Slimebound:DouseInSlime","Slimebound:WasteNot"],"picked":"Slimebound:LeechLife","floor":16},{"not_picked":["Slimebound:ComboTackle","Slimebound:LeechEnergy"],"picked":"Slimebound:GoopSpray","floor":19},{"not_picked":["Slimebound:FlameTackle","Slimebound:SlimeSpikes"],"picked":"Slimebound:Schlurp","floor":20},{"not_picked":["Slimebound:Schlurp","Slimebound:BestDefense"],"picked":"Slimebound:FormOfPuddle","floor":21},{"not_picked":["Slimebound:Schlurp","Slimebound:GoopSpray"],"picked":"Slimebound:LeechEnergy","floor":22},{"not_picked":["Slimebound:RollThrough+1","Slimebound:Schlurp+1","Slimebound:SlimeSpikes"],"picked":"SKIP","floor":25},{"not_picked":["Slimebound:LeechingTouch","Slimebound:SlimeBrawl"],"picked":"Slimebound:LevelUp","floor":26},{"not_picked":["Slimebound:Recycling","Slimebound:ViciousTackle+1"],"picked":"Slimebound:SlimeBarrage","floor":27}],"player_experience":791479,"relics_obtained":[{"floor":4,"key":"ReplayTheSpireMod:Ring of Exchange"},{"floor":4,"key":"Ring of Fangs"},{"floor":7,"key":"TungstenRod"},{"floor":14,"key":"Pantograph"},{"floor":17,"key":"Simple Rune"},{"floor":17,"key":"Meat on the Bone"},{"floor":17,"key":"Bird Faced Urn"},{"floor":26,"key":"Du-Vu Doll"}],"event_choices":[{"damage_healed":0,"gold_gain":0,"player_choice":"Forge","damage_taken":0,"max_hp_gain":0,"max_hp_loss":0,"event_name":"Accursed Blacksmith","floor":6,"gold_loss":0,"cards_upgraded":["Slimebound:LevelUp"]}],"is_beta":false,"boss_relics":[{"not_picked":["Fusion Hammer","ReplayTheSpireMod:DimensionalGlitch"],"picked":"Calling Bell"}],"items_purged_floors":[8],"is_endless":false,"potions_floor_spawned":[9,10,12,13,16,19,20,21,22],"killed_by":"Book of Stabbing","ascension_level":3}}