{"host":"3icp1y0s51ghu4x2","time":1609663857,"event":{"mods":["AchievementEnabler","BaseMod","Bestiary","Card Forge","ChefMod","Colored Map","Hermit","Infinite Spire","Minty Spire (QoL Compilation)","Replay The Spire","Shop Mod","StSLib","Td1madao Mod","The Bug Knight","The Hierophant","The Marked"],"gold_per_floor":[2118,2118,645,661,726,726,744,744,824,1668,1693,1693,665,676,676,775,775,793,807,857,925,1868,1868,1918,1918,1942,800,800,2830,2847,2897,2897,2996,2996,3014,3113,3113,3263,3313,3313,3376,2000,2047,1582,751,784,796,1834,1834,1834],"floor_reached":51,"playtime":3166,"items_purged":["Defend_G","Defend_G","Defend_G+1","Defend_G+1"],"score":1062,"play_id":"39c2915a-a713-401f-868f-c95944cd6c37","local_time":"20210103005057","is_ascension_mode":false,"campfire_choices":[{"data":"Poisoned Stab","floor":6.0,"key":"SMITH"},{"data":"Noxious Fumes","floor":8.0,"key":"SMITH"},{"data":"Mayhem","floor":12.0,"key":"SMITH"},{"floor":15.0,"key":"DIG"},{"data":"A Thousand Cuts","floor":23.0,"key":"SMITH"},{"data":"Infinite Blades","floor":25.0,"key":"SMITH"},{"data":"Adrenaline","floor":28.0,"key":"SMITH"},{"data":"Glass Knife","floor":32.0,"key":"SMITH"},{"data":"infinitespire:Punishment","floor":40,"key":"SMITH"},{"data":"infinitespire:NeuralNetwork","floor":47,"key":"SMITH"},{"data":"ReplayTheSpireMod:Shiv Toss","floor":49,"key":"SMITH"}],"circlet_count":0,"master_deck":["Strike_G+1","Strike_G+1","Strike_G+1","Strike_G+1","Strike_G+1","Defend_G+1","Survivor","Neutralize","Flying Knee","Poisoned Stab+1","Glass Knife+1","Prepared","Deadly Poison","Caltrops","Good Instincts","ReplayTheSpireMod:Necrogeddon","ReplayTheSpireMod:The Works","Underhanded Strike","Dagger Spray","Blade Dance","Noxious Fumes+1","A Thousand Cuts+1","Dagger Throw","Masterful Stab","Acrobatics","Mayhem+1","PanicButton","Leg Sweep","Well Laid Plans","Dagger Spray","Chrysalis","Dagger Spray","Dagger Spray","Outmaneuver","Heel Hook","Blade Dance","Bouncing Flask","A Thousand Cuts","ReplayTheSpireMod:Scrap Shanks","Infinite Blades+1","Draining Mist+1","Skewer+1","Sucker Punch","Poisoned Stab+1","Replay:BasicMightCard","Crippling Poison","Well Laid Plans","Atom Bomb","Secret Weapon","Magnetism","ReplayTheSpireMod:Private Reserves","Escape Plan","Adrenaline+1","Masterful Stab","ReplayTheSpireMod:The Works","ReplayTheSpireMod:Tripwire","Poisoned Stab","Die Die Die","Replay:Poison Smokescreen","Dagger Throw","PiercingWail+1","infinitespire:Punishment+1","Hidden Blade","infinitespire:Menacing","Expertise","Predator","infinitespire:NeuralNetwork+1","Dagger Throw","Sucker Punch","Expertise","Secret Weapon","Skewer+1","ReplayTheSpireMod:Shiv Toss+1","Quick Slash+1","Hidden Blade","Quick Slash+1","Hidden Blade","ReplayTheSpireMod:Shiv Toss+1","infinitespire:Punishment+1"],"relics":["Ring of the Serpent","SsserpentHead","Prayer Wheel","Happy Flower","Strange Spoon","MerchantsRug","Matryoshka","Pen Nib","Tingsha","TwistedFunnel","Boot","PreservedInsect","Toy Ornithopter","Medical Kit","Snake Skull","WarpedTongs","Oddly Smooth Stone","Bag of Marbles","Chemical X","MealTicket","Strawberry","Anchor","Bronze Scales","HandDrill","Peace Pipe","Black Star","StoneCalendar","WristBlade","Blood Vial","Lizard Tail","Red Mask","Centennial Puzzle","Bottled Flame","Blood Vial","Ninja Scroll","Orrery","Potion Belt","MawBank","Bag of Preparation","Eternal Feather","DollysMirror"],"acts_visited":["TheCity","TheBeyond"],"potions_floor_usage":[],"damage_taken":[{"damage":6.0,"enemies":"2 Louse","floor":1.0,"turns":3.0},{"damage":6.0,"enemies":"Cultist","floor":4.0,"turns":3.0},{"damage":4.0,"enemies":"Small Slimes","floor":5.0,"turns":3.0},{"damage":15.0,"enemies":"Red Slaver","floor":7.0,"turns":3.0},{"damage":18.0,"enemies":"3 Sentries","floor":11.0,"turns":3.0},{"damage":0.0,"enemies":"Blue Slaver","floor":14.0,"turns":1.0},{"damage":56.0,"enemies":"The Guardian","floor":16.0,"turns":6.0},{"damage":0.0,"enemies":"3 Byrds","floor":18.0,"turns":3.0},{"damage":10.0,"enemies":"Shell Parasite","floor":19.0,"turns":2.0},{"damage":18.0,"enemies":"Snake Plant","floor":21.0,"turns":3.0},{"damage":0.0,"enemies":"HollowMod:Nosk","floor":29.0,"turns":1.0},{"damage":0.0,"enemies":"Sentry and Sphere","floor":30.0,"turns":3.0},{"damage":8.0,"enemies":"Champ","floor":33.0,"turns":4.0},{"damage":6.0,"enemies":"3 Darklings","floor":35.0,"turns":3.0},{"damage":57.0,"enemies":"2 Orb Walkers","floor":36.0,"turns":3.0},{"damage":29.0,"enemies":"infinitespire:Three Voidlings","floor":38.0,"turns":3.0},{"damage":26.0,"enemies":"Nightmare_Alpha","floor":38.0,"turns":4.0},{"damage":10,"enemies":"3 Shapes","floor":41,"turns":2},{"damage":0,"enemies":"HollowMod:StalkingDevout","floor":46,"turns":1},{"damage":12,"enemies":"LordOfAnnihilation","floor":50,"turns":5}],"seed_played":"-918778313686898913","potions_obtained":[{"floor":4.0,"key":"Swift Potion"},{"floor":5.0,"key":"Ancient Potion"}],"is_trial":false,"path_per_floor":["M","?","$","M","M","R","M","R","T","$","E","R","$","M","R_BF","B",null,"M","M","?","M","$","R","?","R","T","$","R","E","M","?","R","B",null,"M","?","AVR","?","?","R","M","?","T","?","$","E","R","$","R","B",null],"character_chosen":"THE_SILENT","items_purchased":["Prayer Wheel","Happy Flower","Strange Spoon","Poison Potion","Poisoned Stab","Glass Knife","Prepared","Deadly Poison","Caltrops","Good Instincts","ReplayTheSpireMod:Necrogeddon","MerchantsRug","Pen Nib","Tingsha","TwistedFunnel","Dagger Throw","Masterful Stab","Acrobatics","Mayhem","PanicButton","Leg Sweep","Well Laid Plans","PreservedInsect","Toy Ornithopter","Medical Kit","Chrysalis","Dagger Spray","Outmaneuver","Milkshake","DuplicationPotion","DuplicationPotion","Heel Hook","Oddly Smooth Stone","Bag of Marbles","Chemical X","Replay:BasicMightCard","Crippling Poison","Well Laid Plans","Atom Bomb","Secret Weapon","Anchor","Bronze Scales","HandDrill","Magnetism","ReplayTheSpireMod:Private Reserves","Escape Plan","Adrenaline","Masterful Stab","Blood Vial","Ninja Scroll","Dagger Throw","Sucker Punch","Expertise","Secret Weapon","Orrery","Bag of Preparation","Eternal Feather","ReplayTheSpireMod:Shiv Toss","FairyPotion","Fruit Juice","DollysMirror"],"campfire_rested":0,"item_purchase_floors":[3,3,3,3,3,3,3,3,3,3,3,3,10,10,10,10,10,10,10,10,10,10,13,13,13,13,13,13,13,13,13,13,22,22,22,22,22,22,22,22,27,27,27,27,27,27,27,27,45,45,45,45,45,45,45,48,48,48,48,48,48],"current_hp_per_floor":[471,471,471,465,461,461,446,446,446,446,428,428,428,428,428,372,477,477,467,467,449,449,449,449,449,456,471,471,471,471,471,471,463,484,478,421,421,370,370,370,362,362,362,362,377,381,381,396,441,433],"gold":1834,"neow_bonus":"TEN_PERCENT_HP_BONUS","is_daily":false,"chose_seed":false,"campfire_upgraded":10,"win_rate":0.0,"timestamp":1609663857,"path_taken":["M","?","$","M","?","R","M","R","T","$","E","R","$","M","R_BF","BOSS","M","M","?","?","?","R","?","R","T","$","R","E","M","?","R","BOSS","M","?","AVR","?","?","R","?","?","T","?","?","E","R","$","R","BOSS"],"items_purchased_type":["Relic","Relic","Relic","Potion","Card","Card","Card","Card","Card","Card","Card","Relic","Relic","Relic","Relic","Card","Card","Card","Card","Card","Card","Card","Relic","Relic","Relic","Card","Card","Card","Potion","Potion","Potion","Card","Relic","Relic","Relic","Card","Card","Card","Card","Card","Relic","Relic","Relic","Card","Card","Card","Card","Card","Relic","Relic","Card","Card","Card","Card","Relic","Relic","Relic","Card","Potion","Potion","Relic"],"build_version":"2020-12-22","purchased_purges":4,"victory":true,"max_hp_per_floor":[477,477,477,477,477,477,477,477,477,477,477,477,477,477,477,477,477,477,477,477,477,477,477,477,477,484,484,484,484,484,484,484,484,484,484,484,484,484,484,484,484,484,484,484,484,484,484,484,484,484],"card_choices":[{"not_picked":["Prepared","Flechettes"],"picked":"Flying Knee","floor":1.0},{"not_picked":["PiercingWail","Slice"],"picked":"ReplayTheSpireMod:The Works","floor":4.0},{"not_picked":["PiercingWail","Acrobatics"],"picked":"Underhanded Strike","floor":4.0},{"not_picked":["Quick Slash","Blade Dance"],"picked":"Dagger Spray","floor":5.0},{"not_picked":["Toxin Wave","Slice"],"picked":"Blade Dance","floor":5.0},{"not_picked":["Reflex","Bouncing Flask"],"picked":"Noxious Fumes","floor":7.0},{"not_picked":["Dodge and Roll","ReplayTheSpireMod:Exploit Weakness"],"picked":"A Thousand Cuts","floor":7.0},{"not_picked":["Footwork","Blade Dance"],"picked":"Dagger Spray","floor":11.0},{"not_picked":["Heel Hook","Flying Knee"],"picked":"Blade Dance","floor":14.0},{"not_picked":["Flying Knee","Toxin Wave"],"picked":"Bouncing Flask","floor":14.0},{"not_picked":["ReplayTheSpireMod:Necrosis","Tools of the Trade"],"picked":"A Thousand Cuts","floor":16.0},{"not_picked":["Terror","Sneak Up"],"picked":"ReplayTheSpireMod:Scrap Shanks","floor":18.0},{"not_picked":["PiercingWail","Blade Dance"],"picked":"Infinite Blades","floor":18.0},{"not_picked":["Prepared","Outmaneuver"],"picked":"Draining Mist+1","floor":19.0},{"not_picked":["Heel Hook+1","Quick Slash"],"picked":"Skewer+1","floor":19.0},{"not_picked":["Caltrops","Slice"],"picked":"Sucker Punch","floor":21.0},{"not_picked":["Flying Knee+1","Outmaneuver"],"picked":"Poisoned Stab+1","floor":21.0},{"not_picked":["Bouncing Flask","Deadly Poison"],"picked":"ReplayTheSpireMod:The Works","floor":29.0},{"not_picked":["Footwork","Slice+1"],"picked":"ReplayTheSpireMod:Tripwire","floor":30.0},{"not_picked":["Acrobatics+1","Flying Knee+1"],"picked":"Poisoned Stab","floor":30.0},{"not_picked":["A Thousand Cuts","Tools of the Trade"],"picked":"Die Die Die","floor":33.0},{"not_picked":["Finisher+1","Blur"],"picked":"Replay:Poison Smokescreen","floor":35.0},{"not_picked":["Slice","Infinite Blades+1"],"picked":"Dagger Throw","floor":35.0},{"not_picked":["Backflip","Outmaneuver"],"picked":"PiercingWail+1","floor":36.0},{"not_picked":["PiercingWail","Unload"],"picked":"Hidden Blade","floor":38},{"not_picked":["infinitespire:FinalStrike","infinitespire:Fortify"],"picked":"infinitespire:Menacing","floor":38},{"not_picked":["Deadly Poison+1","Sneak Up"],"picked":"Expertise","floor":41},{"not_picked":["Backflip","Hidden Blade+1"],"picked":"Predator","floor":41},{"not_picked":["infinitespire:FutureSight","infinitespire:Fortify"],"picked":"infinitespire:NeuralNetwork","floor":44},{"not_picked":["Well Laid Plans","Fluid Movement+1"],"picked":"Skewer+1","floor":45},{"not_picked":["Quick Slash+1","Fluid Movement+1"],"picked":"ReplayTheSpireMod:Shiv Toss+1","floor":45},{"not_picked":["PiercingWail","ReplayTheSpireMod:Tripwire"],"picked":"Quick Slash+1","floor":45},{"not_picked":["Outmaneuver+1","Poisoned Stab"],"picked":"Hidden Blade","floor":45},{"not_picked":["Atom Bomb","Backflip"],"picked":"Quick Slash+1","floor":45},{"not_picked":["Acrobatics","ReplayTheSpireMod:The Works+1"],"picked":"Hidden Blade","floor":46}],"player_experience":23492,"relics_obtained":[{"floor":9.0,"key":"Matryoshka"},{"floor":11.0,"key":"Boot"},{"floor":15.0,"key":"Snake Skull"},{"floor":26.0,"key":"MealTicket"},{"floor":26.0,"key":"Strawberry"},{"floor":29.0,"key":"Peace Pipe"},{"floor":36.0,"key":"StoneCalendar"},{"floor":38,"key":"Lizard Tail"},{"floor":43,"key":"Centennial Puzzle"},{"floor":43,"key":"Bottled Flame"},{"floor":46,"key":"Potion Belt"},{"floor":46,"key":"MawBank"}],"event_choices":[{"damage_healed":0.0,"max_hp_gain":0.0,"max_hp_loss":0.0,"gold_gain":0.0,"event_name":"FaceTrader","player_choice":"Trade","floor":2.0,"gold_loss":0.0,"damage_taken":0.0,"relics_obtained":["SsserpentHead"]},{"damage_healed":0.0,"max_hp_gain":0.0,"max_hp_loss":0.0,"gold_gain":0.0,"event_name":"Accursed Blacksmith","player_choice":"Rummage","floor":20.0,"gold_loss":0.0,"damage_taken":0.0,"relics_obtained":["WarpedTongs"],"cards_obtained":["Pain"]},{"damage_healed":0.0,"max_hp_gain":0.0,"max_hp_loss":0.0,"gold_gain":0.0,"event_name":"Back to Basics","player_choice":"Simplicity","floor":24.0,"gold_loss":0.0,"damage_taken":0.0,"cards_upgraded":["Strike_G","Strike_G","Strike_G","Strike_G","Strike_G","Defend_G","Defend_G","Defend_G"]},{"damage_healed":0.0,"max_hp_gain":0.0,"max_hp_loss":0.0,"gold_gain":0.0,"event_name":"Mysterious Sphere","player_choice":"Fight","floor":36.0,"gold_loss":0.0,"damage_taken":0.0},{"cards_removed":["Pain"],"damage_healed":0,"gold_gain":0,"player_choice":"Removed Curses","damage_taken":0,"max_hp_gain":0,"max_hp_loss":0,"event_name":"Fountain of Cleansing","floor":39,"gold_loss":0},{"damage_healed":0,"gold_gain":0,"player_choice":"Paid","damage_taken":0,"relics_obtained":["Red Mask"],"max_hp_gain":0,"max_hp_loss":0,"event_name":"Tomb of Lord Red Mask","floor":42,"gold_loss":3426}],"is_beta":false,"boss_relics":[{"not_picked":["Tiny House","Calling Bell"],"picked":"Ring of the Serpent"},{"not_picked":["Cursed Key","Astrolabe"],"picked":"Black Star"}],"items_purged_floors":[3,22,27,48],"is_endless":false,"potions_floor_spawned":[4,5,16,18,19,29,36,38,41],"ascension_level":0}}