{"host":"p7j7o00jacnw7qzt","time":1609648078,"event":{"mods":["BaseMod","Colored Map","Colored Powertips","DeckTracker","Highlight Path","Minty Spire (QoL Compilation)","Relic Stats"],"gold_per_floor":[115,115,115,125,143,143,143,159,159,190,190,204,236,4,4,78,78,97,97,97,116,116,116,133,133,133],"floor_reached":25,"playtime":989,"items_purged":["Strike_R"],"score":426,"play_id":"a488441b-3360-4d01-b8f3-b32b89a67ec3","local_time":"20210102232758","is_ascension_mode":true,"campfire_choices":[{"data":"Whirlwind","floor":6.0,"key":"SMITH"},{"data":"Pommel Strike","floor":11.0,"key":"SMITH"},{"data":"Rampage","floor":15.0,"key":"SMITH"},{"data":"Barricade","floor":23.0,"key":"SMITH"}],"circlet_count":0,"master_deck":["AscendersBane","Defend_R","Defend_R","Defend_R","Defend_R","Bash","Power Through","Pommel Strike+1","Whirlwind+1","Rampage+1","Sever Soul","Second Wind+1","Second Wind+1","Barricade+1","Whirlwind+1","Dual Wield+1","Juggernaut+1","Shockwave+1","Body Slam","Feel No Pain","Entrench+1","True Grit+1"],"relics":["Burning Blood","NeowsBlessing","Sundial","Toxic Egg 2","Strawberry","Prayer Wheel","Medical Kit","Astrolabe"],"acts_visited":["Exordium","TheCity"],"potions_floor_usage":[25],"damage_taken":[{"damage":0.0,"enemies":"2 Louse","floor":1.0,"turns":1.0},{"damage":0.0,"enemies":"Jaw Worm","floor":4.0,"turns":1.0},{"damage":0.0,"enemies":"Small Slimes","floor":5.0,"turns":2.0},{"damage":0.0,"enemies":"3 Louse","floor":8.0,"turns":2.0},{"damage":44.0,"enemies":"Lagavulin","floor":10.0,"turns":9.0},{"damage":3.0,"enemies":"Blue Slaver","floor":12.0,"turns":4.0},{"damage":10.0,"enemies":"3 Sentries","floor":13.0,"turns":4.0},{"damage":41.0,"enemies":"Hexaghost","floor":16.0,"turns":12.0},{"damage":6.0,"enemies":"Chosen","floor":18.0,"turns":4.0},{"damage":0.0,"enemies":"3 Byrds","floor":19.0,"turns":1.0},{"damage":9.0,"enemies":"Snecko","floor":21.0,"turns":7.0},{"damage":19.0,"enemies":"Cultist and Chosen","floor":24.0,"turns":7.0},{"damage":62,"enemies":"Slavers","floor":25,"turns":3}],"seed_played":"641422979639648413","potions_obtained":[{"floor":1.0,"key":"SpeedPotion"},{"floor":8.0,"key":"SmokeBomb"},{"floor":12.0,"key":"BloodPotion"},{"floor":16.0,"key":"Block Potion"},{"floor":21.0,"key":"BloodPotion"}],"is_trial":false,"path_per_floor":["M","?","?","M","M","R","?","M","T","E","R","M","E","$","R","B",null,"M","M","?","M","?","R","M","E"],"character_chosen":"IRONCLAD","items_purchased":["Medical Kit"],"campfire_rested":0,"item_purchase_floors":[14],"current_hp_per_floor":[74,79,74,80,80,80,73,79,79,48,48,51,47,47,47,29,73,73,79,79,76,51,51,38,0,0],"gold":133,"neow_bonus":"THREE_ENEMY_KILL","is_daily":false,"chose_seed":false,"campfire_upgraded":4,"win_rate":0.0,"timestamp":1609648078,"path_taken":["M","?","?","M","?","R","?","M","T","E","R","M","E","$","R","BOSS","M","M","?","M","?","R","M","E"],"items_purchased_type":["Relic"],"build_version":"2020-12-22","purchased_purges":1,"victory":false,"max_hp_per_floor":[75,80,80,80,80,80,80,80,80,87,87,87,87,87,87,87,87,87,87,87,87,92,92,92,92,92],"relic_stats":{"counters":[13,57],"Sundial":[10],"Astrolabe":["Whirlwind","Dual Wield","Juggernaut"],"Prayer Wheel":3,"Medical Kit":[9],"obtain_stats":[{"NeowsBlessing":0,"Sundial":3,"Strawberry":10,"Astrolabe":17,"Prayer Wheel":13,"Toxic Egg 2":9,"Medical Kit":14,"Burning Blood":0},{"NeowsBlessing":0,"Sundial":1,"Strawberry":5,"Astrolabe":8,"Prayer Wheel":7,"Toxic Egg 2":4,"Medical Kit":7,"Burning Blood":0},{"NeowsBlessing":0,"Sundial":1,"Strawberry":15,"Astrolabe":35,"Prayer Wheel":23,"Toxic Egg 2":6,"Medical Kit":23,"Burning Blood":0}],"Burning Blood":66},"card_choices":[{"not_picked":["Pummel","Havoc"],"picked":"Power Through","floor":1.0},{"not_picked":["Cleave","Rupture"],"picked":"Pommel Strike","floor":4.0},{"not_picked":["Clothesline","Wild Strike"],"picked":"Whirlwind","floor":5.0},{"not_picked":["Heavy Blade","Headbutt"],"picked":"Rampage","floor":8.0},{"not_picked":["Clothesline","Blood for Blood"],"picked":"Sever Soul","floor":10.0},{"not_picked":["Anger","Burning Pact+1"],"picked":"Second Wind+1","floor":12.0},{"not_picked":["Havoc+1","Entrench+1"],"picked":"Second Wind+1","floor":13.0},{"not_picked":["Impervious+1","Immolate"],"picked":"Barricade","floor":16.0},{"not_picked":["Second Wind+1","Clash"],"picked":"Shockwave+1","floor":18.0},{"not_picked":["Inflame","Wild Strike"],"picked":"Body Slam","floor":18.0},{"not_picked":["Inflame","Rupture"],"picked":"Feel No Pain","floor":21.0},{"not_picked":["Rupture+1","Power Through+1"],"picked":"Entrench+1","floor":21.0},{"not_picked":["Clothesline","Twin Strike"],"picked":"True Grit+1","floor":24.0},{"not_picked":["Hemokinesis","Body Slam","Armaments+1"],"picked":"SKIP","floor":24.0},{"not_picked":["Hemokinesis","Body Slam","Armaments+1"],"picked":"SKIP","floor":24.0}],"player_experience":949606,"relics_obtained":[{"floor":9.0,"key":"Toxic Egg 2"},{"floor":10.0,"key":"Strawberry"},{"floor":13.0,"key":"Prayer Wheel"}],"event_choices":[{"damage_healed":0.0,"max_hp_gain":5.0,"max_hp_loss":0.0,"gold_gain":0.0,"event_name":"Big Fish","player_choice":"Donut","floor":2.0,"gold_loss":0.0,"damage_taken":0.0},{"damage_healed":0.0,"max_hp_gain":0.0,"max_hp_loss":0.0,"gold_gain":0.0,"event_name":"Scrap Ooze","player_choice":"Success","floor":3.0,"gold_loss":0.0,"damage_taken":5.0,"relics_obtained":["Sundial"]},{"cards_removed":["Strike_R"],"damage_healed":0.0,"max_hp_gain":0.0,"max_hp_loss":0.0,"gold_gain":0.0,"event_name":"Golden Wing","player_choice":"Card Removal","floor":7.0,"gold_loss":0.0,"damage_taken":7.0},{"damage_healed":0.0,"max_hp_gain":0.0,"max_hp_loss":0.0,"gold_gain":0.0,"event_name":"Cursed Tome","player_choice":"Ignored","floor":20.0,"gold_loss":0.0,"damage_taken":0.0},{"damage_healed":0.0,"max_hp_gain":5.0,"max_hp_loss":0.0,"gold_gain":0.0,"event_name":"Forgotten Altar","player_choice":"Shed Blood","floor":22.0,"gold_loss":0.0,"damage_taken":30.0}],"is_beta":false,"boss_relics":[{"not_picked":["Calling Bell","Black Blood"],"picked":"Astrolabe"}],"items_purged_floors":[14],"is_endless":false,"potions_floor_spawned":[1,8,12,16,19,21],"killed_by":"Slavers","ascension_level":20}}