{"host":"qwttrqaysb380yri","time":1609669840,"event":{"mods":["BaseMod","Custom Start","Minty Spire (QoL Compilation)","Permanent Neow","Puzzle Mod","Relic Stats","StSLib","The Hierophant"],"gold_per_floor":[112,112,128,142,142,168,185,185,185,212,212,227,238,238,238,313,313,324,7,7,22,22,52,66,101,101,51,70,101,115,128,128,205,205,220,120,120,170,186,186,212,212,212,212,53,80,93,120,120,120],"floor_reached":51,"playtime":2364,"items_purged":["Pain","Strike_G","Strike_G"],"score":1440,"play_id":"829e5d33-98de-4ced-8574-10d16825bdba","local_time":"20210103113040","is_ascension_mode":true,"campfire_choices":[{"floor":8,"key":"REST"},{"floor":15,"key":"REST"},{"floor":32,"key":"REST"},{"data":"Apotheosis","floor":40,"key":"SMITH"},{"data":"Wraith Form v2","floor":42,"key":"SMITH"},{"data":"Accuracy","floor":49,"key":"SMITH"}],"circlet_count":0,"master_deck":["AscendersBane","Strike_G","Strike_G","Strike_G","Defend_G","Defend_G","Defend_G","Defend_G","Survivor","Neutralize","Blade Dance","Blade Dance","Acrobatics","Underhanded Strike","Heel Hook","Wraith Form v2+1","Dodge and Roll","Sucker Punch","Phantasmal Killer","Backflip","Phantasmal Killer","Deflect+1","Tools of the Trade","Escape Plan","Adrenaline","Apotheosis+1","Blade Dance","Accuracy+1"],"relics":["Ring of the Serpent","WarpedTongs","Kunai","White Beast Statue","Pear","WristBlade","Ornamental Fan","Dream Catcher","Omamori","Mango","Ice Cream","InkBottle","Meat on the Bone","Mummified Hand","Toxic Egg 2"],"acts_visited":["Exordium","TheCity","TheBeyond"],"potions_floor_usage":[6,16,16,21,23,25,28,29,30,31,33,35,39,41,48],"damage_taken":[{"damage":0,"enemies":"2 Louse","floor":1,"turns":4},{"damage":1,"enemies":"Jaw Worm","floor":3,"turns":2},{"damage":0,"enemies":"Cultist","floor":4,"turns":2},{"damage":14,"enemies":"Gremlin Nob","floor":6,"turns":3},{"damage":19,"enemies":"Exordium Thugs","floor":7,"turns":3},{"damage":17,"enemies":"3 Sentries","floor":10,"turns":7},{"damage":1,"enemies":"Large Slime","floor":12,"turns":4},{"damage":7,"enemies":"2 Fungi Beasts","floor":13,"turns":3},{"damage":8,"enemies":"The Guardian","floor":16,"turns":13},{"damage":3,"enemies":"3 Byrds","floor":18,"turns":4},{"damage":1,"enemies":"2 Thieves","floor":21,"turns":4},{"damage":7,"enemies":"Gremlin Leader","floor":23,"turns":8},{"damage":3,"enemies":"Centurion and Healer","floor":24,"turns":5},{"damage":9,"enemies":"Book of Stabbing","floor":25,"turns":5},{"damage":4,"enemies":"Snecko","floor":28,"turns":3},{"damage":29,"enemies":"Gremlin Leader","floor":29,"turns":9},{"damage":0,"enemies":"Cultist and Chosen","floor":30,"turns":5},{"damage":3,"enemies":"Shelled Parasite and Fungi","floor":31,"turns":4},{"damage":41,"enemies":"Collector","floor":33,"turns":9},{"damage":4,"enemies":"Orb Walker","floor":35,"turns":3},{"damage":12,"enemies":"3 Darklings","floor":39,"turns":5},{"damage":19,"enemies":"Nemesis","floor":41,"turns":7},{"damage":9,"enemies":"Giant Head","floor":46,"turns":4},{"damage":1,"enemies":"Writhing Mass","floor":47,"turns":5},{"damage":0,"enemies":"Reptomancer","floor":48,"turns":5},{"damage":16,"enemies":"Time Eater","floor":50,"turns":6}],"seed_played":"-2873232194681030704","potions_obtained":[{"floor":1,"key":"ColorlessPotion"},{"floor":10,"key":"Energy Potion"},{"floor":12,"key":"EssenceOfSteel"},{"floor":13,"key":"DistilledChaos"},{"floor":16,"key":"Weak Potion"},{"floor":18,"key":"SkillPotion"},{"floor":21,"key":"Weak Potion"},{"floor":23,"key":"AttackPotion"},{"floor":25,"key":"Block Potion"},{"floor":28,"key":"FairyPotion"},{"floor":29,"key":"CunningPotion"},{"floor":30,"key":"Strength Potion"},{"floor":31,"key":"BlessingOfTheForge"},{"floor":33,"key":"Poison Potion"},{"floor":35,"key":"Explosive Potion"},{"floor":39,"key":"Poison Potion"},{"floor":41,"key":"SpeedPotion"},{"floor":47,"key":"Strength Potion"},{"floor":48,"key":"LiquidMemories"}],"is_trial":false,"path_per_floor":["M","?","M","M","?","E","M","R","T","E","T","M","M","?","R","B",null,"M","$","?","M","$","E","M","E","T","?","M","E","M","M","R","B",null,"M","$","?","?","M","R","E","R","T","?","$","E","M","E","R","B",null],"character_chosen":"THE_SILENT","items_purchased":["Ornamental Fan","Accuracy"],"campfire_rested":3,"item_purchase_floors":[19,45],"current_hp_per_floor":[59,52,51,51,51,37,18,37,37,20,30,29,22,27,51,43,72,69,69,69,68,68,61,58,49,63,63,59,30,30,27,55,14,75,71,71,61,61,49,49,30,30,30,30,30,33,44,56,56,52],"gold":120,"neow_bonus":"THREE_CARDS","is_daily":false,"chose_seed":false,"campfire_upgraded":3,"win_rate":0.0,"timestamp":1609669840,"path_taken":["M","?","M","M","?","E","?","R","T","E","?","M","M","?","R","BOSS","M","$","?","M","?","E","M","E","T","?","M","E","?","M","R","BOSS","M","$","?","?","?","R","E","R","T","?","$","E","M","E","R","BOSS"],"items_purchased_type":["Relic","Card"],"build_version":"2020-12-22","purchased_purges":3,"victory":true,"max_hp_per_floor":[66,66,66,66,66,66,66,66,66,66,76,76,76,81,81,81,81,81,81,81,81,81,81,81,81,95,95,95,95,95,95,95,95,95,95,95,95,95,95,95,95,95,95,95,95,95,95,95,95,95],"relic_stats":{"Dream Catcher":1,"counters":[26,132],"Ornamental Fan":[356],"Mummified Hand":[12],"Kunai":[116],"obtain_stats":[{"Ice Cream":29,"Pear":11,"Mango":26,"Omamori":25,"White Beast Statue":10,"WarpedTongs":5,"Dream Catcher":23,"WristBlade":17,"Ornamental Fan":19,"Mummified Hand":46,"Kunai":6,"Toxic Egg 2":48,"Ring of the Serpent":34,"InkBottle":41,"Ring of the Snake":0,"Meat on the Bone":43},{"Ice Cream":16,"Pear":6,"Mango":14,"Omamori":14,"White Beast Statue":6,"WarpedTongs":3,"Dream Catcher":12,"WristBlade":9,"Ornamental Fan":10,"Mummified Hand":23,"Kunai":4,"Toxic Egg 2":25,"Ring of the Serpent":19,"InkBottle":22,"Ring of the Snake":0,"Meat on the Bone":22},{"Ice Cream":79,"Pear":21,"Mango":67,"Omamori":67,"White Beast Statue":21,"WarpedTongs":8,"Dream Catcher":57,"WristBlade":41,"Ornamental Fan":45,"Mummified Hand":116,"Kunai":11,"Toxic Egg 2":126,"Ring of the Serpent":97,"InkBottle":112,"Ring of the Snake":0,"Meat on the Bone":112}],"InkBottle":[18],"WarpedTongs":[107],"Meat on the Bone":48},"card_choices":[{"not_picked":["PiercingWail","Quick Slash"],"picked":"Heel Hook","floor":0},{"not_picked":["Tactician","Distraction"],"picked":"Blade Dance","floor":1},{"not_picked":["Poisoned Stab","PiercingWail"],"picked":"Blade Dance","floor":3},{"not_picked":["Bane","Dodge and Roll"],"picked":"Acrobatics","floor":4},{"not_picked":["Dagger Spray","All Out Attack"],"picked":"Underhanded Strike","floor":6},{"not_picked":["Dodge and Roll","Expertise"],"picked":"Heel Hook","floor":7},{"not_picked":["Masterful Stab","Flying Knee"],"picked":"Wraith Form v2","floor":10},{"not_picked":["Poisoned Stab","Concentrate"],"picked":"Dodge and Roll","floor":12},{"not_picked":["Dodge and Roll","Dash"],"picked":"Sucker Punch","floor":13},{"not_picked":["Wraith Form v2","Glass Knife"],"picked":"Phantasmal Killer","floor":16},{"not_picked":["Setup","Quick Slash"],"picked":"Backflip","floor":18},{"not_picked":["Deadly Poison","Prepared"],"picked":"Deflect+1","floor":21},{"not_picked":["Dash","Bouncing Flask","Eviscerate"],"picked":"SKIP","floor":23},{"not_picked":["Concentrate","Slice","Poisoned Stab"],"picked":"SKIP","floor":24},{"not_picked":["Deadly Poison","Backflip","Concentrate"],"picked":"SKIP","floor":25},{"not_picked":["Endless Agony","Dagger Throw","Deflect"],"picked":"SKIP","floor":28},{"not_picked":["Masterful Stab","Flying Knee"],"picked":"Tools of the Trade","floor":29},{"not_picked":["Reflex","Endless Agony"],"picked":"Escape Plan","floor":30},{"not_picked":["Prepared","Endless Agony","Dodge and Roll"],"picked":"SKIP","floor":31},{"not_picked":["Grand Finale","Corpse Explosion"],"picked":"Adrenaline","floor":33},{"not_picked":["Underhanded Strike+1","Blur+1","Cloak And Dagger"],"picked":"SKIP","floor":35},{"not_picked":["Deep Breath","Panacea"],"picked":"Apotheosis","floor":37},{"not_picked":["Reflex","Poisoned Stab"],"picked":"Blade Dance","floor":39},{"not_picked":["Dagger Spray","Blur","Dagger Throw"],"picked":"SKIP","floor":41},{"not_picked":["Masterful Stab+1","Dagger Spray","Bullet Time"],"picked":"SKIP","floor":46},{"not_picked":["Dagger Spray+1","Backflip","Eviscerate"],"picked":"SKIP","floor":47},{"not_picked":["Dagger Spray","Deadly Poison+1","Riddle With Holes"],"picked":"SKIP","floor":48}],"player_experience":1990512,"relics_obtained":[{"floor":6,"key":"Kunai"},{"floor":10,"key":"White Beast Statue"},{"floor":11,"key":"Pear"},{"floor":23,"key":"Dream Catcher"},{"floor":25,"key":"Omamori"},{"floor":26,"key":"Mango"},{"floor":29,"key":"Ice Cream"},{"floor":41,"key":"InkBottle"},{"floor":43,"key":"Meat on the Bone"},{"floor":46,"key":"Mummified Hand"},{"floor":48,"key":"Toxic Egg 2"}],"event_choices":[{"cards_removed":["Defend_G"],"damage_healed":0,"gold_gain":0,"player_choice":"Card Removal","damage_taken":7,"max_hp_gain":0,"max_hp_loss":0,"event_name":"Golden Wing","floor":2,"gold_loss":0},{"damage_healed":0,"gold_gain":0,"player_choice":"Rummage","damage_taken":0,"relics_obtained":["WarpedTongs"],"max_hp_gain":0,"max_hp_loss":0,"event_name":"Accursed Blacksmith","floor":5,"gold_loss":0,"cards_obtained":["Pain"]},{"damage_healed":0,"gold_gain":0,"player_choice":"Donut","damage_taken":0,"max_hp_gain":5,"max_hp_loss":0,"event_name":"Big Fish","floor":14,"gold_loss":0},{"damage_healed":0,"gold_gain":0,"player_choice":"Copied","damage_taken":0,"max_hp_gain":0,"max_hp_loss":0,"event_name":"Duplicator","floor":20,"gold_loss":0,"cards_obtained":["Phantasmal Killer"]},{"damage_healed":0,"gold_gain":0,"player_choice":"Bet on Murderer","damage_taken":0,"max_hp_gain":0,"max_hp_loss":0,"event_name":"The Joust","floor":27,"gold_loss":50},{"damage_healed":0,"gold_gain":0,"player_choice":"Memory 3","damage_taken":10,"max_hp_gain":0,"max_hp_loss":0,"event_name":"SensoryStone","floor":37,"gold_loss":0},{"damage_healed":0,"gold_gain":50,"player_choice":"Pray","damage_taken":0,"max_hp_gain":0,"max_hp_loss":0,"event_name":"Golden Shrine","floor":38,"gold_loss":0},{"cards_removed":["Heel Hook"],"damage_healed":0,"gold_gain":0,"player_choice":"Removed Attack","damage_taken":0,"max_hp_gain":0,"max_hp_loss":0,"event_name":"Falling","floor":44,"gold_loss":0}],"is_beta":false,"boss_relics":[{"not_picked":["Empty Cage","Runic Pyramid"],"picked":"WristBlade"},{"not_picked":["Astrolabe","Snecko Eye"],"picked":"Ring of the Serpent"}],"items_purged_floors":[19,36,45],"is_endless":false,"potions_floor_spawned":[1,10,12,13,16,18,21,23,24,25,28,29,30,31,33,35,39,41,46,47,48],"ascension_level":15}}