{"host":"2820e8i2y38gm4bp","time":1609702848,"event":{"mods":["2.2 Compatiblity","Act Like it!","BaseMod","Better Note","BetterRewards","Downfall","Elementarium","GungeonMod","Hubris","Marisa????????","Minty Spire (QoL Compilation)","Rare Cards Sparkle","Replay The Spire","Shop Mod","StSLib","The Cursed","The Jungle"],"gold_per_floor":[118,118,135,152,169,200,200,229,254,19,35,35,35,51,51,156,156,169,189,206,206,206,206,221,57,57,57,76,94,110,125,136,136,136,234,234,246,259,4,20,40,40,70,70,123,123,123,142,61,61,61],"floor_reached":50,"playtime":2779,"items_purged":["Delirium","Strike_R"],"score":460,"play_id":"e59f93eb-eaa8-486c-80f9-02f5e3799a50","local_time":"20210103144048","is_ascension_mode":true,"campfire_choices":[{"data":"Exhume","floor":7.0,"key":"SMITH"},{"data":"Armaments","floor":12.0,"key":"SMITH"},{"data":"Replay:SS_hec_2","floor":15,"key":"SMITH"},{"data":"Hemogenesis","floor":23,"key":"SMITH"},{"data":"Apotheosis","floor":27,"key":"SMITH"},{"floor":33,"key":"REST"},{"data":"DemoMod:Elimentaler","floor":42,"key":"SMITH"},{"floor":46,"key":"REST"}],"circlet_count":0,"master_deck":["Strike_R","Strike_R+1","Strike_R+1","Strike_R","Defend_R","Defend_R","Defend_R","Defend_R","Bash","Shockwave","Fire Breathing+1","Iron Wave","Exhume+1","Armaments+1","Evolve","Brutality","Replay:SS_hec_2+1","Bludgeon","Hemogenesis+1","Flame Barrier+1","Apotheosis+1","Immolate","Offering","Cleave","Warcry+1","DemoMod:Elimentaler+1","Immolate","Replay:Undeath\u0027s Touch+1","Evolve+1","Iron Wave+1","Power Through+1","ReplayTheSpireMod:Limb From Limb+1","Replay:Many Hands+1","Wild Strike","expansioncontent:AwakenDeath"],"relics":["Burning Blood","hubris:Towel","Replay:Bottled Eggs","DemoMod:OrangeGuonStone","DemoMod:WeirdEgg","ReplayTheSpireMod:CursedCoin","Strawberry","ChewingGum","Nloth\u0027s Gift","Simple Rune","Counterbalance","hubris:ScarierMask","DemoMod:ResourcefulSack","Incense Burner","Replay:Grab Bag","Pet Ghost","Onion Ring","Orichalcum"],"acts_visited":["Exordium","TheCity","TheCity","TheBeyond"],"potions_floor_usage":[28,32,34,35,35,43],"damage_taken":[{"damage":6.0,"enemies":"Jaw Worm","floor":1.0,"turns":4.0},{"damage":4.0,"enemies":"2 Louse","floor":3.0,"turns":4.0},{"damage":9.0,"enemies":"Cultist","floor":4.0,"turns":5.0},{"damage":2.0,"enemies":"2 Fungi Beasts","floor":5.0,"turns":6.0},{"damage":28.0,"enemies":"3 Sentries","floor":6.0,"turns":7.0},{"damage":31.0,"enemies":"Gremlin Nob","floor":8.0,"turns":6.0},{"damage":4.0,"enemies":"Large Slime","floor":11.0,"turns":5.0},{"damage":0,"enemies":"3 Louse","floor":14,"turns":5},{"damage":18,"enemies":"Slime Boss","floor":16,"turns":8},{"damage":0,"enemies":"3 Byrds","floor":18,"turns":5},{"damage":2,"enemies":"2 Thieves","floor":19,"turns":5},{"damage":2,"enemies":"Snake Plant","floor":20,"turns":6},{"damage":25,"enemies":"3 Cultists","floor":24,"turns":5},{"damage":0,"enemies":"DemoMod:2_Veteran_bullet_kins_and_red_shotgun_kin","floor":28,"turns":4},{"damage":5,"enemies":"DemoMod:4_Bullet_Kins","floor":29,"turns":3},{"damage":15,"enemies":"DemoMod:Red_and_blue_shotgun_kin_with_gunsinger","floor":30,"turns":4},{"damage":4,"enemies":"DemoMod:2_Mousers","floor":31,"turns":4},{"damage":47,"enemies":"DemoMod:Veteran_shot_gun_kin_and_blue_shotgun_kin_with_gunsinger","floor":32,"turns":3},{"damage":39,"enemies":"DemoMod:ResourcefulRat","floor":35,"turns":9},{"damage":12,"enemies":"3 Darklings","floor":37,"turns":1},{"damage":8,"enemies":"3 Shapes","floor":38,"turns":5},{"damage":11,"enemies":"Sphere and 2 Shapes","floor":40,"turns":3},{"damage":18,"enemies":"4 Shapes","floor":41,"turns":4},{"damage":53,"enemies":"Reptomancer","floor":43,"turns":7},{"damage":10,"enemies":"3 Darklings","floor":48,"turns":5},{"damage":74,"enemies":"Transient","floor":50,"turns":4}],"seed_played":"3132636045094520385","potions_obtained":[{"floor":1.0,"key":"Venom Potion"},{"floor":4.0,"key":"SpeedPotion"},{"floor":6.0,"key":"FearPotion"},{"floor":11.0,"key":"Swift Potion"},{"floor":16,"key":"FearPotion"},{"floor":24,"key":"Weak Potion"},{"floor":28,"key":"Adrenaline Potion"},{"floor":32,"key":"BlessingOfTheForge"},{"floor":41,"key":"HeartOfIron"},{"floor":43,"key":"LiquidBronze"},{"floor":48,"key":"LifebloodPotion"}],"is_trial":false,"path_per_floor":["M","?","M","M","M","E","R","E","T","$","M","R","?","M","R","B",null,"M","M","M","?","?","R","M","$","T","R","M","M","M","M","M","R","B","B",null,"M","M","$","M","M","R","E","?","T","R","?","M","$","M"],"character_chosen":"IRONCLAD","items_purchased":["ReplayTheSpireMod:CursedCoin","DemoMod:GnawedKey","Strawberry","Evolve","Apotheosis","Pet Ghost","expansioncontent:AwakenDeath"],"campfire_rested":2,"item_purchase_floors":[10,10,10,10,25,39,49],"current_hp_per_floor":[88,88,88,85,88,66,66,41,41,48,50,50,50,56,56,44,95,95,95,95,95,95,95,76,76,95,95,95,95,95,95,55,83,47,28,95,89,87,87,82,81,81,34,34,34,62,62,66,66,0,0],"gold":61,"neow_bonus":"TEN_PERCENT_HP_BONUS","is_daily":false,"chose_seed":false,"campfire_upgraded":6,"win_rate":0.0,"timestamp":1609702848,"path_taken":["M","?","M","M","M","E","R","E","T","$","M","R","?","?","R","BOSS","M","M","M","?","?","R","M","$","T","R","M","M","M","M","M","R","BOSS","BOSS","M","M","$","?","M","R","E","?","T","R","?","?","$","M"],"items_purchased_type":["Relic","Relic","Relic","Card","Card","Relic","Card"],"build_version":"2020-12-22","purchased_purges":2,"victory":false,"max_hp_per_floor":[88,88,88,88,88,88,88,88,88,95,95,95,95,95,95,95,95,95,95,95,95,95,95,95,95,95,95,95,95,95,95,95,95,95,95,95,95,95,95,95,95,95,95,95,95,95,95,95,95,95,95],"card_choices":[{"not_picked":["Pommel Strike","Sword Boomerang"],"picked":"Shockwave","floor":1.0},{"not_picked":["Evolve","Whirlwind"],"picked":"Fire Breathing","floor":3.0},{"not_picked":["Feel No Pain","Defy Death"],"picked":"Iron Wave","floor":4.0},{"not_picked":["Rupture","Sword Boomerang"],"picked":"Exhume","floor":5.0},{"not_picked":["Iron Wave","Rage","Hemokinesis"],"picked":"SKIP","floor":6.0},{"not_picked":["Warcry","Whirlwind"],"picked":"Armaments","floor":8.0},{"not_picked":["Flex","Sword Boomerang"],"picked":"Brutality","floor":11.0},{"not_picked":["Run Through","DemoMod:BlackBlade","Infernal Blade"],"picked":"SKIP","floor":14},{"not_picked":["Exhume","Feed"],"picked":"Hemogenesis","floor":16},{"not_picked":["Headbutt+1","Havoc","Clothesline"],"picked":"SKIP","floor":18},{"not_picked":["Replay:Undeath\u0027s Touch","Headbutt","hubris:ReadiedAction"],"picked":"SKIP","floor":19},{"not_picked":["Body Slam","Cleave","Double Tap"],"picked":"SKIP","floor":20},{"not_picked":["Life Link","ReplayTheSpireMod:Strike From Hell"],"picked":"Flame Barrier+1","floor":24},{"not_picked":["Perfected Strike","Corruption"],"picked":"Immolate","floor":28},{"not_picked":["Sword Boomerang","Iron Wave+1"],"picked":"Offering","floor":29},{"not_picked":["Shockwave","Havoc+1","Twin Strike+1"],"picked":"SKIP","floor":30},{"not_picked":["Body Slam+1","Replay:Undeath\u0027s Touch"],"picked":"Cleave","floor":31},{"not_picked":["Thunderclap+1","Perfected Strike+1"],"picked":"Warcry+1","floor":32},{"not_picked":[],"picked":"DemoMod:Elimentaler","floor":35},{"not_picked":["Hemogenesis","Brutality"],"picked":"Immolate","floor":35},{"not_picked":["Anger","Fiend Fire"],"picked":"Replay:Undeath\u0027s Touch+1","floor":36},{"not_picked":["Disarm","Body Slam"],"picked":"Evolve+1","floor":37},{"not_picked":["Clothesline","Headbutt+1"],"picked":"Iron Wave+1","floor":38},{"not_picked":["Clash+1","ReplayTheSpireMod:Strike From Hell"],"picked":"Power Through+1","floor":40},{"not_picked":["Shrug It Off","ReplayTheSpireMod:Strike From Hell+1"],"picked":"ReplayTheSpireMod:Limb From Limb+1","floor":41},{"not_picked":["Clothesline+1","Blood for Blood+1"],"picked":"Replay:Many Hands","floor":43},{"not_picked":["Offering","Perfected Strike"],"picked":"Wild Strike","floor":48}],"player_experience":526522,"relics_obtained":[{"floor":6.0,"key":"Replay:Bottled Eggs"},{"floor":8.0,"key":"DemoMod:OrangeGuonStone"},{"floor":9.0,"key":"DemoMod:WeirdEgg"},{"floor":36,"key":"Counterbalance"},{"floor":36,"key":"hubris:ScarierMask"},{"floor":36,"key":"DemoMod:ResourcefulSack"},{"floor":36,"key":"Incense Burner"},{"floor":36,"key":"Replay:Grab Bag"},{"floor":43,"key":"Onion Ring"},{"floor":45,"key":"Orichalcum"}],"event_choices":[{"damage_healed":0,"gold_gain":0,"player_choice":"2 cards matched","damage_taken":0,"max_hp_gain":0,"max_hp_loss":0,"event_name":"Match and Keep!","floor":13,"gold_loss":0,"cards_obtained":["Replay:SS_hec_2","Bludgeon"]},{"damage_healed":0,"gold_gain":0,"player_choice":"Traded Relic","damage_taken":0,"relics_obtained":["Nloth\u0027s Gift"],"max_hp_gain":0,"max_hp_loss":0,"event_name":"N\u0027loth","floor":21,"relics_lost":["DemoMod:GlassGuonStoneRelic"],"gold_loss":0},{"damage_healed":0,"gold_gain":0,"player_choice":"Gave Potion","damage_taken":0,"relics_obtained":["Simple Rune"],"max_hp_gain":0,"max_hp_loss":0,"event_name":"WeMeetAgain","floor":22,"gold_loss":0},{"damage_healed":0,"gold_gain":0,"player_choice":"Ignored","damage_taken":0,"max_hp_gain":0,"max_hp_loss":0,"event_name":"SecretPortal","floor":47,"gold_loss":0}],"is_beta":false,"boss_relics":[{"not_picked":["Painkiller Herb","hubris:RunicObelisk"],"picked":"ChewingGum"},{"not_picked":[]}],"items_purged_floors":[10,39],"is_endless":false,"potions_floor_spawned":[1,4,6,11,16,20,24,28,31,32,41,43,48],"killed_by":"Transient","ascension_level":1}}