{"host":"i58uscbei3sy5089","time":1609686943,"event":{"mods":["ATMod(阿瑾Mod)","Act Like it!","BaseMod","Challenge The Spire","Colored Powertips","Conspire","Infinite Spire","Koishi","Lobotomy","LobotomyExtend","Minty Spire (QoL Compilation)","MostiFishMod","Prisma Mod","Quick Restart","Replay The Spire","Shop Mod","Spicy Shops","StSLib","TestMod","The Administrix","The Construct","The Marked","UnlockEverythingMod","WarShipGirlsR/战舰少女R mod","[IsaacMod]以撒尖塔","vexMod","【功能Mod】混沌之环修复补丁","【遗物卡牌】REMEMod","篝火指南"],"gold_per_floor":[112,126,176,32,52,52,52],"floor_reached":6,"playtime":656,"items_purged":[],"score":41,"play_id":"7b566f0c-0e0e-4590-9c15-548540b7feee","local_time":"20210103231543","is_ascension_mode":true,"campfire_choices":[],"circlet_count":0,"master_deck":["theMarked:Strike","theMarked:Strike","theMarked:Strike","theMarked:Strike","theMarked:Strike","theMarked:Defend","theMarked:Defend","theMarked:Defend","theMarked:Defend","theMarked:SoldierOfQuellstein","AT_LightSaberMaster","theMarked:RepellingDischarge","WallGazer","theMarked:Reabsorb","theMarked:Seal"],"relics":["theMarked:ArtifactOfAir","testmod-TestBox","HushsDoor","DaveBox","AT_ATBox","REME_ComplimentaryCards","CogitoBucket","RabbitCall","RhineCircuit","Chaos","testmod-Alchemist","SynthV:TestCard","LetterFromLob","infinitespire:Broken Mirror","MerchantsRug"],"acts_visited":["Exordium"],"potions_floor_usage":[],"damage_taken":[{"damage":8,"enemies":"Small Slimes","floor":1,"turns":5},{"damage":2,"enemies":"Cultist","floor":2,"turns":5},{"damage":11,"enemies":"Hiden Room Battle","floor":3,"turns":2},{"damage":0,"enemies":"Jaw Worm","floor":5,"turns":2},{"damage":73,"enemies":"Gremlin Nob","floor":6,"turns":12}],"seed_played":"7444224679329543407","potions_obtained":[{"floor":2,"key":"SteroidPotion"},{"floor":5,"key":"FairyPotion"}],"is_trial":false,"path_per_floor":["M","M","?","$","M","E"],"character_chosen":"THE_DEFAULT","items_purchased":["MerchantsRug","theMarked:Seal"],"campfire_rested":0,"item_purchase_floors":[4,4],"current_hp_per_floor":[62,60,49,49,49,0,0],"gold":52,"neow_bonus":"","is_daily":false,"chose_seed":false,"campfire_upgraded":0,"win_rate":0.0,"timestamp":1609686943,"path_taken":["M","M","?","$","M","E"],"items_purchased_type":["Relic","Card"],"build_version":"2020-12-22","purchased_purges":0,"victory":false,"max_hp_per_floor":[70,70,70,70,70,70,70],"card_choices":[{"not_picked":[],"picked":"Bomb","floor":0},{"not_picked":["theMarked:ElectricStrings","theMarked:ReduceFriction"],"picked":"theMarked:RepellingDischarge","floor":1},{"not_picked":["PunishingBird","SingingMachine"],"picked":"WallGazer","floor":1},{"not_picked":["BigBird","CrumblingArmor","MeatLantern"],"picked":"Singing Bowl","floor":2},{"not_picked":["theMarked:Generate","theMarked:Frustration","theMarked:ChannelForce","theMarked:ChainLightning"],"picked":"Bomb","floor":2},{"not_picked":["MeatLantern","BeautyBeast","Scarecrow"],"picked":"Singing Bowl","floor":3},{"not_picked":["Laetitia","MeatLantern"],"picked":"QueenOfHatred","floor":3},{"not_picked":["theMarked:WastefulAttack","theMarked:SelfDefenseTraining","theMarked:TunnelVision","theMarked:Aftermath"],"picked":"theMarked:Reabsorb","floor":3},{"not_picked":["LaLuna","SpiderBud","Murderer"],"picked":"Singing Bowl","floor":5},{"not_picked":["theMarked:EnhanceMovement","theMarked:ElectricStrings","theMarked:ShockingTouch","theMarked:CreepingChasm","theMarked:Polarize"],"picked":"SKIP","floor":5}],"player_experience":702907,"relics_obtained":[{"floor":1,"key":"SynthV:TestCard"},{"floor":1,"key":"LetterFromLob"},{"floor":3,"key":"infinitespire:Broken Mirror"},{"floor":3,"key":"DoctorsRemote"}],"event_choices":[{"damage_healed":0,"gold_gain":0,"player_choice":"Fight","damage_taken":0,"max_hp_gain":0,"max_hp_loss":0,"event_name":"HidenRoomEvent","floor":3,"gold_loss":0}],"is_beta":false,"boss_relics":[],"items_purged_floors":[],"is_endless":false,"potions_floor_spawned":[2,5],"killed_by":"Gremlin Nob","ascension_level":3}}