{"host":"h7phgxvratutj9mx","time":1609682346,"event":{"mods":["BaseMod","Highlight Path","Minty Spire (QoL Compilation)","Quick Restart"],"gold_per_floor":[114,64,339,354,369,399,414,489,489,504,519,144,169,184,184,284,284,299,249,264,264,279,309,309,339,339,343,14,29,44,59,59,159,159,174,10,25,40,40,40,55,70,70,85,85,85,85,85],"floor_reached":49,"playtime":3763,"items_purged":[],"score":708,"play_id":"38d4a29f-4521-41b7-86d2-795c96b9f989","local_time":"25640103205906","daily_mods":["Allstar","Hoarder","Terminal"],"is_ascension_mode":false,"campfire_choices":[{"data":"Armaments","floor":15,"key":"SMITH"},{"data":"Regret","floor":32,"key":"PURGE"},{"data":"Apotheosis","floor":40,"key":"SMITH"},{"data":"Strike_R+1","floor":46,"key":"PURGE"}],"circlet_count":0,"master_deck":["Strike_R+1","Strike_R+1","Strike_R+1","Defend_R+1","Defend_R+1","Defend_R+1","Defend_R+1","Bash+1","Thinking Ahead+1","Thinking Ahead+1","Thinking Ahead+1","The Bomb+1","The Bomb+1","The Bomb+1","PanicButton+1","PanicButton+1","PanicButton+1","Secret Weapon+1","Secret Weapon+1","Secret Weapon+1","Good Instincts+1","Good Instincts+1","Good Instincts+1","Twin Strike+1","Twin Strike+1","Twin Strike+1","Regret","Regret","Armaments+1","Armaments+1","Armaments+1","Burning Pact+1","Burning Pact+1","Burning Pact+1","Infernal Blade+1","Infernal Blade+1","Infernal Blade+1","Flex+1","Flex+1","Flex+1","Flame Barrier+1","Flame Barrier+1","Flame Barrier+1","Reaper+1","Reaper+1","Reaper+1","Intimidate+1","Intimidate+1","Intimidate+1","Exhume+1","Exhume+1","Exhume+1","Wild Strike+1","Wild Strike+1","Wild Strike+1","Metallicize+1","Metallicize+1","Metallicize+1","Power Through+1","Power Through+1","Power Through+1","Fire Breathing+1","Fire Breathing+1","Fire Breathing+1","Berserk+1","Berserk+1","Berserk+1","Apotheosis+1","Apotheosis+1","Apotheosis+1","Body Slam+1","Body Slam+1","Body Slam+1","Anger+1","Anger+1","Anger+1","Reckless Charge+1","Reckless Charge+1","Reckless Charge+1","Battle Trance+1","Battle Trance+1","Battle Trance+1","Cleave+1","Cleave+1","Cleave+1"],"relics":["Burning Blood","Thread and Needle","Anchor","CaptainsWheel","Omamori","Busted Crown","Kunai","Strawberry","Mercury Hourglass","Peace Pipe","Red Mask","Pear","Black Star","Toxic Egg 2","Mark of the Bloom"],"acts_visited":["Exordium","TheCity","TheBeyond"],"potions_floor_usage":[16,25,25,33,42,44,48,48],"damage_taken":[{"damage":0,"enemies":"Small Slimes","floor":1,"turns":3},{"damage":2,"enemies":"2 Louse","floor":4,"turns":3},{"damage":4,"enemies":"Cultist","floor":5,"turns":5},{"damage":21,"enemies":"3 Sentries","floor":6,"turns":10},{"damage":25,"enemies":"Gremlin Gang","floor":7,"turns":4},{"damage":0,"enemies":"2 Fungi Beasts","floor":10,"turns":3},{"damage":0,"enemies":"Exordium Wildlife","floor":11,"turns":2},{"damage":4,"enemies":"3 Louse","floor":14,"turns":4},{"damage":33,"enemies":"Hexaghost","floor":16,"turns":16},{"damage":1,"enemies":"3 Byrds","floor":18,"turns":6},{"damage":0,"enemies":"Spheric Guardian","floor":20,"turns":4},{"damage":2,"enemies":"Shelled Parasite and Fungi","floor":22,"turns":7},{"damage":6,"enemies":"Slavers","floor":23,"turns":5},{"damage":34,"enemies":"Gremlin Leader","floor":25,"turns":8},{"damage":2,"enemies":"Masked Bandits","floor":27,"turns":5},{"damage":1,"enemies":"3 Cultists","floor":29,"turns":4},{"damage":0,"enemies":"Snecko","floor":30,"turns":4},{"damage":0,"enemies":"Chosen and Byrds","floor":31,"turns":5},{"damage":35,"enemies":"Collector","floor":33,"turns":16},{"damage":0,"enemies":"3 Shapes","floor":35,"turns":3},{"damage":0,"enemies":"Orb Walker","floor":37,"turns":4},{"damage":33,"enemies":"Spire Growth","floor":38,"turns":7},{"damage":1,"enemies":"Sphere and 2 Shapes","floor":41,"turns":6},{"damage":19,"enemies":"Transient","floor":42,"turns":5},{"damage":0,"enemies":"Spire Growth","floor":44,"turns":5},{"damage":33,"enemies":"Donu and Deca","floor":48,"turns":10}],"seed_played":"4251252283042701915","potions_obtained":[{"floor":1,"key":"GamblersBrew"},{"floor":7,"key":"SteroidPotion"},{"floor":10,"key":"FearPotion"},{"floor":16,"key":"AttackPotion"},{"floor":18,"key":"Strength Potion"},{"floor":31,"key":"ColorlessPotion"},{"floor":35,"key":"Ancient Potion"},{"floor":37,"key":"Block Potion"},{"floor":42,"key":"Strength Potion"},{"floor":44,"key":"SpeedPotion"}],"is_trial":false,"path_per_floor":["M","?","?","M","M","E","M","?","T","M","M","$","T","M","R","B",null,"M","?","M","?","M","E","?","E","T","?","$","M","M","M","R","B",null,"M","$","M","M","$","R","M","M","T","M","?","R","?","B",null],"character_chosen":"IRONCLAD","items_purchased":["CaptainsWheel","Reaper","Pear","Fire Breathing","Apotheosis"],"campfire_rested":0,"item_purchase_floors":[12,12,28,28,36],"current_hp_per_floor":[78,77,76,75,74,59,40,29,29,35,41,41,41,65,64,43,62,61,60,59,58,57,56,62,40,40,44,54,59,66,65,64,37,62,61,60,59,36,36,36,53,47,47,52,51,50,49,16],"gold":85,"neow_bonus":"","is_daily":true,"chose_seed":false,"campfire_upgraded":2,"win_rate":0.0,"timestamp":1609682346,"path_taken":["M","?","?","M","?","E","?","?","T","M","M","?","?","M","R","BOSS","M","?","?","?","M","E","?","E","T","?","$","M","M","?","R","BOSS","M","$","M","M","$","R","M","M","T","M","?","R","?","BOSS"],"items_purchased_type":["Relic","Card","Relic","Card","Card"],"build_version":"2020-12-22","purchased_purges":0,"victory":true,"max_hp_per_floor":[78,77,76,75,74,73,72,71,70,69,68,67,66,65,64,63,62,61,60,59,58,57,56,62,61,60,59,68,67,66,65,64,63,62,61,60,59,58,57,56,55,54,53,52,51,50,49,48],"card_choices":[{"not_picked":["Hemokinesis","Iron Wave"],"picked":"Twin Strike","floor":1},{"not_picked":["Perfected Strike","Anger"],"picked":"Armaments","floor":4},{"not_picked":["Flex","Combust"],"picked":"Burning Pact","floor":5},{"not_picked":["Brutality","Combust","Sword Boomerang"],"picked":"SKIP","floor":6},{"not_picked":["Sword Boomerang","Clash"],"picked":"Infernal Blade","floor":7},{"not_picked":["Clash","Dropkick"],"picked":"Flex","floor":10},{"not_picked":["Iron Wave","Carnage"],"picked":"Flame Barrier","floor":11},{"not_picked":["True Grit","Sword Boomerang"],"picked":"Intimidate","floor":14},{"not_picked":["Bludgeon","Juggernaut"],"picked":"Exhume","floor":16},{"not_picked":[],"picked":"Wild Strike","floor":18},{"not_picked":[],"picked":"Metallicize+1","floor":20},{"not_picked":["Cleave"],"picked":"SKIP","floor":22},{"not_picked":["True Grit+1"],"picked":"SKIP","floor":23},{"not_picked":[],"picked":"Power Through+1","floor":25},{"not_picked":[],"picked":"Berserk","floor":29},{"not_picked":["Iron Wave"],"picked":"SKIP","floor":30},{"not_picked":["Clash"],"picked":"SKIP","floor":31},{"not_picked":["Battle Trance"],"picked":"SKIP","floor":35},{"not_picked":[],"picked":"Body Slam+1","floor":37},{"not_picked":[],"picked":"Anger+1","floor":38},{"not_picked":[],"picked":"Reckless Charge+1","floor":41},{"not_picked":[],"picked":"Battle Trance+1","floor":42},{"not_picked":[],"picked":"Cleave+1","floor":44}],"player_experience":365163,"relics_obtained":[{"floor":6,"key":"Thread and Needle"},{"floor":9,"key":"Anchor"},{"floor":13,"key":"Omamori"},{"floor":23,"key":"Kunai"},{"floor":25,"key":"Mercury Hourglass"},{"floor":26,"key":"Peace Pipe"},{"floor":27,"key":"Red Mask"},{"floor":43,"key":"Toxic Egg 2"}],"event_choices":[{"cards_removed":["Strike_R"],"damage_healed":0,"gold_gain":0,"player_choice":"Card Removal","damage_taken":0,"max_hp_gain":0,"max_hp_loss":0,"event_name":"The Cleric","floor":2,"gold_loss":50},{"damage_healed":0,"gold_gain":275,"player_choice":"Desecrate","damage_taken":0,"max_hp_gain":0,"max_hp_loss":0,"event_name":"Golden Shrine","floor":3,"gold_loss":0,"cards_obtained":["Regret"]},{"damage_healed":0,"gold_gain":75,"player_choice":"Gather Gold","damage_taken":11,"max_hp_gain":0,"max_hp_loss":0,"event_name":"World of Goop","floor":8,"gold_loss":0},{"damage_healed":0,"gold_gain":0,"player_choice":"Bet on Murderer","damage_taken":0,"max_hp_gain":0,"max_hp_loss":0,"event_name":"The Joust","floor":19,"gold_loss":50},{"damage_healed":0,"gold_gain":0,"player_choice":"Ignored","damage_taken":0,"max_hp_gain":0,"max_hp_loss":0,"event_name":"Ghosts","floor":21,"gold_loss":0},{"damage_healed":0,"gold_gain":0,"player_choice":"Opened","damage_taken":0,"relics_obtained":["Strawberry"],"max_hp_gain":0,"max_hp_loss":0,"event_name":"The Mausoleum","floor":24,"gold_loss":0,"cards_obtained":["Writhe"]},{"damage_healed":0,"gold_gain":0,"player_choice":"Fought Bandits","damage_taken":0,"max_hp_gain":0,"max_hp_loss":0,"event_name":"Masked Bandits","floor":27,"gold_loss":0},{"damage_healed":0,"gold_gain":0,"player_choice":"Upgrade","damage_taken":0,"relics_obtained":["Mark of the Bloom"],"max_hp_gain":0,"max_hp_loss":0,"event_name":"MindBloom","floor":45,"gold_loss":0,"cards_upgraded":["Strike_R","Strike_R","Strike_R","Strike_R","Defend_R","Defend_R","Defend_R","Defend_R","Bash","Thinking Ahead","Thinking Ahead","Thinking Ahead","The Bomb","The Bomb","The Bomb","PanicButton","PanicButton","PanicButton","Secret Weapon","Secret Weapon","Secret Weapon","Good Instincts","Good Instincts","Good Instincts","Twin Strike","Twin Strike","Twin Strike","Armaments","Armaments","Burning Pact","Burning Pact","Burning Pact","Infernal Blade","Infernal Blade","Infernal Blade","Flex","Flex","Flex","Flame Barrier","Flame Barrier","Flame Barrier","Reaper","Reaper","Reaper","Intimidate","Intimidate","Intimidate","Exhume","Exhume","Exhume","Wild Strike","Wild Strike","Wild Strike","Fire Breathing","Fire Breathing","Fire Breathing","Berserk","Berserk","Berserk","Apotheosis","Apotheosis"]},{"damage_healed":0,"gold_gain":0,"player_choice":"Took Portal","damage_taken":0,"max_hp_gain":0,"max_hp_loss":0,"event_name":"SecretPortal","floor":47,"gold_loss":0}],"is_beta":false,"boss_relics":[{"not_picked":["Fusion Hammer","SacredBark"],"picked":"Busted Crown"},{"not_picked":["Sozu","Tiny House"],"picked":"Black Star"}],"items_purged_floors":[],"is_endless":false,"potions_floor_spawned":[1,7,10,16,18,20,31,35,37,42,44],"ascension_level":0}}