{"host":"i9477i93mjcyimye","time":1609657326,"event":{"mods":["Aspiration","BaseMod","Bestiary","Colored Powertips","Downfall","Ironclad Rager","Minty Spire (QoL Compilation)","Quick Restart","Relic Stats","Replay The Spire","Spicy Shops","StSLib","The Jungle","Wandering Minibosses"],"gold_per_floor":[114,114,214,229,244,244,259,289,289,289,304,304,304,319,319,419,419,434,45,45,60,60,60,60,60,85,85,85,115,130,243,243,343,343,358,49,64,64,79,79,79,79,79,109,124,124,139,154,154,154],"floor_reached":51,"playtime":4152,"items_purged":[],"score":795,"play_id":"c857b36f-849b-429f-9536-093c68a60b19","local_time":"20210103180206","daily_mods":["Shiny","Flight","DeadlyEvents"],"is_ascension_mode":false,"campfire_choices":[{"floor":6.0,"key":"REST"},{"data":"Storm","floor":10.0,"key":"SMITH"},{"data":"ICR:Cyclone","floor":13.0,"key":"SMITH"},{"data":"aspiration:Polymerization","floor":15.0,"key":"SMITH"},{"data":"expansioncontent:Corrupt","floor":23.0,"key":"SMITH"},{"data":"Creative AI","floor":24.0,"key":"SMITH"},{"data":"Defragment","floor":25.0,"key":"SMITH"},{"data":"Electrodynamics","floor":27.0,"key":"SMITH"},{"data":"Fission","floor":28.0,"key":"SMITH"},{"data":"Armaments","floor":32.0,"key":"SMITH"},{"data":"Armaments","floor":40.0,"key":"SMITH"},{"data":"FIFO Queue","floor":41.0,"key":"SMITH"},{"data":"Crystallizer","floor":42.0,"key":"SMITH"},{"floor":46.0,"key":"REST"},{"floor":49.0,"key":"REST"}],"circlet_count":0,"master_deck":["Hyperbeam","Machine Learning","Buffer","All For One","Core Surge","Multi-Cast","Thunder Strike","Electrodynamics+1","ReplayTheSpireMod:Omega Cannon","Mirror Shield","Seek","Echo Form","Reboot","Fission+1","Biased Cognition","ReplayRNGCard","Amplify","ICR:Cyclone+1","Creative AI+1","Storm+1","Chill","aspiration:Polymerization+1","Compile Driver","Sunder","Defragment+1","Defragment","Turbo","Crystallizer+1","Loop","BootSequence","Body Slam","Ball Lightning","Capacitor","Reinforced Body","FIFO Queue+1","Stack","FTL","FTL","expansioncontent:Corrupt+1","expansioncontent:PolyBeam","ReplayTheSpireMod:Fabricate Wheel","Guardian:Planning","Redo","Armaments+1","Replay:DivineShield","champ:AdrenalArmor","Armaments+1","hexamod:BacktrackSmack+1","Backflip+1","Limit Break","hexamod:RainOfEmbers+1","expansioncontent:Collect","Spot Weakness+1","Replay:Bootleg Shield Generator","Panacea","sneckomod:Unknown1Cost+1","Storm of Steel","FlyingSleeves","champ:SkillfulDodge","expansioncontent:Chronoboost+1","Fluid Movement+1","champ:Aggression","Dodge and Roll+1"],"relics":["Prayer Wheel","Carrot","Gambling Chip","Lantern","Iron Core","BargainBundle","PrismaticShard","hexamod:BolsterEngine","Guardian:PocketSentry","Replay:Grab Bag","aspiration:FutureDiary","ChewingGum","Black Star","sneckomod:SneckoTalon","Pet Ghost","Centennial Puzzle","Turnip","ReplayTheSpireMod:Shallot","Happy Flower"],"acts_visited":["Exordium","TheCity","TheBeyond"],"potions_floor_usage":[],"damage_taken":[{"damage":10.0,"enemies":"Small Slimes","floor":1.0,"turns":3.0},{"damage":0.0,"enemies":"2 Louse","floor":4.0,"turns":2.0},{"damage":0.0,"enemies":"Cultist","floor":5.0,"turns":3.0},{"damage":5.0,"enemies":"Gremlin Gang","floor":7.0,"turns":2.0},{"damage":0.0,"enemies":"3 Sentries","floor":8.0,"turns":1.0},{"damage":0.0,"enemies":"2 Fungi Beasts","floor":11.0,"turns":2.0},{"damage":0.0,"enemies":"Exordium Wildlife","floor":14.0,"turns":2.0},{"damage":0.0,"enemies":"The Guardian","floor":16.0,"turns":5.0},{"damage":10.0,"enemies":"Spheric Guardian","floor":18.0,"turns":3.0},{"damage":0.0,"enemies":"Chosen","floor":21.0,"turns":3.0},{"damage":11.0,"enemies":"Slavers","floor":29.0,"turns":2.0},{"damage":0.0,"enemies":"Shelled Parasite and Fungi","floor":30.0,"turns":3.0},{"damage":9.0,"enemies":"Pondfish","floor":33.0,"turns":4.0},{"damage":11.0,"enemies":"3 Shapes","floor":35.0,"turns":2.0},{"damage":9.0,"enemies":"Orb Walker","floor":37.0,"turns":3.0},{"damage":11.0,"enemies":"Spire Growth","floor":39.0,"turns":3.0},{"damage":33.0,"enemies":"Nemesis","floor":44.0,"turns":5.0},{"damage":1.0,"enemies":"Sphere and 2 Shapes","floor":45.0,"turns":3.0},{"damage":0.0,"enemies":"Transient","floor":47.0,"turns":5.0},{"damage":14.0,"enemies":"Spire Growth","floor":48.0,"turns":3.0},{"damage":1,"enemies":"Donu and Deca","floor":50,"turns":3}],"seed_played":"4251252283042701915","potions_obtained":[{"floor":1.0,"key":"DistilledChaos"},{"floor":8.0,"key":"Block Potion"},{"floor":11.0,"key":"AttackPotion"},{"floor":21.0,"key":"DuplicationPotion"},{"floor":29.0,"key":"FearPotion"},{"floor":35.0,"key":"Fruit Juice"},{"floor":37.0,"key":"Languid Potion"},{"floor":47.0,"key":"Guardian:BlockOnCardUsePotion"},{"floor":48.0,"key":"Flashbang"}],"is_trial":false,"path_per_floor":["M","?","?","M","M","R","M","E","T","R","M","?","R","M","R","B",null,"M","$","?","M","?","R","R","R","T","R","R","E","M","?","R","B",null,"M","$","M","?","M","R","R","R","T","E","M","R","M","M","R","B",null],"character_chosen":"DEFECT","items_purchased":["BargainBundle","FIFO Queue","Stack","FTL","expansioncontent:Corrupt","expansioncontent:PolyBeam","Energy Potion","AttackPotion","Pet Ghost","expansioncontent:Collect","Centennial Puzzle"],"campfire_rested":3,"item_purchase_floors":[19,19,19,19,19,19,19,19,36,36,36],"current_hp_per_floor":[65,40,40,40,40,62,57,57,57,57,57,57,57,57,57,57,75,65,65,57,57,57,57,57,57,57,57,57,46,46,46,46,37,75,69,69,60,60,61,61,61,61,61,28,27,51,51,37,61,60],"gold":154,"neow_bonus":"","is_daily":true,"chose_seed":false,"campfire_upgraded":12,"win_rate":0.0,"timestamp":1609657326,"path_taken":["M","?","?","M","?","R","M","?","T","R","M","?","R","M","R","BOSS","M","$","?","?","?","R","R","R","T","R","R","?","M","?","R","BOSS","M","$","M","?","?","R","R","R","T","E","M","R","M","?","R","BOSS"],"items_purchased_type":["Relic","Card","Card","Card","Card","Card","Potion","Potion","Relic","Card","Relic"],"build_version":"2020-12-22","purchased_purges":0,"victory":true,"max_hp_per_floor":[75,75,75,75,75,75,75,75,75,75,75,75,75,75,75,75,75,75,75,75,75,75,75,75,75,75,75,75,75,75,75,75,75,75,80,80,80,80,80,80,80,80,80,80,80,80,80,80,80,80],"relic_stats":{"Centennial Puzzle":[18],"Happy Flower":[4],"counters":[21,59],"Gambling Chip":[10],"Prayer Wheel":15,"Turnip":[5],"Black Star":1,"obtain_stats":[{"Carrot":2,"Lantern":9,"Iron Core":12,"BargainBundle":19,"Happy Flower":44,"Replay:Grab Bag":34,"Guardian:PocketSentry":29,"PrismaticShard":20,"sneckomod:SneckoTalon":34,"Pet Ghost":36,"Centennial Puzzle":36,"ReplayTheSpireMod:Shallot":44,"Gambling Chip":8,"Prayer Wheel":1,"ChewingGum":34,"Turnip":43,"Black Star":34,"hexamod:BolsterEngine":26,"aspiration:FutureDiary":34,"Cracked Core":0},{"Carrot":1,"Lantern":5,"Iron Core":6,"BargainBundle":9,"Happy Flower":17,"Replay:Grab Bag":13,"Guardian:PocketSentry":11,"PrismaticShard":9,"sneckomod:SneckoTalon":13,"Pet Ghost":14,"Centennial Puzzle":14,"ReplayTheSpireMod:Shallot":17,"Gambling Chip":5,"Prayer Wheel":1,"ChewingGum":13,"Turnip":16,"Black Star":13,"hexamod:BolsterEngine":10,"aspiration:FutureDiary":13,"Cracked Core":0},{"Carrot":3,"Lantern":10,"Iron Core":12,"BargainBundle":22,"Happy Flower":45,"Replay:Grab Bag":34,"Guardian:PocketSentry":27,"PrismaticShard":22,"sneckomod:SneckoTalon":34,"Pet Ghost":36,"Centennial Puzzle":36,"ReplayTheSpireMod:Shallot":45,"Gambling Chip":10,"Prayer Wheel":1,"ChewingGum":34,"Turnip":41,"Black Star":34,"hexamod:BolsterEngine":25,"aspiration:FutureDiary":34,"Cracked Core":0}]},"card_choices":[{"not_picked":["Tempest","Ball Lightning"],"picked":"Storm","floor":1.0},{"not_picked":["Steam","Hologram"],"picked":"Chill","floor":1.0},{"not_picked":["ReplayTheSpireMod:System Scan","Aggregate"],"picked":"aspiration:Polymerization","floor":4.0},{"not_picked":["Heatsinks","Go for the Eyes"],"picked":"Compile Driver","floor":4.0},{"not_picked":["Conserve Battery","Hologram"],"picked":"Sunder","floor":5.0},{"not_picked":["Recycle","BasicCrystalCard"],"picked":"Defragment","floor":5.0},{"not_picked":["Hologram","Coolheaded"],"picked":"Defragment","floor":7.0},{"not_picked":["ReplayTheSpireMod:GoodbyeWorld","Time Bomb"],"picked":"Turbo","floor":7.0},{"not_picked":["Fission","Cold Snap"],"picked":"Crystallizer","floor":8.0},{"not_picked":["Recycle","Compile Driver"],"picked":"Loop","floor":11.0},{"not_picked":["Panic Button","ReplayTheSpireMod:System Scan"],"picked":"BootSequence","floor":11.0},{"not_picked":["Gash","Clash"],"picked":"Body Slam","floor":14.0},{"not_picked":["Turbo","Gash"],"picked":"Ball Lightning","floor":14.0},{"not_picked":["Ball Lightning","Compile Driver"],"picked":"Capacitor","floor":18.0},{"not_picked":["Compile Driver","Tempest"],"picked":"Reinforced Body","floor":18.0},{"not_picked":["Turbo","Redo"],"picked":"ReplayTheSpireMod:Fabricate Wheel","floor":20.0},{"not_picked":["Replay:Cycle","Prepared"],"picked":"Guardian:Planning","floor":21.0},{"not_picked":["Steam+1","Bane","Slimebound:ServeAndProtect"],"picked":"SKIP","floor":21.0},{"not_picked":["Slice","CarveReality"],"picked":"Armaments","floor":29.0},{"not_picked":["Redo+1","Quick Slash"],"picked":"Replay:DivineShield","floor":30.0},{"not_picked":["Slimebound:AcidTongue","Amplify"],"picked":"champ:AdrenalArmor","floor":30.0},{"not_picked":["Protect","Anger"],"picked":"Armaments","floor":31.0},{"not_picked":["champ:IronFortress","hexamod:AdvancingGuard"],"picked":"hexamod:BacktrackSmack+1","floor":31.0},{"not_picked":["hexamod:NightmareStrike+1","Clothesline+1"],"picked":"Backflip+1","floor":31.0},{"not_picked":["ReplayTheSpireMod:Omega Cannon","Meteor Strike"],"picked":"Limit Break","floor":33.0},{"not_picked":["Leap+1","Guardian:SpikerProtocol+1"],"picked":"Guardian:Gem_Red","floor":35.0},{"not_picked":["Outmaneuver","Poisoned Stab"],"picked":"hexamod:RainOfEmbers+1","floor":35.0},{"not_picked":["Guardian:Gem_Cyan","Warcry+1"],"picked":"Spot Weakness+1","floor":37.0},{"not_picked":["sneckomod:UnknownWeak","hexamod:InspiringFlames"],"picked":"Replay:Bootleg Shield Generator","floor":37.0},{"not_picked":["hexamod:FourthSeal","hexamod:InspiringFlames+1"],"picked":"Panacea","floor":39.0},{"not_picked":["Clash+1","Bandage Up"],"picked":"sneckomod:Unknown1Cost+1","floor":39.0},{"not_picked":["Guardian:Gem_Green","Bane"],"picked":"Storm of Steel","floor":44.0},{"not_picked":["ThirdEye","Panic Button"],"picked":"FlyingSleeves","floor":45.0},{"not_picked":["Shrug It Off","sneckomod:UnknownWeak"],"picked":"champ:SkillfulDodge","floor":45.0},{"not_picked":["champ:CrookedStrike+1","champ:PerfectedStrike"],"picked":"expansioncontent:Chronoboost+1","floor":47.0},{"not_picked":["sneckomod:UnknownClassBLUE+1","hexamod:Hexaguard+1"],"picked":"Fluid Movement+1","floor":47.0},{"not_picked":["hexamod:FastForward+1","Dash+1"],"picked":"champ:Aggression","floor":48.0},{"not_picked":["Warcry","Streamline"],"picked":"Dodge and Roll+1","floor":48.0}],"player_experience":225201,"relics_obtained":[{"floor":8.0,"key":"Gambling Chip"},{"floor":9.0,"key":"Lantern"},{"floor":20.0,"key":"PrismaticShard"},{"floor":26.0,"key":"hexamod:BolsterEngine"},{"floor":29.0,"key":"Guardian:PocketSentry"},{"floor":43.0,"key":"Turnip"},{"floor":44.0,"key":"ReplayTheSpireMod:Shallot"},{"floor":44.0,"key":"Happy Flower"}],"event_choices":[{"damage_healed":0.0,"max_hp_gain":0.0,"max_hp_loss":0.0,"gold_gain":0.0,"event_name":"Scrap Ooze","player_choice":"Success","floor":2.0,"gold_loss":0.0,"damage_taken":25.0,"relics_obtained":["Carrot"]},{"damage_healed":0.0,"max_hp_gain":0.0,"max_hp_loss":0.0,"gold_gain":100.0,"event_name":"Golden Shrine","player_choice":"Pray","floor":3.0,"gold_loss":0.0,"damage_taken":0.0},{"damage_healed":0.0,"max_hp_gain":0.0,"max_hp_loss":0.0,"gold_gain":0.0,"cards_transformed":["Meteor Strike"],"event_name":"Transmorgrifier","player_choice":"Transformed","floor":22.0,"gold_loss":0.0,"damage_taken":0.0,"cards_obtained":["Redo"]},{"cards_removed":["Rainbow"],"damage_healed":0.0,"max_hp_gain":0.0,"max_hp_loss":0.0,"gold_gain":0.0,"event_name":"Falling","player_choice":"Removed Skill","floor":38.0,"gold_loss":0.0,"damage_taken":0.0}],"is_beta":false,"boss_relics":[{"not_picked":["Replay:Drink Me","Runic Dome","Abe\u0027s Treasure"]},{"not_picked":["Sozu","Philosopher\u0027s Stone"],"picked":"Replay:Grab Bag"},{"not_picked":["Velvet Choker","ReplayTheSpireMod:Onyx Gauntlets"],"picked":"aspiration:FutureDiary"},{"not_picked":["Replay:Bronze Core","Replay:Wanted Poster"],"picked":"ChewingGum"},{"not_picked":["aspiration:SilentSkillbook","Ring of Chaos"],"picked":"Black Star"},{"not_picked":["aspiration:RitualDagger","aspiration:PoetsPen_weak"],"picked":"sneckomod:SneckoTalon"}],"items_purged_floors":[],"is_endless":false,"potions_floor_spawned":[1,8,11,21,29,35,37,47,48],"ascension_level":0}}