{"host":"hfxp6ue4pvwo3fit","time":1609648562,"event":{"mods":["AchievementEnabler","BaseMod","Colored Map","Colored Powertips","Highlight Path","Minty Spire (QoL Compilation)","Relic Stats","StSLib","SuperFastMode"],"gold_per_floor":[113,131,131,144,61,61,93,93,171,191,204,204,234,264,264,341,341,360,285,297,297,312,312,19,19,19,19,35,69,69,81,81,155,155,174,184,184,199,42,42,42,71,71,100,100,111,125,138,138,138,138],"floor_reached":52,"playtime":2573,"items_purged":["Strike_R"],"score":1959,"play_id":"276d1a6f-690e-4bff-8d40-aa0db677cc9f","local_time":"20210102223602","is_ascension_mode":true,"campfire_choices":[{"data":"Bash","floor":6,"key":"SMITH"},{"floor":8,"key":"REST"},{"data":"True Grit","floor":12,"key":"SMITH"},{"data":"Dark Embrace","floor":15,"key":"SMITH"},{"floor":23,"key":"REST"},{"data":"Shockwave","floor":27,"key":"SMITH"},{"data":"Warcry","floor":30,"key":"SMITH"},{"floor":32,"key":"REST"},{"floor":40,"key":"REST"},{"floor":45,"key":"REST"},{"floor":49,"key":"REST"}],"circlet_count":0,"master_deck":["AscendersBane","Strike_R","Strike_R","Strike_R","Defend_R","Defend_R","Defend_R","Defend_R","Bash+1","Disarm","Anger","Metallicize","Disarm","Spot Weakness","True Grit+1","Battle Trance","Dark Embrace+1","Corruption","Shrug It Off","Clothesline","Spot Weakness","Shockwave+1","Regret","Burning Pact+1","Warcry+1","Dropkick+1","Dark Embrace","Barricade+1","Shrug It Off+1","Juggernaut","Bandage Up","Dark Embrace+1","Shrug It Off","Sentinel","Fiend Fire","Dual Wield"],"relics":["Runic Dome","Regal Pillow","StrikeDummy","Lizard Tail","Odd Mushroom","Cursed Key","Nilry\u0027s Codex","Orrery","Letter Opener","Prayer Wheel","Black Star","OrangePellets","Bronze Scales","Lantern","Strawberry","Bottled Lightning"],"acts_visited":["Exordium","TheCity","TheBeyond"],"potions_floor_usage":[13,16,16,22,33,36,42,51,51],"damage_taken":[{"damage":5,"enemies":"Small Slimes","floor":1,"turns":4},{"damage":10,"enemies":"2 Louse","floor":2,"turns":2},{"damage":5,"enemies":"Jaw Worm","floor":4,"turns":3},{"damage":21,"enemies":"Lagavulin","floor":7,"turns":8},{"damage":7,"enemies":"Blue Slaver","floor":10,"turns":3},{"damage":6,"enemies":"Large Slime","floor":11,"turns":6},{"damage":30,"enemies":"Gremlin Nob","floor":13,"turns":4},{"damage":2,"enemies":"The Mushroom Lair","floor":14,"turns":5},{"damage":3,"enemies":"Hexaghost","floor":16,"turns":8},{"damage":11,"enemies":"3 Byrds","floor":18,"turns":6},{"damage":13,"enemies":"2 Thieves","floor":20,"turns":4},{"damage":9,"enemies":"3 Cultists","floor":22,"turns":5},{"damage":2,"enemies":"Snecko","floor":28,"turns":4},{"damage":7,"enemies":"Book of Stabbing","floor":29,"turns":4},{"damage":3,"enemies":"Centurion and Healer","floor":31,"turns":4},{"damage":11,"enemies":"Champ","floor":33,"turns":7},{"damage":24,"enemies":"3 Shapes","floor":35,"turns":7},{"damage":9,"enemies":"Orb Walker","floor":36,"turns":3},{"damage":7,"enemies":"Maw","floor":38,"turns":5},{"damage":102,"enemies":"Reptomancer","floor":42,"turns":6},{"damage":7,"enemies":"Nemesis","floor":44,"turns":5},{"damage":7,"enemies":"Spire Growth","floor":46,"turns":5},{"damage":5,"enemies":"Transient","floor":47,"turns":6},{"damage":34,"enemies":"Writhing Mass","floor":48,"turns":4},{"damage":22,"enemies":"Awakened One","floor":50,"turns":7},{"damage":37,"enemies":"Time Eater","floor":51,"turns":10}],"seed_played":"-5493440215596263840","potions_obtained":[{"floor":1,"key":"Ancient Potion"},{"floor":2,"key":"LiquidBronze"},{"floor":4,"key":"Energy Potion"},{"floor":10,"key":"Dexterity Potion"},{"floor":13,"key":"AttackPotion"},{"floor":18,"key":"DuplicationPotion"},{"floor":31,"key":"BlessingOfTheForge"},{"floor":35,"key":"AttackPotion"},{"floor":44,"key":"Strength Potion"},{"floor":46,"key":"FearPotion"},{"floor":47,"key":"Dexterity Potion"}],"is_trial":false,"path_per_floor":["M","M","?","M","$","R","E","R","T","M","M","R","E","?","R","B",null,"M","?","M","?","M","R","$","?","T","R","M","E","R","M","R","B",null,"M","M","?","M","$","R","?","E","T","E","R","M","M","M","R","B","B",null],"character_chosen":"IRONCLAD","items_purchased":["Disarm","Orrery","PowerPotion","OrangePellets"],"campfire_rested":6,"item_purchase_floors":[5,24,24,39],"current_hp_per_floor":[63,53,58,53,53,53,32,71,71,64,58,58,28,26,26,23,66,55,55,42,21,12,51,51,51,51,51,49,42,42,39,78,67,77,53,44,44,41,41,80,80,22,22,26,67,64,63,33,74,56,23],"gold":138,"neow_bonus":"BOSS_RELIC","is_daily":false,"chose_seed":false,"campfire_upgraded":5,"win_rate":0.0,"timestamp":1609648562,"path_taken":["M","M","?","M","$","R","E","R","T","M","M","R","E","?","R","BOSS","M","?","M","?","M","R","$","?","T","R","M","E","R","M","R","BOSS","M","M","?","M","$","R","?","E","T","E","R","M","M","?","R","BOSS","BOSS"],"items_purchased_type":["Card","Relic","Potion","Relic"],"build_version":"2020-12-22","purchased_purges":1,"victory":true,"max_hp_per_floor":[75,75,80,80,80,80,80,80,80,80,80,80,80,80,80,80,80,80,80,80,80,80,80,80,80,80,80,80,80,80,80,80,80,80,80,80,80,80,80,80,80,80,80,87,87,87,87,87,87,87,87],"relic_stats":{"OrangePellets":[8],"Regal Pillow":90,"Lizard Tail":40,"counters":[26,135],"Bronze Scales":[111],"Prayer Wheel":7,"Black Star":2,"Letter Opener":[471],"Cursed Key":1,"obtain_stats":[{"Regal Pillow":7,"Lantern":42,"Nilry\u0027s Codex":21,"Letter Opener":26,"Odd Mushroom":14,"Cursed Key":17,"Burning Blood":0,"Runic Dome":0,"OrangePellets":39,"Lizard Tail":13,"Bronze Scales":42,"Strawberry":44,"Orrery":24,"Prayer Wheel":29,"Black Star":34,"Bottled Lightning":44,"StrikeDummy":9},{"Regal Pillow":4,"Lantern":20,"Nilry\u0027s Codex":11,"Letter Opener":12,"Odd Mushroom":8,"Cursed Key":9,"Burning Blood":0,"Runic Dome":0,"OrangePellets":19,"Lizard Tail":7,"Bronze Scales":20,"Strawberry":21,"Orrery":12,"Prayer Wheel":14,"Black Star":16,"Bottled Lightning":21,"StrikeDummy":4},{"Regal Pillow":17,"Lantern":98,"Nilry\u0027s Codex":53,"Letter Opener":58,"Odd Mushroom":35,"Cursed Key":43,"Burning Blood":0,"Runic Dome":0,"OrangePellets":92,"Lizard Tail":30,"Bronze Scales":98,"Strawberry":103,"Orrery":58,"Prayer Wheel":66,"Black Star":77,"Bottled Lightning":103,"StrikeDummy":17}]},"card_choices":[{"not_picked":["Dropkick","Havoc"],"picked":"Disarm","floor":1},{"not_picked":["Iron Wave","Searing Blow"],"picked":"Anger","floor":2},{"not_picked":["Heavy Blade","Clash"],"picked":"Metallicize","floor":4},{"not_picked":["Whirlwind","Thunderclap"],"picked":"Spot Weakness","floor":7},{"not_picked":["Cleave","Sword Boomerang"],"picked":"True Grit","floor":10},{"not_picked":["Headbutt","Pommel Strike"],"picked":"Battle Trance","floor":11},{"not_picked":["Intimidate","Havoc","Rage"],"picked":"SKIP","floor":13},{"not_picked":["Carnage","Cleave"],"picked":"Dark Embrace","floor":14},{"not_picked":["Berserk","Fiend Fire"],"picked":"Corruption","floor":16},{"not_picked":["Warcry+1","Power Through"],"picked":"Shrug It Off","floor":18},{"not_picked":["Sword Boomerang","Armaments"],"picked":"Clothesline","floor":20},{"not_picked":["Pummel","Armaments","Entrench"],"picked":"SKIP","floor":22},{"not_picked":["Anger","Power Through"],"picked":"Spot Weakness","floor":24},{"not_picked":["Ghostly Armor","Immolate"],"picked":"Shockwave","floor":24},{"not_picked":["Clash","Pommel Strike"],"picked":"Burning Pact+1","floor":28},{"not_picked":["Clash","Cleave+1"],"picked":"Warcry","floor":29},{"not_picked":["Perfected Strike","Dark Embrace"],"picked":"Dropkick+1","floor":31},{"not_picked":["Headbutt","Fire Breathing"],"picked":"Dark Embrace","floor":31},{"not_picked":["Offering","Impervious"],"picked":"Barricade","floor":33},{"not_picked":["Combust+1","Pommel Strike"],"picked":"Shrug It Off+1","floor":35},{"not_picked":["Iron Wave","Searing Blow","Entrench"],"picked":"SKIP","floor":35},{"not_picked":["Whirlwind","Wild Strike"],"picked":"Juggernaut","floor":36},{"not_picked":["Flex+1","Headbutt","Ghostly Armor"],"picked":"SKIP","floor":36},{"not_picked":["Impatience","Mind Blast"],"picked":"Bandage Up","floor":37},{"not_picked":["Sword Boomerang","Body Slam"],"picked":"Dark Embrace+1","floor":38},{"not_picked":["Dark Embrace+1","Clothesline"],"picked":"Shrug It Off","floor":38},{"not_picked":["Pommel Strike+1","Warcry"],"picked":"Sentinel","floor":42},{"not_picked":["Corruption","Flex","Body Slam"],"picked":"SKIP","floor":44},{"not_picked":["Headbutt","Flex","Perfected Strike"],"picked":"SKIP","floor":46},{"not_picked":["Sever Soul+1","Intimidate","Battle Trance"],"picked":"SKIP","floor":46},{"not_picked":["Second Wind","Anger"],"picked":"Fiend Fire","floor":47},{"not_picked":["Iron Wave+1","Warcry","Dark Embrace"],"picked":"SKIP","floor":47},{"not_picked":["Wild Strike","Pummel+1"],"picked":"Dual Wield","floor":48},{"not_picked":["Twin Strike","Heavy Blade","Power Through"],"picked":"SKIP","floor":48}],"player_experience":465324,"relics_obtained":[{"floor":7,"key":"Regal Pillow"},{"floor":9,"key":"StrikeDummy"},{"floor":13,"key":"Lizard Tail"},{"floor":14,"key":"Odd Mushroom"},{"floor":21,"key":"Nilry\u0027s Codex"},{"floor":26,"key":"Letter Opener"},{"floor":29,"key":"Prayer Wheel"},{"floor":42,"key":"Bronze Scales"},{"floor":42,"key":"Lantern"},{"floor":44,"key":"Strawberry"},{"floor":44,"key":"Bottled Lightning"}],"event_choices":[{"damage_healed":0,"gold_gain":0,"player_choice":"Donut","damage_taken":0,"max_hp_gain":5,"max_hp_loss":0,"event_name":"Big Fish","floor":3,"gold_loss":0},{"damage_healed":0,"gold_gain":0,"player_choice":"Fought Mushrooms","damage_taken":0,"max_hp_gain":0,"max_hp_loss":0,"event_name":"Mushrooms","floor":14,"gold_loss":0},{"cards_removed":["Strike_R"],"damage_healed":0,"gold_gain":0,"player_choice":"Gave Gold","damage_taken":0,"max_hp_gain":0,"max_hp_loss":0,"event_name":"Beggar","floor":19,"gold_loss":75},{"damage_healed":0,"gold_gain":0,"player_choice":"Obtained Book","damage_taken":21,"max_hp_gain":0,"max_hp_loss":0,"event_name":"Cursed Tome","floor":21,"gold_loss":0},{"damage_healed":0,"gold_gain":0,"player_choice":"Ignored","damage_taken":0,"max_hp_gain":0,"max_hp_loss":0,"event_name":"The Mausoleum","floor":25,"gold_loss":0},{"damage_healed":0,"gold_gain":0,"player_choice":"Memory 1","damage_taken":0,"max_hp_gain":0,"max_hp_loss":0,"event_name":"SensoryStone","floor":37,"gold_loss":0},{"damage_healed":0,"gold_gain":0,"player_choice":"Forge","damage_taken":0,"max_hp_gain":0,"max_hp_loss":0,"event_name":"Accursed Blacksmith","floor":41,"gold_loss":0,"cards_upgraded":["Barricade"]}],"is_beta":false,"boss_relics":[{"not_picked":["SacredBark","Calling Bell"],"picked":"Cursed Key"},{"not_picked":["SlaversCollar","Coffee Dripper"],"picked":"Black Star"}],"items_purged_floors":[24],"is_endless":false,"potions_floor_spawned":[1,2,4,10,13,18,31,35,44,46,47],"ascension_level":20}}