{"host":"65mk3suhfjklhbko","time":1609656226,"event":{"mods":["AchievementEnabler","BaseMod","Bestiary","Hermit","Minty Spire (QoL Compilation)","Quick Restart","StSLib","The Disciple","The Servant 0.9.4"],"gold_per_floor":[117,189,139,109,35,70,83,115,115,133,133,146,157,186,186,287,287,297,297,297,310,323,323,334,40,40,57,57,92,92,107,107,212,212,231,84,84,0,0,0,29,29,29],"floor_reached":42,"playtime":2470,"items_purged":["hermit:Strike_Hermit"],"score":489,"play_id":"0f342515-a8c2-4052-8420-6ad11764c3f4","local_time":"20210103014346","is_ascension_mode":false,"campfire_choices":[{"data":"hermit:Brawl","floor":11.0,"key":"SMITH"},{"floor":15.0,"key":"REST"},{"floor":23,"key":"REST"},{"floor":30,"key":"REST"},{"floor":32,"key":"REST"},{"data":"hermit:TakeAim","floor":40,"key":"SMITH"}],"circlet_count":0,"master_deck":["hermit:Strike_Hermit","hermit:Strike_Hermit","hermit:Defend_Hermit","hermit:Defend_Hermit","hermit:Defend_Hermit","hermit:Snapshot","hermit:Covet","hermit:Dive","hermit:Brawl+1","hermit:Headshot","hermit:HoleUp","hermit:Ricochet","hermit:Glare+1","hermit:Reprieve+1","hermit:Headshot","hermit:FatalDesire","hermit:Vantage+1","Decay","hermit:BodyArmor+1","hermit:TakeAim+1","hermit:Enervate","hermit:ShadowCloak","hermit:Horror+1","hermit:WideOpen+1","hermit:Snipe+1","CurseOfTheBell"],"relics":["hermit:Momento","NeowsBlessing","Bag of Marbles","Gremlin Horn","Toxic Egg 2","Mummified Hand","hermit:BartenderGlass","Enchiridion","Orichalcum","Pantograph","Dream Catcher","Calling Bell","Tiny Chest","Shuriken","Dead Branch","HandDrill","Red Mask","PreservedInsect"],"acts_visited":["Exordium","TheCity","TheBeyond"],"potions_floor_usage":[21,22,22,22,29,29,29,29,29,31],"damage_taken":[{"damage":0.0,"enemies":"Cultist","floor":1.0,"turns":1.0},{"damage":0.0,"enemies":"Gremlin Nob","floor":6.0,"turns":1.0},{"damage":0.0,"enemies":"Small Slimes","floor":7.0,"turns":2.0},{"damage":18.0,"enemies":"Lagavulin","floor":8.0,"turns":8.0},{"damage":0.0,"enemies":"2 Louse","floor":10.0,"turns":2.0},{"damage":1.0,"enemies":"Red Slaver","floor":12.0,"turns":4.0},{"damage":0.0,"enemies":"Blue Slaver","floor":13.0,"turns":1.0},{"damage":31.0,"enemies":"3 Sentries","floor":14.0,"turns":7.0},{"damage":18.0,"enemies":"The Guardian","floor":16.0,"turns":14.0},{"damage":15.0,"enemies":"2 Thieves","floor":18.0,"turns":4.0},{"damage":16,"enemies":"Spheric Guardian","floor":21,"turns":4},{"damage":11,"enemies":"Snake Plant","floor":22,"turns":2},{"damage":6,"enemies":"Cultist and Chosen","floor":24,"turns":6},{"damage":25,"enemies":"Sentry and Sphere","floor":27,"turns":6},{"damage":14,"enemies":"Slavers","floor":29,"turns":7},{"damage":0,"enemies":"Snecko","floor":31,"turns":5},{"damage":11,"enemies":"Champ","floor":33,"turns":15},{"damage":0,"enemies":"3 Shapes","floor":35,"turns":3},{"damage":72,"enemies":"Reptomancer","floor":41,"turns":8},{"damage":5,"enemies":"Orb Walker","floor":42,"turns":1}],"seed_played":"-5876223332012106970","potions_obtained":[{"floor":1.0,"key":"hermit:BlackBile"},{"floor":4.0,"key":"Swift Potion"},{"floor":4.0,"key":"FearPotion"},{"floor":12.0,"key":"EntropicBrew"},{"floor":16.0,"key":"PowerPotion"},{"floor":22,"key":"BlessingOfTheForge"},{"floor":29,"key":"Block Potion"}],"is_trial":false,"path_per_floor":["M","?","?","?","$","E","M","E","T","M","R","M","M","E","R","B",null,"M","?","?","M","M","R","M","$","T","M","?","E","R","M","R","B",null,"M","$","?","?","$","R","E","M"],"character_chosen":"HERMIT","items_purchased":["hermit:Brawl","hermit:Enervate","Orichalcum","HandDrill"],"campfire_rested":4,"item_purchase_floors":[5,25,25,36],"current_hp_per_floor":[75,75,75,75,75,75,75,57,57,57,57,56,56,29,51,37,75,60,60,44,28,17,39,41,41,41,16,16,2,24,24,46,60,75,75,75,75,75,75,75,3,0,0],"gold":29,"neow_bonus":"THREE_ENEMY_KILL","is_daily":false,"chose_seed":false,"campfire_upgraded":2,"win_rate":0.0,"timestamp":1609656226,"path_taken":["M","?","?","?","$","E","M","E","T","?","R","M","M","E","R","BOSS","M","?","?","?","M","R","M","$","T","M","?","E","R","M","R","BOSS","M","$","?","?","$","R","E","M"],"items_purchased_type":["Card","Card","Relic","Relic"],"build_version":"2020-12-22","purchased_purges":1,"victory":false,"max_hp_per_floor":[75,75,75,75,75,75,75,75,75,75,75,75,75,75,75,75,75,75,75,75,75,75,75,75,75,75,75,75,75,75,75,75,75,75,75,75,75,75,75,75,75,75,75],"card_choices":[{"not_picked":["hermit:Spite","hermit:Ricochet"],"picked":"hermit:Dive","floor":1.0},{"not_picked":["hermit:EternalForm","hermit:CalledShot"],"picked":"hermit:Headshot","floor":6.0},{"not_picked":["hermit:Grudge","hermit:CalledShot"],"picked":"hermit:HoleUp","floor":7.0},{"not_picked":["hermit:EyeOfTheStorm","hermit:TakeCover"],"picked":"hermit:Ricochet","floor":8.0},{"not_picked":["hermit:LowProfile+1","hermit:Virtue+1"],"picked":"hermit:Glare+1","floor":10.0},{"not_picked":["hermit:Desperado","hermit:Cheat+1"],"picked":"hermit:Reprieve+1","floor":12.0},{"not_picked":["hermit:TakeCover+1","hermit:Grudge"],"picked":"hermit:Headshot","floor":13.0},{"not_picked":["hermit:Adapt","hermit:Purgatory"],"picked":"hermit:FatalDesire","floor":16.0},{"not_picked":["hermit:DeadMansHand+1","hermit:HoleUp+1"],"picked":"hermit:Vantage+1","floor":18.0},{"not_picked":["hermit:Midnight+1","hermit:Headshot"],"picked":"hermit:BodyArmor+1","floor":21},{"not_picked":["hermit:Dive+1","hermit:EyeOfTheStorm+1"],"picked":"hermit:TakeAim","floor":22},{"not_picked":["hermit:Roulette","hermit:BodyArmor+1","hermit:Manifest+1"],"picked":"SKIP","floor":27},{"not_picked":["hermit:Enervate","hermit:Spite"],"picked":"hermit:ShadowCloak","floor":29},{"not_picked":["hermit:Dive+1","hermit:Adapt"],"picked":"hermit:Horror+1","floor":30},{"not_picked":["hermit:CursedWeapon","hermit:Quickdraw"],"picked":"hermit:WideOpen+1","floor":31},{"not_picked":["hermit:TakeAim","hermit:NoHoldsBarred"],"picked":"hermit:Snipe+1","floor":32},{"not_picked":["hermit:Dive+1","hermit:TrackingShot+1","hermit:Spite+1"],"picked":"SKIP","floor":35}],"player_experience":629765,"relics_obtained":[{"floor":6.0,"key":"Bag of Marbles"},{"floor":8.0,"key":"Gremlin Horn"},{"floor":9.0,"key":"Toxic Egg 2"},{"floor":14.0,"key":"Mummified Hand"},{"floor":20.0,"key":"Enchiridion"},{"floor":26,"key":"Pantograph"},{"floor":29,"key":"Dream Catcher"},{"floor":34,"key":"Tiny Chest"},{"floor":34,"key":"Shuriken"},{"floor":34,"key":"Dead Branch"},{"floor":41,"key":"PreservedInsect"}],"event_choices":[{"damage_healed":0.0,"max_hp_gain":0.0,"max_hp_loss":0.0,"gold_gain":72.0,"event_name":"Golden Wing","player_choice":"Gained Gold","floor":2.0,"gold_loss":0.0,"damage_taken":0.0},{"cards_removed":["hermit:Strike_Hermit"],"damage_healed":0.0,"max_hp_gain":0.0,"max_hp_loss":0.0,"gold_gain":0.0,"event_name":"The Cleric","player_choice":"Card Removal","floor":3.0,"gold_loss":50.0,"damage_taken":0.0},{"damage_healed":0.0,"max_hp_gain":0.0,"max_hp_loss":0.0,"gold_gain":0.0,"event_name":"The Woman in Blue","player_choice":"Bought 2 Potions","floor":4.0,"gold_loss":0.0,"damage_taken":0.0},{"damage_healed":0.0,"max_hp_gain":0.0,"max_hp_loss":0.0,"gold_gain":0.0,"event_name":"Forgotten Altar","player_choice":"Smashed Altar","floor":19.0,"gold_loss":0.0,"damage_taken":0.0,"cards_obtained":["Decay"]},{"damage_healed":0.0,"max_hp_gain":0.0,"max_hp_loss":0.0,"gold_gain":0.0,"event_name":"Cursed Tome","player_choice":"Obtained Book","floor":20.0,"gold_loss":0.0,"damage_taken":16.0},{"damage_healed":0,"gold_gain":0,"player_choice":"Ignored","damage_taken":0,"max_hp_gain":0,"max_hp_loss":0,"event_name":"Ghosts","floor":28,"gold_loss":0},{"cards_removed":["hermit:Defend_Hermit"],"damage_healed":0,"gold_gain":0,"player_choice":"Removed Skill","damage_taken":0,"max_hp_gain":0,"max_hp_loss":0,"event_name":"Falling","floor":37,"gold_loss":0},{"damage_healed":0,"gold_gain":0,"player_choice":"Paid","damage_taken":0,"relics_obtained":["Red Mask"],"max_hp_gain":0,"max_hp_loss":0,"event_name":"Tomb of Lord Red Mask","floor":38,"gold_loss":84}],"is_beta":false,"boss_relics":[{"not_picked":["Cursed Key","Runic Pyramid"],"picked":"hermit:BartenderGlass"},{"not_picked":["Velvet Choker","Black Star"],"picked":"Calling Bell"}],"items_purged_floors":[25],"is_endless":false,"potions_floor_spawned":[1,7,12,16,22,27,29],"killed_by":"Orb Walker","ascension_level":0}}