{"host":"2461dio7vetlq1z3","time":1609633237,"event":{"mods":["2.2 Compatiblity","AchievementEnabler","Aspiration","BaseMod","Better Third Choice","Friendly Minions","Hubris","Minty Spire (QoL Compilation)","Relic Stats","Replay The Spire","Spicy Shops","StSLib","Waifu the Spire"],"gold_per_floor":[113,123,123,133,24,24,24],"floor_reached":6,"playtime":348,"items_purged":[],"score":72,"play_id":"fa78d038-a29a-4fce-b35a-e646a6ae9073","local_time":"20210103012037","is_ascension_mode":true,"campfire_choices":[],"circlet_count":0,"master_deck":["AscendersBane","Strike_B","Strike_B","Strike_B","Defend_B","Defend_B","Defend_B","Defend_B","Zap","Dualcast","CurseOfTheBell","Loop+1","Ball Lightning","Hologram","Self Repair+1","Self Repair+1","Sweeping Beam"],"relics":["Calling Bell","ReplayTheSpireMod:Lightbulb","Frozen Egg 2","Du-Vu Doll"],"acts_visited":["Exordium"],"potions_floor_usage":[6],"damage_taken":[{"damage":9.0,"enemies":"Jaw Worm","floor":1.0,"turns":3.0},{"damage":2.0,"enemies":"Cultist","floor":2.0,"turns":4.0},{"damage":5.0,"enemies":"Small Slimes","floor":4.0,"turns":3.0},{"damage":55,"enemies":"Gremlin Nob","floor":6,"turns":4}],"seed_played":"7878504784245495633","potions_obtained":[{"floor":1.0,"key":"LifebloodPotion"}],"is_trial":false,"path_per_floor":["M","M","?","M","$","E"],"character_chosen":"DEFECT","items_purchased":["Self Repair+1","Sweeping Beam"],"campfire_rested":0,"item_purchase_floors":[5,5],"current_hp_per_floor":[55,53,53,48,48,0,0],"gold":24,"neow_bonus":"BOSS_RELIC","is_daily":false,"chose_seed":false,"campfire_upgraded":0,"win_rate":0.0,"timestamp":1609633237,"path_taken":["M","M","?","M","$","E"],"items_purchased_type":["Card","Card"],"build_version":"2020-12-22","purchased_purges":0,"victory":false,"max_hp_per_floor":[71,71,71,71,71,71,71],"relic_stats":{"counters":[4,14],"obtain_stats":[{"Calling Bell":0,"Du-Vu Doll":0,"Frozen Egg 2":0,"Cracked Core":0,"ReplayTheSpireMod:Lightbulb":0},{"Calling Bell":0,"Du-Vu Doll":0,"Frozen Egg 2":0,"Cracked Core":0,"ReplayTheSpireMod:Lightbulb":0},{"Calling Bell":0,"Du-Vu Doll":0,"Frozen Egg 2":0,"Cracked Core":0,"ReplayTheSpireMod:Lightbulb":0}]},"card_choices":[{"not_picked":["BasicCrystalCard","Ball Lightning"],"picked":"Loop+1","floor":1.0},{"not_picked":["Panic Button","Coolheaded"],"picked":"Ball Lightning","floor":2.0},{"not_picked":["Cold Snap","Reprogram"],"picked":"Hologram","floor":4.0}],"player_experience":1031899,"relics_obtained":[{"floor":0.0,"key":"ReplayTheSpireMod:Lightbulb"},{"floor":0.0,"key":"Frozen Egg 2"},{"floor":0.0,"key":"Du-Vu Doll"}],"event_choices":[{"cards_removed":["Strike_B"],"damage_healed":0.0,"max_hp_gain":0.0,"max_hp_loss":0.0,"gold_gain":0.0,"event_name":"Purifier","player_choice":"Purged","floor":3.0,"gold_loss":0.0,"damage_taken":0.0}],"is_beta":false,"boss_relics":[],"items_purged_floors":[],"is_endless":false,"potions_floor_spawned":[1],"killed_by":"Gremlin Nob","ascension_level":20}}