{"host":"szp1d6dso4pv7ddl","time":1609638589,"event":{"mods":["AchievementEnabler","Alarm Clock","BaseMod","Bestiary","Block Reminder","Colored Map","Colored Powertips","Curses Come First","Displayed Cursed Tome","Highlight Path","Minty Spire (QoL Compilation)","Permanent Neow","Quick Restart","Relic Sorter","Relic Stats","StSLib","Synergy Search"],"gold_per_floor":[113,188,188,65,65,65,65,65],"floor_reached":7,"playtime":247,"items_purged":["Regret"],"score":59,"play_id":"dc7eea63-77d3-4ecc-85d5-a35bd499b920","local_time":"20210102174949","is_ascension_mode":true,"campfire_choices":[{"floor":6,"key":"REST"}],"circlet_count":0,"master_deck":["AscendersBane","Strike_R","Strike_R","Strike_R","Strike_R","Strike_R","Defend_R","Defend_R","Defend_R","Defend_R","Bash","Feed","Sentinel","Injury","Perfected Strike"],"relics":["Burning Blood","Nunchaku","Golden Idol"],"acts_visited":["Exordium"],"potions_floor_usage":[7],"damage_taken":[{"damage":23,"enemies":"Jaw Worm","floor":1,"turns":5},{"damage":76,"enemies":"Lagavulin","floor":7,"turns":7}],"seed_played":"8514770528569750452","potions_obtained":[{"floor":1,"key":"Explosive Potion"}],"is_trial":false,"path_per_floor":["M","?","?","$","?","R","E"],"character_chosen":"IRONCLAD","items_purchased":["Perfected Strike"],"campfire_rested":1,"item_purchase_floors":[4],"current_hp_per_floor":[58,47,47,47,35,59,0,0],"gold":65,"neow_bonus":"THREE_RARE_CARDS","is_daily":false,"chose_seed":false,"campfire_upgraded":0,"win_rate":0.0,"timestamp":1609638589,"path_taken":["M","?","?","$","?","R","E"],"items_purchased_type":["Card"],"build_version":"2020-12-22","purchased_purges":1,"victory":false,"max_hp_per_floor":[83,83,83,83,83,83,83,83],"relic_stats":{"Nunchaku":[1],"counters":[2,12],"Golden Idol":0,"obtain_stats":[{"Nunchaku":5,"Golden Idol":3,"Burning Blood":0},{"Nunchaku":1,"Golden Idol":1,"Burning Blood":0},{"Nunchaku":5,"Golden Idol":5,"Burning Blood":0}],"Burning Blood":6},"card_choices":[{"not_picked":["Double Tap","Impervious"],"picked":"Feed","floor":0},{"not_picked":["Rage","Heavy Blade"],"picked":"Sentinel","floor":1}],"player_experience":1102355,"relics_obtained":[],"event_choices":[{"damage_healed":0,"gold_gain":75,"player_choice":"Gather Gold","damage_taken":11,"max_hp_gain":0,"max_hp_loss":0,"event_name":"World of Goop","floor":2,"gold_loss":0},{"damage_healed":0,"gold_gain":0,"player_choice":"Take Wound","damage_taken":0,"relics_obtained":["Golden Idol"],"max_hp_gain":0,"max_hp_loss":0,"event_name":"Golden Idol","floor":3,"gold_loss":0,"cards_obtained":["Injury"]},{"damage_healed":0,"gold_gain":0,"player_choice":"Success","damage_taken":12,"relics_obtained":["Nunchaku"],"max_hp_gain":0,"max_hp_loss":0,"event_name":"Scrap Ooze","floor":5,"gold_loss":0}],"is_beta":false,"boss_relics":[],"items_purged_floors":[4],"is_endless":false,"potions_floor_spawned":[1],"killed_by":"Lagavulin","ascension_level":12}}