{"host":"55yei7x27djrlaep","time":1609704519,"event":{"mods":["Act Like it!","Aspiration","BaseMod","Better Altar","Better Match","Better Note","Better Sensory Stone","Better Skull","Better Third Choice","BetterRewards","Colored Map","Conspire","Friendly Minions","GifTheSpireLib","Gremlin Mod","Halation","Hubris","Marisa????????","Minty Spire (QoL Compilation)","Pale of the Ancients","Replay The Spire","StSLib","Stuff the Spire","The Marked"],"gold_per_floor":[109,109,125,125,125,125,153,153,153,153,172,122,141,174,174,270,270,287,305,316,316,326,357,372,294,317,317,347,363,377,393,393,498,498,509,310,320,339,339,373,373,400,400,400,400,400],"floor_reached":45,"playtime":3358,"items_purged":["theMarked:Strike","theMarked:Strike","theMarked:Defend","theMarked:Defend"],"score":630,"play_id":"d3ab1532-6097-4bd1-a68e-87eadc02cc28","local_time":"20210103230839","is_ascension_mode":true,"campfire_choices":[{"floor":6.0,"key":"REST"},{"floor":8.0,"key":"REST"},{"floor":15.0,"key":"REST"},{"floor":27.0,"key":"REST"},{"floor":32.0,"key":"DIG"},{"floor":41,"key":"REST"}],"circlet_count":0,"master_deck":["theMarked:Strike+1","theMarked:Strike","theMarked:Defend+1","theMarked:SoldierOfQuellstein+1","theMarked:SwordAndMagic","Good Instincts","theMarked:Generate+1","theMarked:Standoff+1","theMarked:Improvise","theMarked:Improvise","theMarked:ElementalBlade","theMarked:TakeCover","theMarked:MaelstromOfLightning","theMarked:EmpowerWeapon","theMarked:Snap","theMarked:Levitate+1","theMarked:AttractMetal+1","theMarked:ChainLightning","theMarked:ResourceFulStrike","theMarked:ThrowWeapon","theMarked:LightningStrikesTwice","theMarked:Indomitable+1","theMarked:GodGivenPower","theMarked:Standoff","theMarked:TakeOffHeels","theMarked:WastefulDefense+1","theMarked:ComboAttacks+1","Parasite","theMarked:RogueSparks","theMarked:MagicAdept"],"relics":["theMarked:ArtifactOfAir","StuffTheSpire:Expresso","Garlic","BargainBundle","MealTicket","Gremlin Food","Question Card","halation:TwoAmDonut","White Beast Statue","conspire:BottledYoYo","aspiration:FutureDiary","MutagenicStrength","War Paint","StuffTheSpire:ForceGauntlet","Strawberry","aspiration:Lifesprig","Nunchaku","theMarked:Eyepatch","halation:PapillonHeart","StuffTheSpire:Wildfire","Gremlin Horn","Replay:Bottled Flurry"],"acts_visited":["Exordium","TheCity","TheBeyond"],"potions_floor_usage":[37,38,42,42,45],"damage_taken":[{"damage":0.0,"enemies":"Cultist","floor":1.0,"turns":3.0},{"damage":0.0,"enemies":"Small Slimes","floor":3.0,"turns":2.0},{"damage":16.0,"enemies":"Lagavulin","floor":7.0,"turns":5.0},{"damage":0.0,"enemies":"Jaw Worm","floor":11.0,"turns":3.0},{"damage":0.0,"enemies":"Gremlin Gang","floor":13.0,"turns":2.0},{"damage":9.0,"enemies":"Replay:BlueRogue","floor":14.0,"turns":6.0},{"damage":25.0,"enemies":"The Guardian","floor":16.0,"turns":8.0},{"damage":10.0,"enemies":"conspire:FuzzyDice","floor":18.0,"turns":4.0},{"damage":0.0,"enemies":"Shell Parasite","floor":19.0,"turns":2.0},{"damage":2.0,"enemies":"Snecko","floor":20.0,"turns":4.0},{"damage":9.0,"enemies":"3 Cultists","floor":22.0,"turns":4.0},{"damage":8.0,"enemies":"Book of Stabbing","floor":23.0,"turns":6.0},{"damage":12.0,"enemies":"Snake Plant","floor":24.0,"turns":3.0},{"damage":3.0,"enemies":"Slavers","floor":28.0,"turns":3.0},{"damage":12.0,"enemies":"conspire:HollyBat","floor":29.0,"turns":6.0},{"damage":0.0,"enemies":"Snecko","floor":30.0,"turns":2.0},{"damage":0.0,"enemies":"Centurion and Healer","floor":31.0,"turns":2.0},{"damage":27.0,"enemies":"conspire:MysteriousRune","floor":33.0,"turns":7.0},{"damage":1,"enemies":"3 Shapes","floor":35,"turns":3},{"damage":8,"enemies":"Orb Walker","floor":37,"turns":3},{"damage":0,"enemies":"Writhing Mass","floor":38,"turns":3},{"damage":39,"enemies":"R_Hoarder","floor":40,"turns":7},{"damage":45,"enemies":"Reptomancer","floor":42,"turns":5},{"damage":32,"enemies":"Jaw Worm Horde","floor":45,"turns":4}],"seed_played":"8390380741550664874","potions_obtained":[{"floor":1.0,"key":"ColorlessPotion"},{"floor":11.0,"key":"Regen Potion"},{"floor":14.0,"key":"Block Potion"},{"floor":16.0,"key":"Toxic Potion"},{"floor":18.0,"key":"ColorlessPotion"},{"floor":20.0,"key":"Languid Potion"},{"floor":22.0,"key":"LiquidMemories"},{"floor":23.0,"key":"Explosive Potion"},{"floor":24.0,"key":"Venom Potion"},{"floor":28.0,"key":"EssenceOfSteel"},{"floor":29.0,"key":"SteroidPotion"},{"floor":30.0,"key":"AttackPotion"},{"floor":31.0,"key":"Fire Potion"},{"floor":33.0,"key":"Energy Potion"},{"floor":35,"key":"Reflective Coating"},{"floor":37,"key":"Elixir"},{"floor":38,"key":"Regen Potion"},{"floor":40,"key":"Fruit Juice"},{"floor":42,"key":"Cursed Concoction"}],"is_trial":false,"path_per_floor":["M","?","M","?","$","R","E","R","T","T","M","?","M","E","R","B",null,"M","M","M","?","M","E","M","?","T","R","E","M","M","M","R_BF","B",null,"M","$","M","M","?","E","R","E","T","T","M"],"character_chosen":"THE_DEFAULT","items_purchased":["Garlic","theMarked:SwordAndMagic","BargainBundle","SpeedPotion","BlessingOfTheForge","ColorlessPotion","Good Instincts","theMarked:Generate","theMarked:Standoff","theMarked:Improvise","MealTicket","Gremlin Food","theMarked:ComboAttacks"],"campfire_rested":5,"item_purchase_floors":[0,0,0,0,0,0,0,0,0,0,5,5,36],"current_hp_per_floor":[38,42,42,42,17,38,22,43,43,43,43,43,43,49,70,45,70,60,60,58,58,49,41,29,29,36,59,56,44,44,44,44,17,77,76,77,69,69,69,30,51,20,20,20,0,0],"gold":400,"neow_bonus":"","is_daily":false,"chose_seed":false,"campfire_upgraded":0,"win_rate":0.0,"timestamp":1609704519,"path_taken":["M","?","?","?","?","R","E","R","T","?","M","?","?","E","R","BOSS","M","M","?","?","M","E","M","?","T","R","E","M","M","M","R_BF","BOSS","M","$","M","M","?","E","R","E","T","?","?"],"items_purchased_type":["Relic","Card","Relic","Potion","Potion","Potion","Card","Card","Card","Card","Relic","Relic","Card"],"build_version":"2020-12-22","purchased_purges":4,"victory":false,"max_hp_per_floor":[70,70,70,70,70,70,70,70,70,70,70,70,70,70,70,70,70,70,70,70,70,70,70,70,70,77,77,77,77,77,77,77,77,77,77,77,77,77,73,73,73,78,78,78,78,78],"card_choices":[{"not_picked":["theMarked:TwofoldDefense","theMarked:WastefulDefense"],"picked":"theMarked:ElementalBlade","floor":1.0},{"not_picked":["theMarked:ElectricStrings","theMarked:Frustration","theMarked:Opportunist"],"picked":"SKIP","floor":3.0},{"not_picked":["theMarked:Generate","theMarked:BanishingStrike"],"picked":"theMarked:TakeCover","floor":7.0},{"not_picked":["theMarked:Electrify","theMarked:Static","theMarked:WastefulAttack"],"picked":"theMarked:MaelstromOfLightning","floor":11.0},{"not_picked":["theMarked:TwofoldDefense","theMarked:HeightenedSenses","theMarked:SwordAndMagic"],"picked":"theMarked:EmpowerWeapon","floor":13.0},{"not_picked":["theMarked:ElectricStrings","theMarked:WastefulDefense","theMarked:BanishingWave"],"picked":"theMarked:Snap","floor":14.0},{"not_picked":["theMarked:ChannelForce","theMarked:MuscleMemory","theMarked:BindingBlade"],"picked":"theMarked:Levitate","floor":16.0},{"not_picked":["theMarked:Aftermath","theMarked:Improvise","theMarked:ElectricStrings+1"],"picked":"theMarked:AttractMetal+1","floor":18.0},{"not_picked":["theMarked:BanishingStrike+1","theMarked:BanishingWave","theMarked:TakeCover+1"],"picked":"theMarked:ChainLightning","floor":19.0},{"not_picked":["theMarked:BanishingStrike","theMarked:WastefulAttack","theMarked:HeightenedSenses"],"picked":"theMarked:ResourceFulStrike","floor":20.0},{"not_picked":["theMarked:Frustration","theMarked:Static","theMarked:MysticalArsenal","theMarked:TunnelVision"],"picked":"SKIP","floor":22.0},{"not_picked":["theMarked:Parkour","theMarked:WastefulAttack","theMarked:Electrocute"],"picked":"theMarked:ThrowWeapon","floor":23.0},{"not_picked":["theMarked:HeritageOfTheMarked","theMarked:Frustration","theMarked:Aftermath","theMarked:BanishingStrike"],"picked":"SKIP","floor":24.0},{"not_picked":["theMarked:Generate","theMarked:ContemptForTheProud","theMarked:Overthink"],"picked":"theMarked:LightningStrikesTwice","floor":28.0},{"not_picked":["theMarked:Parkour","theMarked:WastefulDefense+1","theMarked:MysticalArsenal"],"picked":"theMarked:Indomitable+1","floor":29.0},{"not_picked":["theMarked:BanishingWave","theMarked:ContemptForTheProud","theMarked:ResourceFulStrike"],"picked":"theMarked:GodGivenPower","floor":30.0},{"not_picked":["theMarked:WastefulAttack+1","theMarked:TunnelVision","theMarked:ShockingTouch"],"picked":"theMarked:Standoff","floor":31.0},{"not_picked":["theMarked:Vacuum","theMarked:SuspiciousRaven","theMarked:Defy"],"picked":"theMarked:TakeOffHeels","floor":33.0},{"not_picked":["theMarked:HeritageOfTheMarked+1","theMarked:HeightenedSenses+1","theMarked:SwordAndMagic"],"picked":"theMarked:WastefulDefense+1","floor":35},{"not_picked":["theMarked:Frustration","theMarked:BanishingWave+1","theMarked:BanishingStrike+1","theMarked:Aftermath+1"],"picked":"SKIP","floor":37},{"not_picked":["theMarked:WardOff+1","theMarked:Standoff","theMarked:ComboAttacks","theMarked:Electrify"],"picked":"SKIP","floor":38},{"not_picked":["theMarked:GodGivenPower","theMarked:Frustration+1","theMarked:Improvise+1"],"picked":"theMarked:RogueSparks","floor":40},{"not_picked":["theMarked:ResourceFulStrike+1","theMarked:Polarize","theMarked:Panic"],"picked":"theMarked:MagicAdept","floor":42}],"player_experience":405056,"relics_obtained":[{"floor":7.0,"key":"Question Card"},{"floor":9.0,"key":"halation:TwoAmDonut"},{"floor":10.0,"key":"White Beast Statue"},{"floor":14.0,"key":"conspire:BottledYoYo"},{"floor":23.0,"key":"War Paint"},{"floor":26.0,"key":"Strawberry"},{"floor":28.0,"key":"aspiration:Lifesprig"},{"floor":32.0,"key":"Nunchaku"},{"floor":40,"key":"StuffTheSpire:Wildfire"},{"floor":42,"key":"Gremlin Horn"},{"floor":44,"key":"Replay:Bottled Flurry"}],"event_choices":[{"damage_healed":4.0,"max_hp_gain":0.0,"max_hp_loss":0.0,"gold_gain":0.0,"event_name":"betterSkull:BetterSkull","player_choice":"LEAVE ","floor":2.0,"gold_loss":0.0,"damage_taken":0.0,"cards_upgraded":[],"relics_obtained":[]},{"cards_removed":["theMarked:Strike"],"damage_healed":0.0,"max_hp_gain":0.0,"max_hp_loss":0.0,"gold_gain":0.0,"event_name":"Purifier","player_choice":"Purged","floor":4.0,"gold_loss":0.0,"damage_taken":0.0},{"cards_removed":["theMarked:Defend"],"damage_healed":0.0,"max_hp_gain":0.0,"max_hp_loss":0.0,"gold_gain":0.0,"event_name":"The Cleric","player_choice":"Card Removal","floor":12.0,"gold_loss":50.0,"damage_taken":0.0},{"damage_healed":0.0,"max_hp_gain":0.0,"max_hp_loss":0.0,"gold_gain":0.0,"event_name":"Drug Dealer","player_choice":"Inject Mutagens","floor":21.0,"gold_loss":0.0,"damage_taken":0.0,"relics_obtained":["MutagenicStrength"]},{"damage_healed":0.0,"max_hp_gain":0.0,"max_hp_loss":0.0,"gold_gain":0.0,"event_name":"WeMeetAgain","player_choice":"Paid Gold","floor":25.0,"gold_loss":78.0,"damage_taken":0.0,"relics_obtained":["StuffTheSpire:ForceGauntlet"]}],"is_beta":false,"boss_relics":[{"not_picked":["aspiration:SilentSkillbook","Replay:Ancient Bell"],"picked":"aspiration:FutureDiary"},{"not_picked":["hubris:BlackHole","hubris:GrandSneckoEye"],"picked":"theMarked:Eyepatch"}],"items_purged_floors":[0,0,5,36],"is_endless":false,"potions_floor_spawned":[1,7,11,13,14,16,18,19,20,22,23,24,28,29,30,31,33,35,37,38,40,42],"killed_by":"Jaw Worm Horde","ascension_level":4}}