{"host":"0ydzwspkajt4brzd","time":1609668276,"event":{"mods":["AchievementEnabler","BaseMod","Colored Map","DeckTracker","Highlight Path","Minty Spire (QoL Compilation)","Quick Restart","Random Character Button","Rare Cards Sparkle"],"gold_per_floor":[10,22,38,53,71,96,96,122,122,151,151,178,178,197,197,300,300,315,315,158,169,30,57,57,83,108,118,118,132,144,144,144],"floor_reached":31,"playtime":2218,"items_purged":["Strike_B"],"score":353,"play_id":"0861fd08-6156-4c5d-a001-df0c84431a05","local_time":"20210103020436","is_ascension_mode":true,"campfire_choices":[{"data":"Genetic Algorithm","floor":7.0,"key":"SMITH"},{"floor":15.0,"key":"REST"},{"data":"Echo Form","floor":24,"key":"SMITH"}],"circlet_count":0,"master_deck":["Strike_B","Defend_B","Defend_B","Defend_B","Defend_B","Zap","Dualcast","Hyperbeam","Turbo","Gash","Leap","Genetic Algorithm+1","Hologram","Leap","Rainbow","Recycle+1","Auto Shields+1","Gash","Echo Form+1","Turbo+1","Hologram+1","Beam Cell","Enlightenment+1","Stack+1","Good Instincts+1","Conserve Battery+1","Barrage+1","Reinforced Body+1","Scrape","Melter+1","Creative AI+1","Gash","Reboot+1"],"relics":["Cracked Core","DataDisk","Bottled Lightning","Toxic Egg 2","Bronze Scales","Lizard Tail","Nuclear Battery","Frozen Egg 2","Prayer Wheel","Art of War","NlothsMask"],"acts_visited":["Exordium","TheCity"],"potions_floor_usage":[16,16,16,25,25,27,27],"damage_taken":[{"damage":0.0,"enemies":"Small Slimes","floor":1.0,"turns":2.0},{"damage":4.0,"enemies":"2 Louse","floor":2.0,"turns":2.0},{"damage":0.0,"enemies":"Cultist","floor":3.0,"turns":2.0},{"damage":0.0,"enemies":"2 Fungi Beasts","floor":4.0,"turns":1.0},{"damage":7.0,"enemies":"Large Slime","floor":5.0,"turns":7.0},{"damage":12.0,"enemies":"3 Sentries","floor":6.0,"turns":7.0},{"damage":26.0,"enemies":"Gremlin Nob","floor":8.0,"turns":4.0},{"damage":6.0,"enemies":"Lagavulin","floor":10.0,"turns":7.0},{"damage":10.0,"enemies":"Gremlin Nob","floor":12.0,"turns":4.0},{"damage":5.0,"enemies":"Lots of Slimes","floor":14.0,"turns":2.0},{"damage":8,"enemies":"The Guardian","floor":16,"turns":9},{"damage":11,"enemies":"Shell Parasite","floor":18,"turns":5},{"damage":1,"enemies":"Spheric Guardian","floor":21,"turns":4},{"damage":3,"enemies":"Book of Stabbing","floor":23,"turns":6},{"damage":39,"enemies":"Gremlin Leader","floor":25,"turns":6},{"damage":26,"enemies":"Cultist and Chosen","floor":27,"turns":10},{"damage":8,"enemies":"Centurion and Healer","floor":29,"turns":8},{"damage":24,"enemies":"Snake Plant","floor":30,"turns":4},{"damage":10,"enemies":"3 Cultists","floor":31,"turns":3}],"seed_played":"3181616174461075316","potions_obtained":[{"floor":1.0,"key":"CultistPotion"},{"floor":3.0,"key":"LiquidBronze"},{"floor":8.0,"key":"EssenceOfSteel"},{"floor":13.0,"key":"LiquidMemories"},{"floor":13.0,"key":"DuplicationPotion"},{"floor":18,"key":"FearPotion"},{"floor":21,"key":"PowerPotion"},{"floor":23,"key":"Block Potion"},{"floor":25,"key":"SpeedPotion"}],"is_trial":false,"path_per_floor":["M","M","M","M","M","E","R","E","T","E","?","E","?","M","R","B",null,"M","?","$","M","$","E","R","E","T","M","?","M","M","M"],"character_chosen":"DEFECT","items_purchased":["Enlightenment+1","Good Instincts+1","Conserve Battery+1"],"campfire_rested":1,"item_purchase_floors":[20,22,22],"current_hp_per_floor":[75,71,71,71,64,52,52,26,26,20,20,10,10,5,27,19,75,64,64,64,63,63,60,60,21,21,37,37,29,5,0,0],"gold":144,"neow_bonus":"THREE_RARE_CARDS","is_daily":false,"chose_seed":false,"campfire_upgraded":2,"win_rate":0.0,"timestamp":1609668276,"path_taken":["M","M","M","M","M","E","R","E","T","E","?","E","?","?","R","BOSS","M","?","$","M","$","E","R","E","T","M","?","?","M","M"],"items_purchased_type":["Card","Card","Card"],"build_version":"2020-12-22","purchased_purges":1,"victory":false,"max_hp_per_floor":[75,75,75,75,75,75,75,75,75,75,75,75,75,75,75,75,75,75,75,75,75,75,75,75,75,75,75,75,75,75,75,75],"card_choices":[{"not_picked":["Electrodynamics","Core Surge"],"picked":"Hyperbeam","floor":0.0},{"not_picked":["Hello World","Leap"],"picked":"Turbo","floor":1.0},{"not_picked":["Coolheaded","Consume"],"picked":"Gash","floor":2.0},{"not_picked":["Redo","Streamline"],"picked":"Leap","floor":3.0},{"not_picked":["Static Discharge","Beam Cell"],"picked":"Genetic Algorithm","floor":4.0},{"not_picked":["Compile Driver","Skim"],"picked":"Hologram","floor":5.0},{"not_picked":["Amplify","Double Energy"],"picked":"Leap","floor":6.0},{"not_picked":["White Noise","Streamline"],"picked":"Rainbow","floor":8.0},{"not_picked":["Buffer","Compile Driver"],"picked":"Recycle+1","floor":10.0},{"not_picked":["Recycle+1","Double Energy+1"],"picked":"Auto Shields+1","floor":12.0},{"not_picked":["Reinforced Body+1","Hello World"],"picked":"Gash","floor":14.0},{"not_picked":["Buffer","Electrodynamics"],"picked":"Echo Form","floor":16},{"not_picked":["Recycle+1","Barrage"],"picked":"Turbo+1","floor":18},{"not_picked":["Heatsinks","Sweeping Beam"],"picked":"Stack+1","floor":21},{"not_picked":["Lockon","Beam Cell+1"],"picked":"Barrage+1","floor":23},{"not_picked":["Recycle+1","Undo+1"],"picked":"Reinforced Body+1","floor":25},{"not_picked":["Beam Cell+1","Self Repair+1"],"picked":"Scrape","floor":27},{"not_picked":["Auto Shields+1","BootSequence+1"],"picked":"Melter+1","floor":27},{"not_picked":["Ball Lightning","FTL"],"picked":"Creative AI+1","floor":29},{"not_picked":["Redo+1","Blizzard+1","Genetic Algorithm+1"],"picked":"SKIP","floor":29},{"not_picked":["Conserve Battery+1","Redo+1"],"picked":"Gash","floor":30},{"not_picked":["Steam+1","Beam Cell"],"picked":"Reboot+1","floor":30}],"player_experience":436575,"relics_obtained":[{"floor":6.0,"key":"DataDisk"},{"floor":8.0,"key":"Bottled Lightning"},{"floor":9.0,"key":"Toxic Egg 2"},{"floor":10.0,"key":"Bronze Scales"},{"floor":12.0,"key":"Lizard Tail"},{"floor":23,"key":"Frozen Egg 2"},{"floor":25,"key":"Prayer Wheel"},{"floor":26,"key":"Art of War"}],"event_choices":[{"damage_healed":0.0,"max_hp_gain":0.0,"max_hp_loss":0.0,"gold_gain":0.0,"event_name":"Liars Game","player_choice":"Ignored","floor":11.0,"gold_loss":0.0,"damage_taken":0.0},{"damage_healed":0.0,"max_hp_gain":0.0,"max_hp_loss":0.0,"gold_gain":0.0,"event_name":"Lab","player_choice":"Got Potions","floor":13.0,"gold_loss":0.0,"damage_taken":0.0},{"damage_healed":0,"gold_gain":0,"cards_transformed":["Strike_B","Strike_B"],"player_choice":"Became Test Subject","damage_taken":0,"max_hp_gain":0,"max_hp_loss":0,"event_name":"Drug Dealer","floor":19,"gold_loss":0,"cards_obtained":["Hologram","Beam Cell"]},{"damage_healed":0,"gold_gain":0,"player_choice":"Trade","damage_taken":0,"relics_obtained":["NlothsMask"],"max_hp_gain":0,"max_hp_loss":0,"event_name":"FaceTrader","floor":28,"gold_loss":0}],"is_beta":false,"boss_relics":[{"not_picked":["Runic Pyramid","Calling Bell"],"picked":"Nuclear Battery"}],"items_purged_floors":[20],"is_endless":false,"potions_floor_spawned":[1,3,8,10,18,21,23,25],"killed_by":"3 Cultists","ascension_level":3}}