{"host":"skvwuvqqk8x6jusd","time":1609704973,"event":{"mods":["AchievementEnabler","BaseMod","Colored Map","Colored Powertips","Highlight Path","Minty Spire (QoL Compilation)","Relic Stats","Slay-I"],"gold_per_floor":[116,116,127,144,161,193,193,209,259,41,41,41,57,68,68,144,144,156,156,166,67,79,107,107,107,107,139,158,158,168,168,168,246,246,258,274,287,287,287],"floor_reached":38,"playtime":3037,"items_purged":[],"score":865,"play_id":"ddeb5349-90d0-4934-b9db-6e2ed30d1a64","local_time":"20210103201613","is_ascension_mode":true,"campfire_choices":[{"floor":7.0,"key":"REST"},{"floor":15.0,"key":"REST"},{"floor":25.0,"key":"REST"},{"floor":29.0,"key":"REST"},{"floor":32.0,"key":"REST"}],"circlet_count":0,"master_deck":["AscendersBane","Strike_G","Strike_G","Strike_G","Strike_G","Strike_G","Defend_G","Defend_G","Defend_G","Defend_G","Defend_G","Survivor","Neutralize","Acrobatics","Neutralize","Finisher","Acrobatics","Concentrate+1","Dagger Throw","Masterful Stab","Dagger Throw","Violence","Backflip","All Out Attack+1","Finisher","Die Die Die","Dagger Throw","Writhe","Backflip","Impatience","Acrobatics+1","Setup+1","Terror","Leg Sweep","Quick Slash+1","After Image","PiercingWail","Backflip+1","Slice+1"],"relics":["Ring of the Snake","NeowsBlessing","StoneCalendar","Ancient Tea Set","HornCleat","Philosopher\u0027s Stone","Pantograph","Art of War","White Beast Statue","Molten Egg 2","Ornamental Fan","HoveringKite"],"acts_visited":["Exordium","TheCity","TheBeyond"],"potions_floor_usage":[38],"damage_taken":[{"damage":0.0,"enemies":"Small Slimes","floor":1.0,"turns":1.0},{"damage":0.0,"enemies":"Cultist","floor":3.0,"turns":1.0},{"damage":0.0,"enemies":"2 Louse","floor":4.0,"turns":1.0},{"damage":14.0,"enemies":"Exordium Wildlife","floor":5.0,"turns":8.0},{"damage":32.0,"enemies":"Lagavulin","floor":6.0,"turns":8.0},{"damage":8.0,"enemies":"Lots of Slimes","floor":8.0,"turns":4.0},{"damage":0.0,"enemies":"Looter","floor":13.0,"turns":3.0},{"damage":6.0,"enemies":"Blue Slaver","floor":14.0,"turns":4.0},{"damage":4.0,"enemies":"Hexaghost","floor":16.0,"turns":9.0},{"damage":11.0,"enemies":"2 Thieves","floor":18.0,"turns":3.0},{"damage":0.0,"enemies":"Spheric Guardian","floor":20.0,"turns":3.0},{"damage":16.0,"enemies":"Shelled Parasite and Fungi","floor":22.0,"turns":3.0},{"damage":4.0,"enemies":"Gremlin Leader","floor":23.0,"turns":4.0},{"damage":28.0,"enemies":"Book of Stabbing","floor":27.0,"turns":4.0},{"damage":16.0,"enemies":"Snake Plant","floor":28.0,"turns":3.0},{"damage":0.0,"enemies":"Cultist and Chosen","floor":30.0,"turns":3.0},{"damage":49.0,"enemies":"Automaton","floor":33.0,"turns":8.0},{"damage":21.0,"enemies":"3 Darklings","floor":35.0,"turns":3.0},{"damage":0.0,"enemies":"Orb Walker","floor":36.0,"turns":3.0},{"damage":11.0,"enemies":"Maw","floor":37.0,"turns":7.0},{"damage":24,"enemies":"Spire Growth","floor":38,"turns":3}],"seed_played":"-2000475649776751217","potions_obtained":[{"floor":4.0,"key":"BlessingOfTheForge"},{"floor":5.0,"key":"CunningPotion"},{"floor":8.0,"key":"PowerPotion"},{"floor":14.0,"key":"PowerPotion"},{"floor":16.0,"key":"Dexterity Potion"},{"floor":20.0,"key":"SkillPotion"},{"floor":22.0,"key":"SteroidPotion"},{"floor":27.0,"key":"CunningPotion"},{"floor":28.0,"key":"Strength Potion"},{"floor":30.0,"key":"Poison Potion"},{"floor":33.0,"key":"SkillPotion"},{"floor":35.0,"key":"SkillPotion"},{"floor":36.0,"key":"CunningPotion"},{"floor":37.0,"key":"CunningPotion"}],"is_trial":false,"path_per_floor":["M","?","M","M","M","E","R","M","T","$","T","?","M","M","R","B",null,"M","?","M","$","M","E","?","R","T","E","M","R","M","?","R","B",null,"M","M","M","M"],"character_chosen":"THE_SILENT","items_purchased":["Violence","Backflip","Impatience"],"campfire_rested":5,"item_purchase_floors":[10,10,21],"current_hp_per_floor":[59,59,59,59,45,13,32,24,24,24,24,24,24,18,37,33,58,47,47,47,47,31,27,27,46,46,18,2,21,21,21,40,16,54,33,33,22,0,0],"gold":287,"neow_bonus":"THREE_ENEMY_KILL","is_daily":false,"chose_seed":false,"campfire_upgraded":0,"win_rate":0.0,"timestamp":1609704973,"path_taken":["M","?","M","M","M","E","R","M","T","$","?","?","M","M","R","BOSS","M","?","M","$","M","E","?","R","T","E","M","R","?","?","R","BOSS","M","?","M","M"],"items_purchased_type":["Card","Card","Card"],"build_version":"2020-12-22","purchased_purges":0,"victory":false,"max_hp_per_floor":[66,66,66,66,66,66,66,66,66,66,66,66,66,66,66,66,66,66,66,66,66,66,66,66,66,66,66,66,66,66,66,66,66,66,66,66,66,66,66],"relic_stats":{"counters":[21,86],"Ornamental Fan":[72],"Pantograph":25,"HoveringKite":[12],"StoneCalendar":[134],"Art of War":[0],"obtain_stats":[{"HornCleat":11,"NeowsBlessing":0,"Ornamental Fan":31,"Pantograph":19,"HoveringKite":34,"StoneCalendar":6,"Philosopher\u0027s Stone":17,"Molten Egg 2":27,"Art of War":23,"Ancient Tea Set":9,"White Beast Statue":26,"Ring of the Snake":0},{"HornCleat":6,"NeowsBlessing":0,"Ornamental Fan":16,"Pantograph":10,"HoveringKite":17,"StoneCalendar":5,"Philosopher\u0027s Stone":9,"Molten Egg 2":14,"Art of War":13,"Ancient Tea Set":6,"White Beast Statue":13,"Ring of the Snake":0},{"HornCleat":23,"NeowsBlessing":0,"Ornamental Fan":62,"Pantograph":42,"HoveringKite":70,"StoneCalendar":19,"Philosopher\u0027s Stone":39,"Molten Egg 2":56,"Art of War":52,"Ancient Tea Set":23,"White Beast Statue":52,"Ring of the Snake":0}],"Ring of the Snake":[42]},"card_choices":[{"not_picked":["PiercingWail","Bane"],"picked":"Acrobatics","floor":1.0},{"not_picked":["Catalyst","Deflect"],"picked":"Acrobatics","floor":3.0},{"not_picked":["Calculated Gamble","Cloak And Dagger"],"picked":"Concentrate","floor":4.0},{"not_picked":["Flying Knee","Predator"],"picked":"Dagger Throw","floor":5.0},{"not_picked":["Bouncing Flask","PiercingWail"],"picked":"Masterful Stab","floor":6.0},{"not_picked":["Distraction","Venomology"],"picked":"Dagger Throw","floor":8.0},{"not_picked":["Sucker Punch","Finisher"],"picked":"All Out Attack","floor":13.0},{"not_picked":["Quick Slash","Noxious Fumes"],"picked":"Finisher","floor":14.0},{"not_picked":["Storm of Steel","Corpse Explosion"],"picked":"Die Die Die","floor":16.0},{"not_picked":["Well Laid Plans","Endless Agony"],"picked":"Dagger Throw","floor":18.0},{"not_picked":["Prepared","Escape Plan"],"picked":"Backflip","floor":20.0},{"not_picked":["PiercingWail","Sucker Punch+1"],"picked":"Acrobatics+1","floor":22.0},{"not_picked":["Bane","Predator"],"picked":"Setup+1","floor":23.0},{"not_picked":["Setup","Crippling Poison"],"picked":"Terror","floor":27.0},{"not_picked":["Slice+1","Underhanded Strike+1"],"picked":"Leg Sweep","floor":28.0},{"not_picked":["Bullet Time","Prepared"],"picked":"Quick Slash+1","floor":30.0},{"not_picked":["A Thousand Cuts","Doppelganger"],"picked":"After Image","floor":33.0},{"not_picked":["Masterful Stab+1","Blur"],"picked":"PiercingWail","floor":35.0},{"not_picked":["Expertise+1","Masterful Stab+1"],"picked":"Backflip+1","floor":36.0},{"not_picked":["Choke+1","Underhanded Strike+1"],"picked":"Slice+1","floor":37.0}],"player_experience":567929,"relics_obtained":[{"floor":6.0,"key":"StoneCalendar"},{"floor":9.0,"key":"Ancient Tea Set"},{"floor":11.0,"key":"HornCleat"},{"floor":23.0,"key":"Art of War"},{"floor":26.0,"key":"White Beast Statue"},{"floor":27.0,"key":"Molten Egg 2"},{"floor":31.0,"key":"Ornamental Fan"}],"event_choices":[{"damage_healed":0.0,"max_hp_gain":0.0,"max_hp_loss":0.0,"gold_gain":0.0,"event_name":"Match and Keep!","player_choice":"2 cards matched","floor":2.0,"gold_loss":0.0,"damage_taken":0.0,"cards_obtained":["Neutralize","Finisher"]},{"damage_healed":0.0,"max_hp_gain":0.0,"max_hp_loss":0.0,"gold_gain":0.0,"event_name":"Living Wall","player_choice":"Grow","floor":12.0,"gold_loss":0.0,"damage_taken":0.0,"cards_upgraded":["Concentrate"]},{"damage_healed":0.0,"max_hp_gain":0.0,"max_hp_loss":0.0,"gold_gain":0.0,"event_name":"The Mausoleum","player_choice":"Opened","floor":19.0,"gold_loss":0.0,"damage_taken":0.0,"relics_obtained":["Pantograph"],"cards_obtained":["Writhe"]},{"damage_healed":0.0,"max_hp_gain":0.0,"max_hp_loss":0.0,"gold_gain":0.0,"event_name":"Accursed Blacksmith","player_choice":"Forge","floor":24.0,"gold_loss":0.0,"damage_taken":0.0,"cards_upgraded":["All Out Attack"]},{"damage_healed":0.0,"max_hp_gain":0.0,"max_hp_loss":0.0,"gold_gain":0.0,"event_name":"Wheel of Change","player_choice":"Relic","floor":31.0,"gold_loss":0.0,"damage_taken":0.0}],"is_beta":false,"boss_relics":[{"not_picked":["Coffee Dripper","Velvet Choker"],"picked":"Philosopher\u0027s Stone"},{"not_picked":["Snecko Eye","Astrolabe"],"picked":"HoveringKite"}],"items_purged_floors":[],"is_endless":false,"potions_floor_spawned":[4,5,8,14,16,20,22,27,28,30,33,35,36,37],"killed_by":"Spire Growth","ascension_level":20}}