{"host":"1cd1aqaox6jesai3","time":1609703230,"event":{"mods":["Act Like it!","Arknights The Spire","Astrologer","Bartender","BaseMod","Colored Powertips","Downfall","Googly Eyes","Hallownest","Infinite Spire","Mimic Mod","Minty Spire (QoL Compilation)","Replay The Spire","StSLib","The Bug Knight","The Construct","The Factory"],"gold_per_floor":[112,112,112,112,129,162,162,188,188,188,188],"floor_reached":10,"playtime":308,"items_purged":[],"score":104,"play_id":"9e4d656a-1c1f-4095-8c71-00a7c402adaf","local_time":"20210103144710","is_ascension_mode":true,"campfire_choices":[{"data":"hexamod:NightmareStrike","floor":7,"key":"SMITH"}],"circlet_count":0,"master_deck":["ats:Strike C","ats:Strike G","ats:Strike S","ats:Strike V","ats:Armor Crushing Shot","ats:Defend","ats:Defend","ats:Defend","ats:Defend","ats:Emotion Absorption","ats:Apocalypse","Looming Evil","hexamod:NightmareStrike+1","hexamod:GhostLash","hexamod:GhostShield"],"relics":["m_DevilBlood","NeowsBlessing","infinitespire:Cubic Diamond","Replay:Towering Pillar of Hats","ats:Originium","Potion Belt","infinitespire:Satchel","ReplayTheSpireMod:Lightbulb"],"acts_visited":["Exordium"],"potions_floor_usage":[],"damage_taken":[{"damage":0,"enemies":"Small Slimes","floor":1,"turns":1},{"damage":11,"enemies":"Jaw Worm","floor":5,"turns":2},{"damage":0,"enemies":"Gremlin Nob","floor":6,"turns":1},{"damage":59,"enemies":"Lagavulin","floor":8,"turns":10},{"damage":21,"enemies":"3 Sentries","floor":10,"turns":2}],"seed_played":"-467636092009221874","potions_obtained":[],"is_trial":false,"path_per_floor":["M","?","?","T","M","E","R","E","T","E"],"character_chosen":"DOCTOR_CLASS","items_purchased":[],"campfire_rested":0,"item_purchase_floors":[],"current_hp_per_floor":[72,72,72,72,61,61,61,10,10,0,0],"gold":188,"neow_bonus":"THREE_ENEMY_KILL","is_daily":false,"chose_seed":false,"campfire_upgraded":1,"win_rate":0.0,"timestamp":1609703230,"path_taken":["M","?","?","?","M","E","R","E","T","E"],"items_purchased_type":[],"build_version":"2020-12-22","purchased_purges":0,"victory":false,"max_hp_per_floor":[72,72,72,72,72,72,72,72,72,72,72],"card_choices":[{"not_picked":["ats:Leaping Hammer","ats:Beaten Up"],"picked":"ats:Apocalypse","floor":1},{"not_picked":["ats:Thorns","ats:Collapsing Strike"],"picked":"hexamod:NightmareStrike","floor":5},{"not_picked":["ats:Chain Hook","ats:Flexible Camouflage"],"picked":"hexamod:GhostLash","floor":6},{"not_picked":["Fiend Fire","ats:Powerful Strike"],"picked":"hexamod:GhostShield","floor":8}],"player_experience":161162,"relics_obtained":[{"floor":4,"key":"Replay:Towering Pillar of Hats"},{"floor":6,"key":"ats:Originium"},{"floor":6,"key":"Potion Belt"},{"floor":8,"key":"ats:Originium"},{"floor":8,"key":"infinitespire:Satchel"},{"floor":9,"key":"ReplayTheSpireMod:Lightbulb"}],"event_choices":[],"is_beta":false,"boss_relics":[],"items_purged_floors":[],"is_endless":false,"potions_floor_spawned":[],"killed_by":"3 Sentries","ascension_level":1}}