{"host":"nfysljuq0d6kj06l","time":1609686896,"event":{"mods":["AchievementEnabler","BaseMod","Colored Map","Colored Powertips","DeckTracker","Minty Spire (QoL Compilation)","Relic Sorter"],"gold_per_floor":[114,114,126,126,145,175,175,204,204,216,242,258,277,305,305,410,410,422,266,626,55,74,107,120,148,148,183,183,183,217,197,197,297,297,313,366,382,382,400,434,434,459,483,518,401,401,414,352,352,352,352,352,46,78,78],"floor_reached":56,"playtime":10583,"items_purged":[],"score":1898,"play_id":"080423ac-f54d-47a7-b8b1-633038e651f1","local_time":"20210103161456","is_ascension_mode":true,"campfire_choices":[{"data":"Wild Strike","floor":7.0,"key":"SMITH"},{"floor":15.0,"key":"REST"},{"floor":29.0,"key":"REST"},{"floor":32.0,"key":"RECALL"},{"floor":49,"key":"REST"},{"floor":52,"key":"REST"}],"circlet_count":0,"master_deck":["Defend_R","Defend_R","Defend_R","Bash","Uppercut+1","Searing Blow","Wild Strike+1","Power Through","Good Instincts","Shrug It Off","Spot Weakness","Second Wind","Berserk","Thunderclap","Inflame","Cleave","Reaper","Feed","Sentinel+1","Shrug It Off+1","Deep Breath+1","Bandage Up+1","Fire Breathing+1","Power Through+1","Warcry+1","Double Tap+1","Evolve","Bite","Bite","Bite","Bite","Bite","Demon Form","Iron Wave+1","Pommel Strike","Intimidate+1","True Grit+1","Havoc+1","Pummel+1","Fiend Fire","Warcry+1","Jack Of All Trades+1","Havoc+1","Havoc+1","Intimidate+1"],"relics":["Burning Blood","The Courier","Pear","Toxic Egg 2","Centennial Puzzle","Mango","Fusion Hammer","HandDrill","PreservedInsect","Tiny Chest","Question Card","Champion Belt","Happy Flower","Red Skull","Self Forming Clay","Sozu","Toy Ornithopter","Dead Branch","Bottled Tornado","Boot","Juzu Bracelet","Anchor","Pen Nib","OrangePellets","Oddly Smooth Stone"],"acts_visited":["Exordium","TheCity","TheBeyond","TheEnding"],"potions_floor_usage":[],"damage_taken":[{"damage":0.0,"enemies":"Small Slimes","floor":1.0,"turns":3.0},{"damage":0.0,"enemies":"Cultist","floor":3.0,"turns":2.0},{"damage":0.0,"enemies":"2 Louse","floor":5.0,"turns":2.0},{"damage":24.0,"enemies":"Gremlin Nob","floor":6.0,"turns":4.0},{"damage":15.0,"enemies":"3 Sentries","floor":8.0,"turns":8.0},{"damage":1.0,"enemies":"2 Fungi Beasts","floor":10.0,"turns":4.0},{"damage":36.0,"enemies":"Gremlin Nob","floor":11.0,"turns":4.0},{"damage":3.0,"enemies":"Exordium Thugs","floor":12.0,"turns":5.0},{"damage":11.0,"enemies":"Gremlin Gang","floor":13.0,"turns":5.0},{"damage":16.0,"enemies":"Lagavulin","floor":14.0,"turns":5.0},{"damage":48.0,"enemies":"The Guardian","floor":16.0,"turns":12.0},{"damage":24.0,"enemies":"2 Thieves","floor":18.0,"turns":4.0},{"damage":2.0,"enemies":"Chosen","floor":22.0,"turns":4.0},{"damage":22.0,"enemies":"Slavers","floor":23.0,"turns":5.0},{"damage":13.0,"enemies":"Snecko","floor":24.0,"turns":4.0},{"damage":4.0,"enemies":"Book of Stabbing","floor":25.0,"turns":5.0},{"damage":42.0,"enemies":"Gremlin Leader","floor":27.0,"turns":10.0},{"damage":14.0,"enemies":"Slavers","floor":30.0,"turns":3.0},{"damage":90.0,"enemies":"Collector","floor":33.0,"turns":14.0},{"damage":13,"enemies":"Orb Walker","floor":35,"turns":5},{"damage":32,"enemies":"3 Darklings","floor":37,"turns":8},{"damage":15,"enemies":"Jaw Worm Horde","floor":39,"turns":4},{"damage":24,"enemies":"Nemesis","floor":40,"turns":5},{"damage":14,"enemies":"Reptomancer","floor":42,"turns":6},{"damage":16,"enemies":"Giant Head","floor":44,"turns":7},{"damage":2,"enemies":"Sphere and 2 Shapes","floor":47,"turns":7},{"damage":38,"enemies":"Donu and Deca","floor":50,"turns":7},{"damage":25,"enemies":"Shield and Spear","floor":54,"turns":5},{"damage":59,"enemies":"The Heart","floor":55,"turns":7}],"seed_played":"8137750026546861533","potions_obtained":[{"floor":6.0,"key":"DuplicationPotion"},{"floor":11.0,"key":"Block Potion"},{"floor":12.0,"key":"BlessingOfTheForge"},{"floor":13.0,"key":"SpeedPotion"},{"floor":16.0,"key":"FearPotion"},{"floor":18.0,"key":"Swift Potion"},{"floor":24.0,"key":"Strength Potion"},{"floor":25.0,"key":"ElixirPotion"},{"floor":30.0,"key":"SkillPotion"}],"is_trial":false,"path_per_floor":["M","?","M","?","M","E","R","E","T","M","E","M","M","E","R","B",null,"M","$","?","$","M","E","M","E","T","E","?","R","E","?","R","B",null,"M","T","M","?","M","E","?","E","T","E","$","T","M","$","R","B",null,"R","$","E","B",null],"character_chosen":"IRONCLAD","items_purchased":["HandDrill","Shrug It Off+1","PreservedInsect","Blood Vial","Tiny Chest","Question Card","Anchor","Fiend Fire","Warcry+1","Jack Of All Trades+1","Havoc+1","Havoc+1","OrangePellets"],"campfire_rested":4,"item_purchase_floors":[19,19,21,21,21,21,45,48,53,53,53,53,53],"current_hp_per_floor":[57,57,63,63,69,51,51,52,52,57,27,30,25,29,60,27,85,78,78,29,29,50,45,57,64,64,50,50,85,95,95,95,64,108,115,115,122,122,118,114,114,125,125,126,126,126,131,131,131,134,134,134,134,134,91],"gold":78,"neow_bonus":"TRANSFORM_TWO_CARDS","is_daily":false,"chose_seed":false,"campfire_upgraded":1,"win_rate":0.0,"timestamp":1609686896,"path_taken":["M","?","M","?","M","E","R","E","T","M","E","?","M","E","R","BOSS","M","$","?","$","M","E","?","E","T","E","?","R","E","?","R","BOSS","M","?","?","?","M","E","?","E","T","E","$","?","M","?","R","BOSS","R","$","E","BOSS"],"items_purchased_type":["Relic","Card","Relic","Relic","Relic","Relic","Relic","Card","Card","Card","Card","Card","Relic"],"build_version":"2020-12-22","purchased_purges":0,"victory":true,"max_hp_per_floor":[80,80,80,80,80,80,80,90,90,90,90,90,90,104,104,104,104,107,107,107,107,110,113,113,116,116,119,119,119,122,122,122,122,122,122,122,122,122,125,128,128,128,128,128,128,128,131,131,131,134,134,134,134,134,134],"card_choices":[{"not_picked":["Perfected Strike","Armaments"],"picked":"Wild Strike","floor":1.0},{"not_picked":["Shrug It Off","Warcry"],"picked":"Power Through","floor":3.0},{"not_picked":["Cleave","Perfected Strike"],"picked":"Shrug It Off","floor":5.0},{"not_picked":["Disarm","Shockwave"],"picked":"Spot Weakness","floor":6.0},{"not_picked":["Pommel Strike","Body Slam"],"picked":"Second Wind","floor":8.0},{"not_picked":["Iron Wave","Perfected Strike"],"picked":"Berserk","floor":10.0},{"not_picked":["Clash","Dropkick"],"picked":"Thunderclap","floor":11.0},{"not_picked":["Carnage","Havoc+1"],"picked":"Inflame","floor":12.0},{"not_picked":["Havoc+1","Flex+1"],"picked":"Cleave","floor":13.0},{"not_picked":["Warcry+1","Dual Wield+1"],"picked":"Reaper","floor":14.0},{"not_picked":["Impervious+1","Brutality"],"picked":"Feed","floor":16.0},{"not_picked":["Body Slam","Anger+1"],"picked":"Sentinel+1","floor":18.0},{"not_picked":["Body Slam","Sword Boomerang","Cleave+1"],"picked":"Fire Breathing+1","floor":22.0},{"not_picked":["Intimidate+1","Body Slam","Warcry+1"],"picked":"Power Through+1","floor":23.0},{"not_picked":["Clothesline","Perfected Strike","Clash"],"picked":"Warcry+1","floor":24.0},{"not_picked":["Berserk","Carnage","Brutality"],"picked":"Double Tap+1","floor":25.0},{"not_picked":["Wild Strike","Rampage+1","Perfected Strike"],"picked":"Evolve","floor":27.0},{"not_picked":["Sword Boomerang","Blood for Blood+1","Clash","Intimidate+1"],"picked":"SKIP","floor":30.0},{"not_picked":["Barricade","Exhume+1","Reaper"],"picked":"Demon Form","floor":33.0},{"not_picked":["Inflame","Warcry+1","Searing Blow+1"],"picked":"Iron Wave+1","floor":35},{"not_picked":["Havoc+1","Rupture+1","Clash","Wild Strike"],"picked":"SKIP","floor":37},{"not_picked":["Havoc+1","Flex+1","Iron Wave"],"picked":"Pommel Strike","floor":39},{"not_picked":["Clothesline+1","Juggernaut","Iron Wave+1"],"picked":"Intimidate+1","floor":40},{"not_picked":["Twin Strike+1","Flex+1","Evolve"],"picked":"True Grit+1","floor":42},{"not_picked":["Body Slam+1","True Grit+1","Thunderclap"],"picked":"Havoc+1","floor":44},{"not_picked":["Iron Wave+1","Shrug It Off+1","Wild Strike"],"picked":"Pummel+1","floor":47},{"not_picked":["Shockwave+1","True Grit+1","Sword Boomerang+1"],"picked":"Intimidate+1","floor":54}],"player_experience":397523,"relics_obtained":[{"floor":6.0,"key":"The Courier"},{"floor":8.0,"key":"Pear"},{"floor":9.0,"key":"Toxic Egg 2"},{"floor":11.0,"key":"Centennial Puzzle"},{"floor":14.0,"key":"Mango"},{"floor":23.0,"key":"Champion Belt"},{"floor":25.0,"key":"Happy Flower"},{"floor":27.0,"key":"Red Skull"},{"floor":30.0,"key":"Self Forming Clay"},{"floor":36,"key":"Toy Ornithopter"},{"floor":40,"key":"Dead Branch"},{"floor":42,"key":"Bottled Tornado"},{"floor":43,"key":"Boot"},{"floor":44,"key":"Juzu Bracelet"},{"floor":46,"key":"Pen Nib"},{"floor":54,"key":"Oddly Smooth Stone"}],"event_choices":[{"damage_healed":0.0,"max_hp_gain":0.0,"max_hp_loss":0.0,"gold_gain":0.0,"event_name":"Living Wall","player_choice":"Grow","floor":2.0,"gold_loss":0.0,"damage_taken":0.0,"cards_upgraded":["Uppercut"]},{"damage_healed":0.0,"max_hp_gain":0.0,"max_hp_loss":0.0,"gold_gain":0.0,"event_name":"Match and Keep!","player_choice":"1 cards matched","floor":4.0,"gold_loss":0.0,"damage_taken":0.0,"cards_obtained":["Good Instincts"]},{"damage_healed":0.0,"max_hp_gain":0.0,"max_hp_loss":0.0,"gold_gain":360.0,"event_name":"Knowing Skull","player_choice":"GOLD CARD GOLD GOLD GOLD CARD ","floor":20.0,"potions_obtained":[],"gold_loss":0.0,"damage_taken":49.0,"cards_obtained":["Deep Breath","Bandage Up"]},{"damage_healed":0.0,"max_hp_gain":0.0,"max_hp_loss":0.0,"gold_gain":0.0,"event_name":"Vampires","player_choice":"Became a vampire (Vial)","floor":28.0,"relics_lost":["Blood Vial"],"gold_loss":0.0,"damage_taken":0.0,"cards_obtained":["Bite","Bite","Bite","Bite","Bite"]},{"damage_healed":0.0,"max_hp_gain":0.0,"max_hp_loss":0.0,"gold_gain":0.0,"event_name":"The Woman in Blue","player_choice":"Bought 1 Potion","floor":31.0,"gold_loss":0.0,"damage_taken":0.0},{"cards_removed":["Defend_R"],"damage_healed":0,"gold_gain":0,"player_choice":"Removed Skill","damage_taken":0,"max_hp_gain":0,"max_hp_loss":0,"event_name":"Falling","floor":38,"gold_loss":0},{"damage_healed":0,"gold_gain":0,"player_choice":"Ignored","damage_taken":0,"max_hp_gain":0,"max_hp_loss":0,"event_name":"Tomb of Lord Red Mask","floor":41,"gold_loss":0}],"is_beta":false,"boss_relics":[{"not_picked":["Black Blood","Pandora\u0027s Box"],"picked":"Fusion Hammer"},{"not_picked":["Runic Pyramid","Coffee Dripper"],"picked":"Sozu"}],"items_purged_floors":[],"is_endless":false,"potions_floor_spawned":[6,11,12,13,16,18,24,25,30,37,39,42,47,54],"ascension_level":9}}