{"host":"prx4b8x1zrhd2w21","time":1609707005,"event":{"mods":["2.2 Compatiblity","Act Like it!","Aspiration","BaseMod","Better Match","Better Third Choice","BetterRewards","Colored Map","Colored Powertips","Conspire","Custom Start","Energized Spire","Gensokyo","Hermit","Hero for Fun","Highlight Path","HololiveMod","Hubris","Infinite Spire","Jorbs\u0027s Wanderer Trilogy","Marisa????????","Minty Spire (QoL Compilation)","Permanent Neow","Quick Restart","Replay The Spire","Shade Mod","StSLib","The Animator","The Blackbeard","The Cursed","The Jungle","Wandering Minibosses","vexMod"],"gold_per_floor":[82,100,115,115,129,129,160,176,200,232,261,277,529,549,549,693,1359,1379,1400,1438,1467,1540,1574,1574,1574,1600,1661,1698,1772,1810,1115,1115,1241,1241,1260,861,925,951,1008,1085,1135,1135],"floor_reached":41,"playtime":6764,"items_purged":[],"score":870,"play_id":"27e72498-8f89-47ce-a27d-5cbbb96a2abe","local_time":"20210103155005","daily_mods":["Heirloom","Time Dilation","Flight","Elite Swarm"],"is_ascension_mode":false,"campfire_choices":[{"data":"Hololive_CallMinatoAqua","floor":6.0,"key":"SMITH"},{"data":"Hololive_CallSpadeEcho","floor":15.0,"key":"SMITH"},{"data":"Hololive_DDD","floor":24.0,"key":"SMITH"},{"data":"Hololive_DDD","floor":25.0,"key":"SMITH"}],"circlet_count":1,"master_deck":["Hololive_Strike+1","Hololive_Defend+1","Hololive_Defend+1","Hololive_CocoNews","Hololive_CallMinatoAqua+1","Hololive_CallTokinoSora","Hololive_CallMinatoAqua","Hololive_CallMurasakiShion","Hololive_CallTsunomakiWatame","Hololive_CallMoonaHoshinova","Hololive_Drill","Hololive_CallShishiroBotan","Hololive_StarCraft","Hololive_CallShiranuiFlare","Hololive_StarCraft","Hololive_AWSL","Hololive_CallSpadeEcho+1","Hololive_FlyingPonyTail","Hololive_CallArtia","Hololive_CallYozoraMel","Hololive_DDD+1","Hololive_StrengthChampion","Hololive_CallHoshimachiSuisei","Hololive_CallSakuraMiko","Hololive_CallShirakamiFubuki","Hololive_StrengthChampion","hubris:Rewind","Hololive_DDD+1","Hololive_HighAtkLowDef","Hololive_CallManoAloe","Hololive_LuckPotion+1","Hololive_SummonFox","Hololive_StarCraft","Hololive_CallNekomataOkayu+1","Hololive_FlyingPonyTail","Hololive_Drill","Hololive_CallYozoraMel+1","Hololive_IdolExercise"],"relics":["Hololive_TheStar","Peace Pipe","infinitespire:CheckeredPen","Bag of Preparation","Happy Flower","vexMod:ConsolationPrize","vexMod:RockOfEvil","Simple Rune","Juzu Bracelet","vexMod:Cooldron","Replay:Accelerometer","conspire:BottledYoYo","Circlet","aspiration:PoetsPen_weak","Bronze Scales","infinitespire:Bottled Soul","ReplayTheSpireMod:Ninjato"],"acts_visited":["Exordium","TheCity","TheBeyond"],"potions_floor_usage":[38,38,38,38,38,38,38,40,40,40,40],"damage_taken":[{"damage":0.0,"enemies":"Cultist","floor":1.0,"turns":3.0},{"damage":0.0,"enemies":"conspire:RoseBush","floor":2.0,"turns":2.0},{"damage":0.0,"enemies":"Jaw Worm","floor":3.0,"turns":1.0},{"damage":2.0,"enemies":"Blue Slaver","floor":5.0,"turns":3.0},{"damage":0.0,"enemies":"Gremlin Nob","floor":7.0,"turns":3.0},{"damage":0.0,"enemies":"Large Slime","floor":8.0,"turns":4.0},{"damage":0.0,"enemies":"Lagavulin","floor":10.0,"turns":5.0},{"damage":0.0,"enemies":"Gremlin Nob","floor":11.0,"turns":3.0},{"damage":0.0,"enemies":"2 Fungi Beasts","floor":12.0,"turns":3.0},{"damage":0.0,"enemies":"Exordium Wildlife","floor":13.0,"turns":6.0},{"damage":0.0,"enemies":"Large Slime","floor":14.0,"turns":4.0},{"damage":0.0,"enemies":"Slime Boss","floor":16.0,"turns":7.0},{"damage":0.0,"enemies":"Chosen","floor":18.0,"turns":4.0},{"damage":0.0,"enemies":"3 Byrds","floor":19.0,"turns":6.0},{"damage":0.0,"enemies":"Snake Plant","floor":20.0,"turns":6.0},{"damage":0.0,"enemies":"conspire:HollyBat","floor":21.0,"turns":6.0},{"damage":0.0,"enemies":"Cultist and Chosen","floor":22.0,"turns":8.0},{"damage":0.0,"enemies":"Nightmare","floor":23.0,"turns":5.0},{"damage":0.0,"enemies":"conspire:SneckoGhost","floor":27.0,"turns":6.0},{"damage":0.0,"enemies":"Centurion and Healer","floor":28.0,"turns":7.0},{"damage":0.0,"enemies":"conspire:HollyBat","floor":29.0,"turns":7.0},{"damage":0.0,"enemies":"Snecko","floor":30.0,"turns":4.0},{"damage":0.0,"enemies":"Automaton","floor":33.0,"turns":8.0},{"damage":0,"enemies":"Orb Walker","floor":35,"turns":5},{"damage":0,"enemies":"3 Darklings","floor":37,"turns":9},{"damage":0,"enemies":"Jaw Worm Horde","floor":38,"turns":3},{"damage":0,"enemies":"Spire Growth","floor":39,"turns":7},{"damage":0,"enemies":"Nemesis","floor":40,"turns":5},{"damage":57,"enemies":"Sphere and 2 Shapes","floor":41,"turns":5}],"seed_played":"-126694994876006251","potions_obtained":[{"floor":1.0,"key":"GamblersBrew"},{"floor":7.0,"key":"Explosive Potion"},{"floor":12.0,"key":"AttackPotion"},{"floor":22.0,"key":"Reflective Coating"},{"floor":27.0,"key":"Adrenaline Potion"},{"floor":33.0,"key":"EntropicBrew"},{"floor":35,"key":"EntropicBrew"},{"floor":39,"key":"EntropicBrew"}],"is_trial":true,"path_per_floor":["M","M","M","?","M","R","E","M","T","E","E","M","M","M","R","B",null,"M","M","M","M","M","NM","R","R","T","E","M","M","M","$","R_BF","B",null,"M","$","M","M","M","E","M"],"character_chosen":"Hololive_HololiveCharacter","items_purchased":["vexMod:Cooldron","Hololive_SummonFox","Replay:Accelerometer","conspire:BottledYoYo","Bronze Scales","infinitespire:Bottled Soul"],"campfire_rested":0,"item_purchase_floors":[31,31,31,31,36,36],"current_hp_per_floor":[35,35,35,35,33,33,33,33,33,33,33,34,35,36,36,37,39,40,41,42,43,44,45,45,45,45,46,47,48,49,49,49,50,50,51,51,52,53,54,55,0,0],"gold":1135,"neow_bonus":"","is_daily":false,"chose_seed":false,"campfire_upgraded":4,"win_rate":0.0,"timestamp":1609707005,"path_taken":["M","M","M","?","M","R","E","M","T","E","E","M","M","M","R","BOSS","M","M","M","M","M","NM","R","R","T","E","M","M","M","$","R_BF","BOSS","M","$","M","M","M","E","M"],"items_purchased_type":["Relic","Card","Relic","Relic","Relic","Relic"],"build_version":"2020-12-22","purchased_purges":0,"victory":false,"max_hp_per_floor":[35,35,35,35,35,35,35,35,35,35,35,36,37,38,38,39,39,40,41,42,43,44,45,45,45,45,46,47,48,49,49,49,50,50,51,51,52,53,54,55,56,56],"card_choices":[{"not_picked":["Hololive_RevenueBasedLive","Hololive_Psychosis","Hololive_HuntDinosaur"],"picked":"Hololive_CallMoonaHoshinova","floor":1.0},{"not_picked":["Hololive_Breathe","Hololive_CallTokinoSora","Hololive_ILoveYou","Hololive_OvertimeWork"],"picked":"SKIP","floor":2.0},{"not_picked":["Hololive_CallMurasakiShion","Hololive_CallOzoraSubaru","Hololive_CallNekomataOkayu"],"picked":"Hololive_Drill","floor":3.0},{"not_picked":["Hololive_LuckPotion","Hololive_CallAiraniIofifteen","Hololive_Trident"],"picked":"Hololive_CallShishiroBotan","floor":5.0},{"not_picked":["Hololive_DiamondStrike","Hololive_IdolExercise","Hololive_ScarfAndHalo"],"picked":"Hololive_StarCraft","floor":7.0},{"not_picked":["Hololive_LuckPotion","Hololive_OvertimeWork","Hololive_CocoNews"],"picked":"Hololive_CallShiranuiFlare","floor":8.0},{"not_picked":["Hololive_Nanodesu","Hololive_WolfAndLamb","Hololive_ASMR"],"picked":"Hololive_StarCraft","floor":10.0},{"not_picked":["Hololive_Thief","Hololive_Nanodesu","Hololive_Recruit"],"picked":"Hololive_AWSL","floor":11.0},{"not_picked":["Hololive_Rebound","Hololive_CallManoAloe","Hololive_RevenueBasedLive"],"picked":"Hololive_CallSpadeEcho","floor":12.0},{"not_picked":["Hololive_StrengthChampion","Hololive_CandyCastle","Hololive_CallAyundaRisu"],"picked":"Hololive_FlyingPonyTail","floor":13.0},{"not_picked":["Hololive_CallHoushouMarine","Hololive_Drill","Hololive_RevenueBasedLive"],"picked":"Hololive_CallYozoraMel","floor":14.0},{"not_picked":["Hololive_BeCareful","Hololive_Rebirth","Hololive_StarCraft"],"picked":"Hololive_DDD","floor":16.0},{"not_picked":["Hololive_CocoNews","Hololive_HuntDinosaur+1","Hololive_CallNatsuiroMatsuri"],"picked":"Hololive_StrengthChampion","floor":18.0},{"not_picked":["Hololive_CallNakiriAyame","Hololive_HuntDinosaur","Hololive_Sequa"],"picked":"Hololive_CallHoshimachiSuisei","floor":19.0},{"not_picked":["Hololive_Trident+1","Hololive_ILoveYou","Hololive_FlyingPonyTail+1"],"picked":"Hololive_CallSakuraMiko","floor":20.0},{"not_picked":["Hololive_OpenUp","Hololive_RevenueBasedLive","Hololive_Trident"],"picked":"Hololive_CallShirakamiFubuki","floor":21.0},{"not_picked":["Hololive_CocoNews+1","Hololive_CallAiraniIofifteen","Hololive_SoulCatcher"],"picked":"Hololive_StrengthChampion","floor":22.0},{"not_picked":["infinitespire:Menacing","infinitespire:SealOfDarkness+"],"picked":"hubris:Rewind","floor":23.0},{"not_picked":["Hololive_DiamondStrike","Hololive_WolfAndLamb","Hololive_Rebirth"],"picked":"Hololive_DDD","floor":23.0},{"not_picked":["Hololive_FlareMind","Hololive_IdolExercise","Hololive_OpenUp"],"picked":"Hololive_HighAtkLowDef","floor":27.0},{"not_picked":["Hololive_Breathe","Hololive_ManjiGathering","Hololive_CocoNews"],"picked":"Hololive_CallManoAloe","floor":28.0},{"not_picked":["Hololive_RevenueBasedLive","Hololive_HuntDinosaur","Hololive_CallShishiroBotan+1"],"picked":"Hololive_LuckPotion+1","floor":29.0},{"not_picked":["Hololive_Breathe+1","Hololive_LuckPotion","Hololive_ScarfAndHalo","Hololive_CallOzoraSubaru+1"],"picked":"SKIP","floor":30.0},{"not_picked":["Hololive_WolfAndLamb","Hololive_DDD","Hololive_Recruit"],"picked":"Hololive_StarCraft","floor":33.0},{"not_picked":["Hololive_CocoNews","Hololive_CallShirakamiFubuki+1","Hololive_CallYogiri+1"],"picked":"Hololive_CallNekomataOkayu+1","floor":35},{"not_picked":["Hololive_LuckPotion","Hololive_CallMoonaHoshinova","Hololive_Rebound"],"picked":"Hololive_FlyingPonyTail","floor":37},{"not_picked":["Hololive_Rebound+1","Hololive_Sequa","Hololive_OvertimeWork"],"picked":"Hololive_Drill","floor":38},{"not_picked":["Hololive_Drill","Hololive_CallArtia+1","Hololive_Recruit"],"picked":"Hololive_CallYozoraMel+1","floor":39},{"not_picked":["Hololive_DDD","Hololive_HighAtkLowDef","Hololive_StarCraft"],"picked":"Hololive_IdolExercise","floor":40}],"player_experience":260872,"relics_obtained":[{"floor":7.0,"key":"infinitespire:CheckeredPen"},{"floor":9.0,"key":"Bag of Preparation"},{"floor":10.0,"key":"Happy Flower"},{"floor":11.0,"key":"vexMod:ConsolationPrize"},{"floor":23.0,"key":"Simple Rune"},{"floor":26.0,"key":"Juzu Bracelet"},{"floor":27.0,"key":"Dead Branch"},{"floor":40,"key":"ReplayTheSpireMod:Ninjato"}],"event_choices":[{"damage_healed":0.0,"max_hp_gain":0.0,"max_hp_loss":0.0,"gold_gain":0.0,"event_name":"conspire:LoneGhost","player_choice":"Disagree","floor":4.0,"gold_loss":0.0,"damage_taken":0.0}],"is_beta":false,"boss_relics":[{"not_picked":["Hololive_ChaosS","Cursed Key"],"picked":"vexMod:RockOfEvil"},{"not_picked":["Runic Dome","Empty Cage"],"picked":"aspiration:PoetsPen_weak"}],"items_purged_floors":[],"is_endless":true,"potions_floor_spawned":[1,7,12,13,16,20,22,27,33,35,39],"killed_by":"Sphere and 2 Shapes","ascension_level":0}}