{"host":"98ajcw3do3zsggh8","time":1609706092,"event":{"mods":["BaseMod","Minty Spire (QoL Compilation)","Replay The Spire","StSLib"],"gold_per_floor":[112,112,131,131,131,162,162,194,220,220,220,238,268,287,359,459,459,469,409,409,424,273,305,322,322,347,373,384,384,384],"floor_reached":29,"playtime":793,"items_purged":["MasterReality"],"score":348,"play_id":"cbab2baa-1864-4816-ba2a-19e6b29c6dc6","local_time":"20210103213452","is_ascension_mode":true,"campfire_choices":[{"data":"Vigilance","floor":10,"key":"SMITH"}],"circlet_count":0,"master_deck":["Strike_P","Strike_P","Strike_P","Strike_P+1","Defend_P","Defend_P+1","Defend_P","Eruption","Vigilance+1","Alpha+1","SandsOfTime","Vault","Conclude"],"relics":["Snecko Eye","Anchor","Gremlin Food","ReplayTheSpireMod:Lightbulb","Boot","Ornamental Fan","Girya","Busted Crown","Nilry\u0027s Codex","Ice Cream","Lantern","Potion Belt"],"acts_visited":["Exordium","TheCity"],"potions_floor_usage":[14,28],"damage_taken":[{"damage":0,"enemies":"2 Louse","floor":1,"turns":1},{"damage":0,"enemies":"Cultist","floor":3,"turns":2},{"damage":13,"enemies":"Gremlin Nob","floor":6,"turns":4},{"damage":5,"enemies":"3 Sentries","floor":8,"turns":3},{"damage":0,"enemies":"Small Slimes","floor":12,"turns":3},{"damage":31,"enemies":"Gremlin Nob","floor":13,"turns":3},{"damage":2,"enemies":"3 Louse","floor":14,"turns":4},{"damage":0,"enemies":"Slime Boss","floor":16,"turns":4},{"damage":0,"enemies":"2 Thieves","floor":18,"turns":3},{"damage":0,"enemies":"Chosen","floor":21,"turns":4},{"damage":8,"enemies":"Book of Stabbing","floor":23,"turns":4},{"damage":0,"enemies":"Sentry and Sphere","floor":24,"turns":3},{"damage":27,"enemies":"Slavers","floor":27,"turns":3},{"damage":0,"enemies":"3 Cultists","floor":28,"turns":3}],"seed_played":"4869164029931976301","potions_obtained":[{"floor":3,"key":"FearPotion"},{"floor":6,"key":"PowerPotion"},{"floor":13,"key":"Dexterity Potion"},{"floor":14,"key":"AttackPotion"},{"floor":18,"key":"DuplicationPotion"},{"floor":28,"key":"Energy Potion"}],"is_trial":false,"path_per_floor":["M","?","M","?","?","E","?","E","T","R","T","M","E","M","R","B",null,"M","?","?","M","$","E","M","?","T","E","M","?"],"character_chosen":"WATCHER","items_purchased":["Conclude"],"campfire_rested":0,"item_purchase_floors":[22],"current_hp_per_floor":[72,72,72,72,58,45,42,37,37,37,37,37,6,4,4,4,72,72,72,56,56,56,48,48,42,42,15,15,0,0],"gold":384,"neow_bonus":"BOSS_RELIC","is_daily":false,"chose_seed":false,"campfire_upgraded":1,"win_rate":0.0,"timestamp":1609706092,"path_taken":["M","?","M","?","?","E","?","E","T","R","?","?","E","M","R","BOSS","M","?","?","M","$","E","M","?","T","E","?","?"],"items_purchased_type":["Card"],"build_version":"2020-12-22","purchased_purges":1,"victory":false,"max_hp_per_floor":[72,72,72,72,72,72,72,72,72,72,72,72,72,72,72,72,72,72,72,72,72,72,72,72,72,72,72,72,72,72],"card_choices":[{"not_picked":["CrushJoints","LikeWater","Meditate"],"picked":"SKIP","floor":1},{"not_picked":["CutThroughFate","Replay:Cycle","WreathOfFlame"],"picked":"SKIP","floor":3},{"not_picked":["FlyingSleeves","Alpha","Evaluate"],"picked":"SKIP","floor":6},{"not_picked":["EmptyMind","Nirvana","Fasting2"],"picked":"SKIP","floor":8},{"not_picked":["ThirdEye","PathToVictory"],"picked":"SandsOfTime","floor":12},{"not_picked":["Protect","EmptyBody"],"picked":"MasterReality","floor":13},{"not_picked":["WaveOfTheHand","CarveReality","CrushJoints"],"picked":"SKIP","floor":14},{"not_picked":["Brilliance","Omniscience"],"picked":"Vault","floor":16},{"not_picked":["Collect"],"picked":"SKIP","floor":18},{"not_picked":["DeceiveReality+1"],"picked":"SKIP","floor":21},{"not_picked":["Halt"],"picked":"SKIP","floor":23},{"not_picked":["InnerPeace"],"picked":"SKIP","floor":24},{"not_picked":["WreathOfFlame"],"picked":"SKIP","floor":27},{"not_picked":["Wallop+1"],"picked":"SKIP","floor":28}],"player_experience":303842,"relics_obtained":[{"floor":6,"key":"Anchor"},{"floor":8,"key":"ReplayTheSpireMod:Lightbulb"},{"floor":9,"key":"Boot"},{"floor":11,"key":"Ornamental Fan"},{"floor":13,"key":"Girya"},{"floor":20,"key":"Nilry\u0027s Codex"},{"floor":23,"key":"Ice Cream"},{"floor":26,"key":"Lantern"},{"floor":27,"key":"Potion Belt"}],"event_choices":[{"damage_healed":24,"gold_gain":0,"player_choice":"Banana","damage_taken":0,"max_hp_gain":0,"max_hp_loss":0,"event_name":"Big Fish","floor":2,"gold_loss":0},{"damage_healed":0,"gold_gain":0,"player_choice":"Entered Light","damage_taken":14,"max_hp_gain":0,"max_hp_loss":0,"event_name":"Shining Light","floor":5,"gold_loss":0,"cards_upgraded":["Strike_P","Defend_P"]},{"damage_healed":0,"gold_gain":0,"player_choice":"Success","damage_taken":3,"relics_obtained":["Gremlin Food"],"max_hp_gain":0,"max_hp_loss":0,"event_name":"Scrap Ooze","floor":7,"gold_loss":0},{"damage_healed":0,"gold_gain":0,"player_choice":"Obtained Book","damage_taken":16,"max_hp_gain":0,"max_hp_loss":0,"event_name":"Cursed Tome","floor":20,"gold_loss":0},{"damage_healed":0,"gold_gain":0,"player_choice":"","damage_taken":6,"max_hp_gain":0,"max_hp_loss":0,"event_name":"Knowing Skull","floor":25,"potions_obtained":[],"gold_loss":0,"cards_obtained":[]}],"is_beta":false,"boss_relics":[{"not_picked":["Empty Cage","Ring of Chaos"],"picked":"Busted Crown"}],"items_purged_floors":[22],"is_endless":false,"potions_floor_spawned":[3,6,13,14,18,23,28],"ascension_level":1}}