{"host":"y89x8uui45kcjy42","time":1609674509,"event":{"mods":["2.2 Compatiblity","BaseMod","CapriCore","Colored Map","Colored Powertips","Custom Start","Friendly Minions","Keyboard Shortcuts","Minty Spire (QoL Compilation)","Relic Stats","Slay the Relics Exporter","StSLib","SuperFastMode"],"gold_per_floor":[112,128,144,162,182,182,207,207,207,240,240,85,114,114,114,187,187,200,163,181,181,181,181,181,181,181,181,181,213,227,277,277,356,356,368,204,229,244,260,260,294,347,347,347,179,214,214,230,230,230,230,230,230,119,153,153,153],"floor_reached":56,"playtime":1668,"items_purged":["Flechettes"],"score":2058,"play_id":"3dab136d-d9ef-4dcb-a242-d1729a59b7db","local_time":"20210103204829","is_ascension_mode":true,"campfire_choices":[{"data":"MasterReality","floor":6.0,"key":"SMITH"},{"data":"Accuracy","floor":8.0,"key":"SMITH"},{"data":"Accuracy","floor":11.0,"key":"SMITH"},{"data":"Well Laid Plans","floor":15.0,"key":"SMITH"},{"data":"Footwork","floor":23.0,"key":"SMITH"},{"floor":24.0,"key":"RECALL"},{"data":"Devotion","floor":25.0,"key":"SMITH"},{"data":"Worship","floor":27.0,"key":"SMITH"},{"data":"Accuracy","floor":32.0,"key":"SMITH"},{"data":"Backflip","floor":40.0,"key":"SMITH"},{"floor":44.0,"key":"DIG"},{"floor":49.0,"key":"DIG"},{"floor":53.0,"key":"DIG"}],"circlet_count":0,"master_deck":["Cloak And Dagger+1","Cloak And Dagger+1","Cloak And Dagger+1","Cloak And Dagger+1","Cloak And Dagger+1","Accuracy+1","Worship+1","Devotion+1","MasterReality+1","Infinite Blades","Well Laid Plans+1","Backflip+1","Accuracy+1","Accuracy+1","Footwork+1","Accuracy+1","Escape Plan+1","Prepared+1"],"relics":["Ring of the Serpent","Damaru","TeardropLocket","CloakClasp","WristBlade","Odd Mushroom","Shuriken","Art of War","WristBlade","Coffee Dripper","MutagenicStrength","Omamori","WarpedTongs","Pantograph","ClockworkSouvenir","FossilizedHelix","Paper Crane","Shovel","Meat on the Bone","PreservedInsect","TheAbacus","Pen Nib","Happy Flower","Blue Candle","Torii","TungstenRod","TungstenRod","Coffee Dripper","Akabeko"],"acts_visited":["Exordium","TheCity","TheBeyond","TheEnding"],"potions_floor_usage":[],"damage_taken":[{"damage":0.0,"enemies":"Cultist","floor":1.0,"turns":2.0},{"damage":4.0,"enemies":"2 Louse","floor":2.0,"turns":2.0},{"damage":0.0,"enemies":"Jaw Worm","floor":3.0,"turns":1.0},{"damage":0.0,"enemies":"Lots of Slimes","floor":4.0,"turns":3.0},{"damage":0.0,"enemies":"Looter","floor":5.0,"turns":2.0},{"damage":2.0,"enemies":"The Mushroom Lair","floor":7.0,"turns":3.0},{"damage":0.0,"enemies":"Gremlin Nob","floor":10.0,"turns":2.0},{"damage":3.0,"enemies":"3 Sentries","floor":13.0,"turns":3.0},{"damage":15.0,"enemies":"Hexaghost","floor":16.0,"turns":3.0},{"damage":1.0,"enemies":"Shell Parasite","floor":18.0,"turns":2.0},{"damage":1.0,"enemies":"3 Byrds","floor":20.0,"turns":3.0},{"damage":4.0,"enemies":"Book of Stabbing","floor":29.0,"turns":3.0},{"damage":0.0,"enemies":"Snake Plant","floor":30.0,"turns":1.0},{"damage":31.0,"enemies":"Collector","floor":33.0,"turns":4.0},{"damage":3.0,"enemies":"3 Darklings","floor":35.0,"turns":3.0},{"damage":0.0,"enemies":"Mind Bloom Boss Battle","floor":37.0,"turns":2.0},{"damage":0.0,"enemies":"Orb Walker","floor":38.0,"turns":2.0},{"damage":0.0,"enemies":"Spire Growth","floor":39.0,"turns":2.0},{"damage":0.0,"enemies":"Giant Head","floor":41.0,"turns":4.0},{"damage":9.0,"enemies":"2 Orb Walkers","floor":42.0,"turns":3.0},{"damage":24.0,"enemies":"Nemesis","floor":46.0,"turns":3.0},{"damage":20.0,"enemies":"Writhing Mass","floor":48.0,"turns":3.0},{"damage":10.0,"enemies":"Donu and Deca","floor":50.0,"turns":3.0},{"damage":29.0,"enemies":"Time Eater","floor":51.0,"turns":3.0},{"damage":44.0,"enemies":"Shield and Spear","floor":55.0,"turns":4.0},{"damage":0,"enemies":"The Heart","floor":56,"turns":1}],"seed_played":"-7306529093090596352","potions_obtained":[{"floor":3.0,"key":"Weak Potion"},{"floor":5.0,"key":"LiquidMemories"},{"floor":7.0,"key":"Fire Potion"},{"floor":13.0,"key":"Dexterity Potion"},{"floor":16.0,"key":"GamblersBrew"},{"floor":18.0,"key":"SkillPotion"},{"floor":30.0,"key":"DistilledChaos"},{"floor":33.0,"key":"Swift Potion"},{"floor":38.0,"key":"PowerPotion"},{"floor":39.0,"key":"Block Potion"},{"floor":48.0,"key":"FearPotion"}],"is_trial":false,"path_per_floor":["M","M","M","M","M","R","?","R","T","E","R","$","E","?","R","B",null,"M","$","M","?","$","R","R","R","T","R","?","E","M","?","R","B",null,"M","$","?","M","M","R","E","?","T","R","$","E","?","M","R","B","B",null,"R","$","E","B"],"character_chosen":"THE_SILENT","items_purchased":["Accuracy","Footwork","ClockworkSouvenir","TheAbacus","FairyPotion"],"campfire_rested":0,"item_purchase_floors":[12,19,36,45,54],"current_hp_per_floor":[65,61,61,61,61,61,59,59,59,59,59,59,56,56,56,41,64,63,63,62,62,62,62,62,62,62,62,62,58,58,58,58,41,64,61,61,72,72,72,72,72,63,63,63,63,39,39,31,31,46,42,65,65,65,33,58,58],"gold":153,"neow_bonus":"TEN_PERCENT_HP_BONUS","is_daily":false,"chose_seed":false,"campfire_upgraded":9,"win_rate":0.0,"timestamp":1609674509,"path_taken":["M","M","?","M","M","R","?","R","T","E","R","$","E","?","R","BOSS","M","?","$","M","?","$","R","R","R","T","R","?","E","?","?","R","BOSS","M","$","?","M","M","R","E","?","T","R","$","E","?","?","R","BOSS","BOSS","R","$","E","BOSS"],"items_purchased_type":["Card","Card","Relic","Relic","Potion"],"build_version":"2020-12-22","purchased_purges":1,"victory":false,"max_hp_per_floor":[72,72,72,72,72,72,72,72,72,72,72,72,72,72,72,72,72,72,72,72,72,72,72,72,72,72,72,72,72,72,72,72,72,72,72,72,72,72,72,72,72,72,72,72,72,72,72,72,72,72,72,72,72,72,72,72,72],"relic_stats":{"Happy Flower":[3],"Torii":4,"counters":[26,67],"Blue Candle":[0],"PreservedInsect":127,"Pen Nib":[2],"CloakClasp":[107],"WarpedTongs":[21],"Shovel":3,"TheAbacus":[30],"Shuriken":[23],"Pantograph":100,"Art of War":[3],"obtain_stats":[{"Torii":54,"CloakClasp":0,"TeardropLocket":0,"ClockworkSouvenir":36,"Shovel":42,"TheAbacus":45,"WristBlade":0,"Pantograph":29,"WingedGreaves":9,"Ring of the Snake":0,"Happy Flower":49,"Blue Candle":53,"Damaru":0,"PreservedInsect":44,"Pen Nib":46,"Omamori":28,"Odd Mushroom":7,"Paper Crane":41,"Akabeko":55,"WarpedTongs":28,"Shuriken":9,"MutagenicStrength":21,"Art of War":13,"Coffee Dripper":19,"Ring of the Serpent":34,"FossilizedHelix":37,"TungstenRod":54,"Meat on the Bone":43},{"Torii":24,"CloakClasp":0,"TeardropLocket":0,"ClockworkSouvenir":15,"Shovel":20,"TheAbacus":20,"WristBlade":0,"Pantograph":12,"WingedGreaves":6,"Ring of the Snake":0,"Happy Flower":22,"Blue Candle":24,"Damaru":0,"PreservedInsect":20,"Pen Nib":21,"Omamori":11,"Odd Mushroom":6,"Paper Crane":19,"Akabeko":25,"WarpedTongs":11,"Shuriken":6,"MutagenicStrength":11,"Art of War":8,"Coffee Dripper":10,"Ring of the Serpent":14,"FossilizedHelix":16,"TungstenRod":24,"Meat on the Bone":20},{"Torii":62,"CloakClasp":0,"TeardropLocket":0,"ClockworkSouvenir":37,"Shovel":50,"TheAbacus":50,"WristBlade":0,"Pantograph":29,"WingedGreaves":13,"Ring of the Snake":0,"Happy Flower":56,"Blue Candle":62,"Damaru":0,"PreservedInsect":50,"Pen Nib":53,"Omamori":26,"Odd Mushroom":13,"Paper Crane":47,"Akabeko":66,"WarpedTongs":26,"Shuriken":13,"MutagenicStrength":26,"Art of War":18,"Coffee Dripper":23,"Ring of the Serpent":34,"FossilizedHelix":39,"TungstenRod":62,"Meat on the Bone":50}],"TungstenRod":13,"Meat on the Bone":24},"card_choices":[{"not_picked":["Poisoned Stab","Prepared"],"picked":"Infinite Blades","floor":1.0},{"not_picked":["Dagger Spray","Quick Slash"],"picked":"Flechettes","floor":2.0},{"not_picked":["Poisoned Stab","Reflex"],"picked":"Well Laid Plans","floor":3.0},{"not_picked":["Finisher","Infinite Blades"],"picked":"Backflip","floor":4.0},{"not_picked":["Dagger Spray","Flying Knee","Cloak And Dagger"],"picked":"SKIP","floor":5.0},{"not_picked":["Glass Knife","Blade Dance"],"picked":"Accuracy","floor":10.0},{"not_picked":["Burst","Dagger Spray","PiercingWail"],"picked":"SKIP","floor":13.0},{"not_picked":["Quick Slash","Dagger Throw","Flying Knee+1"],"picked":"SKIP","floor":18.0},{"not_picked":["Deadly Poison","Dash","Blade Dance"],"picked":"SKIP","floor":20.0},{"not_picked":["Leg Sweep","Acrobatics","Glass Knife"],"picked":"SKIP","floor":29.0},{"not_picked":["Poisoned Stab","Outmaneuver"],"picked":"Accuracy","floor":30.0},{"not_picked":["Sucker Punch","Infinite Blades","Acrobatics"],"picked":"SKIP","floor":35.0},{"not_picked":["Setup","Outmaneuver+1","Backflip"],"picked":"SKIP","floor":38.0},{"not_picked":["Skewer","Prepared","Noxious Fumes+1"],"picked":"SKIP","floor":39.0},{"not_picked":["Cloak And Dagger","Underhanded Strike+1","Catalyst+1"],"picked":"SKIP","floor":41.0},{"not_picked":["Grand Finale","Noxious Fumes","Escape Plan+1"],"picked":"SKIP","floor":46.0},{"not_picked":["Grand Finale","Noxious Fumes"],"picked":"Escape Plan+1","floor":46.0},{"not_picked":["Skewer","Quick Slash+1","Catalyst+1"],"picked":"SKIP","floor":48.0},{"not_picked":["Eviscerate","All Out Attack"],"picked":"Prepared+1","floor":55.0}],"player_experience":543834,"relics_obtained":[{"floor":7.0,"key":"Odd Mushroom"},{"floor":9.0,"key":"Shuriken"},{"floor":13.0,"key":"Art of War"},{"floor":29.0,"key":"Pantograph"},{"floor":37.0,"key":"FossilizedHelix"},{"floor":41.0,"key":"Paper Crane"},{"floor":42.0,"key":"Shovel"},{"floor":43.0,"key":"Meat on the Bone"},{"floor":44.0,"key":"PreservedInsect"},{"floor":46.0,"key":"Pen Nib"},{"floor":49.0,"key":"Happy Flower"},{"floor":53.0,"key":"Blue Candle"},{"floor":55.0,"key":"Akabeko"}],"event_choices":[{"damage_healed":0.0,"max_hp_gain":0.0,"max_hp_loss":0.0,"gold_gain":0.0,"event_name":"Mushrooms","player_choice":"Fought Mushrooms","floor":7.0,"gold_loss":0.0,"damage_taken":0.0},{"damage_healed":0.0,"max_hp_gain":0.0,"max_hp_loss":0.0,"gold_gain":0.0,"event_name":"Upgrade Shrine","player_choice":"Upgraded","floor":14.0,"gold_loss":0.0,"damage_taken":0.0,"cards_upgraded":["Accuracy"]},{"damage_healed":0.0,"max_hp_gain":0.0,"max_hp_loss":0.0,"gold_gain":0.0,"event_name":"Drug Dealer","player_choice":"Inject Mutagens","floor":21.0,"gold_loss":0.0,"damage_taken":0.0,"relics_obtained":["MutagenicStrength"]},{"damage_healed":0.0,"max_hp_gain":0.0,"max_hp_loss":0.0,"gold_gain":0.0,"event_name":"Accursed Blacksmith","player_choice":"Rummage","floor":28.0,"gold_loss":0.0,"damage_taken":0.0,"relics_obtained":["WarpedTongs"],"cards_obtained":["Pain"]},{"damage_healed":0.0,"max_hp_gain":0.0,"max_hp_loss":0.0,"gold_gain":50.0,"event_name":"Nest","player_choice":"Stole From Cult","floor":31.0,"gold_loss":0.0,"damage_taken":0.0},{"damage_healed":0.0,"max_hp_gain":0.0,"max_hp_loss":0.0,"gold_gain":0.0,"event_name":"MindBloom","player_choice":"Fight","floor":37.0,"gold_loss":0.0,"damage_taken":0.0},{"damage_healed":0.0,"max_hp_gain":0.0,"max_hp_loss":0.0,"gold_gain":0.0,"event_name":"Mysterious Sphere","player_choice":"Fight","floor":42.0,"gold_loss":0.0,"damage_taken":0.0},{"damage_healed":0.0,"max_hp_gain":0.0,"max_hp_loss":0.0,"gold_gain":0.0,"event_name":"SensoryStone","player_choice":"Memory 1","floor":47.0,"gold_loss":0.0,"damage_taken":0.0}],"is_beta":false,"boss_relics":[{"not_picked":["Fusion Hammer","Black Star"],"picked":"WristBlade"},{"not_picked":["SlaversCollar","Philosopher\u0027s Stone"],"picked":"Ring of the Serpent"}],"items_purged_floors":[12],"is_endless":false,"potions_floor_spawned":[3,5,7,13,16,18,30,33,35,38,39,42,48,55],"killed_by":"The Heart","ascension_level":20}}