{"host":"1cd1aqaox6jesai3","time":1609699724,"event":{"mods":["Act Like it!","Arknights The Spire","Astrologer","Bartender","BaseMod","Colored Powertips","Downfall","Googly Eyes","Hallownest","Infinite Spire","Mimic Mod","Minty Spire (QoL Compilation)","Replay The Spire","StSLib","The Bug Knight","The Construct","The Factory"],"gold_per_floor":[109,125,145,145,195,233,245,334,346,358,358],"floor_reached":10,"playtime":375,"items_purged":[],"score":80,"play_id":"7eb7e2ef-c9b2-4723-9865-2094a023e00a","local_time":"20210103134844","is_ascension_mode":true,"campfire_choices":[],"circlet_count":0,"master_deck":["ats:Strike C","ats:Strike G","ats:Strike S+1","ats:Strike V","ats:Armor Crushing Shot","ats:Defend","ats:Defend+1","ats:Defend","ats:Defend","ats:Emotion Absorption","ats:Apocalypse","ats:Mental Burst","ats:Apocalypse","Replay:UnknownCurse"],"relics":["ats:Sanity","NeowsBlessing","ReplayTheSpireMod:Ring of Challenge","Ring of Greed","Membership Card","MawBank","ats:Originium","Kunai","construct:FoamFinger","Eternal Feather"],"acts_visited":["Exordium"],"potions_floor_usage":[8],"damage_taken":[{"damage":0,"enemies":"Small Slimes","floor":1,"turns":2},{"damage":0,"enemies":"2 Louse","floor":2,"turns":1},{"damage":0,"enemies":"Cultist","floor":3,"turns":1},{"damage":26,"enemies":"Lagavulin","floor":6,"turns":6},{"damage":23,"enemies":"Gremlin Nob","floor":8,"turns":4},{"damage":45,"enemies":"3 Sentries","floor":10,"turns":4}],"seed_played":"3283897440275725954","potions_obtained":[{"floor":6,"key":"Reflective Coating"}],"is_trial":false,"path_per_floor":["M","M","M","?","?","E","?","E","T","E"],"character_chosen":"DOCTOR_CLASS","items_purchased":[],"campfire_rested":0,"item_purchase_floors":[],"current_hp_per_floor":[72,72,72,58,58,44,44,25,25,0,0],"gold":358,"neow_bonus":"THREE_ENEMY_KILL","is_daily":false,"chose_seed":false,"campfire_upgraded":0,"win_rate":0.0,"timestamp":1609699724,"path_taken":["M","M","M","?","?","E","?","E","T","E"],"items_purchased_type":[],"build_version":"2020-12-22","purchased_purges":0,"victory":false,"max_hp_per_floor":[72,72,72,72,72,72,72,72,72,72,72],"card_choices":[{"not_picked":["ats:Flexible Camouflage","ats:Cat Scratch"],"picked":"ats:Apocalypse","floor":1},{"not_picked":["ats:Childhood Dance","ats:Powerful Strike"],"picked":"ats:Mental Burst","floor":2},{"not_picked":["ats:Rapid Magazine","ats:Hammer On","ats:Consecutive Shot Auto"],"picked":"SKIP","floor":3},{"not_picked":["ats:Leaping Hammer","ats:Composite Medical Shells"],"picked":"ats:Apocalypse","floor":6},{"not_picked":["ats:Support Order","ats:Charging Defense","ats:Flexible Camouflage"],"picked":"SKIP","floor":8}],"player_experience":157675,"relics_obtained":[{"floor":5,"key":"ReplayTheSpireMod:Ring of Challenge"},{"floor":5,"key":"Ring of Greed"},{"floor":5,"key":"Membership Card"},{"floor":5,"key":"MawBank"},{"floor":6,"key":"ats:Originium"},{"floor":6,"key":"Kunai"},{"floor":8,"key":"ats:Originium"},{"floor":8,"key":"construct:FoamFinger"},{"floor":9,"key":"Eternal Feather"}],"event_choices":[{"damage_healed":0,"gold_gain":0,"player_choice":"Entered Light","damage_taken":14,"max_hp_gain":0,"max_hp_loss":0,"event_name":"Shining Light","floor":4,"gold_loss":0,"cards_upgraded":["ats:Strike S","ats:Defend"]},{"cards_removed":["Sickly"],"damage_healed":0,"gold_gain":0,"player_choice":"Removed Curses","damage_taken":0,"max_hp_gain":0,"max_hp_loss":0,"event_name":"Fountain of Cleansing","floor":7,"gold_loss":0}],"is_beta":false,"boss_relics":[],"items_purged_floors":[],"is_endless":false,"potions_floor_spawned":[6],"killed_by":"3 Sentries","ascension_level":1}}