{"host":"sav7uxregyirlf69","time":1609643810,"event":{"mods":["AchievementEnabler","BaseMod","Colored Map","DeckTracker","Keyboard Shortcuts","Minty Spire (QoL Compilation)","READ ME - Guardian Mod","StSLib","SuperFastMode"],"gold_per_floor":[112,125,145,41,52,52,64,64,64,84,84,84,84,84,84,156,156,168,168,168,12,29,55,74,74,98,98,98,112,125,158,158,232,232,243,243,243,256,73,98,113,113,113,113,127,127,174,200,200,200,200,200,200,75,110,110],"floor_reached":57,"playtime":2041,"items_purged":["Clumsy","Outmaneuver","Sucker Punch"],"score":3080,"play_id":"0859819b-9fe7-46ef-a74d-1056f02cdafe","local_time":"20210103121650","is_ascension_mode":true,"campfire_choices":[{"data":"Acrobatics","floor":6.0,"key":"SMITH"},{"data":"Reflex","floor":8.0,"key":"SMITH"},{"floor":11.0,"key":"REST"},{"data":"Prepared","floor":15.0,"key":"SMITH"},{"data":"Concentrate","floor":25.0,"key":"SMITH"},{"data":"Well Laid Plans","floor":28.0,"key":"SMITH"},{"data":"Tactician","floor":32.0,"key":"SMITH"},{"data":"Wraith Form v2","floor":42.0,"key":"SMITH"},{"data":"Purity","floor":44.0,"key":"SMITH"},{"floor":49.0,"key":"RECALL"},{"data":"Backflip","floor":53,"key":"SMITH"}],"circlet_count":0,"master_deck":["AscendersBane","Survivor","Neutralize","Grand Finale","Reflex+1","Acrobatics+1","Backflip+1","Prepared+1","After Image","Finisher","Adrenaline","Deflect","Wraith Form v2+1","Well Laid Plans+1","Concentrate+1","Tactician+1","Adrenaline","After Image","Purity+1","Calculated Gamble","Escape Plan+1"],"relics":["Ring of the Snake","Snake Skull","Pandora\u0027s Box","Happy Flower","Bag of Marbles","White Beast Statue","Coffee Dripper","Centennial Puzzle","Pocketwatch","Toxic Egg 2","Tough Bandages"],"acts_visited":["Exordium","TheCity","TheBeyond","TheEnding"],"potions_floor_usage":[56],"damage_taken":[{"damage":3.0,"enemies":"Cultist","floor":1.0,"turns":4.0},{"damage":13.0,"enemies":"Jaw Worm","floor":2.0,"turns":7.0},{"damage":0.0,"enemies":"2 Louse","floor":3.0,"turns":5.0},{"damage":10.0,"enemies":"Looter","floor":5.0,"turns":5.0},{"damage":10.0,"enemies":"2 Fungi Beasts","floor":7.0,"turns":6.0},{"damage":16.0,"enemies":"3 Louse","floor":10.0,"turns":5.0},{"damage":13.0,"enemies":"The Guardian","floor":16.0,"turns":15.0},{"damage":0.0,"enemies":"Chosen","floor":18.0,"turns":4.0},{"damage":2.0,"enemies":"3 Byrds","floor":22.0,"turns":3.0},{"damage":0.0,"enemies":"Book of Stabbing","floor":23.0,"turns":2.0},{"damage":0.0,"enemies":"Snecko","floor":24.0,"turns":4.0},{"damage":0.0,"enemies":"3 Cultists","floor":29.0,"turns":1.0},{"damage":0.0,"enemies":"Sentry and Sphere","floor":30.0,"turns":1.0},{"damage":29.0,"enemies":"Slavers","floor":31.0,"turns":8.0},{"damage":0.0,"enemies":"Automaton","floor":33.0,"turns":4.0},{"damage":0.0,"enemies":"3 Shapes","floor":35.0,"turns":1.0},{"damage":0.0,"enemies":"3 Darklings","floor":38.0,"turns":3.0},{"damage":0.0,"enemies":"Reptomancer","floor":40.0,"turns":3.0},{"damage":0.0,"enemies":"Sphere and 2 Shapes","floor":41.0,"turns":1.0},{"damage":0.0,"enemies":"4 Shapes","floor":45.0,"turns":1.0},{"damage":0.0,"enemies":"2 Orb Walkers","floor":47.0,"turns":1.0},{"damage":0.0,"enemies":"Nemesis","floor":48.0,"turns":3.0},{"damage":2,"enemies":"Time Eater","floor":50,"turns":7},{"damage":0,"enemies":"Donu and Deca","floor":51,"turns":3},{"damage":0,"enemies":"Shield and Spear","floor":55,"turns":1},{"damage":7,"enemies":"The Heart","floor":56,"turns":6}],"seed_played":"-4719403720838205354","potions_obtained":[{"floor":2.0,"key":"GhostInAJar"},{"floor":5.0,"key":"PowerPotion"},{"floor":16.0,"key":"FairyPotion"}],"is_trial":false,"path_per_floor":["M","M","M","$","M","R","M","R","T","M","R","?","$","?","R","B",null,"M","?","?","$","M","E","M","R","T","?","R","M","M","E","R","B",null,"M","?","?","M","$","E","M","R","T","R","M","?","?","E","R","B","B",null,"R","$","E","B",null],"character_chosen":"THE_SILENT","items_purchased":["Backflip","Well Laid Plans","Concentrate","Calculated Gamble"],"campfire_rested":1,"item_purchase_floors":[4,21,21,39],"current_hp_per_floor":[56,43,43,43,33,33,23,23,23,7,26,26,26,19,19,6,51,51,51,51,51,49,49,49,49,49,49,49,49,49,20,20,20,55,55,45,36,36,36,36,36,36,36,36,36,36,36,36,36,34,34,58,58,58,58,51],"gold":110,"neow_bonus":"TRANSFORM_TWO_CARDS","is_daily":false,"chose_seed":false,"campfire_upgraded":9,"win_rate":0.0,"timestamp":1609643810,"path_taken":["M","M","M","$","M","R","M","R","T","M","R","?","$","?","R","BOSS","M","?","?","$","M","E","M","R","T","?","R","M","M","E","R","BOSS","M","?","?","M","$","E","M","R","T","R","?","?","?","E","R","BOSS","BOSS","R","$","E","BOSS"],"items_purchased_type":["Card","Card","Card","Card"],"build_version":"2020-12-22","purchased_purges":3,"victory":true,"max_hp_per_floor":[66,66,66,66,66,66,66,66,66,66,66,66,66,66,66,66,66,66,66,66,66,66,66,66,66,66,66,66,66,66,66,66,66,66,66,66,66,66,66,66,66,66,66,66,66,66,66,66,66,66,66,66,66,66,66,66],"card_choices":[{"not_picked":["Eviscerate","Catalyst","Deflect"],"picked":"SKIP","floor":1.0},{"not_picked":["Calculated Gamble","Well Laid Plans"],"picked":"Reflex","floor":2.0},{"not_picked":["Quick Slash","Flying Knee"],"picked":"Acrobatics","floor":3.0},{"not_picked":["Riddle With Holes","Finisher","Sucker Punch"],"picked":"SKIP","floor":5.0},{"not_picked":["Slice","Masterful Stab","Dodge and Roll"],"picked":"SKIP","floor":7.0},{"not_picked":["Dagger Throw","Poisoned Stab"],"picked":"Prepared","floor":10.0},{"not_picked":["Wraith Form v2","Corpse Explosion"],"picked":"After Image","floor":16.0},{"not_picked":["Endless Agony+1","Backflip","Quick Slash"],"picked":"SKIP","floor":18.0},{"not_picked":["Eviscerate+1","Masterful Stab","Flying Knee"],"picked":"SKIP","floor":22.0},{"not_picked":["Deflect","Bouncing Flask","PiercingWail"],"picked":"SKIP","floor":23.0},{"not_picked":["Backflip","Poisoned Stab","Distraction"],"picked":"SKIP","floor":24.0},{"not_picked":["Backflip","Poisoned Stab","Distraction"],"picked":"SKIP","floor":24.0},{"not_picked":["Backflip","Poisoned Stab","Distraction"],"picked":"SKIP","floor":24.0},{"not_picked":["Acrobatics+1","Expertise"],"picked":"Tactician","floor":29.0},{"not_picked":["Slice","Sucker Punch","Dodge and Roll"],"picked":"SKIP","floor":30.0},{"not_picked":["Dagger Throw+1","Heel Hook"],"picked":"Adrenaline","floor":31.0},{"not_picked":["Doppelganger","Glass Knife"],"picked":"After Image","floor":33.0},{"not_picked":["Quick Slash","Outmaneuver+1","Prepared"],"picked":"SKIP","floor":35.0},{"not_picked":["Panache","Dramatic Entrance"],"picked":"Purity","floor":36.0},{"not_picked":["Terror","Deflect","Blade Dance"],"picked":"SKIP","floor":38.0},{"not_picked":["Deflect+1","Bouncing Flask","Bane+1"],"picked":"SKIP","floor":40.0},{"not_picked":["Prepared","Crippling Poison","Outmaneuver"],"picked":"SKIP","floor":41.0},{"not_picked":["Skewer","Outmaneuver","Heel Hook"],"picked":"SKIP","floor":45.0},{"not_picked":["Backflip","Infinite Blades"],"picked":"Escape Plan+1","floor":47.0},{"not_picked":["Poisoned Stab","Deadly Poison+1","Doppelganger+1"],"picked":"SKIP","floor":48.0},{"not_picked":["Setup+1","Slice","Outmaneuver+1"],"picked":"SKIP","floor":55}],"player_experience":1115761,"relics_obtained":[{"floor":9.0,"key":"Snake Skull"},{"floor":23.0,"key":"Happy Flower"},{"floor":26.0,"key":"Bag of Marbles"},{"floor":31.0,"key":"White Beast Statue"},{"floor":40.0,"key":"Centennial Puzzle"},{"floor":47.0,"key":"Pocketwatch"},{"floor":48.0,"key":"Toxic Egg 2"},{"floor":55,"key":"Tough Bandages"}],"event_choices":[{"damage_healed":0.0,"max_hp_gain":0.0,"max_hp_loss":0.0,"gold_gain":0.0,"event_name":"Shining Light","player_choice":"Ignored","floor":12.0,"gold_loss":0.0,"damage_taken":0.0},{"cards_removed":["Strike_G"],"damage_healed":0.0,"max_hp_gain":0.0,"max_hp_loss":0.0,"gold_gain":0.0,"event_name":"Golden Wing","player_choice":"Card Removal","floor":14.0,"gold_loss":0.0,"damage_taken":7.0},{"damage_healed":0.0,"max_hp_gain":0.0,"max_hp_loss":0.0,"gold_gain":0.0,"event_name":"Vampires","player_choice":"Ignored","floor":19.0,"gold_loss":0.0,"damage_taken":0.0},{"damage_healed":0.0,"max_hp_gain":0.0,"max_hp_loss":0.0,"gold_gain":0.0,"event_name":"Cursed Tome","player_choice":"Ignored","floor":20.0,"gold_loss":0.0,"damage_taken":0.0},{"cards_removed":["Bane"],"damage_healed":0.0,"max_hp_gain":0.0,"max_hp_loss":0.0,"gold_gain":0.0,"event_name":"Back to Basics","player_choice":"Elegance","floor":27.0,"gold_loss":0.0,"damage_taken":0.0},{"damage_healed":0.0,"max_hp_gain":0.0,"max_hp_loss":0.0,"gold_gain":0.0,"event_name":"SensoryStone","player_choice":"Memory 3","floor":36.0,"gold_loss":0.0,"damage_taken":10.0},{"damage_healed":0.0,"max_hp_gain":0.0,"max_hp_loss":0.0,"gold_gain":0.0,"event_name":"Wheel of Change","player_choice":"Damaged","floor":37.0,"gold_loss":0.0,"damage_taken":9.0},{"cards_removed":["Quick Slash"],"damage_healed":0.0,"max_hp_gain":0.0,"max_hp_loss":0.0,"gold_gain":0.0,"event_name":"Falling","player_choice":"Removed Attack","floor":46.0,"gold_loss":0.0,"damage_taken":0.0},{"damage_healed":0.0,"max_hp_gain":0.0,"max_hp_loss":0.0,"gold_gain":0.0,"event_name":"Mysterious Sphere","player_choice":"Fight","floor":47.0,"gold_loss":0.0,"damage_taken":0.0}],"is_beta":false,"boss_relics":[{"not_picked":["Philosopher\u0027s Stone","SacredBark"],"picked":"Pandora\u0027s Box"},{"not_picked":["Fusion Hammer","Astrolabe"],"picked":"Coffee Dripper"}],"items_purged_floors":[4,39,54],"is_endless":false,"potions_floor_spawned":[2,5,7,16,22,23,29,33,35,38,40,41,45,47,48,55],"ascension_level":20}}