{"host":"ovw38rql97vr1sxo","time":1609705969,"event":{"mods":["AchievementEnabler","Act Like it!","BaseMod","Better Altar","Better Match","Better Note","Better Sensory Stone","Better Skull","Better Third Choice","Colored Powertips","Hallownest","Highlight Path","Minty Spire (QoL Compilation)","Permanent Neow","Quick Restart","Rare Cards Sparkle","Shop Mod","StSLib","The Bug Knight","UnlockEverythingMod"],"gold_per_floor":[115,126,56,56,56,56,56,56,82,82,97,126,126,158,158,230,230,240,258,133,159,84,84,178,178,178],"floor_reached":25,"playtime":812,"items_purged":["Strike_R"],"score":419,"play_id":"95b49474-2127-46e2-a63c-2e6516b2ee70","local_time":"20210104053249","is_ascension_mode":true,"campfire_choices":[{"data":"Fiend Fire","floor":6.0,"key":"SMITH"},{"data":"Rampage","floor":10.0,"key":"SMITH"},{"data":"Pommel Strike","floor":13.0,"key":"SMITH"},{"data":"1","floor":15.0,"key":"LIFT"},{"data":"True Grit","floor":23.0,"key":"SMITH"}],"circlet_count":0,"master_deck":["AscendersBane","Strike_R","Strike_R","Bash+1","Fiend Fire+1","Rampage+1","Burning Pact+1","Hallownest:skillLeafShield","Hallownest:skillLeafShield+1","Hallownest:skillLeafShield","Hallownest:skillLeafShield","Hallownest:skillLeafShield","Pommel Strike+1","Battle Trance","Impervious","True Grit+1","Shrug It Off","Offering+1","Fiend Fire+1","Impervious+1"],"relics":["Burning Blood","Hallownest:StagBellRelic1","Hallownest:DreamNailRelic","Anchor","Girya","Blue Candle","Mark of Pain","Regal Pillow"],"acts_visited":["Exordium","Hallownest:Greenpath"],"potions_floor_usage":[25,25],"damage_taken":[{"damage":3.0,"enemies":"Hallownest:2_MossCreeps","floor":1.0,"turns":5.0},{"damage":12.0,"enemies":"Hallownest:2_Tiktiks_and_1_Crawlid","floor":2.0,"turns":4.0},{"damage":0.0,"enemies":"Hallownest:monsterHuskWarrior","floor":11.0,"turns":3.0},{"damage":7.0,"enemies":"Hallownest:eliteMossKnight","floor":12.0,"turns":4.0},{"damage":23.0,"enemies":"Hallownest:eliteCrystalGuardian","floor":14.0,"turns":4.0},{"damage":35.0,"enemies":"Hallownest:BossFalseKnight","floor":16.0,"turns":6.0},{"damage":0.0,"enemies":"Hallownest:Guard_and_Sentry","floor":18.0,"turns":5.0},{"damage":4.0,"enemies":"Hallownest:2_Mistakes","floor":19.0,"turns":3.0},{"damage":6.0,"enemies":"Hallownest:Glutton_and_Coward","floor":21.0,"turns":3.0},{"damage":6,"enemies":"Hallownest:2_Flukemon","floor":25,"turns":1}],"seed_played":"4703527879527540418","potions_obtained":[{"floor":1.0,"key":"Explosive Potion"},{"floor":11.0,"key":"ColorlessPotion"},{"floor":18.0,"key":"Weak Potion"},{"floor":21.0,"key":"Dexterity Potion"}],"is_trial":false,"path_per_floor":["M","M","?","?","?","R","?","$","T","R","M","E","R","E","R","B",null,"M","M","?","M","$","R","?","M"],"character_chosen":"IRONCLAD","items_purchased":[],"campfire_rested":0,"item_purchase_floors":[],"current_hp_per_floor":[71,65,65,65,65,65,65,65,65,65,67,66,66,49,49,20,55,61,63,63,63,63,63,5,0,0],"gold":178,"neow_bonus":"ONE_RANDOM_RARE_CARD","is_daily":false,"chose_seed":false,"campfire_upgraded":4,"win_rate":0.0,"timestamp":1609705969,"path_taken":["M","M","?","?","?","R","?","?","T","R","M","E","R","E","R","BOSS","M","M","?","M","?","R","?","M"],"items_purchased_type":[],"build_version":"2020-12-22","purchased_purges":1,"victory":false,"max_hp_per_floor":[75,75,75,75,75,75,67,67,67,67,67,67,67,67,67,67,67,67,67,67,67,67,67,67,67,67],"card_choices":[{"not_picked":["Combust","Searing Blow"],"picked":"Rampage","floor":1.0},{"not_picked":["Metallicize","Sword Boomerang"],"picked":"Burning Pact","floor":2.0},{"not_picked":["Hemokinesis","Headbutt"],"picked":"Pommel Strike","floor":11.0},{"not_picked":["Berserk","Entrench","Perfected Strike"],"picked":"SKIP","floor":12.0},{"not_picked":["Bludgeon","Anger"],"picked":"Battle Trance","floor":14.0},{"not_picked":["Juggernaut","Corruption"],"picked":"Impervious","floor":16.0},{"not_picked":["Sever Soul","Armaments"],"picked":"True Grit","floor":18.0},{"not_picked":["Shockwave","True Grit"],"picked":"Shrug It Off","floor":19.0},{"not_picked":["Barricade+1","Exhume+1"],"picked":"Offering+1","floor":20.0},{"not_picked":["Bludgeon+1","Reaper+1"],"picked":"Fiend Fire+1","floor":20.0},{"not_picked":["Double Tap+1","Berserk+1"],"picked":"Impervious+1","floor":20.0},{"not_picked":["Wild Strike","Iron Wave","Perfected Strike"],"picked":"SKIP","floor":21.0}],"player_experience":88563,"relics_obtained":[{"floor":9.0,"key":"Anchor"},{"floor":12.0,"key":"Girya"},{"floor":14.0,"key":"Blue Candle"}],"event_choices":[{"damage_healed":0.0,"max_hp_gain":0.0,"max_hp_loss":0.0,"gold_gain":0.0,"event_name":"betterMatch:BetterMatch","player_choice":"3","floor":20.0,"gold_loss":0.0,"damage_taken":0.0,"cards_obtained":["betterMatch:RareCard"]},{"damage_healed":0.0,"max_hp_gain":0.0,"max_hp_loss":0.0,"gold_gain":94.0,"event_name":"betterSkull:BetterSkull","player_choice":"RE UP GO UP UP ","floor":24.0,"gold_loss":0.0,"damage_taken":67.0,"cards_upgraded":["Hallownest:skillLeafShield","Bash","Burning Pact"],"relics_obtained":["Regal Pillow"]}],"is_beta":false,"boss_relics":[{"not_picked":["SlaversCollar","SacredBark"],"picked":"Mark of Pain"}],"items_purged_floors":[22],"is_endless":false,"potions_floor_spawned":[1,11,12,16,18,21],"killed_by":"Hallownest:2_Flukemon","ascension_level":20}}