{"host":"7bzprrpqr2usgpra","time":1609664677,"event":{"mods":["ATMod(°¢èªMod)","BaseMod","BetterRewards","Dota2Spire","HololiveMod","Lobotomy","Minty Spire (QoL Compilation)","Quick Restart","Spicy Shops","StSLib","TestMod","TheWitcher","[IsaacMod]ÒÔÈö¼âËþ","¡¾ÒÅÎï¿¨ÅÆ¡¿REMEMod"],"gold_per_floor":[114,127,202,216,316,316,335,335,335],"floor_reached":8,"playtime":1496,"items_purged":[],"score":84,"play_id":"41c9b91d-4e91-45bd-a176-91ab2fd23612","local_time":"20210103170437","is_ascension_mode":true,"campfire_choices":[{"floor":6,"key":"REST"}],"circlet_count":0,"master_deck":["AscendersBane","Strike_P","Strike_P","Strike_P","Strike_P","Defend_P","Defend_P","Defend_P","Defend_P","Eruption","Vigilance","DoctorFetus","AT_FamilyPortrait","WhitesApple","Consecrate","WallGazer","Scrawl","FairyFestival","PathToVictory","Vault","Parasite","LittleHelper","CrushJoints"],"relics":["PureWater","AT_ATBox","testmod-TestBox","HushsDoor","REME_ComplimentaryCards","CogitoBucket","GuppysTail","testmod-BatchProcessingSystem"],"acts_visited":["Exordium"],"potions_floor_usage":[],"damage_taken":[{"damage":7,"enemies":"Small Slimes","floor":1,"turns":5},{"damage":0,"enemies":"Jaw Worm","floor":2,"turns":3},{"damage":2,"enemies":"Cultist","floor":4,"turns":3},{"damage":21,"enemies":"Exordium Wildlife","floor":7,"turns":3},{"damage":27,"enemies":"3 Sentries","floor":8,"turns":5}],"seed_played":"-4419832224959854273","potions_obtained":[{"floor":2,"key":"BottledMiracle"},{"floor":7,"key":"Strength Potion"}],"is_trial":false,"path_per_floor":["M","M","?","M","?","R","M","E"],"character_chosen":"WATCHER","items_purchased":[],"campfire_rested":1,"item_purchase_floors":[],"current_hp_per_floor":[54,54,43,41,41,61,40,14,14],"gold":335,"neow_bonus":"","is_daily":false,"chose_seed":false,"campfire_upgraded":0,"win_rate":0.0,"timestamp":1609664677,"path_taken":["M","M","?","M","?","R","M","E"],"items_purchased_type":[],"build_version":"2020-12-22","purchased_purges":0,"victory":false,"max_hp_per_floor":[68,68,68,68,68,68,68,68,68],"card_choices":[{"not_picked":[],"picked":"DoctorFetus","floor":0},{"not_picked":["Bloodbath","Freischutz"],"picked":"WhitesApple","floor":1},{"not_picked":["Protect","ClearTheMind"],"picked":"Consecrate","floor":1},{"not_picked":["NakedNest","FieryBird"],"picked":"WallGazer","floor":2},{"not_picked":["PathToVictory","EmptyFist"],"picked":"Scrawl","floor":2},{"not_picked":["CrumblingArmor","Murderer"],"picked":"FairyFestival","floor":4},{"not_picked":["FlurryOfBlows","Halt"],"picked":"PathToVictory","floor":4},{"not_picked":["FollowUp","CutThroughFate"],"picked":"Vault","floor":5},{"not_picked":["OSAHOGD","QueenOfHatred"],"picked":"LittleHelper","floor":7},{"not_picked":["REME_Repentance","FollowUp"],"picked":"CrushJoints","floor":7}],"player_experience":236532,"relics_obtained":[],"event_choices":[{"damage_healed":0,"gold_gain":75,"player_choice":"Gather Gold","damage_taken":11,"max_hp_gain":0,"max_hp_loss":0,"event_name":"World of Goop","floor":3,"gold_loss":0}],"is_beta":false,"boss_relics":[],"items_purged_floors":[],"is_endless":false,"potions_floor_spawned":[2,7],"killed_by":"3 Sentries","ascension_level":15}}