{"host":"1u4zr9vl8my47i07","time":1609704004,"event":{"mods":["AchievementEnabler","BaseMod","DeckTracker","Highlight Path","Keyboard Shortcuts","Minty Spire (QoL Compilation)","Relic Stats","StSLib","SuperFastMode","The Animator","Uncapped","Waifu the Spire","everything is the same but u backflip on backflip"],"gold_per_floor":[111,124,141,141,151,151,176,176,245,263,36,65,79,105,105,184,184,197,112,42,42,42,42,42,58,81,100,100,100],"floor_reached":28,"playtime":1068,"items_purged":["Rupture"],"score":393,"play_id":"95ea11f9-4b7d-4418-8615-7342a509e656","local_time":"20210104050004","is_ascension_mode":true,"campfire_choices":[{"data":"Sword Boomerang","floor":6.0,"key":"SMITH"},{"data":"Armaments","floor":8.0,"key":"SMITH"},{"data":"Burning Pact","floor":15.0,"key":"SMITH"},{"data":"Searing Blow","floor":23,"key":"SMITH"}],"circlet_count":0,"master_deck":["AscendersBane","Defend_R","Defend_R","Defend_R","Cleave","Sword Boomerang+1","Twin Strike","Juggernaut","Armaments+1","Rage","Brutality","Burning Pact+1","Offering","Rampage+1","Metallicize+1","Thunderclap+1","True Grit","Battle Trance","Searing Blow+1","Blood for Blood","Headbutt"],"relics":["Burning Blood","CaptainsWheel","Mercury Hourglass","Lee\u0027s Waffle","MealTicket","Oddly Smooth Stone","Astrolabe","Anchor","Nilry\u0027s Codex","CeramicFish"],"acts_visited":["Exordium","TheCity"],"potions_floor_usage":[16,16],"damage_taken":[{"damage":13.0,"enemies":"Jaw Worm","floor":1.0,"turns":5.0},{"damage":10.0,"enemies":"Cultist","floor":2.0,"turns":5.0},{"damage":4.0,"enemies":"Small Slimes","floor":3.0,"turns":4.0},{"damage":11.0,"enemies":"2 Fungi Beasts","floor":5.0,"turns":3.0},{"damage":30.0,"enemies":"3 Sentries","floor":7.0,"turns":7.0},{"damage":11.0,"enemies":"Lots of Slimes","floor":10.0,"turns":2.0},{"damage":15.0,"enemies":"Lagavulin","floor":12.0,"turns":7.0},{"damage":2.0,"enemies":"Exordium Wildlife","floor":13.0,"turns":3.0},{"damage":18.0,"enemies":"3 Sentries","floor":14.0,"turns":4.0},{"damage":59,"enemies":"Hexaghost","floor":16,"turns":11},{"damage":12,"enemies":"Chosen","floor":18,"turns":4},{"damage":8,"enemies":"Spheric Guardian","floor":25,"turns":4},{"damage":30,"enemies":"Centurion and Healer","floor":27,"turns":5},{"damage":28,"enemies":"Snake Plant","floor":28,"turns":2}],"seed_played":"-7082730515056168323","potions_obtained":[{"floor":1.0,"key":"BloodPotion"},{"floor":5.0,"key":"ColorlessPotion"},{"floor":12.0,"key":"SpeedPotion"},{"floor":13.0,"key":"SkillPotion"},{"floor":25,"key":"LiquidBronze"}],"is_trial":false,"path_per_floor":["M","M","M","?","M","R","E","R","T","M","$","E","M","E","R","B",null,"M","?","$","?","?","R","?","M","T","M","M"],"character_chosen":"IRONCLAD","items_purchased":["Lee\u0027s Waffle","Battle Trance"],"campfire_rested":0,"item_purchase_floors":[11,20],"current_hp_per_floor":[65,61,63,63,58,58,34,34,34,29,87,78,87,75,75,22,71,65,65,80,64,64,64,52,50,50,26,0,0],"gold":100,"neow_bonus":"TRANSFORM_CARD","is_daily":false,"chose_seed":false,"campfire_upgraded":4,"win_rate":0.0,"timestamp":1609704004,"path_taken":["M","M","M","?","M","R","E","R","T","?","?","E","M","E","R","BOSS","M","?","$","?","?","R","?","M","T","?","M"],"items_purchased_type":["Relic","Card"],"build_version":"2020-12-22","purchased_purges":1,"victory":false,"max_hp_per_floor":[80,80,80,80,80,80,80,80,80,80,87,87,87,87,87,87,87,87,87,87,87,87,87,87,87,87,87,87,87],"relic_stats":{"Lee\u0027s Waffle":58,"counters":[14,65],"Astrolabe":["Rampage","Metallicize","Thunderclap"],"CeramicFish":0,"MealTicket":15,"obtain_stats":[{"CaptainsWheel":7,"Lee\u0027s Waffle":11,"Anchor":19,"Nilry\u0027s Codex":21,"Astrolabe":17,"CeramicFish":26,"Oddly Smooth Stone":14,"MealTicket":12,"Burning Blood":0,"Mercury Hourglass":9},{"CaptainsWheel":5,"Lee\u0027s Waffle":6,"Anchor":11,"Nilry\u0027s Codex":11,"Astrolabe":10,"CeramicFish":12,"Oddly Smooth Stone":9,"MealTicket":7,"Burning Blood":0,"Mercury Hourglass":5},{"CaptainsWheel":24,"Lee\u0027s Waffle":26,"Anchor":54,"Nilry\u0027s Codex":54,"Astrolabe":50,"CeramicFish":58,"Oddly Smooth Stone":39,"MealTicket":32,"Burning Blood":0,"Mercury Hourglass":24}],"Burning Blood":78,"Mercury Hourglass":[155]},"card_choices":[{"not_picked":["Ghostly Armor","Iron Wave"],"picked":"Cleave","floor":1.0},{"not_picked":["Entrench","Metallicize"],"picked":"Sword Boomerang","floor":2.0},{"not_picked":["Iron Wave","Metallicize"],"picked":"Twin Strike","floor":3.0},{"not_picked":["Sentinel","Warcry","Clash"],"picked":"SKIP","floor":5.0},{"not_picked":["Warcry","Immolate"],"picked":"Armaments","floor":7.0},{"not_picked":["Infernal Blade","Anger"],"picked":"Rage","floor":10.0},{"not_picked":["Twin Strike","Spot Weakness"],"picked":"Brutality","floor":12.0},{"not_picked":["Sword Boomerang","Flex","Cleave"],"picked":"SKIP","floor":13.0},{"not_picked":["Sword Boomerang","Entrench"],"picked":"Burning Pact","floor":14.0},{"not_picked":["Limit Break","Barricade"],"picked":"Offering","floor":16},{"not_picked":["Armaments","Flex"],"picked":"True Grit","floor":18},{"not_picked":["True Grit","Wild Strike"],"picked":"Headbutt","floor":25},{"not_picked":["Sentinel","Demon Form","Havoc"],"picked":"SKIP","floor":27}],"player_experience":255427,"relics_obtained":[{"floor":7.0,"key":"CaptainsWheel"},{"floor":9.0,"key":"Mercury Hourglass"},{"floor":12.0,"key":"MealTicket"},{"floor":14.0,"key":"Oddly Smooth Stone"},{"floor":21,"key":"Nilry\u0027s Codex"},{"floor":26,"key":"CeramicFish"}],"event_choices":[{"damage_healed":0.0,"max_hp_gain":0.0,"max_hp_loss":0.0,"gold_gain":0.0,"cards_transformed":["Strike_R"],"event_name":"Transmorgrifier","player_choice":"Transformed","floor":4.0,"gold_loss":0.0,"damage_taken":0.0,"cards_obtained":["Juggernaut"]},{"damage_healed":0,"gold_gain":0,"player_choice":"Obtained Relic","damage_taken":0,"relics_obtained":["Anchor"],"max_hp_gain":0,"max_hp_loss":0,"event_name":"Addict","floor":19,"gold_loss":85},{"damage_healed":0,"gold_gain":0,"player_choice":"Obtained Book","damage_taken":16,"max_hp_gain":0,"max_hp_loss":0,"event_name":"Cursed Tome","floor":21,"gold_loss":0},{"damage_healed":0,"gold_gain":0,"cards_transformed":["Defend_R","Bash"],"player_choice":"Became Test Subject","damage_taken":0,"max_hp_gain":0,"max_hp_loss":0,"event_name":"Drug Dealer","floor":22,"gold_loss":0,"cards_obtained":["Searing Blow","Blood for Blood"]},{"damage_healed":0,"gold_gain":0,"player_choice":"POTION ","damage_taken":12,"max_hp_gain":0,"max_hp_loss":0,"event_name":"Knowing Skull","floor":24,"potions_obtained":["SpeedPotion"],"gold_loss":0,"cards_obtained":[]}],"is_beta":false,"boss_relics":[{"not_picked":["Black Star","SacredBark"],"picked":"Astrolabe"}],"items_purged_floors":[11],"is_endless":false,"potions_floor_spawned":[1,5,12,13,25],"killed_by":"Snake Plant","ascension_level":13}}