{"host":"65mk3suhfjklhbko","time":1609653693,"event":{"mods":["AchievementEnabler","BaseMod","Bestiary","Hermit","Minty Spire (QoL Compilation)","Quick Restart","StSLib","The Disciple","The Servant 0.9.4"],"gold_per_floor":[110,41,60,75,89,114,134,144,144,114,131,131,131],"floor_reached":12,"playtime":635,"items_purged":[],"score":84,"play_id":"c7fd809f-ef15-443c-849b-976c77f77861","local_time":"20210103010133","is_ascension_mode":false,"campfire_choices":[],"circlet_count":0,"master_deck":["hermit:Strike_Hermit","hermit:Strike_Hermit","hermit:Strike_Hermit","hermit:Strike_Hermit","hermit:Defend_Hermit","hermit:Defend_Hermit","hermit:Defend_Hermit","hermit:Defend_Hermit","hermit:Snapshot","hermit:Covet","hermit:TrackingShot","hermit:Determination","hermit:Dive","hermit:Maintenance","hermit:HeroicBravado","hermit:CursedWeapon","hermit:Malice","hermit:TakeAim","hermit:HoleUp"],"relics":["hermit:Momento","NeowsBlessing","Ginger","Pear"],"acts_visited":["Exordium"],"potions_floor_usage":[7,7,11,12],"damage_taken":[{"damage":0,"enemies":"Cultist","floor":1,"turns":1},{"damage":0,"enemies":"Jaw Worm","floor":3,"turns":1},{"damage":0,"enemies":"2 Louse","floor":4,"turns":1},{"damage":6,"enemies":"Looter","floor":5,"turns":4},{"damage":29,"enemies":"Gremlin Nob","floor":6,"turns":5},{"damage":16,"enemies":"Exordium Thugs","floor":7,"turns":4},{"damage":9,"enemies":"Red Slaver","floor":8,"turns":5},{"damage":3,"enemies":"2 Fungi Beasts","floor":11,"turns":3},{"damage":32,"enemies":"Lagavulin","floor":12,"turns":8}],"seed_played":"3431764474247329438","potions_obtained":[{"floor":3,"key":"Fire Potion"},{"floor":5,"key":"ColorlessPotion"},{"floor":6,"key":"Explosive Potion"},{"floor":10,"key":"Strength Potion"},{"floor":10,"key":"Weak Potion"}],"is_trial":false,"path_per_floor":["M","$","M","M","M","E","M","M","T","?","M","E"],"character_chosen":"HERMIT","items_purchased":["hermit:Determination"],"campfire_rested":0,"item_purchase_floors":[2],"current_hp_per_floor":[75,75,75,75,69,40,24,15,25,25,22,0,0],"gold":131,"neow_bonus":"THREE_ENEMY_KILL","is_daily":false,"chose_seed":false,"campfire_upgraded":0,"win_rate":0.0,"timestamp":1609653693,"path_taken":["M","$","M","?","?","E","M","M","T","?","M","E"],"items_purchased_type":["Card"],"build_version":"2020-12-22","purchased_purges":0,"victory":false,"max_hp_per_floor":[75,75,75,75,75,75,75,75,85,85,85,85,85],"card_choices":[{"not_picked":["hermit:ItchyTrigger","hermit:Misfire"],"picked":"hermit:TrackingShot","floor":1},{"not_picked":["hermit:NoHoldsBarred","hermit:SprayPray"],"picked":"hermit:Dive","floor":3},{"not_picked":["hermit:BodyArmor","hermit:Manifest"],"picked":"hermit:Maintenance","floor":4},{"not_picked":["hermit:LoneWolf","hermit:Dive"],"picked":"hermit:HeroicBravado","floor":5},{"not_picked":["hermit:HighCaliber","hermit:Manifest"],"picked":"hermit:CursedWeapon","floor":6},{"not_picked":["hermit:LowProfile","hermit:TrackingShot"],"picked":"hermit:Malice","floor":7},{"not_picked":["hermit:LoneWolf","hermit:Feint"],"picked":"hermit:TakeAim","floor":8},{"not_picked":["hermit:Virtue","hermit:ItchyTrigger"],"picked":"hermit:HoleUp","floor":11}],"player_experience":629765,"relics_obtained":[{"floor":6,"key":"Ginger"},{"floor":9,"key":"Pear"}],"event_choices":[{"damage_healed":0,"gold_gain":0,"player_choice":"Bought 2 Potions","damage_taken":0,"max_hp_gain":0,"max_hp_loss":0,"event_name":"The Woman in Blue","floor":10,"gold_loss":0}],"is_beta":false,"boss_relics":[],"items_purged_floors":[],"is_endless":false,"potions_floor_spawned":[3,5,6],"killed_by":"Lagavulin","ascension_level":0}}