{"host":"1hyzy7ndnud2osw4","time":1609717870,"event":{"mods":["2.2 Compatiblity","Act Like it!","Arknights The Spire","Art Attack!","Aspiration","Astrologer","Bard","BaseMod","Beaked The Cultist","Better Third Choice","BetterRewards","Colored Powertips","Conspire","Decade(èÝá³Ù¥)","Dota2Spire","Elementarium","Gensokyo","GifTheSpireLib","GungeonMod","Hallownest","Hermit","Highlight Path","Hubris","Infinite Spire","Jorbs\u0027s Wanderer Trilogy","KinomotoSakuraMod(ÙÊñýÜâ?)","Koishi","KomeijiMod","Lobotomy","Menagerie","Minty Spire (QoL Compilation)","Quick Restart","SOS£¨ÞÙ÷é?ñýí­£©","Shop Mod","Spicy Shops","StSLib","The Administrix","The Bladedancer","The Bug Knight","The Construct","The Cursed","The Death Knight","The Disciple","The Dragon Tamer","The Factory","The Forsaken","The Gatherer","The Hierophant","The Jungle","The Marked","The Poker Player","The Runesmith","The Sage","The Senshi","The Wild Card","Uncapped","WarShipGirlsR/??á´Ò³R mod","Yuri Mod","Yuyuko","[IsaacMod]ì¤ß®ôÓ÷²"],"gold_per_floor":[115,115,165,178,188,188,204,230,256,290,320,320,353,370,370,471,471,487,502,502,502,587,616,616,651,651,685,698,1030,1030,1085,1085,1182,1182,1194,63,23,36,36,36,61,92,92,126,142,161,161,174,174,273,273,272,272,272,280,289,289,289,305,329,345,362,366,38,38,38,141,141,149,149,152,149,152,161,161,166,190,190,210,210,221,72,72,168,168,171,48,54,54,72,72,81,108,124,147,147,147,171,195,195,157,157],"floor_reached":101,"playtime":7419,"items_purged":["theForsaken:PlagueCurse","Regret","Normality"],"score":2505,"play_id":"f452ba88-3b2f-4fc7-8203-cae7251bab91","local_time":"20210104085110","daily_mods":["Draft","Heirloom","Time Dilation","DeadlyEvents","Elite Swarm"],"is_ascension_mode":true,"campfire_choices":[{"data":"Storm","floor":6.0,"key":"SMITH"},{"data":"Genetic Algorithm","floor":12.0,"key":"SMITH"},{"data":"Defragment","floor":15.0,"key":"SMITH"},{"data":"Machine Learning","floor":24.0,"key":"SMITH"},{"data":"Fission","floor":30.0,"key":"SMITH"},{"data":"Fission","floor":32.0,"key":"SMITH"},{"data":"Storm","floor":40.0,"key":"SMITH"},{"data":"Genetic Algorithm","floor":49.0,"key":"SMITH"},{"data":"Defragment","floor":57.0,"key":"SMITH"},{"data":"Seek","floor":66.0,"key":"SMITH"},{"data":"Aggregate","floor":75.0,"key":"SMITH"},{"data":"Genetic Algorithm","floor":80.0,"key":"SMITH"},{"data":"Fission","floor":83.0,"key":"SMITH"},{"data":"Fission","floor":91.0,"key":"SMITH"},{"data":"Fission","floor":97.0,"key":"SMITH"},{"data":"Buffer","floor":100,"key":"SMITH"}],"circlet_count":0,"master_deck":["Double Energy","Hello World","Coolheaded","Conserve Battery","White Noise","Conserve Battery","BootSequence+1","BootSequence","Storm+1","Storm+1","Rebound+1","Genetic Algorithm+1","Static Discharge","Ball Lightning","White Noise","Heatsinks","Go for the Eyes","Defragment+1","Go for the Eyes","Machine Learning+1","Core Surge","Electrodynamics","Meteor Strike+1","Conserve Battery","Seek+1","Hologram","Sunder+1","Machine Learning","Fission+1","Consume","Fission+1","Multi-Cast","Hello World+1","Capacitor+1","Hologram","Storm+1","Core Surge","Static Discharge+1","Electrodynamics","Amplify","Buffer","Coolheaded+1","Hologram","infinitespire:UltimateForm","Genetic Algorithm+1","Creative AI","Defragment+1","Creative AI","Seek+1","Amplify","Echo Form","Defragment","Buffer","Aggregate+1","infinitespire:Oblivion+1","Genetic Algorithm+1","Electrodynamics","Fission+1","Electrodynamics","Machine Learning","infinitespire:Punishment+1","Fission+1","Mind Blast+1","Barrage+1","infinitespire:Collect","Buffer+1","Creative AI","Fission+1","Echo Form","Amplify"],"relics":["Cracked Core","HushsDoor","infinitespire:Magic Flask","TheBible","theSenshi:FeatherClipsRelic","SharpPlug","DemoMod:ChaffGrenade","Ancient Tea Set","Vajra","Dota2Spire:ShadowBlade","theForsaken:Lifeblossom","theForsaken:PaleLantern","theForsaken:PlagueMask","Dream Catcher","SlaversCollar","War Paint","Blue Candle","DeathKnight:SindragosasSkull","DemoMod:PoisonVial","Old Coin","Anchor","conspire:SpecialSausage","Dota2Spire:BladeMail","Sundial","HollowMod:PaleOreRelic","Oddly Smooth Stone","ClockworkSouvenir","Sling","Bag of Preparation","Happy Flower","theForsaken:ScaryMask","hubris:TenFootPole","BFFS","Black Star","aspiration:SecretTechniqueScroll","DemoMod:SuperHotWatch","TuHaoJin","theForsaken:Gavel","Strawberry","Molten Egg 2","aspiration:FaultyCoupler","infinitespire:Lucky Rock","aspiration:FetidBarrel","hubris:Metronome","aspiration:TomeofQuesting","Dota2Spire:PowerTreads","aspiration:Lifesprig","Dota2Spire:Bloodstone","Dota2Spire:MagicBottle","Philosopher\u0027s Stone","Centennial Puzzle","Whetstone","Dota2Spire:OrchidMalevolence","Dota2Spire:ShivaGuard","DemoMod:WhiteGuonStone","Dota2Spire:Vanguard","Smiling Mask","theSenshi:SailorFukuRelic","theSenshi:SpiralHeartMoonRodRelic","theForsaken:HumbleEgg","Runic Capacitor","DemoMod:RiddleOfLead","GoodDreamPillow","Dota2Spire:BattleFury","DemoMod:DecoyRelic","conspire:BottledYoYo","DemoMod:LamentConfigurum","Symbiotic Virus","Thread and Needle","Dota2Spire:ArmletOfMordiggian","Bottled Tornado","Blood Vial","SatanicBible","hubris:BundleOfHerbs","DemoMod:WeirdEgg"],"acts_visited":["Exordium","TheCity","TheBeyond","Exordium","TheCity","TheBeyond"],"potions_floor_usage":[99,101,101,101],"damage_taken":[{"damage":0.0,"enemies":"Small Slimes","floor":1.0,"turns":2.0},{"damage":19.0,"enemies":"Hiden Room Battle","floor":3.0,"turns":3.0},{"damage":0.0,"enemies":"2 Louse","floor":4.0,"turns":3.0},{"damage":0.0,"enemies":"Cultist","floor":5.0,"turns":3.0},{"damage":0.0,"enemies":"Red Slaver","floor":7.0,"turns":2.0},{"damage":0.0,"enemies":"HollowMod:MossKnight","floor":8.0,"turns":4.0},{"damage":0.0,"enemies":"Gremlin Nob","floor":10.0,"turns":3.0},{"damage":0.0,"enemies":"Lagavulin","floor":11.0,"turns":3.0},{"damage":0.0,"enemies":"Gremlin Nob","floor":13.0,"turns":2.0},{"damage":0.0,"enemies":"Gremlin Gang","floor":14.0,"turns":3.0},{"damage":0.0,"enemies":"The Guardian","floor":16.0,"turns":5.0},{"damage":0.0,"enemies":"3 Byrds","floor":18.0,"turns":2.0},{"damage":0.0,"enemies":"Spheric Guardian","floor":19.0,"turns":3.0},{"damage":0.0,"enemies":"Book of Stabbing","floor":23.0,"turns":5.0},{"damage":0.0,"enemies":"conspire:Head Lice","floor":25.0,"turns":3.0},{"damage":0.0,"enemies":"conspire:SneckoGhost","floor":27.0,"turns":2.0},{"damage":0.0,"enemies":"Snake Plant","floor":28.0,"turns":3.0},{"damage":0.0,"enemies":"Slavers","floor":29.0,"turns":3.0},{"damage":0.0,"enemies":"conspire:MysteriousRune","floor":33.0,"turns":4.0},{"damage":0.0,"enemies":"3 Darklings","floor":35.0,"turns":3.0},{"damage":0.0,"enemies":"Orb Walker","floor":38.0,"turns":2.0},{"damage":0.0,"enemies":"HollowMod:StalkingDevout","floor":41.0,"turns":3.0},{"damage":0.0,"enemies":"beaked:SuperParasite","floor":42.0,"turns":3.0},{"damage":0.0,"enemies":"Nightmare","floor":44.0,"turns":5.0},{"damage":0.0,"enemies":"4 Shapes","floor":45.0,"turns":2.0},{"damage":0.0,"enemies":"Writhing Mass","floor":46.0,"turns":2.0},{"damage":0.0,"enemies":"4 Shapes","floor":48.0,"turns":2.0},{"damage":0.0,"enemies":"Time Eater","floor":50.0,"turns":4.0},{"damage":0.0,"enemies":"Small Slimes","floor":52.0,"turns":2.0},{"damage":0.0,"enemies":"Jaw Worm","floor":55.0,"turns":1.0},{"damage":0.0,"enemies":"2 Louse","floor":56.0,"turns":1.0},{"damage":0.0,"enemies":"Gremlin Nob","floor":59.0,"turns":2.0},{"damage":0.0,"enemies":"3 Sentries","floor":61.0,"turns":2.0},{"damage":0.0,"enemies":"HollowMod:MossKnight","floor":62.0,"turns":2.0},{"damage":0.0,"enemies":"2 Fungi Beasts","floor":63.0,"turns":2.0},{"damage":0.0,"enemies":"Delirium","floor":67.0,"turns":1.0},{"damage":1.0,"enemies":"Chosen","floor":69.0,"turns":2.0},{"damage":0.0,"enemies":"3 Byrds","floor":71.0,"turns":1.0},{"damage":0.0,"enemies":"Cultist and Chosen","floor":72.0,"turns":2.0},{"damage":0.0,"enemies":"Shelled Parasite and Fungi","floor":73.0,"turns":1.0},{"damage":0.0,"enemies":"Book of Stabbing","floor":74.0,"turns":2.0},{"damage":0.0,"enemies":"Gremlin Leader","floor":76.0,"turns":2.0},{"damage":0.0,"enemies":"Slavers","floor":79.0,"turns":2.0},{"damage":0.0,"enemies":"Book of Stabbing","floor":81.0,"turns":2.0},{"damage":0.0,"enemies":"Delirium","floor":84.0,"turns":1.0},{"damage":0.0,"enemies":"Orb Walker","floor":86.0,"turns":1.0},{"damage":0.0,"enemies":"3 Darklings","floor":88.0,"turns":2.0},{"damage":0.0,"enemies":"Reptomancer","floor":90.0,"turns":1.0},{"damage":0.0,"enemies":"4 Shapes","floor":92.0,"turns":1.0},{"damage":0.0,"enemies":"Nemesis","floor":93.0,"turns":1.0},{"damage":0.0,"enemies":"Writhing Mass","floor":94.0,"turns":2.0},{"damage":0.0,"enemies":"Reptomancer","floor":95.0,"turns":1.0},{"damage":0,"enemies":"HollowMod:StalkingDevout","floor":98,"turns":1},{"damage":0,"enemies":"Reptomancer","floor":99,"turns":1},{"damage":108,"enemies":"Delirium","floor":101,"turns":2}],"seed_played":"8709146154595988549","potions_obtained":[{"floor":4.0,"key":"FearPotion"},{"floor":7.0,"key":"Block Potion"},{"floor":8.0,"key":"ColorlessPotion"},{"floor":11.0,"key":"CalmPotion"},{"floor":14.0,"key":"DuplicationPotion"},{"floor":19.0,"key":"ExcitationPotion"},{"floor":27.0,"key":"EssenceOfSteel"},{"floor":28.0,"key":"Block Potion"},{"floor":29.0,"key":"Energy Potion"},{"floor":35.0,"key":"LiquidMemories"},{"floor":55.0,"key":"EssenceOfDarkness"},{"floor":63.0,"key":"sagemod:Wine"},{"floor":67.0,"key":"EssenceOfSteel"},{"floor":79.0,"key":"Block Potion"},{"floor":98,"key":"FearPotion"},{"floor":99,"key":"Fire Potion"}],"is_trial":true,"path_per_floor":["M","?","?","M","M","R","M","E","T","E","E","R","E","M","R","B",null,"M","M","?","AVR","?","E","R","E","T","E","M","E","R","T","R","B",null,"M","$","?","M","?","R","E","E","T","NM","M","M","AVR","M","R","B",null,"M","AVR","?","M","M","R","?","E","T","E","E","M","$","T","R","B",null,"M","AVR","M","M","M","E","R","E","T","?","E","R","E","$","R","B",null,"M","?","M","?","E","R","M","E","T","E","$","R","E","E","R","B"],"character_chosen":"DEFECT","items_purchased":["Capacitor","Dota2Spire:BladeMail","Sundial","HollowMod:PaleOreRelic","Oddly Smooth Stone","ClockworkSouvenir","Sling","Hologram","hubris:Metronome","aspiration:TomeofQuesting","Dota2Spire:PowerTreads","Defragment","Runic Capacitor","Mind Blast+1"],"campfire_rested":0,"item_purchase_floors":[36,36,36,36,36,36,36,36,64,64,64,64,82,85],"current_hp_per_floor":[75,75,41,47,53,53,59,65,65,71,75,75,75,75,75,75,75,75,75,75,75,60,72,72,75,75,75,75,75,75,75,75,75,75,75,75,75,75,75,75,75,75,75,75,75,75,75,75,75,75,75,75,75,75,75,75,75,75,75,82,82,82,82,82,82,82,82,82,82,82,82,82,82,82,82,82,82,82,82,82,82,82,82,82,90,90,90,90,80,88,88,90,90,90,90,90,90,90,90,90,0,0],"gold":157,"neow_bonus":"","is_daily":false,"chose_seed":false,"campfire_upgraded":16,"win_rate":0.0,"timestamp":1609717870,"path_taken":["M","?","?","?","?","R","M","E","T","E","?","R","E","M","R","BOSS","M","M","?","AVR","?","E","R","E","T","E","M","E","R","?","R","BOSS","M","$","?","M","?","R","E","?","T","NM","?","M","AVR","?","R","BOSS","M","AVR","?","M","M","R","?","E","T","E","?","M","$","?","R","BOSS","M","AVR","?","?","M","E","R","E","T","?","E","R","E","$","R","BOSS","M","?","M","?","?","R","?","E","T","E","?","R","?","E","R","BOSS"],"items_purchased_type":["Card","Relic","Relic","Relic","Relic","Relic","Relic","Card","Relic","Relic","Relic","Card","Relic","Card"],"build_version":"2020-12-22","purchased_purges":3,"victory":false,"max_hp_per_floor":[75,75,75,75,75,75,75,75,75,75,75,75,75,75,75,75,75,75,75,75,75,75,75,75,75,75,75,75,75,75,75,75,75,75,75,75,75,75,75,75,75,75,75,75,75,75,75,75,75,75,75,75,75,75,75,75,75,75,75,82,82,82,82,82,82,82,82,82,82,82,82,82,82,82,82,82,82,82,82,82,82,82,82,82,90,90,90,90,90,90,90,90,90,90,90,90,90,90,90,90,90,90],"card_choices":[{"not_picked":["Leap","Steam"],"picked":"Double Energy","floor":0.0},{"not_picked":["Lockon","Chaos"],"picked":"Hello World","floor":0.0},{"not_picked":["Go for the Eyes","Doom and Gloom"],"picked":"Coolheaded","floor":0.0},{"not_picked":["Stack","Recycle"],"picked":"Conserve Battery","floor":0.0},{"not_picked":["Rip and Tear","Consume"],"picked":"White Noise","floor":0.0},{"not_picked":["Cold Snap","Redo"],"picked":"Conserve Battery","floor":0.0},{"not_picked":["Coolheaded","Stack"],"picked":"BootSequence","floor":0.0},{"not_picked":["Consume","Conserve Battery"],"picked":"BootSequence","floor":0.0},{"not_picked":["Ball Lightning","Steam"],"picked":"Storm","floor":0.0},{"not_picked":["Coolheaded","Redo"],"picked":"Turbo","floor":0.0},{"not_picked":["Coolheaded","Cold Snap"],"picked":"Storm","floor":0.0},{"not_picked":["Sweeping Beam","Redo"],"picked":"Rebound","floor":0.0},{"not_picked":["Chaos","Cancel"],"picked":"Genetic Algorithm","floor":0.0},{"not_picked":["Coolheaded","Cold Snap"],"picked":"Static Discharge","floor":0.0},{"not_picked":["Gash","Scrape"],"picked":"Ball Lightning","floor":0.0},{"not_picked":["Auto Shields","Compile Driver"],"picked":"White Noise","floor":1.0},{"not_picked":["Streamline","Bomb"],"picked":"Heatsinks","floor":3.0},{"not_picked":["Stack","Fan"],"picked":"Go for the Eyes","floor":4.0},{"not_picked":["All For One","Beam Cell"],"picked":"Defragment","floor":5.0},{"not_picked":["Fan","Rip and Tear"],"picked":"Go for the Eyes","floor":7.0},{"not_picked":["Rainbow","All For One"],"picked":"Machine Learning","floor":8.0},{"not_picked":["All For One","Rainbow"],"picked":"Core Surge","floor":10.0},{"not_picked":["hubris:SpecializedCircuitry","hubris:DoWhile"],"picked":"Electrodynamics","floor":11.0},{"not_picked":["Multi-Cast","All For One"],"picked":"Meteor Strike","floor":13.0},{"not_picked":["Streamline","Rip and Tear"],"picked":"Conserve Battery","floor":14.0},{"not_picked":["Core Surge","Meteor Strike"],"picked":"Seek","floor":16.0},{"not_picked":["Recycle+1","Reprogram"],"picked":"Hologram","floor":18.0},{"not_picked":["Steam","Leap"],"picked":"Sunder+1","floor":19.0},{"not_picked":["Rainbow","All For One","hubris:DoWhile"],"picked":"SKIP","floor":23.0},{"not_picked":["Reboot","Hyperbeam"],"picked":"Machine Learning","floor":25.0},{"not_picked":["Multi-Cast","Buffer"],"picked":"Fission","floor":27.0},{"not_picked":["Sweeping Beam","Melter"],"picked":"Consume","floor":28.0},{"not_picked":["hubris:Prefetch","Meteor Strike"],"picked":"Fission","floor":29.0},{"not_picked":["Electrodynamics","Biased Cognition"],"picked":"Multi-Cast","floor":33.0},{"not_picked":["Doom and Gloom+1","Double Energy"],"picked":"Hello World+1","floor":35.0},{"not_picked":[],"picked":"Storm","floor":37.0},{"not_picked":[],"picked":"Core Surge","floor":37.0},{"not_picked":["Hologram+1","Sweeping Beam+1"],"picked":"Static Discharge+1","floor":38.0},{"not_picked":["Creative AI","Biased Cognition"],"picked":"Electrodynamics","floor":41.0},{"not_picked":["Biased Cognition","All For One"],"picked":"Amplify","floor":42.0},{"not_picked":["Rainbow","Electrodynamics"],"picked":"Buffer","floor":44.0},{"not_picked":["Streamline","Rebound+1"],"picked":"Coolheaded+1","floor":45.0},{"not_picked":["Ball Lightning+1","Chill+1"],"picked":"Hologram","floor":46.0},{"not_picked":["Beam Cell+1","Cancel+1"],"picked":"Genetic Algorithm","floor":48.0},{"not_picked":["Machine Learning","All For One"],"picked":"Creative AI","floor":50.0},{"not_picked":["Beam Cell","Rebound","Gash"],"picked":"SKIP","floor":52.0},{"not_picked":["Compile Driver","Ball Lightning"],"picked":"Defragment","floor":55.0},{"not_picked":["Go for the Eyes","Compile Driver"],"picked":"Creative AI","floor":56.0},{"not_picked":["Electrodynamics","Thunder Strike"],"picked":"Seek","floor":59.0},{"not_picked":["Machine Learning","hubris:SpecializedCircuitry"],"picked":"Amplify","floor":61.0},{"not_picked":["Rainbow","hubris:SpecializedCircuitry"],"picked":"Echo Form","floor":62.0},{"not_picked":["Fan","Beam Cell+1","Streamline+1"],"picked":"SKIP","floor":63.0},{"not_picked":["Creative AI","Biased Cognition"],"picked":"Buffer","floor":67.0},{"not_picked":["Redo","Static Discharge"],"picked":"Aggregate","floor":69.0},{"not_picked":["Steam Power","Gash+1","Undo"],"picked":"SKIP","floor":71.0},{"not_picked":["Distribution","Barrage+1"],"picked":"Genetic Algorithm","floor":72.0},{"not_picked":["Barrage+1","Reinforced Body+1","Ball Lightning+1"],"picked":"SKIP","floor":73.0},{"not_picked":["Multi-Cast","Reboot"],"picked":"Electrodynamics","floor":74.0},{"not_picked":["Biased Cognition","Reboot"],"picked":"Fission","floor":76.0},{"not_picked":["ElectricPowerLearning","Core Surge+1"],"picked":"Electrodynamics","floor":79.0},{"not_picked":["Reboot","Multi-Cast"],"picked":"Machine Learning","floor":81.0},{"not_picked":["hubris:Rewind","infinitespire:DeathsTouch"],"picked":"infinitespire:Punishment","floor":84.0},{"not_picked":["ElectricPowerLearning","hubris:DoWhile"],"picked":"Fission","floor":84.0},{"not_picked":["Steam+1","Ball Lightning+1","Leap+1"],"picked":"SKIP","floor":86.0},{"not_picked":["Streamline+1","Pulse"],"picked":"Barrage+1","floor":88.0},{"not_picked":["hubris:InfiniteBlow","infinitespire:Fortify"],"picked":"infinitespire:Collect","floor":89.0},{"not_picked":["Hyperbeam+1","Multi-Cast"],"picked":"Buffer","floor":90.0},{"not_picked":["Redo+1","Turbo+1","Beam Cell+1"],"picked":"SKIP","floor":92.0},{"not_picked":["Reboot","Core Surge+1"],"picked":"Creative AI","floor":93.0},{"not_picked":["Go for the Eyes+1","Steam+1","Cold Snap+1"],"picked":"SKIP","floor":94.0},{"not_picked":["Amplify","Creative AI"],"picked":"Fission","floor":95.0},{"not_picked":["hubris:SpecializedCircuitry","Amplify"],"picked":"Echo Form","floor":98},{"not_picked":["Core Surge+1","All For One+1"],"picked":"Amplify","floor":99}],"player_experience":1023133,"relics_obtained":[{"floor":3.0,"key":"theSenshi:FeatherClipsRelic"},{"floor":3.0,"key":"SharpPlug"},{"floor":8.0,"key":"DemoMod:ChaffGrenade"},{"floor":9.0,"key":"Ancient Tea Set"},{"floor":10.0,"key":"Vajra"},{"floor":11.0,"key":"Dota2Spire:ShadowBlade"},{"floor":13.0,"key":"theForsaken:Lifeblossom"},{"floor":23.0,"key":"War Paint"},{"floor":25.0,"key":"Blue Candle"},{"floor":26.0,"key":"DeathKnight:SindragosasSkull"},{"floor":27.0,"key":"DemoMod:PoisonVial"},{"floor":29.0,"key":"Old Coin"},{"floor":31.0,"key":"Anchor"},{"floor":41.0,"key":"Bag of Preparation"},{"floor":42.0,"key":"Happy Flower"},{"floor":43.0,"key":"theForsaken:ScaryMask"},{"floor":44.0,"key":"hubris:TenFootPole"},{"floor":59.0,"key":"TuHaoJin"},{"floor":59.0,"key":"theForsaken:Gavel"},{"floor":60.0,"key":"Strawberry"},{"floor":61.0,"key":"Molten Egg 2"},{"floor":61.0,"key":"aspiration:FaultyCoupler"},{"floor":62.0,"key":"infinitespire:Lucky Rock"},{"floor":62.0,"key":"aspiration:FetidBarrel"},{"floor":65.0,"key":"aspiration:Lifesprig"},{"floor":74.0,"key":"Centennial Puzzle"},{"floor":74.0,"key":"Whetstone"},{"floor":76.0,"key":"Dota2Spire:OrchidMalevolence"},{"floor":76.0,"key":"Dota2Spire:ShivaGuard"},{"floor":77.0,"key":"DemoMod:WhiteGuonStone"},{"floor":79.0,"key":"Smiling Mask"},{"floor":79.0,"key":"theSenshi:SailorFukuRelic"},{"floor":81.0,"key":"theSenshi:SpiralHeartMoonRodRelic"},{"floor":81.0,"key":"theForsaken:HumbleEgg"},{"floor":90.0,"key":"Dota2Spire:BattleFury"},{"floor":90.0,"key":"DemoMod:DecoyRelic"},{"floor":93.0,"key":"conspire:BottledYoYo"},{"floor":93.0,"key":"DemoMod:LamentConfigurum"},{"floor":94.0,"key":"Symbiotic Virus"},{"floor":95.0,"key":"Dota2Spire:ArmletOfMordiggian"},{"floor":95.0,"key":"Bottled Tornado"},{"floor":98,"key":"Blood Vial"},{"floor":98,"key":"SatanicBible"},{"floor":99,"key":"hubris:BundleOfHerbs"},{"floor":99,"key":"DemoMod:WeirdEgg"}],"event_choices":[{"damage_healed":0.0,"max_hp_gain":0.0,"max_hp_loss":0.0,"gold_gain":0.0,"event_name":"Living Wall","player_choice":"Grow","floor":2.0,"gold_loss":0.0,"damage_taken":0.0,"cards_upgraded":["Storm"]},{"damage_healed":0.0,"max_hp_gain":0.0,"max_hp_loss":0.0,"gold_gain":0.0,"event_name":"HidenRoomEvent","player_choice":"Fight","floor":3.0,"gold_loss":0.0,"damage_taken":0.0},{"damage_healed":0.0,"max_hp_gain":0.0,"max_hp_loss":0.0,"gold_gain":0.0,"event_name":"Plague Doctor","player_choice":"Obtain Plague Curse","floor":20.0,"gold_loss":0.0,"damage_taken":0.0,"cards_obtained":["theForsaken:PlagueCurse"]},{"cards_removed":["Turbo"],"damage_healed":0.0,"max_hp_gain":0.0,"max_hp_loss":0.0,"gold_gain":0.0,"event_name":"Purifier","player_choice":"Purged","floor":39.0,"gold_loss":0.0,"damage_taken":0.0},{"damage_healed":0.0,"max_hp_gain":0.0,"max_hp_loss":0.0,"gold_gain":0.0,"event_name":"conspire:Investor","player_choice":"Leave","floor":58.0,"gold_loss":0.0,"damage_taken":0.0},{"damage_healed":0.0,"max_hp_gain":0.0,"max_hp_loss":0.0,"gold_gain":0.0,"event_name":"The Mausoleum","player_choice":"Opened","floor":78.0,"gold_loss":0.0,"damage_taken":0.0,"relics_obtained":["Dota2Spire:Vanguard"]}],"is_beta":false,"boss_relics":[{"not_picked":["theSenshi:MoonKaleidoScopeRelic","ChampionBelt"],"picked":"theForsaken:PaleLantern"},{"not_picked":[]},{"not_picked":["Cursed Key","conspire:SeveredTorchhead"],"picked":"conspire:SpecialSausage"},{"not_picked":[]},{"not_picked":["Fusion Hammer","Dota2Spire:Bloodstone"],"picked":"aspiration:SecretTechniqueScroll"},{"not_picked":[]},{"not_picked":["hubris:GrandSneckoEye","conspire:SlowCooker"],"picked":"Dota2Spire:Bloodstone"},{"not_picked":[]},{"not_picked":["Runic Pyramid","conspire:SeveredTorchhead"],"picked":"DemoMod:RiddleOfLead"},{"not_picked":[]}],"items_purged_floors":[21,36,70],"is_endless":true,"potions_floor_spawned":[4,7,8,10,11,14,19,27,28,29,35,38,45,46,50,55,56,63,67,69,72,73,79,88,98,99],"killed_by":"Delirium","ascension_level":1}}