{"host":"6pgtslebjnyv5xmi","time":1609685169,"event":{"mods":["AchievementEnabler","BaseMod","Colored Map","Minty Spire (QoL Compilation)","Rare Cards Sparkle","StSLib","SuperFastMode","everything is the same but u backflip on backflip"],"gold_per_floor":[113,128,140,152,327,327,1,17,44,44,55,55,130,140,140,240,240,250,270,270,270],"floor_reached":20,"playtime":598,"items_purged":["Doubt"],"score":252,"play_id":"43d40590-8e78-4712-aeda-099b1f01deae","local_time":"20210103234609","is_ascension_mode":true,"campfire_choices":[{"data":"Bouncing Flask","floor":6,"key":"SMITH"},{"data":"Apotheosis","floor":15,"key":"SMITH"}],"circlet_count":0,"master_deck":["AscendersBane","Strike_G","Strike_G","Strike_G","Strike_G","Defend_G","Defend_G","Defend_G","Defend_G","Defend_G+1","Survivor","Neutralize","Bouncing Flask+1","Apotheosis+1","Caltrops","Blur+1","Acrobatics","Deadly Poison","Grand Finale","Backflip"],"relics":["Ring of the Snake","NeowsBlessing","War Paint","Fusion Hammer"],"acts_visited":["Exordium","TheCity"],"potions_floor_usage":[8,16,20,20],"damage_taken":[{"damage":0,"enemies":"Cultist","floor":1,"turns":1},{"damage":0,"enemies":"2 Louse","floor":2,"turns":1},{"damage":0,"enemies":"Small Slimes","floor":3,"turns":1},{"damage":11,"enemies":"Red Slaver","floor":4,"turns":4},{"damage":6,"enemies":"Large Slime","floor":8,"turns":6},{"damage":3,"enemies":"Looter","floor":11,"turns":3},{"damage":11,"enemies":"3 Louse","floor":14,"turns":4},{"damage":7,"enemies":"Hexaghost","floor":16,"turns":8},{"damage":0,"enemies":"Chosen","floor":18,"turns":4},{"damage":13,"enemies":"Spheric Guardian","floor":19,"turns":6},{"damage":56,"enemies":"Masked Bandits","floor":20,"turns":3}],"seed_played":"-8891499645965289289","potions_obtained":[{"floor":2,"key":"SpeedPotion"},{"floor":3,"key":"Explosive Potion"},{"floor":4,"key":"AttackPotion"},{"floor":16,"key":"SpeedPotion"},{"floor":19,"key":"FearPotion"}],"is_trial":false,"path_per_floor":["M","M","M","M","?","R","$","M","T","?","M","?","?","M","R","B",null,"M","M","?"],"character_chosen":"THE_SILENT","items_purchased":["Apotheosis","Caltrops"],"campfire_rested":0,"item_purchase_floors":[7,7],"current_hp_per_floor":[63,63,63,52,52,52,52,46,46,46,43,66,55,44,44,37,62,62,49,0,0],"gold":270,"neow_bonus":"THREE_ENEMY_KILL","is_daily":false,"chose_seed":false,"campfire_upgraded":2,"win_rate":0.0,"timestamp":1609685169,"path_taken":["M","M","?","?","?","R","$","M","T","?","?","?","?","M","R","BOSS","M","M","?"],"items_purchased_type":["Card","Card"],"build_version":"2020-12-22","purchased_purges":1,"victory":false,"max_hp_per_floor":[70,70,70,70,70,70,70,70,70,70,70,70,70,70,70,70,70,70,70,70,70],"card_choices":[{"not_picked":["Poisoned Stab","Flying Knee"],"picked":"Bouncing Flask","floor":1},{"not_picked":["Cloak And Dagger","All Out Attack","Masterful Stab"],"picked":"SKIP","floor":2},{"not_picked":["Endless Agony","Sucker Punch","Tactician"],"picked":"SKIP","floor":3},{"not_picked":["Dodge and Roll","Deflect","Skewer"],"picked":"SKIP","floor":4},{"not_picked":["Blade Dance","Predator"],"picked":"Blur","floor":8},{"not_picked":["Acrobatics","Endless Agony"],"picked":"Deadly Poison","floor":11},{"not_picked":["Accuracy","Calculated Gamble","Quick Slash"],"picked":"SKIP","floor":14},{"not_picked":["Doppelganger","Storm of Steel"],"picked":"Grand Finale","floor":16},{"not_picked":["Dagger Throw","Dodge and Roll+1"],"picked":"Backflip","floor":18},{"not_picked":["Malaise","Deflect","Dagger Throw"],"picked":"SKIP","floor":19}],"player_experience":680903,"relics_obtained":[{"floor":9,"key":"War Paint"}],"event_choices":[{"damage_healed":0,"gold_gain":175,"player_choice":"AGREE","damage_taken":0,"max_hp_gain":0,"max_hp_loss":0,"event_name":"Liars Game","floor":5,"gold_loss":0,"cards_obtained":["Doubt"]},{"damage_healed":0,"gold_gain":0,"cards_transformed":["Strike_G"],"player_choice":"Transformed","damage_taken":0,"max_hp_gain":0,"max_hp_loss":0,"event_name":"Transmorgrifier","floor":10,"gold_loss":0,"cards_obtained":["Acrobatics"]},{"damage_healed":23,"gold_gain":0,"player_choice":"Banana","damage_taken":0,"max_hp_gain":0,"max_hp_loss":0,"event_name":"Big Fish","floor":12,"gold_loss":0},{"damage_healed":0,"gold_gain":75,"player_choice":"Gather Gold","damage_taken":11,"max_hp_gain":0,"max_hp_loss":0,"event_name":"World of Goop","floor":13,"gold_loss":0},{"damage_healed":0,"gold_gain":0,"player_choice":"Fought Bandits","damage_taken":0,"max_hp_gain":0,"max_hp_loss":0,"event_name":"Masked Bandits","floor":20,"gold_loss":0}],"is_beta":false,"boss_relics":[{"not_picked":["Runic Pyramid","Philosopher\u0027s Stone"],"picked":"Fusion Hammer"}],"items_purged_floors":[7],"is_endless":false,"potions_floor_spawned":[2,3,4,16,19],"killed_by":"Masked Bandits","ascension_level":10}}