{"host":"nomlpa5ttaaqphus","time":1609713521,"event":{"mods":["100% Spire Juice","BaseMod","Colored Powertips","Minty Spire (QoL Compilation)","StSLib"],"gold_per_floor":[90,107,107,118,18,18,37,37,105,105,121,121,147,167,167,268,268,282,282,42,42,42,42,42,42,69,69,102,102,16,36,36,137,137,153,168,168,181,36,36,55,55,55,55,55,88,100,117,117,117],"floor_reached":51,"playtime":2608,"items_purged":[],"score":722,"play_id":"fe5958d0-261c-4c03-bfc5-3e0b96f4d242","local_time":"20210103183841","is_ascension_mode":false,"campfire_choices":[{"data":"Moonworks:Ambush","floor":6.0,"key":"SMITH"},{"data":"Moonworks:LeapThroughSpace","floor":8.0,"key":"SMITH"},{"data":"Moonworks:MiracleRedBeanIceCream","floor":10.0,"key":"SMITH"},{"data":"Moonworks:Assault","floor":12.0,"key":"SMITH"},{"floor":15.0,"key":"REST"},{"data":"Moonworks:Blazing","floor":23,"key":"SMITH"},{"floor":25,"key":"REST"},{"data":"Moonworks:FullSpeedAlicianrone","floor":29,"key":"SMITH"},{"floor":32,"key":"REST"},{"data":"Moonworks:Blazing","floor":40,"key":"SMITH"},{"data":"Moonworks:EvilSpyWorkPreparation","floor":42,"key":"SMITH"},{"floor":45,"key":"REST"},{"data":"Moonworks:LongDistanceShot","floor":49,"key":"SMITH"}],"circlet_count":0,"master_deck":["Moonworks:Strike","Moonworks:Strike","Moonworks:Defend","Moonworks:Defend","Moonworks:Defend","Moonworks:Defend","Moonworks:Ambush+1","Moonworks:LongDistanceShot+1","Moonworks:Assault+1","Moonworks:NicePresent","Moonworks:MiracleRedBeanIceCream+1","Moonworks:EvilSpyWorkPreparation+1","Moonworks:LeapThroughSpace+1","Moonworks:WindyEnchantment+1","Moonworks:Blazing+1","Moonworks:EvilSpyWorkPreparation+1","Moonworks:Wanted+1","Moonworks:SakisCookie+1","Moonworks:FullSpeedAlicianrone+1","Impatience+1","Moonworks:BackdoorTrade+1","Moonworks:LuckyCharm+1","Moonworks:Blazing+1","Moonworks:Flamethrower+1","Decay","Moonworks:ScrambledEve+1","Parasite","Moonworks:WindyEnchantment+1"],"relics":["Moonworks:BrokenBomb","Moonworks:Homemark","Toxic Egg 2","Calipers","Empty Cage","MutagenicStrength","MealTicket","Orichalcum","Black Star","Boot","Question Card","Bag of Marbles","Nunchaku"],"acts_visited":["Exordium","TheCity","TheBeyond"],"potions_floor_usage":[],"damage_taken":[{"damage":0.0,"enemies":"Cultist","floor":1.0,"turns":3.0},{"damage":0.0,"enemies":"2 Louse","floor":2.0,"turns":3.0},{"damage":0.0,"enemies":"Jaw Worm","floor":4.0,"turns":3.0},{"damage":1.0,"enemies":"Red Slaver","floor":5.0,"turns":2.0},{"damage":0.0,"enemies":"Large Slime","floor":7.0,"turns":4.0},{"damage":1.0,"enemies":"2 Fungi Beasts","floor":11.0,"turns":3.0},{"damage":18.0,"enemies":"Lagavulin","floor":13.0,"turns":3.0},{"damage":13.0,"enemies":"Blue Slaver","floor":14.0,"turns":3.0},{"damage":11.0,"enemies":"Slime Boss","floor":16.0,"turns":5.0},{"damage":10,"enemies":"3 Byrds","floor":18,"turns":3},{"damage":6,"enemies":"2 Thieves","floor":28,"turns":2},{"damage":9,"enemies":"Book of Stabbing","floor":30,"turns":4},{"damage":15,"enemies":"Snake Plant","floor":31,"turns":2},{"damage":32,"enemies":"Collector","floor":33,"turns":6},{"damage":17,"enemies":"3 Darklings","floor":35,"turns":3},{"damage":0,"enemies":"Orb Walker","floor":36,"turns":2},{"damage":0,"enemies":"Transient","floor":38,"turns":5},{"damage":17,"enemies":"Sphere and 2 Shapes","floor":41,"turns":3},{"damage":11,"enemies":"Nemesis","floor":46,"turns":4},{"damage":0,"enemies":"Writhing Mass","floor":47,"turns":3},{"damage":4,"enemies":"Spire Growth","floor":48,"turns":3},{"damage":59,"enemies":"Donu and Deca","floor":50,"turns":11}],"seed_played":"-2437018783801999774","potions_obtained":[{"floor":2.0,"key":"Block Potion"},{"floor":5.0,"key":"Fire Potion"},{"floor":11.0,"key":"Weak Potion"},{"floor":33,"key":"Swift Potion"},{"floor":47,"key":"Moonworks:OneHundredPercentOrangeJuicePotion"}],"is_trial":false,"path_per_floor":["M","M","$","M","M","R","M","R","T","R","M","R","E","M","R","B",null,"M","?","$","?","?","R","?","R","T","?","M","R","E","M","R","B",null,"M","M","?","M","$","R","M","R","T","?","R","E","M","M","R","B",null],"character_chosen":"THE_STARBREAKER","items_purchased":["Boot"],"campfire_rested":4,"item_purchase_floors":[39],"current_hp_per_floor":[60,60,60,60,59,59,59,59,59,59,54,54,49,44,60,58,60,50,50,50,50,50,50,40,59,59,59,59,59,56,47,65,39,65,48,54,54,60,65,65,54,54,54,54,65,60,65,65,65,42],"gold":117,"neow_bonus":"HUNDRED_GOLD","is_daily":false,"chose_seed":false,"campfire_upgraded":9,"win_rate":0.0,"timestamp":1609713521,"path_taken":["M","M","?","M","M","R","M","R","T","R","M","R","E","M","R","BOSS","M","?","$","?","?","R","?","R","T","?","M","R","E","M","R","BOSS","M","M","?","?","$","R","M","R","T","?","R","E","?","M","R","BOSS"],"items_purchased_type":["Relic"],"build_version":"2020-12-22","purchased_purges":0,"victory":true,"max_hp_per_floor":[60,60,60,60,60,60,60,60,60,60,60,60,60,60,60,60,60,60,60,60,60,60,60,65,65,65,65,65,65,65,65,65,65,65,65,65,65,65,65,65,65,65,65,65,65,65,65,65,65,65],"card_choices":[{"not_picked":["Moonworks:SakisCookie","Moonworks:ReproductionOfRecords"],"picked":"Moonworks:Assault","floor":1.0},{"not_picked":["Moonworks:DeployBits","Moonworks:Heat300Percent"],"picked":"Moonworks:NicePresent","floor":2.0},{"not_picked":["Moonworks:MiracleWalker","Moonworks:UnluckyCharm"],"picked":"Moonworks:MiracleRedBeanIceCream","floor":4.0},{"not_picked":["Moonworks:CloudOfSeagulls","Moonworks:JonathanRush"],"picked":"Moonworks:EvilSpyWorkPreparation","floor":5.0},{"not_picked":["Moonworks:BindingChains","Moonworks:EvilSpyWorkPreparation"],"picked":"Moonworks:LeapThroughSpace","floor":7.0},{"not_picked":["Moonworks:ReproductionOfRecords+1","Moonworks:ImmovableObject+1"],"picked":"Moonworks:WindyEnchantment+1","floor":11.0},{"not_picked":["Moonworks:ImOnFire+1","Moonworks:ForcedRevival+1"],"picked":"Moonworks:Blazing","floor":13.0},{"not_picked":["Moonworks:Assault","Moonworks:BigMagnum+1"],"picked":"Moonworks:EvilSpyWorkPreparation+1","floor":14.0},{"not_picked":["Moonworks:MetallicMonocoque","Moonworks:WeAreWaruda+1"],"picked":"Moonworks:Wanted+1","floor":16.0},{"not_picked":["Moonworks:CookingTime","Moonworks:JonathanRush"],"picked":"Moonworks:SakisCookie+1","floor":18},{"not_picked":["Moonworks:IndiscriminateFireSupport","Moonworks:UnluckyCharm+1","Moonworks:CloudOfSeagulls"],"picked":"SKIP","floor":28},{"not_picked":["Moonworks:EvilSpyWorkPreparation+1","Moonworks:Poppoformation+1"],"picked":"Moonworks:BackdoorTrade+1","floor":30},{"not_picked":["Moonworks:SealedMemories+1","Moonworks:Assault"],"picked":"Moonworks:LuckyCharm+1","floor":31},{"not_picked":["Moonworks:Accelerator","Moonworks:MetallicMonocoque"],"picked":"Moonworks:Blazing","floor":33},{"not_picked":["Moonworks:Assault+1","Moonworks:MixPhenomenon+1"],"picked":"Moonworks:Flamethrower+1","floor":35},{"not_picked":["Moonworks:SakisCookie+1","Moonworks:BigMagnum+1","Moonworks:CloudOfSeagulls+1"],"picked":"SKIP","floor":36},{"not_picked":["Moonworks:JonathanRush","Moonworks:IndiscriminateFireSupport","Moonworks:EvilSpyWorkPreparation+1"],"picked":"SKIP","floor":38},{"not_picked":["Moonworks:CookingTime","Moonworks:CastOff+1","Moonworks:LulusLuckyEgg+1"],"picked":"SKIP","floor":41},{"not_picked":["Moonworks:Flamethrower+1","Moonworks:CloudOfSeagulls","Moonworks:Heat300Percent+1"],"picked":"Moonworks:ScrambledEve+1","floor":46},{"not_picked":["Moonworks:DeployBits+1","Moonworks:LulusLuckyEgg+1","Moonworks:IntelligenceOfficer+1"],"picked":"Moonworks:WindyEnchantment+1","floor":47},{"not_picked":["Moonworks:Assault+1","Moonworks:CloudOfSeagulls+1","Moonworks:ImOnFire+1","Moonworks:DeployBits+1"],"picked":"SKIP","floor":48}],"player_experience":57615,"relics_obtained":[{"floor":9.0,"key":"Toxic Egg 2"},{"floor":13.0,"key":"Calipers"},{"floor":26,"key":"MealTicket"},{"floor":30,"key":"Orichalcum"},{"floor":43,"key":"Question Card"},{"floor":46,"key":"Bag of Marbles"},{"floor":46,"key":"Nunchaku"}],"event_choices":[{"damage_healed":0,"gold_gain":0,"player_choice":"Inject Mutagens","damage_taken":0,"relics_obtained":["MutagenicStrength"],"max_hp_gain":0,"max_hp_loss":0,"event_name":"Drug Dealer","floor":19,"gold_loss":0},{"damage_healed":0,"gold_gain":0,"player_choice":"Read","damage_taken":0,"max_hp_gain":0,"max_hp_loss":0,"event_name":"The Library","floor":22,"gold_loss":0,"cards_obtained":["Moonworks:FullSpeedAlicianrone"]},{"damage_healed":0,"gold_gain":0,"player_choice":"Shed Blood","damage_taken":15,"max_hp_gain":5,"max_hp_loss":0,"event_name":"Forgotten Altar","floor":24,"gold_loss":0},{"damage_healed":0,"gold_gain":0,"player_choice":"1 cards matched","damage_taken":0,"max_hp_gain":0,"max_hp_loss":0,"event_name":"Match and Keep!","floor":27,"gold_loss":0,"cards_obtained":["Impatience"]},{"damage_healed":0,"gold_gain":0,"player_choice":"Bought 0 Potions","damage_taken":0,"max_hp_gain":0,"max_hp_loss":0,"event_name":"The Woman in Blue","floor":37,"gold_loss":0},{"damage_healed":0,"gold_gain":0,"player_choice":"Cursed","damage_taken":0,"max_hp_gain":0,"max_hp_loss":0,"event_name":"Wheel of Change","floor":44,"gold_loss":0,"cards_obtained":["Decay"]}],"is_beta":false,"boss_relics":[{"not_picked":["Fusion Hammer","Runic Dome"],"picked":"Empty Cage"},{"not_picked":["SacredBark","Sozu"],"picked":"Black Star"}],"items_purged_floors":[],"is_endless":false,"potions_floor_spawned":[2,5,11,13,16,18,28,31,33,38,41,47],"ascension_level":0}}