{"host":"rmsq46plbpwfbxcc","time":1609687602,"event":{"mods":["AchievementEnabler","BaseMod","Colored Map","Colored Powertips","DeckTracker","KOR Keyword Fix","Minty Spire (QoL Compilation)","Permanent Neow","Quick Restart","SuperFastMode"],"gold_per_floor":[116,40,40,60,76,76,114,130,156,156,192,192,223,237,237,365,365,381,296,3,36,36,36,75,75,124,124,124],"floor_reached":27,"playtime":764,"items_purged":["Injury"],"score":284,"play_id":"cb90eadf-eb01-4512-adbc-a959bcbaacf7","local_time":"20210104002642","is_ascension_mode":true,"campfire_choices":[{"data":"Neutralize","floor":6.0,"key":"SMITH"},{"data":"Terror","floor":10.0,"key":"SMITH"},{"floor":12.0,"key":"REST"},{"data":"Noxious Fumes","floor":15.0,"key":"SMITH"},{"data":"Bullet Time","floor":23,"key":"SMITH"},{"data":"Cloak And Dagger","floor":25,"key":"SMITH"}],"circlet_count":0,"master_deck":["Strike_G","Strike_G","Strike_G","Strike_G","Strike_G","Defend_G","Defend_G+1","Defend_G","Defend_G+1","Defend_G","Survivor","Neutralize+1","CurseOfTheBell","Finisher+1","Terror+1","Poisoned Stab+1","Accuracy","Noxious Fumes+1","Bullet Time+1","Acrobatics","PiercingWail","Flash of Steel+1","Cloak And Dagger+1"],"relics":["Calling Bell","Happy Flower","Molten Egg 2","Gambling Chip","Golden Idol","Snake Skull","Bag of Marbles","Smiling Mask","War Paint","SacredBark","Question Card","Shuriken","Red Mask","Girya","Dream Catcher"],"acts_visited":["Exordium","TheCity"],"potions_floor_usage":[],"damage_taken":[{"damage":2.0,"enemies":"Small Slimes","floor":1.0,"turns":4.0},{"damage":0.0,"enemies":"2 Louse","floor":4.0,"turns":3.0},{"damage":0.0,"enemies":"Jaw Worm","floor":5.0,"turns":2.0},{"damage":29.0,"enemies":"Gremlin Nob","floor":7.0,"turns":4.0},{"damage":9.0,"enemies":"Large Slime","floor":8.0,"turns":9.0},{"damage":10.0,"enemies":"Lagavulin","floor":11.0,"turns":7.0},{"damage":9.0,"enemies":"3 Sentries","floor":13.0,"turns":9.0},{"damage":3.0,"enemies":"Gremlin Gang","floor":14.0,"turns":4.0},{"damage":10.0,"enemies":"Slime Boss","floor":16.0,"turns":6.0},{"damage":26.0,"enemies":"Chosen","floor":18.0,"turns":6.0},{"damage":31.0,"enemies":"Masked Bandits","floor":21.0,"turns":5.0},{"damage":35,"enemies":"Gremlin Leader","floor":24,"turns":6},{"damage":22,"enemies":"Slavers","floor":27,"turns":2}],"seed_played":"6825241998663319123","potions_obtained":[{"floor":7.0,"key":"DistilledChaos"},{"floor":11.0,"key":"Dexterity Potion"},{"floor":13.0,"key":"Regen Potion"},{"floor":16.0,"key":"DuplicationPotion"}],"is_trial":false,"path_per_floor":["M","$","?","M","M","R","E","M","T","R","E","R","E","M","R","B",null,"M","?","$","?","?","R","E","R","T","E"],"character_chosen":"THE_SILENT","items_purchased":["Finisher+1","Shuriken"],"campfire_rested":1,"item_purchase_floors":[2,20],"current_hp_per_floor":[68,68,68,68,68,68,39,30,30,30,20,41,32,29,29,19,70,44,44,44,53,53,53,18,18,18,0,0],"gold":124,"neow_bonus":"BOSS_RELIC","is_daily":false,"chose_seed":false,"campfire_upgraded":5,"win_rate":0.0,"timestamp":1609687602,"path_taken":["M","$","?","M","M","R","E","M","T","R","E","R","E","M","R","BOSS","M","?","$","?","?","R","E","R","T","E"],"items_purchased_type":["Card","Relic"],"build_version":"2020-12-22","purchased_purges":1,"victory":false,"max_hp_per_floor":[70,70,70,70,70,70,70,70,70,70,70,70,70,70,70,70,70,70,70,70,70,70,70,70,70,70,70,70],"card_choices":[{"not_picked":["Underhanded Strike+1","Poisoned Stab+1","Acrobatics"],"picked":"SKIP","floor":1.0},{"not_picked":["Quick Slash+1","Accuracy"],"picked":"Terror","floor":4.0},{"not_picked":["Flying Knee+1","Reflex","Bane+1"],"picked":"SKIP","floor":5.0},{"not_picked":["Masterful Stab+1","Dodge and Roll","Noxious Fumes"],"picked":"SKIP","floor":7.0},{"not_picked":["Sucker Punch+1","Backflip"],"picked":"Poisoned Stab+1","floor":8.0},{"not_picked":["Prepared","Concentrate","Masterful Stab+1"],"picked":"SKIP","floor":11.0},{"not_picked":["Night Terror","Caltrops"],"picked":"Accuracy","floor":13.0},{"not_picked":["Underhanded Strike+1","Masterful Stab+1"],"picked":"Noxious Fumes","floor":14.0},{"not_picked":["Grand Finale+1","A Thousand Cuts"],"picked":"Bullet Time","floor":16.0},{"not_picked":["Flechettes+1","Outmaneuver"],"picked":"Acrobatics","floor":18.0},{"not_picked":["Setup+1","Bane+1","Acrobatics"],"picked":"PiercingWail","floor":21.0},{"not_picked":["Slice+1","Dash+1","Terror"],"picked":"Cloak And Dagger","floor":24}],"player_experience":635402,"relics_obtained":[{"floor":0.0,"key":"Happy Flower"},{"floor":0.0,"key":"Molten Egg 2"},{"floor":0.0,"key":"Gambling Chip"},{"floor":7.0,"key":"Snake Skull"},{"floor":9.0,"key":"Bag of Marbles"},{"floor":11.0,"key":"Smiling Mask"},{"floor":13.0,"key":"War Paint"},{"floor":21.0,"key":"Red Mask"},{"floor":24,"key":"Girya"},{"floor":26,"key":"Dream Catcher"}],"event_choices":[{"damage_healed":0.0,"max_hp_gain":0.0,"max_hp_loss":0.0,"gold_gain":0.0,"event_name":"Golden Idol","player_choice":"Take Wound","floor":3.0,"gold_loss":0.0,"damage_taken":0.0,"relics_obtained":["Golden Idol"],"cards_obtained":["Injury"]},{"damage_healed":0.0,"max_hp_gain":0.0,"max_hp_loss":0.0,"gold_gain":0.0,"event_name":"Addict","player_choice":"Obtained Relic","floor":19.0,"gold_loss":85.0,"damage_taken":0.0,"relics_obtained":["Question Card"]},{"damage_healed":0.0,"max_hp_gain":0.0,"max_hp_loss":0.0,"gold_gain":0.0,"event_name":"Masked Bandits","player_choice":"Fought Bandits","floor":21.0,"gold_loss":0.0,"damage_taken":0.0},{"damage_healed":0,"gold_gain":0,"player_choice":"1 cards matched","damage_taken":0,"max_hp_gain":0,"max_hp_loss":0,"event_name":"Match and Keep!","floor":22,"gold_loss":0,"cards_obtained":["Flash of Steel"]}],"is_beta":false,"boss_relics":[{"not_picked":["Busted Crown","Velvet Choker"],"picked":"SacredBark"}],"items_purged_floors":[20],"is_endless":false,"potions_floor_spawned":[7,11,13,16,18],"killed_by":"Slavers","ascension_level":3}}