{"host":"Jinnai","time":1609696164,"event":{"mods":["BaseMod","Bestiary","Block Reminder","Colored Map","Colored Powertips","Highlight Path","Minty Spire (QoL Compilation)","Quick Restart","Relic Stats"],"gold_per_floor":[111,127,139,153,164,195,195,195,195],"floor_reached":8,"playtime":351,"items_purged":[],"score":117,"play_id":"c630fbe1-2066-4f3a-959a-a94ceda10b44","local_time":"20210103124924","is_ascension_mode":true,"campfire_choices":[{"floor":7,"key":"REST"}],"circlet_count":0,"master_deck":["AscendersBane","Strike_P","Strike_P","Strike_P","Strike_P","Defend_P","Defend_P","Defend_P","Defend_P","Eruption","Vigilance","FlurryOfBlows","WheelKick","CrushJoints","Wireheading","Omniscience"],"relics":["PureWater","Blood Vial","Turnip"],"acts_visited":["Exordium"],"potions_floor_usage":[6,6],"damage_taken":[{"damage":4,"enemies":"Small Slimes","floor":1,"turns":4},{"damage":0,"enemies":"Cultist","floor":2,"turns":3},{"damage":3,"enemies":"2 Louse","floor":3,"turns":3},{"damage":22,"enemies":"Exordium Thugs","floor":4,"turns":4},{"damage":26,"enemies":"Exordium Wildlife","floor":5,"turns":4},{"damage":27,"enemies":"Lagavulin","floor":6,"turns":6},{"damage":40,"enemies":"3 Sentries","floor":8,"turns":4}],"seed_played":"2864800521653180486","potions_obtained":[{"floor":2,"key":"Regen Potion"},{"floor":5,"key":"DistilledChaos"},{"floor":6,"key":"SteroidPotion"}],"is_trial":false,"path_per_floor":["M","M","M","M","M","E","R","E"],"character_chosen":"WATCHER","items_purchased":[],"campfire_rested":1,"item_purchase_floors":[],"current_hp_per_floor":[59,61,60,40,16,6,26,0,0],"gold":195,"neow_bonus":"RANDOM_COMMON_RELIC","is_daily":false,"chose_seed":false,"campfire_upgraded":0,"win_rate":0.0,"timestamp":1609696164,"path_taken":["M","M","M","M","M","E","R","E"],"items_purchased_type":[],"build_version":"2020-12-18","purchased_purges":0,"victory":false,"max_hp_per_floor":[68,68,68,68,68,68,68,68,68],"relic_stats":{"Blood Vial":14,"counters":[7,28],"Turnip":[0],"obtain_stats":[{"Blood Vial":0,"Turnip":6,"PureWater":0},{"Blood Vial":0,"Turnip":6,"PureWater":0},{"Blood Vial":0,"Turnip":24,"PureWater":0}]},"card_choices":[{"not_picked":["ThirdEye","Crescendo"],"picked":"FlurryOfBlows","floor":1},{"not_picked":["ThirdEye","PathToVictory"],"picked":"WheelKick","floor":2},{"not_picked":["WreathOfFlame","ClearTheMind"],"picked":"CrushJoints","floor":3},{"not_picked":["Nirvana","SignatureMove","Halt"],"picked":"SKIP","floor":4},{"not_picked":["Crescendo","Protect"],"picked":"Wireheading","floor":5},{"not_picked":["PathToVictory","ClearTheMind"],"picked":"Omniscience","floor":6}],"player_experience":1497062,"relics_obtained":[{"floor":6,"key":"Turnip"}],"event_choices":[],"is_beta":true,"boss_relics":[],"items_purged_floors":[],"is_endless":false,"potions_floor_spawned":[2,5,6],"killed_by":"3 Sentries","ascension_level":19}}