{"host":"toh0bbw446wnuexf","time":1609658972,"event":{"mods":["BaseMod","Downfall","Hermit","Minty Spire (QoL Compilation)","Random Character Button","StSLib"],"gold_per_floor":[99,111,96,107,121,121,121,141,141,156,156,156,167,186,205,205,205,205],"floor_reached":16,"playtime":938,"items_purged":[],"score":101,"play_id":"e441dd05-1f4f-4868-bd46-6cb79a1b14f0","local_time":"20210103202932","is_ascension_mode":true,"campfire_choices":[{"data":"champ:BerserkerStyle","floor":1,"key":"SMITH"},{"data":"champ:Execute","floor":6,"key":"SMITH"},{"floor":9,"key":"REST"},{"data":"champ:Defend","floor":12,"key":"SMITH"}],"circlet_count":0,"master_deck":["champ:Strike","champ:Strike","champ:Strike","champ:Strike","champ:Defend","champ:Defend+1","champ:Defend","champ:Defend","champ:Execute+1","champ:BerserkerStyle+1","champ:StanceDance"],"relics":["champ:ChampionCrown","Potion Belt","champ:LiftRelic"],"acts_visited":["Exordium"],"potions_floor_usage":[],"damage_taken":[{"damage":8,"enemies":"Jaw Worm","floor":2,"turns":3},{"damage":16,"enemies":"downfall:FleeingMerchant","floor":3,"turns":4},{"damage":11,"enemies":"Small Slimes","floor":4,"turns":4},{"damage":6,"enemies":"Cultist","floor":5,"turns":4},{"damage":33,"enemies":"Gremlin Gang","floor":8,"turns":7},{"damage":12,"enemies":"Blue Slaver","floor":10,"turns":5},{"damage":24,"enemies":"Exordium Thugs","floor":13,"turns":6},{"damage":14,"enemies":"2 Fungi Beasts","floor":14,"turns":3},{"damage":16,"enemies":"3 Louse","floor":15,"turns":3},{"damage":64,"enemies":"downfall:Defect","floor":16,"turns":5}],"seed_played":"6613747665429971874","potions_obtained":[{"floor":2,"key":"Ancient Potion"},{"floor":4,"key":"champ:TechniquePotion"},{"floor":15,"key":"PowerPotion"}],"is_trial":false,"path_per_floor":["R","M","$","M","M","R","T","M","R","M","?","R","M","M","M","B"],"character_chosen":"THE_CHAMP","items_purchased":[],"campfire_rested":1,"item_purchase_floors":[],"current_hp_per_floor":[90,89,84,79,79,79,79,58,85,81,81,81,67,60,48,0,0,0],"gold":205,"neow_bonus":"TRANSFORM_CARD","is_daily":false,"chose_seed":false,"campfire_upgraded":3,"win_rate":0.0,"timestamp":1609658972,"path_taken":["R","M","$","M","M","R","T","M","R","M","?","R","M","M","M","BOSS"],"items_purchased_type":[],"build_version":"2020-12-22","purchased_purges":0,"victory":false,"max_hp_per_floor":[90,90,90,90,90,90,90,90,90,90,90,90,90,90,90,90,90,90],"card_choices":[{"not_picked":["champ:GladiatorsShout","champ:Haymaker","champ:CalledShot"],"picked":"SKIP","floor":2},{"not_picked":["champ:Haymaker","champ:RecklessLeap","champ:FanOfKnives"],"picked":"SKIP","floor":3},{"not_picked":["champ:SkillfulDodge","champ:TornadoPunch","champ:ArenaPreparation"],"picked":"SKIP","floor":4},{"not_picked":["champ:SwordSigil","champ:GutPunch","champ:StanceDance"],"picked":"SKIP","floor":5},{"not_picked":["champ:BringItOn","champ:Backstep","champ:ShieldSigil"],"picked":"SKIP","floor":8},{"not_picked":["champ:RecklessLeap","champ:Lariat","champ:Circumvent"],"picked":"SKIP","floor":10},{"not_picked":["champ:Circumvent","champ:FanOfKnives"],"picked":"champ:StanceDance","floor":13},{"not_picked":["champ:HeartStrike","champ:RapidStrikes","champ:Lariat"],"picked":"SKIP","floor":14},{"not_picked":["champ:ShieldSigil","champ:Aggression","champ:FlashCut"],"picked":"SKIP","floor":15}],"player_experience":593044,"relics_obtained":[{"floor":7,"key":"Potion Belt"}],"event_choices":[],"is_beta":false,"boss_relics":[],"items_purged_floors":[],"is_endless":false,"potions_floor_spawned":[2,4,15],"killed_by":"downfall:Defect","ascension_level":1}}