{"host":"yecadp3kwkksam5a","time":1609686268,"event":{"mods":["BaseMod","Minty Spire (QoL Compilation)","StSLib"],"gold_per_floor":[109,129,79,79,97,123,139,173,221,246,290,302,314,349,361,503,515,546,546],"floor_reached":18,"playtime":811,"items_purged":[],"score":417,"play_id":"a0bce187-76ff-4ed5-a4d2-c2afe11ecda2","local_time":"20210104000428","is_ascension_mode":true,"campfire_choices":[{"data":"EmptyMind","floor":12,"key":"SMITH"},{"data":"Eruption","floor":15,"key":"SMITH"}],"circlet_count":0,"master_deck":["Eruption+1","Vigilance","TalkToTheHand","EmptyMind+1","FearNoEvil","Wish","BowlingBash+1","Omniscience+1","ReachHeaven+1"],"relics":["PureWater","Nunchaku","Yang","MawBank","Orichalcum","Golden Idol","Astrolabe"],"acts_visited":["Exordium","TheCity"],"potions_floor_usage":[],"damage_taken":[{"damage":7,"enemies":"Small Slimes","floor":1,"turns":3},{"damage":2,"enemies":"2 Louse","floor":2,"turns":4},{"damage":2,"enemies":"Jaw Worm","floor":5,"turns":3},{"damage":0,"enemies":"3 Sentries","floor":6,"turns":2},{"damage":5,"enemies":"Looter","floor":7,"turns":3},{"damage":42,"enemies":"Lagavulin","floor":8,"turns":6},{"damage":0,"enemies":"3 Louse","floor":10,"turns":2},{"damage":0,"enemies":"3 Sentries","floor":11,"turns":2},{"damage":0,"enemies":"Exordium Thugs","floor":14,"turns":3},{"damage":0,"enemies":"Slime Boss","floor":16,"turns":2},{"damage":6,"enemies":"Shell Parasite","floor":18,"turns":4}],"seed_played":"-8832477913925275848","potions_obtained":[{"floor":5,"key":"SmokeBomb"},{"floor":7,"key":"Ancient Potion"},{"floor":14,"key":"FairyPotion"}],"is_trial":false,"path_per_floor":["M","M","?","?","M","E","M","E","T","M","E","R","?","M","R","B",null,"M"],"character_chosen":"WATCHER","items_purchased":[],"campfire_rested":0,"item_purchase_floors":[],"current_hp_per_floor":[65,63,63,56,54,54,49,7,7,79,79,79,60,60,60,60,74,68,68],"gold":546,"neow_bonus":"TEN_PERCENT_HP_BONUS","is_daily":false,"chose_seed":false,"campfire_upgraded":2,"win_rate":0.0,"timestamp":1609686268,"path_taken":["M","M","?","?","M","E","M","E","T","M","E","R","?","M","R","BOSS","M"],"items_purchased_type":[],"build_version":"2020-12-22","purchased_purges":0,"victory":false,"max_hp_per_floor":[79,79,79,79,79,79,79,79,79,79,79,79,79,79,79,79,79,79,79],"card_choices":[{"not_picked":["Evaluate","Consecrate"],"picked":"TalkToTheHand","floor":1},{"not_picked":["FlyingSleeves","JustLucky"],"picked":"EmptyMind","floor":2},{"not_picked":["PathToVictory","CutThroughFate","WheelKick"],"picked":"SKIP","floor":5},{"not_picked":["WindmillStrike","ForeignInfluence","Indignation"],"picked":"SKIP","floor":6},{"not_picked":["WreathOfFlame","Halt","JustLucky"],"picked":"SKIP","floor":7},{"not_picked":["ClearTheMind","BowlingBash","CrushJoints"],"picked":"SKIP","floor":8},{"not_picked":["FlurryOfBlows","Weave","DeceiveReality"],"picked":"SKIP","floor":10},{"not_picked":["FlurryOfBlows","Weave","DeceiveReality"],"picked":"SKIP","floor":10},{"not_picked":["FlurryOfBlows","SandsOfTime","SashWhip"],"picked":"SKIP","floor":11},{"not_picked":["JustLucky","CrushJoints","SashWhip"],"picked":"SKIP","floor":14},{"not_picked":["Omniscience","DevaForm"],"picked":"Wish","floor":16},{"not_picked":["FollowUp","EmptyMind","ClearTheMind"],"picked":"SKIP","floor":18}],"player_experience":335627,"relics_obtained":[{"floor":6,"key":"Nunchaku"},{"floor":8,"key":"Yang"},{"floor":9,"key":"MawBank"},{"floor":11,"key":"Orichalcum"}],"event_choices":[{"cards_removed":["Strike_P"],"damage_healed":0,"gold_gain":0,"player_choice":"Card Removal","damage_taken":0,"max_hp_gain":0,"max_hp_loss":0,"event_name":"The Cleric","floor":3,"gold_loss":50},{"cards_removed":["Defend_P"],"damage_healed":0,"gold_gain":0,"player_choice":"Card Removal","damage_taken":7,"max_hp_gain":0,"max_hp_loss":0,"event_name":"Golden Wing","floor":4,"gold_loss":0},{"damage_healed":0,"gold_gain":0,"player_choice":"Take Damage","damage_taken":19,"relics_obtained":["Golden Idol"],"max_hp_gain":0,"max_hp_loss":0,"event_name":"Golden Idol","floor":13,"gold_loss":0}],"is_beta":false,"boss_relics":[{"not_picked":["Calling Bell","Cursed Key"],"picked":"Astrolabe"}],"items_purged_floors":[],"is_endless":false,"potions_floor_spawned":[5,7,14,16],"killed_by":"Shell Parasite","ascension_level":7}}