{"host":"9dr4xkxgnke2i0td","time":1609635178,"event":{"mods":["AchievementEnabler","BaseMod","DeckTracker","Highlight Path","Minty Spire (QoL Compilation)","Shop Mod","StSLib"],"gold_per_floor":[117,135,152,164,129,129,143,178,178,210,210,235,235,253,253,351,351,361,361,374,473,388,388,388],"floor_reached":23,"playtime":923,"items_purged":[],"score":325,"play_id":"5fd86cd0-fe22-4f9b-a270-8b2b69c0f782","local_time":"20210102185258","is_ascension_mode":true,"campfire_choices":[{"floor":6.0,"key":"REST"},{"floor":15,"key":"REST"}],"circlet_count":0,"master_deck":["Strike_B","Strike_B","Strike_B","Strike_B","Defend_B","Defend_B","Defend_B","Defend_B","Zap","Dualcast","Compile Driver","Darkness","Conserve Battery","Ball Lightning","Leap","Barrage","Sweeping Beam","Leap","Electrodynamics","Ghostly","Ghostly","Ghostly","Ghostly","Ghostly"],"relics":["Fusion Hammer","Singing Bowl","Dead Branch","Kunai","WingedGreaves","Black Star","Bag of Preparation"],"acts_visited":["Exordium","TheCity"],"potions_floor_usage":[16,18],"damage_taken":[{"damage":6.0,"enemies":"Cultist","floor":1.0,"turns":4.0},{"damage":10.0,"enemies":"2 Louse","floor":2.0,"turns":2.0},{"damage":2.0,"enemies":"Jaw Worm","floor":3.0,"turns":3.0},{"damage":0.0,"enemies":"Large Slime","floor":4.0,"turns":4.0},{"damage":16.0,"enemies":"Exordium Wildlife","floor":7.0,"turns":4.0},{"damage":14.0,"enemies":"Lagavulin","floor":8.0,"turns":7.0},{"damage":12.0,"enemies":"3 Sentries","floor":10.0,"turns":6.0},{"damage":6,"enemies":"Lagavulin","floor":12,"turns":5},{"damage":6,"enemies":"Exordium Thugs","floor":14,"turns":4},{"damage":0,"enemies":"Hexaghost","floor":16,"turns":8},{"damage":16,"enemies":"3 Byrds","floor":18,"turns":4},{"damage":20,"enemies":"2 Thieves","floor":20,"turns":5},{"damage":21,"enemies":"Slavers","floor":23,"turns":4}],"seed_played":"-7171174439788888803","potions_obtained":[{"floor":1.0,"key":"Fire Potion"},{"floor":10.0,"key":"Block Potion"},{"floor":12,"key":"GamblersBrew"},{"floor":14,"key":"DistilledChaos"}],"is_trial":false,"path_per_floor":["M","M","M","M","?","R","M","E","T","E","?","E","?","M","R","B",null,"M","?","M","?","?","E"],"character_chosen":"DEFECT","items_purchased":[],"campfire_rested":2,"item_purchase_floors":[],"current_hp_per_floor":[69,59,57,57,75,75,59,45,45,33,33,29,29,23,46,46,77,63,39,21,21,21,0,0],"gold":388,"neow_bonus":"BOSS_RELIC","is_daily":false,"chose_seed":false,"campfire_upgraded":0,"win_rate":0.0,"timestamp":1609635178,"path_taken":["M","?","M","M","?","R","M","E","T","E","?","E","?","?","R","BOSS","M","?","M","?","?","E"],"items_purchased_type":[],"build_version":"2020-12-22","purchased_purges":0,"victory":false,"max_hp_per_floor":[75,75,75,75,75,75,75,75,75,75,75,77,77,77,77,77,77,79,39,41,41,41,41,41],"card_choices":[{"not_picked":["Fusion","Turbo"],"picked":"Compile Driver","floor":1.0},{"not_picked":["Loop","Stack"],"picked":"Darkness","floor":2.0},{"not_picked":["Rebound","Tempest"],"picked":"Conserve Battery","floor":3.0},{"not_picked":["Cold Snap","Go for the Eyes"],"picked":"Ball Lightning","floor":4.0},{"not_picked":["Loop","Gash"],"picked":"Leap","floor":7.0},{"not_picked":["Streamline","Hologram"],"picked":"Barrage","floor":8.0},{"not_picked":["Thunder Strike","Conserve Battery"],"picked":"Sweeping Beam","floor":10.0},{"not_picked":["Go for the Eyes","Compile Driver","Scrape"],"picked":"Singing Bowl","floor":12},{"not_picked":["Compile Driver","Reprogram"],"picked":"Leap","floor":14},{"not_picked":["Reboot","All For One"],"picked":"Electrodynamics","floor":16},{"not_picked":["Sweeping Beam","Hologram","Stack"],"picked":"Singing Bowl","floor":18},{"not_picked":["Sweeping Beam","Blizzard","Undo+1"],"picked":"Singing Bowl","floor":20}],"player_experience":709523,"relics_obtained":[{"floor":8.0,"key":"Singing Bowl"},{"floor":9.0,"key":"Dead Branch"},{"floor":10.0,"key":"Kunai"},{"floor":12,"key":"WingedGreaves"}],"event_choices":[{"damage_healed":18.0,"max_hp_gain":0.0,"max_hp_loss":0.0,"gold_gain":0.0,"event_name":"The Cleric","player_choice":"Healed","floor":5.0,"gold_loss":35.0,"damage_taken":0.0},{"damage_healed":0.0,"max_hp_gain":0.0,"max_hp_loss":0.0,"gold_gain":0.0,"event_name":"Golden Idol","player_choice":"Ignored","floor":11.0,"gold_loss":0.0,"damage_taken":0.0},{"damage_healed":0,"gold_gain":0,"player_choice":"Ignored","damage_taken":0,"max_hp_gain":0,"max_hp_loss":0,"event_name":"Liars Game","floor":13,"gold_loss":0},{"damage_healed":0,"gold_gain":0,"player_choice":"Became a Ghost","damage_taken":0,"max_hp_gain":0,"max_hp_loss":40,"event_name":"Ghosts","floor":19,"gold_loss":0,"cards_obtained":["Ghostly","Ghostly","Ghostly","Ghostly","Ghostly"]},{"damage_healed":0,"gold_gain":99,"player_choice":"Stole From Cult","damage_taken":0,"max_hp_gain":0,"max_hp_loss":0,"event_name":"Nest","floor":21,"gold_loss":0},{"damage_healed":0,"gold_gain":0,"player_choice":"Obtained Relic","damage_taken":0,"relics_obtained":["Bag of Preparation"],"max_hp_gain":0,"max_hp_loss":0,"event_name":"Addict","floor":22,"gold_loss":85}],"is_beta":false,"boss_relics":[{"not_picked":["Coffee Dripper","Velvet Choker"],"picked":"Black Star"}],"items_purged_floors":[],"is_endless":false,"potions_floor_spawned":[1,10,12,14],"killed_by":"Slavers","ascension_level":3}}