{"host":"Jinnai","time":1609714508,"event":{"mods":["BaseMod","Bestiary","Block Reminder","Colored Map","Colored Powertips","Downfall","Highlight Path","Minty Spire (QoL Compilation)","Quick Restart","Relic Stats","StSLib"],"gold_per_floor":[99,99,99,199,299,628,628,644,673,773,783,801,726,741,754,856,856,856,867,884,884,60,60,85,95,95,5,5,18,18,18,35,35,35,35],"floor_reached":33,"playtime":3104,"items_purged":["champ:Defend"],"score":255,"play_id":"eb3db395-b0a9-49b3-b05d-74ee52254cb9","local_time":"20210103175508","is_ascension_mode":false,"campfire_choices":[{"floor":1,"key":"RECALL"},{"data":"champ:IgnorePain","floor":13,"key":"SMITH"},{"data":"champ:PerfectForm","floor":18,"key":"SMITH"},{"data":"champ:PerfectedStrike","floor":23,"key":"SMITH"},{"floor":30,"key":"REST"}],"circlet_count":0,"master_deck":["champ:Strike","champ:Strike","champ:Strike","champ:Strike","champ:Defend","champ:Execute","champ:Taunt","champ:TornadoPunch","champ:PerfectedStrike+1","champ:FocusedDefense","champ:AdrenalArmor","champ:FlashCut","champ:ShieldWall","champ:IronFortress","champ:PerfectedStrike+1","champ:IgnorePain+1","champ:DeathBlow","champ:BerserkersShout","champ:PerfectForm+1","champ:DefensiveStyle","champ:BladeFlurry","champ:Improvising","champ:EnragedBash","champ:EndlessRage","champ:StanceDance+1"],"relics":["champ:ChampionCrown","downfall:HeartsMalice","Old Coin","Question Card","FossilizedHelix","downfall:HeartBlessingRed","Black Star","Mercury Hourglass","Pocketwatch","Enchiridion","downfall:RedIOU"],"acts_visited":["Exordium","TheCity"],"potions_floor_usage":[16,16,19,22,33,33,33],"damage_taken":[{"damage":0,"enemies":"2 Louse","floor":2,"turns":1},{"damage":0,"enemies":"Cultist","floor":3,"turns":1},{"damage":0,"enemies":"downfall:Heads","floor":5,"turns":1},{"damage":48,"enemies":"3 Sentries","floor":6,"turns":5},{"damage":0,"enemies":"Jaw Worm","floor":8,"turns":2},{"damage":20,"enemies":"Gremlin Nob","floor":9,"turns":4},{"damage":2,"enemies":"Large Slime","floor":11,"turns":5},{"damage":0,"enemies":"Red Slaver","floor":12,"turns":2},{"damage":0,"enemies":"2 Fungi Beasts","floor":14,"turns":3},{"damage":19,"enemies":"Large Slime","floor":15,"turns":5},{"damage":53,"enemies":"downfall:Ironclad","floor":16,"turns":7},{"damage":62,"enemies":"3 Byrds","floor":19,"turns":6},{"damage":14,"enemies":"Snecko","floor":20,"turns":5},{"damage":10,"enemies":"downfall:FleeingMerchant","floor":22,"turns":4},{"damage":55,"enemies":"Centurion and Healer","floor":25,"turns":7},{"damage":7,"enemies":"downfall:FleeingMerchant","floor":27,"turns":4},{"damage":29,"enemies":"Shelled Parasite and Fungi","floor":29,"turns":4},{"damage":16,"enemies":"Sentry and Sphere","floor":32,"turns":4},{"damage":54,"enemies":"downfall:Watcher","floor":33,"turns":6}],"seed_played":"-5344518443774579391","potions_obtained":[{"floor":6,"key":"LiquidMemories"},{"floor":9,"key":"Strength Potion"},{"floor":11,"key":"BlessingOfTheForge"},{"floor":12,"key":"AttackPotion"},{"floor":16,"key":"champ:CounterPotion"},{"floor":19,"key":"GamblersBrew"}],"is_trial":false,"path_per_floor":["R","M","M","?","?","E","T","M","E","?","M","M","R","M","M","B",null,"R","M","M","?","$","R","T","M","?","$","?","M","R","?","M","B"],"character_chosen":"THE_CHAMP","items_purchased":["Pocketwatch","Fruit Juice","Meat on the Bone","LiquidMemories","champ:EndlessRage"],"campfire_rested":1,"item_purchase_floors":[22,22,22,22,27],"current_hp_per_floor":[90,90,90,90,90,54,54,54,39,39,41,41,41,41,43,9,90,90,51,53,53,61,61,61,61,45,59,59,32,60,60,50,0,0,0],"gold":35,"neow_bonus":"THREE_ENEMY_KILL","is_daily":false,"chose_seed":false,"campfire_upgraded":3,"win_rate":0.0,"timestamp":1609714508,"path_taken":["R","M","M","?","?","E","T","M","E","?","M","M","R","?","M","BOSS","R","M","M","?","$","R","T","M","?","$","?","M","R","?","M","BOSS"],"items_purchased_type":["Relic","Potion","Relic","Potion","Card"],"build_version":"2020-12-18","purchased_purges":1,"victory":false,"max_hp_per_floor":[90,90,90,90,90,90,90,90,90,90,90,90,90,90,90,90,90,90,90,90,90,95,95,95,95,95,95,95,95,95,95,95,95,95,95],"relic_stats":{"counters":[19,73],"Black Star":0,"Question Card":14,"obtain_stats":[{"downfall:HeartBlessingRed":13,"Enchiridion":26,"champ:ChampionCrown":0,"downfall:HeartsMalice":0,"downfall:RedIOU":28,"Black Star":17,"Question Card":7,"FossilizedHelix":9,"Old Coin":6,"Mercury Hourglass":21,"Pocketwatch":22,"Meat on the Bone":22},{"downfall:HeartBlessingRed":8,"Enchiridion":15,"champ:ChampionCrown":0,"downfall:HeartsMalice":0,"downfall:RedIOU":16,"Black Star":11,"Question Card":4,"FossilizedHelix":6,"Old Coin":4,"Mercury Hourglass":13,"Pocketwatch":14,"Meat on the Bone":14},{"downfall:HeartBlessingRed":18,"Enchiridion":55,"champ:ChampionCrown":0,"downfall:HeartsMalice":0,"downfall:RedIOU":59,"Black Star":33,"Question Card":5,"FossilizedHelix":11,"Old Coin":5,"Mercury Hourglass":44,"Pocketwatch":48,"Meat on the Bone":48}],"Mercury Hourglass":[69],"Pocketwatch":[48]},"card_choices":[{"not_picked":["champ:FightOn","champ:GladiatorsShout"],"picked":"champ:TornadoPunch","floor":2},{"not_picked":["champ:FalseCounter","champ:BerserkerStyle"],"picked":"champ:PerfectedStrike","floor":3},{"not_picked":["champ:Haymaker","champ:GladiatorsShout"],"picked":"champ:AdrenalArmor","floor":5},{"not_picked":["champ:AdrenalArmor","champ:FanOfKnives"],"picked":"champ:FlashCut","floor":6},{"not_picked":["champ:PreciseThrust","champ:Circumvent","champ:Haymaker"],"picked":"champ:ShieldWall","floor":8},{"not_picked":["champ:Haymaker","champ:StanceDance","champ:BladeFlurry"],"picked":"champ:IronFortress","floor":9},{"not_picked":["champ:GutPunch","champ:AdrenalArmor","champ:EnragedBash"],"picked":"champ:PerfectedStrike","floor":11},{"not_picked":["champ:SkillfulDodge","champ:GladiatorsShout","champ:Circumvent"],"picked":"champ:IgnorePain","floor":12},{"not_picked":["champ:CalledShot","champ:FlashCut","champ:GutPunch"],"picked":"champ:DeathBlow","floor":14},{"not_picked":["champ:EnGarde","champ:FightOn","champ:AdrenalArmor"],"picked":"champ:BerserkersShout","floor":15},{"not_picked":["champ:SteelEdge","champ:ShieldThrow","champ:DancingMaster"],"picked":"champ:PerfectForm","floor":16},{"not_picked":["champ:TornadoPunch","champ:BerserkersShout","champ:AdrenalArmor"],"picked":"champ:DefensiveStyle","floor":19},{"not_picked":["champ:FaceSlap","champ:DefensiveShout","champ:FanOfKnives"],"picked":"champ:BladeFlurry","floor":20},{"not_picked":["champ:FlashCut+1","champ:FalseCounter","champ:FocusedGladiator"],"picked":"champ:Improvising","floor":22},{"not_picked":["champ:RecklessLeap","champ:CrookedStrike","champ:Backstep"],"picked":"champ:EnragedBash","floor":25},{"not_picked":["champ:Circumvent","champ:BringItOn","champ:BerserkersShout","champ:Backstep"],"picked":"SKIP","floor":27},{"not_picked":["champ:Haymaker","champ:ShieldWall","champ:EndlessRage"],"picked":"champ:StanceDance+1","floor":29},{"not_picked":["champ:ShieldWall","champ:StanceDance","champ:FlashCut","champ:DefensiveStyle"],"picked":"SKIP","floor":32}],"player_experience":1506955,"relics_obtained":[{"floor":6,"key":"Old Coin"},{"floor":7,"key":"Question Card"},{"floor":9,"key":"FossilizedHelix"},{"floor":26,"key":"Enchiridion"}],"event_choices":[],"is_beta":true,"boss_relics":[{"not_picked":["Fusion Hammer","Empty Cage"],"picked":"Black Star"}],"items_purged_floors":[22],"is_endless":false,"potions_floor_spawned":[6,9,11,12,16,19,29,32],"killed_by":"downfall:Watcher","ascension_level":0}}