{"host":"tnsigirk6wurdark","time":1609637353,"event":{"mods":["BaseMod","Highlight Path","Minty Spire (QoL Compilation)","Quick Restart","Relic Sorter","SuperFastMode","Synergy Search"],"gold_per_floor":[117,137,149,168,187,187,197,197,197,211,230,246,280,10,10,84,84,96,11,26,26,42,42,42],"floor_reached":23,"playtime":1226,"items_purged":[],"score":338,"play_id":"258427fb-cc3e-45c5-bd6e-17aee90e68b3","local_time":"20210103012913","is_ascension_mode":true,"campfire_choices":[{"floor":6,"key":"REST"},{"floor":8,"key":"REST"},{"floor":15,"key":"REST"}],"circlet_count":0,"master_deck":["AscendersBane","Strike_G","Strike_G","Strike_G","Strike_G","Defend_G","Defend_G","Defend_G","Defend_G","Defend_G+1","Survivor","Neutralize","Sucker Punch","Cloak And Dagger+1","Bouncing Flask","Quick Slash","Infinite Blades","Accuracy","Deflect","PiercingWail","Blade Dance","Backflip","Dash","Blade Dance+1","PiercingWail","PanicButton","Cloak And Dagger"],"relics":["Ring of the Snake","Dream Catcher","War Paint","Sling","Runic Pyramid","Akabeko"],"acts_visited":["Exordium","TheCity"],"potions_floor_usage":[5,13,13,16,18,22,22],"damage_taken":[{"damage":2,"enemies":"Jaw Worm","floor":1,"turns":5},{"damage":2,"enemies":"Small Slimes","floor":2,"turns":5},{"damage":7,"enemies":"Cultist","floor":3,"turns":4},{"damage":9,"enemies":"Exordium Thugs","floor":4,"turns":7},{"damage":2,"enemies":"3 Louse","floor":5,"turns":4},{"damage":3,"enemies":"Blue Slaver","floor":7,"turns":4},{"damage":8,"enemies":"Exordium Wildlife","floor":10,"turns":5},{"damage":4,"enemies":"3 Louse","floor":11,"turns":5},{"damage":2,"enemies":"2 Fungi Beasts","floor":12,"turns":4},{"damage":12,"enemies":"Lagavulin","floor":13,"turns":6},{"damage":1,"enemies":"Hexaghost","floor":16,"turns":9},{"damage":23,"enemies":"3 Byrds","floor":18,"turns":7},{"damage":20,"enemies":"Shell Parasite","floor":20,"turns":7},{"damage":20,"enemies":"Snecko","floor":22,"turns":7},{"damage":13,"enemies":"Slavers","floor":23,"turns":2}],"seed_played":"3138733055257625416","potions_obtained":[{"floor":2,"key":"SmokeBomb"},{"floor":4,"key":"ColorlessPotion"},{"floor":10,"key":"Energy Potion"},{"floor":11,"key":"LiquidMemories"},{"floor":16,"key":"Strength Potion"},{"floor":18,"key":"Explosive Potion"},{"floor":20,"key":"SteroidPotion"}],"is_trial":false,"path_per_floor":["M","M","M","M","M","R","M","R","T","M","M","M","E","$","R","B",null,"M","?","M","?","M","E"],"character_chosen":"THE_SILENT","items_purchased":["Blade Dance","Sling","Backflip","Fire Potion"],"campfire_rested":3,"item_purchase_floors":[14,14,14,14],"current_hp_per_floor":[57,55,48,39,37,56,53,66,66,58,54,52,40,40,59,58,64,41,41,21,21,1,0,0],"gold":42,"neow_bonus":"TRANSFORM_CARD","is_daily":false,"chose_seed":false,"campfire_upgraded":0,"win_rate":0.0,"timestamp":1609637353,"path_taken":["M","M","M","M","M","R","M","R","T","M","M","M","E","$","R","BOSS","M","?","M","?","?","E"],"items_purchased_type":["Card","Relic","Card","Potion"],"build_version":"2020-12-22","purchased_purges":0,"victory":false,"max_hp_per_floor":[66,66,66,66,66,66,66,66,66,66,66,66,66,66,66,66,66,66,66,66,66,66,66,66],"card_choices":[{"not_picked":["Prepared","Poisoned Stab"],"picked":"Cloak And Dagger","floor":1},{"not_picked":["Bane","Backflip"],"picked":"Bouncing Flask","floor":2},{"not_picked":["Dagger Throw","Wraith Form v2"],"picked":"Quick Slash","floor":3},{"not_picked":["Outmaneuver","Setup"],"picked":"Infinite Blades","floor":4},{"not_picked":["Eviscerate","Dagger Throw","Expertise"],"picked":"SKIP","floor":5},{"not_picked":["Dagger Throw","Outmaneuver"],"picked":"Accuracy","floor":7},{"not_picked":["Setup","Tactician","Terror"],"picked":"SKIP","floor":10},{"not_picked":["Night Terror","Deadly Poison","Flying Knee"],"picked":"SKIP","floor":11},{"not_picked":["Outmaneuver","Acrobatics"],"picked":"Deflect","floor":12},{"not_picked":["Outmaneuver","Riddle With Holes"],"picked":"PiercingWail","floor":13},{"not_picked":["Grand Finale","Deadly Poison"],"picked":"Dash","floor":15},{"not_picked":["Quick Slash","Flying Knee"],"picked":"Blade Dance+1","floor":18},{"not_picked":["Finisher","Flying Knee"],"picked":"PiercingWail","floor":20},{"not_picked":["All Out Attack","Underhanded Strike"],"picked":"Cloak And Dagger","floor":22}],"player_experience":631020,"relics_obtained":[{"floor":9,"key":"Dream Catcher"},{"floor":13,"key":"War Paint"}],"event_choices":[{"damage_healed":0,"gold_gain":0,"player_choice":"Obtained Relic","damage_taken":0,"relics_obtained":["Akabeko"],"max_hp_gain":0,"max_hp_loss":0,"event_name":"Addict","floor":19,"gold_loss":85},{"damage_healed":0,"gold_gain":0,"player_choice":"1 cards matched","damage_taken":0,"max_hp_gain":0,"max_hp_loss":0,"event_name":"Match and Keep!","floor":21,"gold_loss":0,"cards_obtained":["PanicButton"]}],"is_beta":false,"boss_relics":[{"not_picked":["Empty Cage","Runic Dome"],"picked":"Runic Pyramid"}],"items_purged_floors":[],"is_endless":false,"potions_floor_spawned":[2,4,10,11,16,18,20],"killed_by":"Slavers","ascension_level":14}}