{"host":"hgkb2zpbo2dcws21","time":1609671490,"event":{"mods":["AchievementEnabler","BaseMod","Colored Map","Colored Powertips","Custom Start","DeckTracker","KOR Keyword Fix","Minty Spire (QoL Compilation)","Relic Stats","StSLib","SuperFastMode"],"gold_per_floor":[118,193,193,33,46,74,74,33,57,57,68,115,143,153,153,227,227,247,162,173,173,173],"floor_reached":21,"playtime":524,"items_purged":[],"score":413,"play_id":"b4b0436a-e48e-48e3-baed-7de9b1f8fd12","local_time":"20210103195810","is_ascension_mode":true,"campfire_choices":[{"data":"Corpse Explosion","floor":7,"key":"SMITH"},{"floor":15,"key":"REST"}],"circlet_count":0,"master_deck":["AscendersBane","Strike_G","Strike_G","Strike_G","Strike_G","Strike_G","Defend_G","Defend_G+1","Defend_G","Defend_G","Survivor","Neutralize","Blade Dance+1","Prepared","Corpse Explosion+1","Noxious Fumes+1","Crippling Poison","Blur","After Image","Deadly Poison"],"relics":["Ring of the Snake","NeowsBlessing","War Paint","Regal Pillow","Omamori","Pen Nib","Boot","HoveringKite","Pear"],"acts_visited":["Exordium","TheCity"],"potions_floor_usage":[13,16],"damage_taken":[{"damage":0,"enemies":"2 Louse","floor":1,"turns":1},{"damage":0,"enemies":"Jaw Worm","floor":5,"turns":1},{"damage":0,"enemies":"Lagavulin","floor":6,"turns":1},{"damage":0,"enemies":"Cultist","floor":11,"turns":3},{"damage":20,"enemies":"Gremlin Nob","floor":13,"turns":4},{"damage":13,"enemies":"Large Slime","floor":14,"turns":4},{"damage":40,"enemies":"Slime Boss","floor":16,"turns":8},{"damage":23,"enemies":"Spheric Guardian","floor":18,"turns":6},{"damage":23,"enemies":"2 Thieves","floor":20,"turns":3},{"damage":16,"enemies":"Shelled Parasite and Fungi","floor":21,"turns":2}],"seed_played":"864923883419000707","potions_obtained":[{"floor":1,"key":"DistilledChaos"},{"floor":5,"key":"Block Potion"}],"is_trial":false,"path_per_floor":["M","?","?","$","M","E","R","$","T","?","M","T","E","M","R","B",null,"M","?","M","M"],"character_chosen":"THE_SILENT","items_purchased":["War Paint","Noxious Fumes"],"campfire_rested":1,"item_purchase_floors":[4,8],"current_hp_per_floor":[59,48,41,41,41,41,41,41,41,41,41,41,21,8,42,2,50,27,37,14,0,0],"gold":173,"neow_bonus":"THREE_ENEMY_KILL","is_daily":false,"chose_seed":false,"campfire_upgraded":1,"win_rate":0.0,"timestamp":1609671490,"path_taken":["M","?","?","?","?","E","R","$","T","?","M","?","E","M","R","BOSS","M","?","M","M"],"items_purchased_type":["Relic","Card"],"build_version":"2020-12-22","purchased_purges":0,"victory":false,"max_hp_per_floor":[66,66,66,66,66,66,66,66,66,66,66,66,66,66,66,66,66,66,76,76,76,76],"relic_stats":{"Regal Pillow":15,"counters":[10,33],"HoveringKite":[5],"Pen Nib":[5],"War Paint":["Blade Dance","Defend_G"],"Boot":[23],"obtain_stats":[{"Regal Pillow":6,"Pear":19,"NeowsBlessing":0,"HoveringKite":17,"Pen Nib":12,"Omamori":9,"War Paint":4,"Boot":13,"Ring of the Snake":0},{"Regal Pillow":3,"Pear":8,"NeowsBlessing":0,"HoveringKite":7,"Pen Nib":4,"Omamori":3,"War Paint":1,"Boot":5,"Ring of the Snake":0},{"Regal Pillow":3,"Pear":28,"NeowsBlessing":0,"HoveringKite":22,"Pen Nib":6,"Omamori":3,"War Paint":1,"Boot":10,"Ring of the Snake":0}],"Ring of the Snake":[20]},"card_choices":[{"not_picked":["Finisher","Setup"],"picked":"Blade Dance","floor":1},{"not_picked":["Noxious Fumes","Outmaneuver"],"picked":"Prepared","floor":5},{"not_picked":["Dagger Spray","PiercingWail"],"picked":"Corpse Explosion","floor":6},{"not_picked":["Flying Knee","Dagger Spray","Underhanded Strike"],"picked":"SKIP","floor":11},{"not_picked":["Sucker Punch","Acrobatics"],"picked":"Crippling Poison","floor":13},{"not_picked":["Cloak And Dagger","Bouncing Flask"],"picked":"Blur","floor":14},{"not_picked":["Die Die Die","Corpse Explosion"],"picked":"After Image","floor":16},{"not_picked":["Outmaneuver","Concentrate","Masterful Stab"],"picked":"SKIP","floor":18},{"not_picked":["Outmaneuver","Bouncing Flask"],"picked":"Deadly Poison","floor":20}],"player_experience":1127145,"relics_obtained":[{"floor":6,"key":"Regal Pillow"},{"floor":9,"key":"Omamori"},{"floor":12,"key":"Pen Nib"},{"floor":13,"key":"Boot"}],"event_choices":[{"damage_healed":0,"gold_gain":75,"player_choice":"Gather Gold","damage_taken":11,"max_hp_gain":0,"max_hp_loss":0,"event_name":"World of Goop","floor":2,"gold_loss":0},{"cards_removed":["Defend_G"],"damage_healed":0,"gold_gain":0,"player_choice":"Card Removal","damage_taken":7,"max_hp_gain":0,"max_hp_loss":0,"event_name":"Golden Wing","floor":3,"gold_loss":0},{"damage_healed":0,"gold_gain":0,"player_choice":"Grow","damage_taken":0,"max_hp_gain":0,"max_hp_loss":0,"event_name":"Living Wall","floor":10,"gold_loss":0,"cards_upgraded":["Noxious Fumes"]},{"damage_healed":0,"gold_gain":0,"player_choice":"Obtained Relic","damage_taken":0,"relics_obtained":["Pear"],"max_hp_gain":0,"max_hp_loss":0,"event_name":"Addict","floor":19,"gold_loss":85}],"is_beta":false,"boss_relics":[{"not_picked":["SacredBark","Ring of the Serpent"],"picked":"HoveringKite"}],"items_purged_floors":[],"is_endless":false,"potions_floor_spawned":[1,5,11],"killed_by":"Shelled Parasite and Fungi","ascension_level":19}}