{"host":"qvm8mnkwg7phaqzl","time":1609656693,"event":{"mods":["2.2 Compatiblity","A Magickal Journey","Act Like it!","Aspiration","Astrologer","Bard","BaseMod","Beaked The Cultist","Better Altar","Better Match","Better Note","Better Sensory Stone","Better Skull","Better Third Choice","CCEM","CapriCore","CatGirl Mod","Chen","Colored Map","Conspire","DeckTracker","Downfall","Elementarium","Friendly Minions","Gensokyo","GifTheSpireLib","Gremlin Mod","Halation","Hermit","Hubris","Koishi","Marisa（霧雨　魔理沙）","Marked Mod","Mathematician","Minty Spire (QoL Compilation)","Onozuka Komachi Mod","Potionbrewer","Random Character Button","Rare Cards Sparkle","Reimu（博??梦）","Replay The Spire","Shade Mod","Somnambulant","StSLib","The Accelerator","The Administrix","The Alterego","The Blackbeard","The Bladedancer","The Bug Knight","The Caster","The Construct","The Cursed","The Disciple","The Dragon Tamer","The Druid","The Elementalist","The Factory","The Florist","The Forsaken","The Gatherer","The Hierophant","The Immortal","The Judge","The Juggle","The Jungle","The Marked","The Mystic","The Necromancer","The Poker Player","The Problem Sleuth","The Runesmith","The Sage","The Servant 0.9.4","The Spell Scribe","The Valiant","The Witch","TheArtist","TheBandit","TheFirefly","Wandering Minibosses","Yakumo Yukari mod","Youmu（魂魄妖梦）","Yuyuko","vexMod","yUi"],"gold_per_floor":[99,110,59,70,86,71,95,105,130,142,160,176,176,190,207,306,306,306,319,319,319,419,419,444,444,226,226,239,281,331,342,360,360,360,360],"floor_reached":33,"playtime":9869,"items_purged":["hexamod:Defend"],"score":271,"play_id":"e5d7f477-8fb8-4a63-bf26-2abc7a280f26","local_time":"20210103005133","is_ascension_mode":false,"campfire_choices":[{"floor":1,"key":"DIG"},{"data":"hexamod:NecessarySacrifice","floor":13,"key":"SMITH"},{"data":"hexamod:Float","floor":18,"key":"SMITH"},{"data":"hexamod:Rewind","floor":23,"key":"SMITH"},{"data":"hexamod:RainOfEmbers","floor":25,"key":"SMITH"},{"data":"hexamod:VolcanoVisage","floor":27,"key":"SMITH"}],"circlet_count":0,"master_deck":["hexamod:Strike+1","hexamod:Strike+1","hexamod:Strike+1","hexamod:Strike","hexamod:Defend","hexamod:Defend","hexamod:Defend+1","hexamod:Sear+1","hexamod:Float+1","hexamod:FirstSeal","hexamod:EmpoweredFlame","hexamod:GhostOfSpirePresent","hexamod:FourthSeal","hexamod:NecessarySacrifice+1","hexamod:RainOfEmbers+1","hexamod:Hexaguard","hexamod:Rewind+1","hexamod:SixthSeal","hexamod:VolcanoVisage+1","hexamod:DynamicBlow","hexamod:PhantomFireball","hexamod:SecondSeal","hexamod:EmpoweringStance"],"relics":["hexamod:SpiritBrand","aspiration:FrozenJewel","Nunchaku","Replay:Mystery Machine","conspire:RoyalGoblet","downfall:CloakOfManyFaces","CultistMask","FaceOfCleric","NlothsMask","GremlinMask","SsserpentHead","Orrery","CCEMRelics:TechnogenicHelmet","halation:StarCompass"],"acts_visited":["Exordium","TheCity"],"potions_floor_usage":[9,10,16,16,26,26,29,29,29,31,33,33,33],"damage_taken":[{"damage":0,"enemies":"Cultist","floor":2,"turns":3},{"damage":2,"enemies":"downfall:FleeingMerchant","floor":3,"turns":4},{"damage":3,"enemies":"Jaw Worm","floor":4,"turns":4},{"damage":0,"enemies":"2 Louse","floor":5,"turns":3},{"damage":7,"enemies":"downfall:FleeingMerchant","floor":6,"turns":4},{"damage":15,"enemies":"Exordium Wildlife","floor":8,"turns":6},{"damage":10,"enemies":"Lagavulin","floor":9,"turns":7},{"damage":0,"enemies":"3 Louse","floor":10,"turns":4},{"damage":10,"enemies":"Blue Slaver","floor":11,"turns":4},{"damage":0,"enemies":"Exordium Thugs","floor":12,"turns":6},{"damage":0,"enemies":"Blue Slaver","floor":14,"turns":3},{"damage":0,"enemies":"Gremlin Gang","floor":15,"turns":5},{"damage":23,"enemies":"downfall:Watcher","floor":16,"turns":6},{"damage":3,"enemies":"Shell Parasite","floor":19,"turns":7},{"damage":11,"enemies":"downfall:FaceTrader","floor":22,"turns":7},{"damage":2,"enemies":"downfall:FleeingMerchant","floor":26,"turns":4},{"damage":34,"enemies":"Snecko","floor":28,"turns":6},{"damage":26,"enemies":"Gremlin Leader","floor":29,"turns":7},{"damage":13,"enemies":"Centurion and Healer","floor":31,"turns":6},{"damage":8,"enemies":"Shelled Parasite and Fungi","floor":32,"turns":4},{"damage":44,"enemies":"downfall:Silent","floor":33,"turns":6}],"seed_played":"-6628153745857570900","potions_obtained":[{"floor":5,"key":"BlessingOfTheForge"},{"floor":5,"key":"Strength Potion"},{"floor":6,"key":"sagemod:Wine"},{"floor":8,"key":"Fire Potion"},{"floor":9,"key":"SpeedPotion"},{"floor":9,"key":"hexamod:InfernoChargePotion"},{"floor":10,"key":"Venom Potion"},{"floor":11,"key":"potionbrewer:ToxicPotion"},{"floor":16,"key":"Strength Potion"},{"floor":19,"key":"potionbrewer:EndurancePotion"},{"floor":22,"key":"potionbrewer:HastePotion"},{"floor":26,"key":"potionbrewer:NoxiousPotion"},{"floor":28,"key":"Regen Potion"},{"floor":29,"key":"hexamod:InfernoChargePotion"},{"floor":29,"key":"potionbrewer:FireTonic"},{"floor":31,"key":"champ:CounterPotion"},{"floor":32,"key":"potionbrewer:InfectionPotion"}],"is_trial":false,"path_per_floor":["R_BF","M","$","M","M","$","T","M","E","M","M","M","R","M","M","B",null,"R","M","?","?","?","R","T","R","$","R","M","E","?","M","M","B"],"character_chosen":"THE_SPIRIT","items_purchased":["hexamod:GhostOfSpirePresent","Orrery","hexamod:SecondSeal"],"campfire_rested":0,"item_purchase_floors":[3,26,26],"current_hp_per_floor":[77,77,77,77,77,77,77,69,66,73,70,77,77,77,77,54,77,77,77,77,77,73,73,73,73,78,78,52,49,49,44,44,0,0,0],"gold":360,"neow_bonus":"TEN_PERCENT_HP_BONUS","is_daily":false,"chose_seed":false,"campfire_upgraded":5,"win_rate":0.0,"timestamp":1609656693,"path_taken":["R_BF","M","$","M","M","?","T","M","E","M","M","M","R","M","M","BOSS","R","M","?","?","?","R","T","R","$","R","M","E","?","M","M","BOSS"],"items_purchased_type":["Card","Relic","Card"],"build_version":"2020-12-22","purchased_purges":1,"victory":false,"max_hp_per_floor":[77,77,77,77,77,77,77,77,77,77,77,77,77,77,77,77,77,77,77,77,77,77,77,77,77,78,78,79,80,80,81,82,82,82,82],"card_choices":[{"not_picked":["hexamod:Firestarter","hexamod:SecondSeal"],"picked":"hexamod:FirstSeal","floor":2},{"not_picked":["hexamod:Hexaguard","hexamod:TurnItUp"],"picked":"hexamod:EmpoweredFlame","floor":3},{"not_picked":["hexamod:FirstSeal","hexamod:SwordOfDarkness"],"picked":"hexamod:FourthSeal","floor":4},{"not_picked":["hexamod:ShieldOfDarkness","hexamod:BacktrackSmack"],"picked":"hexamod:NecessarySacrifice","floor":5},{"not_picked":["hexamod:Again","hexamod:Incineration","hexamod:SwordOfDarkness"],"picked":"SKIP","floor":6},{"not_picked":["hexamod:ShieldOfDarkness","hexamod:ThermalTransfer"],"picked":"hexamod:RainOfEmbers","floor":8},{"not_picked":["hexamod:ShieldOfDarkness","hexamod:RecurringNightmare","hexamod:AdvancingGuard"],"picked":"SKIP","floor":9},{"not_picked":["hexamod:EtherealExpedition","hexamod:GhostLash"],"picked":"hexamod:Hexaguard","floor":10},{"not_picked":["hexamod:TimeWarp","hexamod:HauntingEcho"],"picked":"hexamod:Rewind","floor":11},{"not_picked":["hexamod:Haunt","hexamod:GhostOfSpirePresent","hexamod:Incineration"],"picked":"SKIP","floor":12},{"not_picked":["hexamod:GhostOfSpirePresent","hexamod:NightmareStrike","hexamod:Incineration"],"picked":"SKIP","floor":14},{"not_picked":["hexamod:BurningTouch","hexamod:Firestarter","hexamod:InspiringFlames"],"picked":"SKIP","floor":15},{"not_picked":["hexamod:UnleashSpirits","hexamod:TurnItUp"],"picked":"hexamod:SixthSeal","floor":16},{"not_picked":["hexamod:NightmareStrike+1","hexamod:BacktrackSmack","hexamod:GhostShield+1"],"picked":"SKIP","floor":19},{"not_picked":["hexamod:BurningTouch","hexamod:NightmareStrike","hexamod:InspiringFlames"],"picked":"SKIP","floor":26},{"not_picked":["hexamod:HauntingEcho","hexamod:BurningTouch"],"picked":"hexamod:VolcanoVisage","floor":26},{"not_picked":["hexamod:FastForward","hexamod:RainOfEmbers"],"picked":"hexamod:DynamicBlow","floor":26},{"not_picked":["hexamod:ThermalTransfer","hexamod:NightmareGuise+1"],"picked":"hexamod:PhantomFireball","floor":26},{"not_picked":["hexamod:FastForward","hexamod:BurningTouch","hexamod:SecondSeal"],"picked":"SKIP","floor":28},{"not_picked":["hexamod:NightmareGuise","hexamod:GhostLash"],"picked":"hexamod:EmpoweringStance","floor":29},{"not_picked":["hexamod:HeatCrush","hexamod:HauntingEcho","hexamod:SkipABeat"],"picked":"SKIP","floor":31},{"not_picked":["hexamod:NightmareGuise","hexamod:ChargedBarrage+1","hexamod:SwordOfDarkness"],"picked":"SKIP","floor":32}],"player_experience":625499,"relics_obtained":[{"floor":1,"key":"aspiration:FrozenJewel"},{"floor":7,"key":"Nunchaku"},{"floor":9,"key":"Replay:Mystery Machine"},{"floor":22,"key":"downfall:CloakOfManyFaces"},{"floor":29,"key":"CCEMRelics:TechnogenicHelmet"}],"event_choices":[],"is_beta":false,"boss_relics":[{"not_picked":["aspiration:RunicSpoon","conspire:SpecialSausage"],"picked":"conspire:RoyalGoblet"}],"items_purged_floors":[26],"is_endless":false,"potions_floor_spawned":[5,8,9,10,11,14,22,29,32],"killed_by":"downfall:Silent","ascension_level":0}}