{"host":"Sumable","time":1609711106,"event":{"mods":["AchievementEnabler","BaseMod","Better Note","BetterRewards","Googly Eyes","Hermit","Minty Spire (QoL Compilation)","Quick Restart","Shop Mod","StSLib","The Cursed","everything is the same but u backflip on backflip","slay the spire mod where everything is the same but ironclad has a cowboy hat"],"gold_per_floor":[114,114,114,114,128,167,183,183,183,221,221,242,242,276,276,372,372,386,410,410,410,428,428,441,441,467,467,1,44,44,44,44,44,44],"floor_reached":33,"playtime":2825,"items_purged":[],"score":629,"play_id":"0894bc81-88a8-4ba2-91fa-4957982fee69","local_time":"20210103145826","is_ascension_mode":true,"campfire_choices":[{"floor":8.0,"key":"REST"},{"floor":11.0,"key":"REST"},{"floor":13.0,"key":"REST"},{"data":"Hemokinesis","floor":15.0,"key":"SMITH"},{"floor":23,"key":"REST"},{"floor":25,"key":"REST"},{"floor":27,"key":"REST"},{"data":"Uppercut","floor":30,"key":"SMITH"},{"floor":32,"key":"REST"}],"circlet_count":0,"master_deck":["AscendersBane","Strike_R","Strike_R","Strike_R","Strike_R","Strike_R","Defend_R","Defend_R","Defend_R","Defend_R","Bash","Hemokinesis+1","Inflame","Combust","Whirlwind","Reckless Charge","Limit Break+1","Shrug It Off+1","Twin Strike","Demon Form","Uppercut+1","Thunderclap","Shrug It Off+1","Inflame"],"relics":["Burning Blood","Torii","Golden Idol","Pantograph","Mummified Hand","Toxic Egg 2","Toy Ornithopter","Runic Pyramid","Nilry\u0027s Codex","Juzu Bracelet","Frozen Egg 2","Gremlin Horn"],"acts_visited":["TheCity"],"potions_floor_usage":[18,24,29],"damage_taken":[{"damage":12.0,"enemies":"Small Slimes","floor":1.0,"turns":3.0},{"damage":2.0,"enemies":"2 Louse","floor":5.0,"turns":3.0},{"damage":38.0,"enemies":"Lagavulin","floor":6.0,"turns":6.0},{"damage":9.0,"enemies":"Jaw Worm","floor":7.0,"turns":3.0},{"damage":20.0,"enemies":"Gremlin Nob","floor":10.0,"turns":3.0},{"damage":9.0,"enemies":"Lots of Slimes","floor":12.0,"turns":2.0},{"damage":37.0,"enemies":"3 Sentries","floor":14.0,"turns":6.0},{"damage":59.0,"enemies":"The Guardian","floor":16.0,"turns":11.0},{"damage":2,"enemies":"Spheric Guardian","floor":18,"turns":3},{"damage":35,"enemies":"2 Thieves","floor":19,"turns":3},{"damage":30,"enemies":"Snake Plant","floor":22,"turns":4},{"damage":24,"enemies":"Chosen and Byrds","floor":24,"turns":5},{"damage":37,"enemies":"Gremlin Leader","floor":29,"turns":5},{"damage":36,"enemies":"Colosseum Slavers","floor":31,"turns":5},{"damage":98,"enemies":"Automaton","floor":33,"turns":6}],"seed_played":"-3504851502217598785","potions_obtained":[{"floor":1.0,"key":"EssenceOfSteel"},{"floor":10.0,"key":"ColorlessPotion"},{"floor":16.0,"key":"SteroidPotion"},{"floor":22,"key":"ColorlessPotion"},{"floor":24,"key":"Regen Potion"}],"is_trial":false,"path_per_floor":["M","?","?","$","M","E","M","R","T","E","R","M","R","E","R","B",null,"M","M","?","?","M","R","M","R","T","R","$","E","R","?","R","B"],"character_chosen":"IRONCLAD","items_purchased":["Torii","Hemokinesis","Inflame","Inflame","Juzu Bracelet","Frozen Egg 2"],"campfire_rested":7,"item_purchase_floors":[0,0,0,28,28,28],"current_hp_per_floor":[49,49,54,54,58,26,23,48,48,34,59,56,81,50,50,22,69,78,49,33,33,9,34,21,46,46,71,71,54,54,24,49,0,0],"gold":44,"neow_bonus":"","is_daily":false,"chose_seed":false,"campfire_upgraded":2,"win_rate":0.0,"timestamp":1609711106,"path_taken":["M","?","?","?","M","E","?","R","T","E","R","M","R","E","R","BOSS","M","M","?","?","M","R","M","R","T","R","$","E","R","?","R","BOSS"],"items_purchased_type":["Relic","Card","Card","Card","Relic","Relic"],"build_version":"2020-12-18","purchased_purges":0,"victory":false,"max_hp_per_floor":[80,80,85,85,85,85,85,85,85,85,85,85,85,85,85,85,85,85,85,85,85,85,85,85,85,85,85,85,85,85,85,85,85,85],"card_choices":[{"not_picked":["Warcry","Havoc"],"picked":"Combust","floor":1.0},{"not_picked":["Clothesline","Sentinel","Wild Strike"],"picked":"SKIP","floor":5.0},{"not_picked":["Fiend Fire","Sword Boomerang"],"picked":"Whirlwind","floor":6.0},{"not_picked":["Perfected Strike","Havoc"],"picked":"Reckless Charge","floor":7.0},{"not_picked":["Reckless Charge","Iron Wave"],"picked":"Limit Break+1","floor":10.0},{"not_picked":["Clash","Sword Boomerang"],"picked":"Shrug It Off+1","floor":12.0},{"not_picked":["Warcry+1","Armaments+1"],"picked":"Twin Strike","floor":14.0},{"not_picked":["Impervious+1","Exhume+1"],"picked":"Demon Form","floor":16.0},{"not_picked":["Clothesline","True Grit+1"],"picked":"Uppercut","floor":18},{"not_picked":["Metallicize","Iron Wave","Wild Strike"],"picked":"SKIP","floor":19},{"not_picked":["Clothesline","Whirlwind"],"picked":"Thunderclap","floor":22},{"not_picked":["True Grit+1","Pommel Strike"],"picked":"Shrug It Off+1","floor":24},{"not_picked":["Infernal Blade+1","Anger","Corruption+1"],"picked":"SKIP","floor":29}],"player_experience":1033451,"relics_obtained":[{"floor":6.0,"key":"Pantograph"},{"floor":9.0,"key":"Mummified Hand"},{"floor":10.0,"key":"Toxic Egg 2"},{"floor":14.0,"key":"Toy Ornithopter"},{"floor":20,"key":"Nilry\u0027s Codex"},{"floor":29,"key":"Gremlin Horn"}],"event_choices":[{"damage_healed":0.0,"max_hp_gain":0.0,"max_hp_loss":0.0,"gold_gain":0.0,"event_name":"Golden Idol","player_choice":"Take Wound","floor":2.0,"gold_loss":0.0,"damage_taken":0.0,"relics_obtained":["Golden Idol"],"cards_obtained":["Injury"]},{"damage_healed":0.0,"max_hp_gain":5.0,"max_hp_loss":0.0,"gold_gain":0.0,"event_name":"Big Fish","player_choice":"Donut","floor":3.0,"gold_loss":0.0,"damage_taken":0.0},{"damage_healed":0,"gold_gain":0,"player_choice":"Obtained Book","damage_taken":16,"max_hp_gain":0,"max_hp_loss":0,"event_name":"Cursed Tome","floor":20,"gold_loss":0},{"cards_removed":["Injury"],"damage_healed":0,"gold_gain":0,"player_choice":"Removed Curses","damage_taken":0,"max_hp_gain":0,"max_hp_loss":0,"event_name":"Fountain of Cleansing","floor":21,"gold_loss":0},{"damage_healed":0,"gold_gain":0,"player_choice":"Fight","damage_taken":0,"max_hp_gain":0,"max_hp_loss":0,"event_name":"Colosseum","floor":31,"gold_loss":0},{"damage_healed":0,"gold_gain":0,"player_choice":"Fled From Nobs","damage_taken":0,"max_hp_gain":0,"max_hp_loss":0,"event_name":"Colosseum","floor":31,"gold_loss":0}],"is_beta":true,"boss_relics":[{"not_picked":["Coffee Dripper","Astrolabe"],"picked":"Runic Pyramid"}],"items_purged_floors":[],"is_endless":false,"potions_floor_spawned":[1,10,16,22,24],"killed_by":"Automaton","ascension_level":13}}