{"host":"r3d3rfw8zyydmocx","time":1609638170,"event":{"mods":["Aspiration","BaseMod","Better Third Choice","Colored Powertips","Conspire","Downfall","Hermit","Highlight Path","Hubris","Minty Spire (QoL Compilation)","StSLib","The Hierophant","The Servant 0.9.4"],"gold_per_floor":[115,115,131,142,71,101,101,85,108,108,283,208,208,228,228,333,333,321,337,337,347,357,357,357,373,446,466,485,516,536,222,222,325,325,345,355,375,386,386,420,451,326,375,375,391,391,416,431,431,431],"floor_reached":51,"playtime":3535,"items_purged":["Doubt","Strike_S","Strike_S"],"score":895,"play_id":"c7ae3b4f-03de-4dce-9f64-2e84060df2d1","local_time":"20210102174250","is_ascension_mode":true,"campfire_choices":[{"data":"Potential","floor":7.0,"key":"SMITH"},{"data":"GearUp","floor":10.0,"key":"SMITH"},{"data":"Moondial","floor":15.0,"key":"SMITH"},{"data":"KidneyShot","floor":23.0,"key":"SMITH"},{"data":"Barrier","floor":24.0,"key":"SMITH"},{"data":"Embodiment","floor":32.0,"key":"SMITH"},{"data":"Deny","floor":46,"key":"SMITH"},{"floor":49,"key":"REST"}],"circlet_count":0,"master_deck":["Strike_S+1","Strike_S+1","Defend_S","Defend_S","Defend_S","Defend_S+1","KidneyShot+1","Exchange","Barrier+1","Potential+1","Moondial+1","GearUp+1","SilverBlades","MurderousAura","Snipe+1","Spin+1","Alleviate+1","Potential","Embodiment+1","Potential","Deny+1","TheWorld+1","CurseOfTheBell","Hightail+1","Sabotage+1","Potential","GearUp+1","Revamp+1","LightFlow","KidneyShot","Desolation","ShatteredReality+1"],"relics":["Uniform","aspiration:Nostalgia","hexamod:SpiritBrand","hubris:Towel","Bronze Scales","Whetstone","aspiration:FrozenJewel","StoneMask","WingedGreaves","hubris:BottledRain","PreservedInsect","aspiration:Lifesprig","Calling Bell","Blood Vial","Pear","Mango","aspiration:HummingbirdHeart","Bag of Preparation","War Paint","aspiration:TrustyKnives","hubris:TinFlute"],"acts_visited":["Exordium","TheCity","TheBeyond"],"potions_floor_usage":[47,50],"damage_taken":[{"damage":0.0,"enemies":"Small Slimes","floor":1.0,"turns":3.0},{"damage":0.0,"enemies":"2 Louse","floor":3.0,"turns":1.0},{"damage":1.0,"enemies":"Jaw Worm","floor":4.0,"turns":4.0},{"damage":15.0,"enemies":"3 Sentries","floor":6.0,"turns":6.0},{"damage":11.0,"enemies":"Exordium Thugs","floor":8.0,"turns":4.0},{"damage":0.0,"enemies":"Red Slaver","floor":14.0,"turns":4.0},{"damage":4.0,"enemies":"Slime Boss","floor":16.0,"turns":15.0},{"damage":9.0,"enemies":"2 Thieves","floor":18.0,"turns":4.0},{"damage":0.0,"enemies":"Spheric Guardian","floor":19.0,"turns":5.0},{"damage":14.0,"enemies":"Snake Plant","floor":21.0,"turns":5.0},{"damage":6.0,"enemies":"Shelled Parasite and Fungi","floor":22.0,"turns":5.0},{"damage":0.0,"enemies":"3 Cultists","floor":25.0,"turns":4.0},{"damage":0.0,"enemies":"Cultist and Chosen","floor":27.0,"turns":6.0},{"damage":3.0,"enemies":"Centurion and Healer","floor":28.0,"turns":6.0},{"damage":5.0,"enemies":"conspire:SneckoGhost","floor":29.0,"turns":7.0},{"damage":0.0,"enemies":"Chosen and Byrds","floor":30.0,"turns":8.0},{"damage":0.0,"enemies":"conspire:MysteriousRune","floor":33.0,"turns":9.0},{"damage":0.0,"enemies":"3 Darklings","floor":35.0,"turns":8.0},{"damage":0.0,"enemies":"Orb Walker","floor":36.0,"turns":5.0},{"damage":4.0,"enemies":"Spire Growth","floor":37.0,"turns":7.0},{"damage":1.0,"enemies":"Jaw Worm Horde","floor":38.0,"turns":7.0},{"damage":66.0,"enemies":"Giant Head","floor":40.0,"turns":10.0},{"damage":49.0,"enemies":"Nemesis","floor":41.0,"turns":9.0},{"damage":0,"enemies":"4 Shapes","floor":45,"turns":6},{"damage":17,"enemies":"conspire:MimicChest","floor":47,"turns":4},{"damage":4,"enemies":"3 Darklings","floor":48,"turns":6},{"damage":123,"enemies":"conspire:OrnateMirror","floor":50,"turns":11}],"seed_played":"-1068318291020792239","potions_obtained":[{"floor":3.0,"key":"Swift Potion"},{"floor":4.0,"key":"BlessingOfTheForge"},{"floor":19.0,"key":"Strength Potion"},{"floor":22.0,"key":"PowerPotion"},{"floor":25.0,"key":"GamblersBrew"},{"floor":29.0,"key":"Slimebound:ThreeZeroPotion"},{"floor":30.0,"key":"Slimebound:ThreeZeroPotion"},{"floor":38.0,"key":"Fruit Juice"},{"floor":41.0,"key":"ColorlessPotion"},{"floor":45,"key":"FairyPotion"},{"floor":48,"key":"AttackPotion"}],"is_trial":false,"path_per_floor":["M","?","M","M","$","E","R","M","T","R","?","$","?","M","R","B",null,"M","M","?","M","M","R","R","M","T","M","M","E","M","$","R","B",null,"M","M","M","M","T","E","E","$","T","?","M","R","?","M","R","B",null],"character_chosen":"THE_SERVANT","items_purchased":["Moondial","aspiration:Lifesprig","Deny"],"campfire_rested":1,"item_purchase_floors":[5,31,31],"current_hp_per_floor":[65,65,65,64,64,49,49,38,38,38,38,38,35,35,35,31,65,59,62,62,51,51,51,51,60,60,66,69,67,73,73,73,76,105,106,107,106,116,116,58,14,14,14,14,28,28,16,17,54,10],"gold":431,"neow_bonus":"NOSTALGIA","is_daily":false,"chose_seed":false,"campfire_upgraded":7,"win_rate":0.0,"timestamp":1609638170,"path_taken":["M","?","M","M","$","E","R","M","T","R","?","$","?","?","R","BOSS","M","M","?","M","M","R","R","M","T","M","?","E","?","$","R","BOSS","M","M","M","M","?","E","E","$","T","?","?","R","?","M","R","BOSS"],"items_purchased_type":["Card","Relic","Card"],"build_version":"2020-12-22","purchased_purges":3,"victory":true,"max_hp_per_floor":[65,65,65,65,65,65,65,65,65,65,65,65,65,65,65,65,65,66,67,67,68,70,70,70,73,73,75,77,78,80,80,80,81,105,106,107,108,116,116,117,118,118,118,118,122,122,123,124,124,125],"card_choices":[{"not_picked":["ShatteredReality","Shuttle"],"picked":"Spin","floor":1.0},{"not_picked":["ShatteredReality","DualDimension"],"picked":"Barrier","floor":3.0},{"not_picked":["Reset","Replace"],"picked":"Potential","floor":4.0},{"not_picked":["Starlight","Deadline"],"picked":"GearUp","floor":6.0},{"not_picked":["DualDimension","Replace"],"picked":"SilverBlades","floor":8.0},{"not_picked":["ShatteredReality","Ricochet","WasteNot"],"picked":"SKIP","floor":14.0},{"not_picked":["Sunlight","LightFlow"],"picked":"MurderousAura","floor":16.0},{"not_picked":["Rearm","BottledTime+1"],"picked":"Snipe+1","floor":18.0},{"not_picked":["Ricochet","TimeWarp+1"],"picked":"Spin+1","floor":19.0},{"not_picked":["WasteNot","Replace"],"picked":"Alleviate+1","floor":21.0},{"not_picked":["TrueSight","TimeWarp","Starlight"],"picked":"SKIP","floor":22.0},{"not_picked":["Spin","Alleviate"],"picked":"Potential","floor":25.0},{"not_picked":["Replace","Comet","Misdirection"],"picked":"SKIP","floor":27.0},{"not_picked":["Spin","Replace","Alleviate"],"picked":"SKIP","floor":28.0},{"not_picked":["Alleviate","FastForward"],"picked":"Embodiment","floor":29.0},{"not_picked":["Starlight","Rearm+1"],"picked":"Potential","floor":30.0},{"not_picked":["MurderousAura","Sunlight"],"picked":"TheWorld","floor":33.0},{"not_picked":["Alleviate+1","TimeWarp"],"picked":"Hightail+1","floor":35.0},{"not_picked":["Sabotage","Starlight","Manipulate+1"],"picked":"SKIP","floor":36.0},{"not_picked":["Rewind+1","Ricochet"],"picked":"Sabotage+1","floor":37.0},{"not_picked":["InstantArmor","FastForward"],"picked":"Potential","floor":38.0},{"not_picked":["Replace","Contraction"],"picked":"GearUp+1","floor":40.0},{"not_picked":["MoonPhase","Collapse"],"picked":"Revamp+1","floor":41.0},{"not_picked":["TimeWarp+1","Misdirection"],"picked":"ShatteredReality+1","floor":45},{"not_picked":["TimeWarp+1","ShiftingGears","Moondial"],"picked":"SKIP","floor":48}],"player_experience":558981,"relics_obtained":[{"floor":6.0,"key":"Bronze Scales"},{"floor":9.0,"key":"Whetstone"},{"floor":26.0,"key":"hubris:BottledRain"},{"floor":29.0,"key":"PreservedInsect"},{"floor":34.0,"key":"Blood Vial"},{"floor":34.0,"key":"Pear"},{"floor":34.0,"key":"Mango"},{"floor":39.0,"key":"aspiration:HummingbirdHeart"},{"floor":40.0,"key":"Bag of Preparation"},{"floor":41.0,"key":"War Paint"},{"floor":43.0,"key":"aspiration:TrustyKnives"},{"floor":47,"key":"hubris:TinFlute"}],"event_choices":[{"damage_healed":0.0,"max_hp_gain":0.0,"max_hp_loss":0.0,"gold_gain":175.0,"event_name":"betterThird:BetterSerpent","player_choice":"AGREE","floor":11.0,"gold_loss":0.0,"damage_taken":108.0},{"damage_healed":0.0,"max_hp_gain":0.0,"max_hp_loss":0.0,"gold_gain":0.0,"event_name":"betterThird:BetterScrap","player_choice":"Relic ","floor":13.0,"gold_loss":0.0,"damage_taken":3.0,"cards_obtained":["Storm of Steel"]},{"cards_removed":["Spin"],"damage_healed":0.0,"max_hp_gain":0.0,"max_hp_loss":0.0,"gold_gain":0.0,"event_name":"WeMeetAgain","player_choice":"Gave Card","floor":20.0,"gold_loss":0.0,"damage_taken":0.0,"relics_obtained":["WingedGreaves"]},{"damage_healed":0,"gold_gain":0,"player_choice":"3 cards matched","damage_taken":0,"max_hp_gain":0,"max_hp_loss":0,"event_name":"Match and Keep!","floor":44,"gold_loss":0,"cards_obtained":["LightFlow","KidneyShot","Desolation"]}],"is_beta":false,"boss_relics":[{"not_picked":["Sozu","hubris:VirtuousBlindfold"],"picked":"StoneMask"},{"not_picked":["Cursed Key","Tiny House"],"picked":"Calling Bell"}],"items_purged_floors":[12,31,42],"is_endless":false,"potions_floor_spawned":[3,4,6,19,22,25,29,30,36,38,41,45,48],"ascension_level":1}}