{"host":"3s1bgj9vdfhoy9ls","time":1609654155,"event":{"mods":["BaseMod","BetterRewards","Downfall","Marisa£®ÏF”Í°°ƒß¿Ì…≥£©","Minty Spire (QoL Compilation)","READ ME - Guardian Mod","Replay The Spire","Shop Mod","StSLib","The Bug Knight","The Cursed","The Disciple","The Servant 0.9.4"],"gold_per_floor":[118,118,132,132,150,150,2,2,27,44,61,71,71,89,89,194,194,164,164],"floor_reached":18,"playtime":495,"items_purged":[],"score":193,"play_id":"bdaaa984-075e-4214-a822-31a8b9921fdf","local_time":"20210103140915","is_ascension_mode":true,"campfire_choices":[{"data":"Searing Blow","floor":6,"key":"SMITH"},{"data":"Searing Blow+1","floor":13,"key":"SMITH"},{"data":"Searing Blow+2","floor":15,"key":"SMITH"}],"circlet_count":0,"master_deck":["Strike_R","Strike_R","Strike_R","Defend_R","Defend_R","Defend_R","Defend_R","Bash","Thunderclap","Exhume","Searing Blow+3","Headbutt","Armaments","Demon Form"],"relics":["Black Blood","NeowsBlessing","Orichalcum","ReplayFunnel"],"acts_visited":["Exordium","TheCity"],"potions_floor_usage":[18],"damage_taken":[{"damage":0,"enemies":"2 Louse","floor":1,"turns":1},{"damage":0,"enemies":"Cultist","floor":3,"turns":1},{"damage":0,"enemies":"Jaw Worm","floor":5,"turns":1},{"damage":0,"enemies":"Exordium Wildlife","floor":10,"turns":3},{"damage":5,"enemies":"Looter","floor":11,"turns":2},{"damage":7,"enemies":"Blue Slaver","floor":12,"turns":3},{"damage":2,"enemies":"Exordium Wildlife","floor":14,"turns":5},{"damage":44,"enemies":"Hexaghost","floor":16,"turns":9},{"damage":16,"enemies":"2 Thieves","floor":18,"turns":2}],"seed_played":"-2499649499041422859","potions_obtained":[{"floor":3,"key":"LifebloodPotion"},{"floor":5,"key":"Venom Potion"},{"floor":14,"key":"Explosive Potion"}],"is_trial":false,"path_per_floor":["M","?","M","$","M","R","$","?","T","M","M","M","R","M","R","B",null,"M"],"character_chosen":"IRONCLAD","items_purchased":["Orichalcum"],"campfire_rested":0,"item_purchase_floors":[7],"current_hp_per_floor":[80,80,80,80,80,80,80,80,80,80,80,79,79,80,80,42,71,55,55],"gold":164,"neow_bonus":"THREE_ENEMY_KILL","is_daily":false,"chose_seed":false,"campfire_upgraded":3,"win_rate":0.0,"timestamp":1609654155,"path_taken":["M","?","M","$","?","R","?","?","T","M","M","M","R","M","R","BOSS","M"],"items_purchased_type":["Relic"],"build_version":"2020-12-22","purchased_purges":0,"victory":false,"max_hp_per_floor":[80,80,80,80,80,80,80,80,80,80,80,80,80,80,80,80,80,80,80],"card_choices":[{"not_picked":["Headbutt","Anger"],"picked":"Thunderclap","floor":1},{"not_picked":["ReplayReversal","Pommel Strike"],"picked":"Searing Blow","floor":3},{"not_picked":["Shockwave","Replay:Undeath\u0027s Touch"],"picked":"Headbutt","floor":5},{"not_picked":["Flex","Headbutt","Iron Wave"],"picked":"SKIP","floor":10},{"not_picked":["Cleave","Heavy Blade","Flex"],"picked":"SKIP","floor":11},{"not_picked":["Feel No Pain","Body Slam","Heavy Blade"],"picked":"SKIP","floor":12},{"not_picked":["Headbutt","Evolve"],"picked":"Armaments","floor":14},{"not_picked":["Impervious","Exhume"],"picked":"Demon Form","floor":16}],"player_experience":518412,"relics_obtained":[{"floor":9,"key":"ReplayFunnel"}],"event_choices":[{"damage_healed":0,"gold_gain":0,"cards_transformed":["Strike_R"],"player_choice":"Transformed","damage_taken":0,"max_hp_gain":0,"max_hp_loss":0,"event_name":"Transmorgrifier","floor":2,"gold_loss":0,"cards_obtained":["Exhume"]}],"is_beta":false,"boss_relics":[{"not_picked":["Coffee Dripper","Sozu"],"picked":"Black Blood"}],"items_purged_floors":[],"is_endless":false,"potions_floor_spawned":[3,5,14],"killed_by":"2 Thieves","ascension_level":5}}