{"host":"whloki2o3dp1b07n","time":1609647828,"event":{"mods":["Abigail Mod","Act Like it!","Arknights The Spire","BaseMod","Better Synergies","Block Reminder","CapriCore","Colored Map","Colored Powertips","DNKmod","Evolution","Friendly Minions","GifTheSpireLib","GungeonMod","HexUI Lib","Koishi","Marked Mod","Minty Spire (QoL Compilation)","StSLib","Swap Starting Deck Mod","The Bug Knight","The Caster","The Marked","Transform Curses"],"gold_per_floor":[110,110,110,128,143,174,174,193,193,193,207,12,45,57,57,152,152,166,200,200,200,200,233,253,253,277,277,288,300,312,8,8,112,112,128,141,155,155,170,170,182,197,222,222,222,222,235,249,249,249,249],"floor_reached":50,"playtime":2888,"items_purged":["Decay"],"score":503,"play_id":"474c1db7-66d1-4618-9679-6fa1e72dc372","local_time":"20210102232348","is_ascension_mode":false,"campfire_choices":[{"floor":7,"key":"REST"},{"data":"theMarked:Improvise","floor":10,"key":"SMITH"},{"floor":15,"key":"REST"},{"floor":25,"key":"REST"},{"floor":27,"key":"REST"},{"floor":32,"key":"REST"},{"data":"theMarked:ComboAttacks","floor":40,"key":"SMITH"},{"floor":44,"key":"REST"},{"data":"theMarked:SoldierForm","floor":46,"key":"SMITH"},{"floor":49,"key":"REST"}],"circlet_count":0,"master_deck":["theMarked:ChainLightning","theMarked:Strike+1","theMarked:Strike+1","theMarked:Strike+1","theMarked:Strike+1","theMarked:Defend+1","theMarked:Defend+1","theMarked:Defend+1","theMarked:Defend+1","theMarked:SoldierOfQuellstein+1","theMarked:ChainLightning+1","theMarked:Overcharge","theMarked:Improvise+1","theMarked:ChainLightning","theMarked:HeritageOfTheMarked","theMarked:RogueSparks","theMarked:EmpowerWeapon","theMarked:Static","Enlightenment","theMarked:EmpowerWeapon","theMarked:GodGivenPower","theMarked:SuspiciousRaven","theMarked:Parry","theMarked:BanishingStrike","theMarked:ResourceFulStrike+1","theMarked:StartUp","theMarked:AttractMetal","theMarked:BanishingStrike","theMarked:ComboAttacks+1","theMarked:BindingBlade","theMarked:ElectricStrings+1","theMarked:ResourceFulStrike+1","Parasite","theMarked:Parry+1","theMarked:BanishingStrike","theMarked:HeightenedSenses","theMarked:SoldierForm+1","theMarked:TwofoldDefense+1","theMarked:WardOff+1"],"relics":["theMarked:BronzeBlade","EVO:Axolotl","theMarked:DemonDagger","DemoMod:Bottle","Regal Pillow","Red Mask","DemoMod:ClearGuonStone","Orichalcum","ClockworkSouvenir","Sozu","Potion Belt"],"acts_visited":["Exordium","TheCity","TheBeyond"],"potions_floor_usage":[8,16,16,16,19,19,19,19,23,33,33],"damage_taken":[{"damage":2,"enemies":"Small Slimes","floor":1,"turns":3},{"damage":0,"enemies":"2 Louse","floor":4,"turns":2},{"damage":3,"enemies":"Jaw Worm","floor":5,"turns":2},{"damage":25,"enemies":"Gremlin Nob","floor":6,"turns":4},{"damage":0,"enemies":"Large Slime","floor":8,"turns":5},{"damage":4,"enemies":"Looter","floor":11,"turns":2},{"damage":18,"enemies":"Lagavulin","floor":13,"turns":5},{"damage":14,"enemies":"3 Louse","floor":14,"turns":3},{"damage":16,"enemies":"Slime Boss","floor":16,"turns":9},{"damage":24,"enemies":"2 Thieves","floor":18,"turns":3},{"damage":20,"enemies":"Masked Bandits","floor":19,"turns":3},{"damage":20,"enemies":"HollowMod:Nosk","floor":23,"turns":6},{"damage":0,"enemies":"Spheric Guardian","floor":24,"turns":3},{"damage":17,"enemies":"Centurion and Healer","floor":28,"turns":5},{"damage":4,"enemies":"Snecko","floor":29,"turns":4},{"damage":7,"enemies":"Cultist and Chosen","floor":30,"turns":6},{"damage":49,"enemies":"Automaton","floor":33,"turns":8},{"damage":13,"enemies":"3 Shapes","floor":35,"turns":4},{"damage":22,"enemies":"3 Darklings","floor":36,"turns":4},{"damage":16,"enemies":"Writhing Mass","floor":37,"turns":5},{"damage":3,"enemies":"Jaw Worm Horde","floor":39,"turns":4},{"damage":12,"enemies":"Sphere and 2 Shapes","floor":41,"turns":4},{"damage":18,"enemies":"Maw","floor":42,"turns":6},{"damage":24,"enemies":"3 Darklings","floor":47,"turns":5},{"damage":2,"enemies":"Transient","floor":48,"turns":5},{"damage":89,"enemies":"Donu and Deca","floor":50,"turns":6}],"seed_played":"5731772260139031814","potions_obtained":[{"floor":4,"key":"EntropicBrew"},{"floor":5,"key":"SpeedPotion"},{"floor":8,"key":"Fruit Juice"},{"floor":13,"key":"Swift Potion"},{"floor":14,"key":"EssenceOfSteel"},{"floor":24,"key":"Weak Potion"},{"floor":30,"key":"Weak Potion"}],"is_trial":false,"path_per_floor":["M","?","?","M","M","E","R","M","T","R","M","$","E","M","R","B",null,"M","?","?","?","?","E","M","R","T","R","M","M","M","$","R","B",null,"M","M","M","?","M","R","M","M","T","R","?","R","M","M","R","B"],"character_chosen":"THE_DEFAULT","items_purchased":["theMarked:EmpowerWeapon","theMarked:Static","Enlightenment","ClockworkSouvenir","theMarked:ComboAttacks"],"campfire_rested":7,"item_purchase_floors":[12,12,12,31,31],"current_hp_per_floor":[75,60,60,60,57,32,55,60,60,60,56,56,38,24,63,47,82,58,38,38,38,38,18,18,57,57,82,65,61,54,54,82,36,82,69,47,31,82,79,79,73,55,55,82,82,82,58,56,82,0,0],"gold":249,"neow_bonus":"TEN_PERCENT_HP_BONUS","is_daily":false,"chose_seed":false,"campfire_upgraded":3,"win_rate":0.0,"timestamp":1609647828,"path_taken":["M","?","?","M","M","E","R","M","T","R","M","$","E","M","R","BOSS","M","?","?","?","?","E","?","R","T","R","M","M","?","$","R","BOSS","M","M","M","?","?","R","M","M","T","R","?","R","M","M","R","BOSS"],"items_purchased_type":["Card","Card","Card","Relic","Card"],"build_version":"2020-12-22","purchased_purges":1,"victory":false,"max_hp_per_floor":[77,77,77,77,77,77,77,82,82,82,82,82,82,82,82,82,82,82,82,82,82,82,82,82,82,82,82,82,82,82,82,82,82,82,82,82,82,82,82,82,82,82,82,82,82,82,82,82,82,82,82],"card_choices":[{"not_picked":["theMarked:ElectricStrings","theMarked:Aftermath"],"picked":"theMarked:ChainLightning","floor":1},{"not_picked":["theMarked:ElectricStrings","theMarked:EmpowerWeapon"],"picked":"theMarked:Overcharge","floor":4},{"not_picked":["theMarked:SelfDefenseTraining","theMarked:HeightenedSenses"],"picked":"theMarked:Improvise","floor":5},{"not_picked":["theMarked:Panic","theMarked:Parry"],"picked":"theMarked:ChainLightning","floor":6},{"not_picked":["theMarked:StartUp","theMarked:Panic"],"picked":"theMarked:HeritageOfTheMarked","floor":8},{"not_picked":["theMarked:Aftermath","theMarked:WastefulAttack"],"picked":"theMarked:RogueSparks","floor":11},{"not_picked":["theMarked:ComboAttacks","theMarked:CreepingChasm"],"picked":"theMarked:EmpowerWeapon","floor":13},{"not_picked":["theMarked:ShockingTouch","theMarked:Aftermath"],"picked":"theMarked:GodGivenPower","floor":14},{"not_picked":["theMarked:ChannelForce","theMarked:Abjuration"],"picked":"theMarked:SuspiciousRaven","floor":16},{"not_picked":["theMarked:RepellingDischarge+1","theMarked:ChainLightning"],"picked":"theMarked:Parry","floor":18},{"not_picked":["theMarked:LightningStrikesTwice+1","theMarked:WastefulAttack"],"picked":"theMarked:BanishingStrike","floor":19},{"not_picked":["theMarked:WastefulAttack","theMarked:CreepingChasm"],"picked":"theMarked:ResourceFulStrike+1","floor":23},{"not_picked":["theMarked:Parry","theMarked:DeterminationOfTheMarked"],"picked":"theMarked:StartUp","floor":24},{"not_picked":["theMarked:ParalyzingBlade","theMarked:WastefulAttack"],"picked":"theMarked:AttractMetal","floor":28},{"not_picked":["theMarked:ChainLightning","theMarked:Electrocute"],"picked":"theMarked:BanishingStrike","floor":29},{"not_picked":["theMarked:WastefulDefense+1","theMarked:PowerFlow"],"picked":"theMarked:CreepingChasm","floor":30},{"not_picked":["theMarked:TakeOffHeels","theMarked:FavorableWinds"],"picked":"theMarked:BindingBlade","floor":33},{"not_picked":["theMarked:CreepingChasm+1","theMarked:PowerFlow"],"picked":"theMarked:ElectricStrings+1","floor":35},{"not_picked":["theMarked:ChainLightning","theMarked:GodGivenPower"],"picked":"theMarked:ResourceFulStrike+1","floor":36},{"not_picked":["theMarked:WastefulDefense","theMarked:ShockingTouch+1"],"picked":"theMarked:Parry+1","floor":37},{"not_picked":["theMarked:Parkour+1","theMarked:TwofoldDefense"],"picked":"theMarked:BanishingStrike","floor":39},{"not_picked":["theMarked:MuscleMemory","theMarked:Parkour+1"],"picked":"theMarked:HeightenedSenses","floor":41},{"not_picked":["theMarked:Electrify+1","theMarked:Parry"],"picked":"theMarked:SoldierForm","floor":42},{"not_picked":["theMarked:KeepCalmAndFightOn","theMarked:Static+1"],"picked":"theMarked:TwofoldDefense+1","floor":47},{"not_picked":["theMarked:ChainLightning","theMarked:ParalyzingBlade"],"picked":"theMarked:WardOff+1","floor":48}],"player_experience":1109972,"relics_obtained":[{"floor":6,"key":"theMarked:DemonDagger"},{"floor":9,"key":"DemoMod:Bottle"},{"floor":13,"key":"Regal Pillow"},{"floor":19,"key":"Red Mask"},{"floor":23,"key":"DemoMod:ClearGuonStone"},{"floor":26,"key":"Orichalcum"},{"floor":43,"key":"Potion Belt"}],"event_choices":[{"damage_healed":0,"gold_gain":0,"player_choice":"Entered Light","damage_taken":15,"max_hp_gain":0,"max_hp_loss":0,"event_name":"Shining Light","floor":2,"gold_loss":0,"cards_upgraded":["theMarked:Defend","theMarked:SoldierOfQuellstein"]},{"damage_healed":0,"gold_gain":0,"player_choice":"Grow","damage_taken":0,"max_hp_gain":0,"max_hp_loss":0,"event_name":"Living Wall","floor":3,"gold_loss":0,"cards_upgraded":["theMarked:ChainLightning"]},{"damage_healed":0,"gold_gain":0,"player_choice":"Fought Bandits","damage_taken":0,"max_hp_gain":0,"max_hp_loss":0,"event_name":"Masked Bandits","floor":19,"gold_loss":0},{"damage_healed":0,"gold_gain":0,"player_choice":"Smashed Altar","damage_taken":0,"max_hp_gain":0,"max_hp_loss":0,"event_name":"Forgotten Altar","floor":20,"gold_loss":0,"cards_obtained":["Decay"]},{"damage_healed":0,"gold_gain":0,"player_choice":"Simplicity","damage_taken":0,"max_hp_gain":0,"max_hp_loss":0,"event_name":"Back to Basics","floor":21,"gold_loss":0,"cards_upgraded":["theMarked:Strike","theMarked:Strike","theMarked:Strike","theMarked:Strike","theMarked:Defend","theMarked:Defend","theMarked:Defend"]},{"damage_healed":0,"gold_gain":0,"player_choice":"Ignored","damage_taken":0,"max_hp_gain":0,"max_hp_loss":0,"event_name":"Cursed Tome","floor":22,"gold_loss":0},{"cards_removed":["theMarked:CreepingChasm"],"damage_healed":51,"gold_gain":0,"player_choice":"Offered Uncommon","damage_taken":0,"max_hp_gain":0,"max_hp_loss":0,"event_name":"Bonfire Elementals","floor":38,"gold_loss":0},{"damage_healed":0,"gold_gain":0,"player_choice":"Ignored","damage_taken":0,"max_hp_gain":0,"max_hp_loss":0,"event_name":"Mysterious Sphere","floor":45,"gold_loss":0}],"is_beta":false,"boss_relics":[{"not_picked":["SacredBark","Tiny House"],"picked":"theMarked:BronzeBlade"},{"not_picked":["Runic Dome","Runic Pyramid"],"picked":"Sozu"}],"items_purged_floors":[31],"is_endless":false,"potions_floor_spawned":[4,5,8,13,14,24,29,30,37,41,42,48],"killed_by":"Donu and Deca","ascension_level":0}}