{"host":"8v536rckjlpi3bq3","time":1609678295,"event":{"mods":["ATMod(阿瑾Mod)","Act Like it!","Aspiration","BaseMod","Colored Powertips","Conspire","Dota2Spire","Gensokyo","Hallownest","HololiveMod","Jedi Mod","KomeijiMod","Lobotomy","LobotomyExtend","Marisa（F雨　魔理沙）","Minty Spire (QoL Compilation)","MostiFishMod","Relic Stats","Replay The Spire","Spicy Shops","StSLib","TestMod","The Hierophant","The Jungle","The Marked","WarShipGirlsR/战舰少女R mod","Youmu（魂魄妖梦）","vexMod","【功能Mod】混沌之环修复补丁","【功能Mod】聪明的最终Boss","【角色mod】十八桐人","【遗物卡牌】REMEMod","篝火指南"],"gold_per_floor":[112,148,148,78,78,112,112,35,115,115,141,141,141,188,288,394,394,406,406,427,230,276,338,338,338,338,338,981,981,1639,1711,1110,1245,1245,1362,1362,891,891,1037,1203,1203,1203,1253,1990,1990,2151,1202,1357,1357,1605,205,205],"floor_reached":51,"playtime":2896,"items_purged":[],"score":1515,"play_id":"9520bbda-7881-4b39-9450-963d32117c90","local_time":"20210103205135","daily_mods":["Vintage","Colorless Cards","Heirloom","Time Dilation","Flight"],"is_ascension_mode":false,"campfire_choices":[{"data":"Dash_Komeiji","floor":10.0,"key":"SMITH"},{"data":"HenyouMirume","floor":12.0,"key":"SMITH"},{"data":"rmod:seals","floor":24.0,"key":"SMITH"},{"data":"rmod:diamondstrike","floor":29.0,"key":"SMITH"},{"floor":49.0,"key":"DIG"}],"circlet_count":0,"master_deck":["Strike_Komeiji","Strike_Komeiji","Strike_Komeiji+1","Strike_Komeiji","Defend_Komeiji","Defend_Komeiji","Defend_Komeiji","Dash_Komeiji+1","MostiFishMod:DeathFromBelow","AT_ManFootWork","hierophant:Doubloon","hierophant:CursedGold","Pain","HenyouMirume+1","NingyouKisou+1","rmod:overbreakdown","NingyouSP+1","HelanNingyou","rmod:seals+1","Replay:Sssssssssstrike","hierophant:SecretStash","rmod:steelsupply+1","rmod:diamondstrike+1","Thunder Strike","testmod-PowerStrike","theMarked:Vacuum","Perfected Strike","OoedoNingyou+1","Hololive_FlyingPonyTail","hierophant:RustyCrate","hierophant:Doubloon","hierophant:Doubloon","FreezeTouchMe","rmod:mineteam+1","hierophant:BulkyChest","Gensokyo:UnlikelyAid+1","Gensokyo:BlemishedSteel","Gensokyo:Shovel","Gensokyo:MedicineKit","rmod:ammunitionsupply+1","rmod:aviationdawn+1","SeekerWire+1","Hololive_Trident+1","hierophant:RustyCrate+1","hierophant:Doubloon","hierophant:Doubloon","Hololive_Teleport+1","conspire:Banana+1","MostiFishMod:DeathFromBelow","AT_EmpoweredMortalDraw","rmod:abidefaith+1","testmod-Reverberation+1"],"relics":["KomeijisEye","SpellCardsRule","MusicBox","DaveBox","replay:Trail_Library","REME_ComplimentaryCards","testmod-TestBox","AT_ATBox","SynthV:C4","testmod-Justice","CombinedTypeHook","Oddly Smooth Stone","SynthV:TestCard","LetterFromLob","ReplayFunnel","Gensokyo:LunaticRedEyes","CrystalOfMemory","HornCleat","vexMod:ScavengeHelm","jedi:angrymask","Dota2Spire:LinkenSphere","testmod-SaigiyounoYou","testmod-TurbochargingSystem","Replay:Accelerometer","AT_GuinsooRageblade","Dota2Spire:OctarineCore","Counterbalance","Dota2Spire:UrnOfShadows","ColorfulQuillpen","Dota2Spire:ShadowBlade","AT_SpeedBoots","AT_RedTearstoneRing","testmod-Charity","Frozen Egg 2","Replay:Wax Seal","ExusiaiGun","Dota2Spire:OrchidMalevolence","aspiration:Nostalgia","HalfPhantom","Orrery","SpellExtend","Dota2Spire:BattleFury","Gensokyo:DualWield","Dota2Spire:Vanguard","Divine Protection","REME_ArchaeologicalTools","DollysMirror","StrikeDummy","REME_PuzzleBoxRelic","Mirror","Eternal Feather","SynthV:MejaisSoulstealer"],"acts_visited":["Gensokyo:Gensokyo","TheCity","Gensokyo:Gensokyoest"],"potions_floor_usage":[],"damage_taken":[{"damage":5.0,"enemies":"Gensokyo:Gryphon","floor":1.0,"turns":4.0},{"damage":0.0,"enemies":"conspire:MimicChest","floor":2.0,"turns":5.0},{"damage":9.0,"enemies":"Gensokyo:Cirno","floor":6.0,"turns":7.0},{"damage":1.0,"enemies":"Gensokyo:Python","floor":11.0,"turns":3.0},{"damage":0.0,"enemies":"Gensokyo:Reimu","floor":16.0,"turns":6.0},{"damage":9.0,"enemies":"Spheric Guardian","floor":18.0,"turns":7.0},{"damage":0.0,"enemies":"3 Byrds","floor":20.0,"turns":2.0},{"damage":13.0,"enemies":"Sentry and Sphere","floor":22.0,"turns":4.0},{"damage":21.0,"enemies":"REME_1_Revenger","floor":23.0,"turns":3.0},{"damage":2.0,"enemies":"Snake Plant","floor":28.0,"turns":2.0},{"damage":0.0,"enemies":"Gremlin Leader","floor":30.0,"turns":2.0},{"damage":0.0,"enemies":"Shelled Parasite and Fungi","floor":31.0,"turns":2.0},{"damage":0.0,"enemies":"Pondfish","floor":33.0,"turns":4.0},{"damage":0.0,"enemies":"Gensokyo:3_Bats","floor":35.0,"turns":2.0},{"damage":0.0,"enemies":"Gensokyo:3_Bats","floor":36.0,"turns":2.0},{"damage":0.0,"enemies":"Gensokyo:3_Boulders","floor":39.0,"turns":2.0},{"damage":0.0,"enemies":"Gensokyo:Kasen","floor":40.0,"turns":3.0},{"damage":0.0,"enemies":"Gensokyo:Doremy","floor":44.0,"turns":2.0},{"damage":0.0,"enemies":"Gensokyo:Kasen","floor":46.0,"turns":2.0},{"damage":0.0,"enemies":"Gensokyo:Rafflesia","floor":48.0,"turns":1.0},{"damage":0.0,"enemies":"Gensokyo:Yuyuko","floor":50.0,"turns":2.0}],"seed_played":"8379035458749729949","potions_obtained":[{"floor":11.0,"key":"Elixir"},{"floor":20.0,"key":"PowerPotion"},{"floor":23.0,"key":"Adrenaline Potion"},{"floor":28.0,"key":"Adrenaline Potion"},{"floor":31.0,"key":"testmod-TestPotion"},{"floor":39.0,"key":"Strength Potion"},{"floor":46.0,"key":"DuplicationPotion"}],"is_trial":true,"path_per_floor":["M","?","?","?","?","E","E","COS","T","R","M","R","T","?","R","B",null,"M","?","M","$","M","E","R","?","T","?","M","R","E","M","R","B",null,"M","?","COS","?","M","E","?","?","T","E","?","E","$","M","R","B",null],"character_chosen":"KomeijiSatori","items_purchased":["hierophant:SecretStash","AT_GuinsooRageblade","testmod-Charity","Frozen Egg 2","Replay:Wax Seal","FreezeTouchMe","rmod:mineteam+1","DollysMirror","AT_EmpoweredMortalDraw","StrikeDummy","rmod:abidefaith+1","REME_PuzzleBoxRelic"],"campfire_rested":0,"item_purchase_floors":[21,21,32,32,32,32,32,47,47,47,47,47],"current_hp_per_floor":[45,47,50,50,50,41,41,41,41,41,40,40,40,20,20,28,50,43,43,47,47,38,33,33,33,33,33,33,33,41,43,43,52,52,54,54,54,54,56,58,58,58,59,62,62,64,64,71,71,82,82,82],"gold":205,"neow_bonus":"","is_daily":false,"chose_seed":false,"campfire_upgraded":4,"win_rate":0.0,"timestamp":1609678295,"path_taken":["M","?","?","?","?","E","E","COS","T","R","?","R","?","?","R","BOSS","M","?","?","?","?","E","R","?","T","?","?","R","E","?","R","BOSS","M","?","COS","?","?","E","?","?","T","E","?","E","$","?","R","BOSS"],"items_purchased_type":["Card","Relic","Relic","Relic","Relic","Card","Card","Relic","Card","Relic","Card","Relic"],"build_version":"2020-12-22","purchased_purges":0,"victory":false,"max_hp_per_floor":[50,50,50,50,50,50,50,50,50,50,50,50,50,50,50,50,50,50,50,50,50,50,50,50,50,50,50,50,50,50,50,50,52,52,54,54,54,54,56,58,58,58,59,62,62,64,64,71,71,82,82,82],"relic_stats":{"counters":[21,58],"Eternal Feather":0,"obtain_stats":[{"CombinedTypeHook":0,"jedi:angrymask":13,"Replay:Accelerometer":20,"Divine Protection":44,"AT_ATBox":0,"HalfPhantom":37,"Dota2Spire:ShadowBlade":28,"HornCleat":9,"KomeijisEye":0,"DollysMirror":47,"REME_ArchaeologicalTools":46,"Replay:Wax Seal":32,"AT_GuinsooRageblade":21,"replay:Trail_Library":0,"MusicBox":0,"AT_RedTearstoneRing":31,"testmod-TestBox":0,"Dota2Spire:UrnOfShadows":23,"SynthV:MejaisSoulstealer":51,"vexMod:ScavengeHelm":11,"aspiration:Nostalgia":37,"Counterbalance":23,"Oddly Smooth Stone":1,"Eternal Feather":49,"testmod-SaigiyounoYou":17,"AT_SpeedBoots":30,"SpellExtend":39,"StrikeDummy":47,"Mirror":48,"ReplayFunnel":2,"DaveBox":0,"Dota2Spire:OrchidMalevolence":35,"Dota2Spire:Vanguard":43,"ExusiaiGun":34,"ColorfulQuillpen":26,"SynthV:C4":0,"Gensokyo:LunaticRedEyes":5,"testmod-Charity":32,"Gensokyo:DualWield":42,"Dota2Spire:BattleFury":40,"testmod-TurbochargingSystem":18,"testmod-Justice":0,"Frozen Egg 2":32,"CrystalOfMemory":6,"SynthV:TestCard":1,"Orrery":37,"Dota2Spire:LinkenSphere":14,"LetterFromLob":1,"Dota2Spire:OctarineCore":22,"REME_PuzzleBoxRelic":47,"SpellCardsRule":0,"REME_ComplimentaryCards":0},{"CombinedTypeHook":0,"jedi:angrymask":4,"Replay:Accelerometer":7,"Divine Protection":18,"AT_ATBox":0,"HalfPhantom":15,"Dota2Spire:ShadowBlade":10,"HornCleat":3,"KomeijisEye":0,"DollysMirror":19,"REME_ArchaeologicalTools":19,"Replay:Wax Seal":12,"AT_GuinsooRageblade":7,"replay:Trail_Library":0,"MusicBox":0,"AT_RedTearstoneRing":12,"testmod-TestBox":0,"Dota2Spire:UrnOfShadows":9,"SynthV:MejaisSoulstealer":21,"vexMod:ScavengeHelm":4,"aspiration:Nostalgia":15,"Counterbalance":9,"Oddly Smooth Stone":1,"Eternal Feather":20,"testmod-SaigiyounoYou":5,"AT_SpeedBoots":11,"SpellExtend":16,"StrikeDummy":19,"Mirror":20,"ReplayFunnel":2,"DaveBox":0,"Dota2Spire:OrchidMalevolence":14,"Dota2Spire:Vanguard":17,"ExusiaiGun":13,"ColorfulQuillpen":9,"SynthV:C4":0,"Gensokyo:LunaticRedEyes":2,"testmod-Charity":12,"Gensokyo:DualWield":17,"Dota2Spire:BattleFury":17,"testmod-TurbochargingSystem":6,"testmod-Justice":0,"Frozen Egg 2":12,"CrystalOfMemory":3,"SynthV:TestCard":1,"Orrery":15,"Dota2Spire:LinkenSphere":4,"LetterFromLob":1,"Dota2Spire:OctarineCore":8,"REME_PuzzleBoxRelic":19,"SpellCardsRule":0,"REME_ComplimentaryCards":0},{"CombinedTypeHook":0,"jedi:angrymask":18,"Replay:Accelerometer":32,"Divine Protection":55,"AT_ATBox":0,"HalfPhantom":50,"Dota2Spire:ShadowBlade":41,"HornCleat":15,"KomeijisEye":0,"DollysMirror":56,"REME_ArchaeologicalTools":56,"Replay:Wax Seal":44,"AT_GuinsooRageblade":32,"replay:Trail_Library":0,"MusicBox":0,"AT_RedTearstoneRing":44,"testmod-TestBox":0,"Dota2Spire:UrnOfShadows":39,"SynthV:MejaisSoulstealer":58,"vexMod:ScavengeHelm":18,"aspiration:Nostalgia":50,"Counterbalance":37,"Oddly Smooth Stone":4,"Eternal Feather":57,"testmod-SaigiyounoYou":24,"AT_SpeedBoots":43,"SpellExtend":51,"StrikeDummy":56,"Mirror":57,"ReplayFunnel":8,"DaveBox":0,"Dota2Spire:OrchidMalevolence":49,"Dota2Spire:Vanguard":53,"ExusiaiGun":48,"ColorfulQuillpen":39,"SynthV:C4":0,"Gensokyo:LunaticRedEyes":8,"testmod-Charity":44,"Gensokyo:DualWield":53,"Dota2Spire:BattleFury":53,"testmod-TurbochargingSystem":31,"testmod-Justice":0,"Frozen Egg 2":44,"CrystalOfMemory":15,"SynthV:TestCard":4,"Orrery":50,"Dota2Spire:LinkenSphere":18,"LetterFromLob":4,"Dota2Spire:OctarineCore":36,"REME_PuzzleBoxRelic":56,"SpellCardsRule":0,"REME_ComplimentaryCards":0}]},"card_choices":[{"not_picked":["DemonLordCradle","ServantFlier","testmod-ConditionedReflex","DemonsDinnerFork"],"picked":"hierophant:CursedGold","floor":2.0},{"not_picked":["CurseofVladTepes","rmod:capitalist","Hololive_CallMurasakiShion","MostiFishMod:Awakening"],"picked":"HenyouMirume","floor":6.0},{"not_picked":["Culling","StigmaNizer","Hololive_LuckPotion","hierophant:Blessing","BodyStrengthen"],"picked":"NingyouSP+1","floor":14.0},{"not_picked":["Hololive_Sequa","hierophant:FlamingChariot","NingyouMusou+1","hierophant:FieryStrike","testmod-ComboMaster"],"picked":"HelanNingyou","floor":14.0},{"not_picked":["testmod-AssimilatedRune","Searching","BadLadyScramble","testmod-EnhanceArmerment","jedi:LeechingStrike"],"picked":"rmod:seals","floor":16.0},{"not_picked":["rmod:highspeedmaneuver","hierophant:RecallFunds+1","hierophant:Upheaval+1","rmod:ring","LifeBreak+1"],"picked":"rmod:steelsupply+1","floor":23.0},{"not_picked":["hierophant:Chorus","Hololive_Rebirth","Hololive_CallKiryuuCoco","Hololive_Trident","hierophant:Purify+1"],"picked":"hierophant:RustyCrate","floor":30.0},{"not_picked":["Hololive_MaximGun","Magnetism+1","LunaticRedEyes+1","testmod-AssimilatedRune","testmod-AutoReboundSystem+1"],"picked":"hierophant:BulkyChest","floor":33.0},{"not_picked":["Gensokyo:RainbowDanmaku+1","Gensokyo:Dawn+1"],"picked":"Gensokyo:UnlikelyAid+1","floor":36.0},{"not_picked":["Replay:Sssssssssshield+1","Agarareta+1","NingyouKasou+1","hierophant:Patience","DamonLordCradle_Remiria"],"picked":"rmod:ammunitionsupply+1","floor":37.0},{"not_picked":["hierophant:HammerAndAnvil+1","Hololive_CallUsadaPekora+1","RocketKickup","hierophant:MorningPrayer+1","rmod:overbreakdown"],"picked":"rmod:aviationdawn+1","floor":37.0},{"not_picked":["FierceSweep+1","rmod:diamondstrike","testmod-Automaton","hierophant:Encroach","SpeedBlade2_Colorless"],"picked":"SeekerWire+1","floor":37.0},{"not_picked":["hierophant:Doubloon+1","BloodCleaner","Hololive_Psychosis","AT_EmpoweredMortalDraw","Mishyaguji+1"],"picked":"Hololive_Trident+1","floor":37.0},{"not_picked":["hierophant:DisplayOfPower+1","rmod:unsinkable","rmod:victimresponsibility+1","Hololive_SoulCatcher","FateMeister+1"],"picked":"hierophant:RustyCrate+1","floor":37.0},{"not_picked":["Hololive_Yoholoon","Warpath+1","testmod-ConditionedReflex+1","Hololive_Breathe+1","jedi:forcepull"],"picked":"Hololive_Teleport+1","floor":40.0},{"not_picked":["Hololive_CocoNews","rmod:ammunitionsupply+1","RikonNoKama+1","hierophant:PassingBell","hierophant:MorningPrayer+1"],"picked":"conspire:Banana+1","floor":44.0},{"not_picked":["BloodySuit+1","Magnetism+1","hierophant:Shelter","DochyakuKami+1","hierophant:Martyrdom+1","hierophant:SealAway"],"picked":"SKIP","floor":46.0},{"not_picked":["AT_FamilyPortrait","BadLadyScramble","Hololive_DurableLive","Hololive_OpenUp","Metamorphosis"],"picked":"testmod-Reverberation+1","floor":50.0}],"player_experience":231537,"relics_obtained":[{"floor":1.0,"key":"Oddly Smooth Stone"},{"floor":1.0,"key":"SynthV:TestCard"},{"floor":1.0,"key":"LetterFromLob"},{"floor":2.0,"key":"ReplayFunnel"},{"floor":6.0,"key":"CrystalOfMemory"},{"floor":9.0,"key":"HornCleat"},{"floor":11.0,"key":"vexMod:ScavengeHelm"},{"floor":13.0,"key":"jedi:angrymask"},{"floor":14.0,"key":"Dota2Spire:LinkenSphere"},{"floor":18.0,"key":"testmod-TurbochargingSystem"},{"floor":20.0,"key":"Replay:Accelerometer"},{"floor":22.0,"key":"Dota2Spire:OctarineCore"},{"floor":23.0,"key":"Dota2Spire:UrnOfShadows"},{"floor":26.0,"key":"ColorfulQuillpen"},{"floor":28.0,"key":"Dota2Spire:ShadowBlade"},{"floor":30.0,"key":"AT_SpeedBoots"},{"floor":31.0,"key":"AT_RedTearstoneRing"},{"floor":35.0,"key":"Dota2Spire:OrchidMalevolence"},{"floor":39.0,"key":"SpellExtend"},{"floor":40.0,"key":"Dota2Spire:BattleFury"},{"floor":43.0,"key":"Dota2Spire:Vanguard"},{"floor":44.0,"key":"Divine Protection"},{"floor":46.0,"key":"REME_ArchaeologicalTools"},{"floor":48.0,"key":"Mirror"},{"floor":49.0,"key":"Eternal Feather"}],"event_choices":[{"damage_healed":0.0,"max_hp_gain":0.0,"max_hp_loss":0.0,"gold_gain":0.0,"cards_transformed":["Defend_Komeiji"],"event_name":"Transmorgrifier","player_choice":"Transformed","floor":19.0,"gold_loss":0.0,"damage_taken":0.0,"cards_obtained":["Replay:Sssssssssstrike"]},{"damage_healed":0.0,"max_hp_gain":0.0,"max_hp_loss":0.0,"gold_gain":0.0,"event_name":"Match and Keep!","player_choice":"1 cards matched","floor":27.0,"gold_loss":0.0,"damage_taken":0.0,"cards_obtained":["Hololive_FlyingPonyTail"]}],"is_beta":false,"boss_relics":[{"not_picked":["testmod-EnergyCheck","vexMod:FluxCapacitor"],"picked":"testmod-SaigiyounoYou"},{"not_picked":["testmod-IncinerationGenerator","vexMod:EndlessSickness"],"picked":"ExusiaiGun"},{"not_picked":["EE1DDrone","HaiYi:Twilight"],"picked":"SynthV:MejaisSoulstealer"}],"items_purged_floors":[],"is_endless":true,"potions_floor_spawned":[11,20,23,28,31,39,46,48,50],"ascension_level":0}}