{"host":"mydft8i2zzydgggw","time":1609690274,"event":{"mods":["AchievementEnabler","BaseMod","Colored Map","Colored Powertips","Minty Spire (QoL Compilation)","StSLib","The Hierophant","The Poker Player","The Runesmith"],"gold_per_floor":[118,137,160,202,244,244,290,290,290,330,116,188,276,276,276],"floor_reached":14,"playtime":762,"items_purged":[],"score":121,"play_id":"6185d1f2-01a2-4cb3-a3d6-826e084191cd","local_time":"20210104011114","is_ascension_mode":false,"campfire_choices":[{"data":"hierophant:ChurchCoffers","floor":6,"key":"SMITH"},{"data":"hierophant:RustyCrate","floor":8,"key":"SMITH"}],"circlet_count":0,"master_deck":["hierophant:Strike_Hierophant","hierophant:Strike_Hierophant","hierophant:Strike_Hierophant","hierophant:Strike_Hierophant","hierophant:Punish","hierophant:Defend_Hierophant","hierophant:Defend_Hierophant","hierophant:Defend_Hierophant","hierophant:Defend_Hierophant","hierophant:ChurchCoffers+1","hierophant:Doubloon+1","hierophant:Remorse","hierophant:Encroach","hierophant:RustyCrate+1","hierophant:Doubloon+1","hierophant:Doubloon+1","hierophant:Community","hierophant:MintersHammer","hierophant:OrnateJavelin","hierophant:RecallFunds","hierophant:Doubloon+1","hierophant:Doubloon+1","hierophant:Doubloon+1","hierophant:RustyCrate+1","hierophant:Doomsaying"],"relics":["hierophant:PropheticMaskRelic","NeowsBlessing","Matryoshka","Sundial","Omamori","DollysMirror"],"acts_visited":["Exordium"],"potions_floor_usage":[13,14,14],"damage_taken":[{"damage":0,"enemies":"Cultist","floor":1,"turns":1},{"damage":0,"enemies":"2 Louse","floor":2,"turns":1},{"damage":0,"enemies":"Small Slimes","floor":3,"turns":1},{"damage":0,"enemies":"3 Louse","floor":4,"turns":3},{"damage":24,"enemies":"Red Slaver","floor":5,"turns":5},{"damage":33,"enemies":"Gremlin Nob","floor":7,"turns":5},{"damage":2,"enemies":"Large Slime","floor":10,"turns":5},{"damage":11,"enemies":"Exordium Wildlife","floor":12,"turns":4},{"damage":0,"enemies":"Looter","floor":13,"turns":1},{"damage":8,"enemies":"3 Sentries","floor":14,"turns":2}],"seed_played":"6633571567400108154","potions_obtained":[{"floor":4,"key":"SneckoOil"},{"floor":5,"key":"LiquidBronze"},{"floor":12,"key":"DistilledChaos"}],"is_trial":false,"path_per_floor":["M","M","M","M","M","R","E","R","T","M","$","M","M","E"],"character_chosen":"HIEROPHANT","items_purchased":["hierophant:RecallFunds","DollysMirror"],"campfire_rested":0,"item_purchase_floors":[11,11],"current_hp_per_floor":[75,75,75,75,51,51,18,18,18,16,16,5,5,0,0],"gold":276,"neow_bonus":"THREE_ENEMY_KILL","is_daily":false,"chose_seed":false,"campfire_upgraded":2,"win_rate":0.0,"timestamp":1609690274,"path_taken":["M","M","M","M","?","R","E","R","T","M","?","M","?","E"],"items_purchased_type":["Card","Relic"],"build_version":"2020-12-22","purchased_purges":0,"victory":false,"max_hp_per_floor":[75,75,75,75,75,75,75,75,75,75,75,75,75,75,75],"card_choices":[{"not_picked":["hierophant:Smite","hierophant:AuricBeam"],"picked":"hierophant:Remorse","floor":1},{"not_picked":["hierophant:Smite","hierophant:MorningPrayer"],"picked":"hierophant:Encroach","floor":2},{"not_picked":["hierophant:CoinFling","hierophant:Empathy"],"picked":"hierophant:RustyCrate","floor":3},{"not_picked":["hierophant:ArchangelShield","hierophant:AuricBeam"],"picked":"hierophant:Community","floor":4},{"not_picked":["hierophant:CursedGold","hierophant:RepressedViolence"],"picked":"hierophant:MintersHammer","floor":5},{"not_picked":["hierophant:Purify","hierophant:AuricBeam","hierophant:MorningPrayer"],"picked":"SKIP","floor":7},{"not_picked":["hierophant:Community","hierophant:RepressedViolence"],"picked":"hierophant:OrnateJavelin","floor":10},{"not_picked":["hierophant:ThreeLashes","hierophant:Shelter","hierophant:DisplayOfPower"],"picked":"SKIP","floor":12},{"not_picked":["hierophant:Racketeering","hierophant:Zeal"],"picked":"hierophant:Doomsaying","floor":13}],"player_experience":78476,"relics_obtained":[{"floor":7,"key":"Matryoshka"},{"floor":9,"key":"Sundial"},{"floor":9,"key":"Omamori"}],"event_choices":[],"is_beta":false,"boss_relics":[],"items_purged_floors":[],"is_endless":false,"potions_floor_spawned":[4,5,12],"killed_by":"3 Sentries","ascension_level":0}}