{"host":"982s3gyyw86tgeig","time":1609666440,"event":{"mods":["AchievementEnabler","Act Like it!","Aspiration","BaseMod","Colored Powertips","Downfall","Evolution","GifTheSpireLib","Hermit","Hubris","Minty Spire (QoL Compilation)","Pale of the Ancients","Rare Cards Sparkle","Relic Stats","Replay The Spire","StSLib","Stuff the Spire","The Cursed","The Disciple","The IronCluck","The Saiyan","vexMod"],"gold_per_floor":[116,130,148,148,160,160,92,92,169,15,15,39,79,97,97,218,218,143,164,78,78,26,26,45,45,45],"floor_reached":25,"playtime":2617,"items_purged":[],"score":201,"play_id":"2931ba44-db8c-4d52-932e-9c3cde0e54fe","local_time":"20210103013400","is_ascension_mode":false,"campfire_choices":[{"data":"BeatsPerMinute","floor":6,"key":"SMITH"},{"data":"Engulf","floor":8,"key":"SMITH"},{"floor":15,"key":"REST"},{"floor":23,"key":"REST"}],"circlet_count":0,"master_deck":["Lento+1","Allegro+1","Strike_Br","Strike_Br","Strike_Br","Strike_Br","Defend_Br","Defend_Br+1","Defend_Br","Defend_Br","SecondHand","PatternShift","DaylightSavings","Engulf+1","Allegro","BeatsPerMinute+1","FormalWear","expansioncontent:DecasProtection","LockedThread","Injury","Moderato","LockedMedicine","HandsUpC","RageCommand+1","LockedWhetstone","ResonantCall","LockedAnchor+1","LockedBlood+1","Ritenuto+1","Backlash"],"relics":["Chronometer","NeowsBlessing","vexMod:ScavengeHelm","Golden Idol","Golden Egg","hubris:HollowSoul"],"acts_visited":["Exordium","TheCity"],"potions_floor_usage":[16,16,16,24,25,25],"damage_taken":[{"damage":0.0,"enemies":"Cultist","floor":1.0,"turns":1.0},{"damage":0.0,"enemies":"Jaw Worm","floor":2.0,"turns":1.0},{"damage":0.0,"enemies":"Small Slimes","floor":3.0,"turns":1.0},{"damage":5,"enemies":"3 Louse","floor":5,"turns":3},{"damage":5,"enemies":"Exordium Wildlife","floor":12,"turns":5},{"damage":31,"enemies":"Gremlin Nob","floor":13,"turns":5},{"damage":5,"enemies":"Looter","floor":14,"turns":3},{"damage":11,"enemies":"The Guardian","floor":16,"turns":11},{"damage":17,"enemies":"2 Thieves","floor":18,"turns":5},{"damage":39,"enemies":"3 Byrds","floor":19,"turns":6},{"damage":20,"enemies":"Snake Plant","floor":24,"turns":7},{"damage":20,"enemies":"Cultist and Chosen","floor":25,"turns":5}],"seed_played":"-2733806309993016260","potions_obtained":[{"floor":1.0,"key":"Reflective Coating"},{"floor":2.0,"key":"Fruit Juice"},{"floor":13,"key":"Energy Potion"},{"floor":14,"key":"SneckoOil"},{"floor":16,"key":"Flashbang"},{"floor":19,"key":"Dexterity Potion"},{"floor":24,"key":"EssenceOfSteel"}],"is_trial":false,"path_per_floor":["M","M","M","?","M","R","$","R","T","$","?","M","E","M","R","B",null,"M","M","$","?","$","R","M","M"],"character_chosen":"CHRONO_CLASS","items_purchased":["FormalWear","expansioncontent:DecasProtection","LockedThread","LockedAnchor+1","Tempo","LockedBlood"],"campfire_rested":2,"item_purchase_floors":[7,10,10,20,20,22],"current_hp_per_floor":[65,70,70,70,65,65,65,65,65,65,65,60,29,24,45,34,70,53,14,14,14,14,35,18,0,0],"gold":45,"neow_bonus":"THREE_ENEMY_KILL","is_daily":false,"chose_seed":false,"campfire_upgraded":2,"win_rate":0.0,"timestamp":1609666440,"path_taken":["M","M","?","?","M","R","$","R","T","$","?","M","E","M","R","BOSS","M","M","$","?","$","R","M","M"],"items_purchased_type":["Card","Card","Card","Card","Card","Card"],"build_version":"2020-12-22","purchased_purges":0,"victory":false,"max_hp_per_floor":[65,70,70,70,70,70,70,70,70,70,70,70,70,70,70,70,70,70,70,70,70,70,70,70,70,70],"relic_stats":{"counters":[12,61],"Golden Idol":49,"obtain_stats":[{"Golden Egg":13,"NeowsBlessing":0,"Chronometer":0,"vexMod:ScavengeHelm":9,"Golden Idol":11,"hubris:HollowSoul":17},{"Golden Egg":6,"NeowsBlessing":0,"Chronometer":0,"vexMod:ScavengeHelm":4,"Golden Idol":4,"hubris:HollowSoul":8},{"Golden Egg":16,"NeowsBlessing":0,"Chronometer":0,"vexMod:ScavengeHelm":6,"Golden Idol":6,"hubris:HollowSoul":30}]},"card_choices":[{"not_picked":["Facsimile","Tempo"],"picked":"DaylightSavings","floor":1.0},{"not_picked":["ResonantCall","TiringSlam"],"picked":"Tempo","floor":2.0},{"not_picked":["Keepsakes","LockedMedicine"],"picked":"Engulf","floor":3},{"not_picked":["Accruing","ShortSighted"],"picked":"BeatsPerMinute","floor":5},{"not_picked":["BiteCommand","LockedBlood"],"picked":"Tempo","floor":12},{"not_picked":["LockedBlood","LockedFlame"],"picked":"LockedMedicine","floor":13},{"not_picked":["LockedTornado","Break"],"picked":"HandsUpC","floor":14},{"not_picked":["LockedAstrolabe","Echonomics"],"picked":"RageCommand","floor":16},{"not_picked":["Parity","LockedScales+1"],"picked":"LockedWhetstone","floor":18},{"not_picked":["Facsimile","HandsUpC"],"picked":"ResonantCall","floor":19},{"not_picked":["LockedMedicine","Fragmentalize"],"picked":"Backlash","floor":24}],"player_experience":59395,"relics_obtained":[{"floor":9,"key":"vexMod:ScavengeHelm"},{"floor":13,"key":"Golden Egg"}],"event_choices":[{"damage_healed":0,"gold_gain":0,"player_choice":"Take Wound","damage_taken":0,"relics_obtained":["Golden Idol"],"max_hp_gain":0,"max_hp_loss":0,"event_name":"Golden Idol","floor":11,"gold_loss":0,"cards_obtained":["Injury"]},{"damage_healed":0,"gold_gain":0,"player_choice":"Ignored","damage_taken":0,"max_hp_gain":0,"max_hp_loss":0,"event_name":"Vampires","floor":21,"gold_loss":0}],"is_beta":false,"boss_relics":[{"not_picked":["Coffee Dripper","Replay:Grab Bag"],"picked":"hubris:HollowSoul"}],"items_purged_floors":[],"is_endless":false,"potions_floor_spawned":[1,2,13,14,16,19,24],"killed_by":"Cultist and Chosen","ascension_level":0}}