{"host":"7pe9xwx78c6nlay8","time":1609665537,"event":{"mods":["BaseMod","Minty Spire (QoL Compilation)"],"gold_per_floor":[116,116,116,41,116,116,157,58,58,58,87,87,127,143,143,247,247,279,292,207,15,15,15],"floor_reached":22,"playtime":373,"items_purged":["Defend_P"],"score":376,"play_id":"c8c110c0-ae57-4f56-9a8c-b8c1776c670e","local_time":"20210103171857","is_ascension_mode":true,"campfire_choices":[{"data":"Eruption","floor":6,"key":"SMITH"},{"data":"Alpha","floor":10,"key":"SMITH"},{"data":"Vigilance","floor":15,"key":"SMITH"}],"circlet_count":0,"master_deck":["AscendersBane","Strike_P","Strike_P","Strike_P","Defend_P","Defend_P","Eruption+1","Vigilance+1","PathToVictory","Alpha+1","JustLucky","ReachHeaven","Alpha","TalkToTheHand","Prostrate"],"relics":["PureWater","NeowsBlessing","Golden Idol","Pear","CeramicFish","Singing Bowl","GoldenEye","SlaversCollar","Gambling Chip","Toolbox"],"acts_visited":["Exordium","TheCity"],"potions_floor_usage":[16],"damage_taken":[{"damage":0,"enemies":"Jaw Worm","floor":1,"turns":1},{"damage":0,"enemies":"Lagavulin","floor":7,"turns":1},{"damage":0,"enemies":"2 Louse","floor":11,"turns":1},{"damage":15,"enemies":"3 Sentries","floor":13,"turns":3},{"damage":0,"enemies":"Cultist","floor":14,"turns":3},{"damage":26,"enemies":"The Guardian","floor":16,"turns":6},{"damage":31,"enemies":"Spheric Guardian","floor":18,"turns":4},{"damage":21,"enemies":"Shell Parasite","floor":19,"turns":4},{"damage":3,"enemies":"Shelled Parasite and Fungi","floor":22,"turns":2}],"seed_played":"-580075800433063775","potions_obtained":[{"floor":11,"key":"StancePotion"},{"floor":13,"key":"Weak Potion"},{"floor":18,"key":"SpeedPotion"}],"is_trial":false,"path_per_floor":["M","?","?","?","?","R","E","$","T","R","M","T","E","M","R","B",null,"M","M","?","$","M"],"character_chosen":"WATCHER","items_purchased":["JustLucky","Toolbox","Prostrate"],"campfire_rested":0,"item_purchase_floors":[8,21,21],"current_hp_per_floor":[61,54,54,54,43,43,53,53,53,53,53,53,40,42,42,16,61,30,11,11,11,8,8],"gold":15,"neow_bonus":"THREE_ENEMY_KILL","is_daily":false,"chose_seed":false,"campfire_upgraded":3,"win_rate":0.0,"timestamp":1609665537,"path_taken":["M","?","?","?","?","R","E","$","T","R","?","?","E","M","R","BOSS","M","M","?","$","M"],"items_purchased_type":["Card","Relic","Card"],"build_version":"2020-12-22","purchased_purges":1,"victory":false,"max_hp_per_floor":[68,68,62,62,62,62,72,72,72,72,72,72,74,76,76,76,76,76,78,78,78,78,78],"card_choices":[{"not_picked":["EmptyBody","Indignation"],"picked":"PathToVictory","floor":1},{"not_picked":["BowlingBash","Consecrate"],"picked":"Alpha","floor":7},{"not_picked":["DeceiveReality","CrushJoints"],"picked":"ReachHeaven","floor":11},{"not_picked":["Crescendo","WindmillStrike","FlyingSleeves"],"picked":"Singing Bowl","floor":13},{"not_picked":["DeceiveReality","ClearTheMind","CarveReality"],"picked":"Singing Bowl","floor":14},{"not_picked":["Establishment","Brilliance"],"picked":"Alpha","floor":16},{"not_picked":["ClearTheMind+1","SashWhip"],"picked":"TalkToTheHand","floor":18},{"not_picked":["SashWhip","ThirdEye","Conclude"],"picked":"Singing Bowl","floor":19}],"player_experience":1597105,"relics_obtained":[{"floor":7,"key":"Pear"},{"floor":9,"key":"CeramicFish"},{"floor":12,"key":"Singing Bowl"},{"floor":13,"key":"GoldenEye"}],"event_choices":[{"cards_removed":["Defend_P"],"damage_healed":0,"gold_gain":0,"player_choice":"Card Removal","damage_taken":7,"max_hp_gain":0,"max_hp_loss":0,"event_name":"Golden Wing","floor":2,"gold_loss":0},{"damage_healed":0,"gold_gain":0,"player_choice":"Lose Max HP","damage_taken":0,"relics_obtained":["Golden Idol"],"max_hp_gain":0,"max_hp_loss":6,"event_name":"Golden Idol","floor":3,"gold_loss":0},{"cards_removed":["Strike_P"],"damage_healed":0,"gold_gain":0,"player_choice":"Card Removal","damage_taken":0,"max_hp_gain":0,"max_hp_loss":0,"event_name":"The Cleric","floor":4,"gold_loss":75},{"damage_healed":0,"gold_gain":75,"player_choice":"Gather Gold","damage_taken":11,"max_hp_gain":0,"max_hp_loss":0,"event_name":"World of Goop","floor":5,"gold_loss":0},{"damage_healed":0,"gold_gain":0,"player_choice":"Obtained Relic","damage_taken":0,"relics_obtained":["Gambling Chip"],"max_hp_gain":0,"max_hp_loss":0,"event_name":"Addict","floor":20,"gold_loss":85}],"is_beta":false,"boss_relics":[{"not_picked":["Runic Dome","SacredBark"],"picked":"SlaversCollar"}],"items_purged_floors":[8],"is_endless":false,"potions_floor_spawned":[11,13,14,18],"killed_by":"Shelled Parasite and Fungi","ascension_level":15}}