{"host":"pbf6u3tyx46snqc7","time":1609675304,"event":{"mods":["AchievementEnabler","BaseMod","Colored Map","Minty Spire (QoL Compilation)","Rare Cards Sparkle","SuperFastMode"],"gold_per_floor":[361,43,118,130,80,115,115,115,115,129,146,165,12,22,22,123,123,138,157,157,175,190,190,36,54,54,54,72,72,82,82,82],"floor_reached":31,"playtime":1259,"items_purged":["Injury","Strike_R"],"score":301,"play_id":"a5869e92-3634-48c5-a1d1-deaf469e16fd","local_time":"20210103210144","is_ascension_mode":true,"campfire_choices":[{"data":"Whirlwind","floor":8.0,"key":"SMITH"},{"floor":15.0,"key":"REST"},{"floor":23.0,"key":"REST"},{"data":"Armaments","floor":27.0,"key":"SMITH"},{"floor":29.0,"key":"REST"}],"circlet_count":0,"master_deck":["Strike_R+1","Strike_R+1","Strike_R","Defend_R","Defend_R","Defend_R","Defend_R","Bash","Inflame","Headbutt","Whirlwind+1","Sword Boomerang","Shrug It Off","Twin Strike","Pummel","Reaper","Armaments+1","Sword Boomerang","Rage","Heavy Blade+1","Inflame","Power Through","Shrug It Off","Flex"],"relics":["Black Blood","PreservedInsect","Smiling Mask","Gremlin Horn","Membership Card","Molten Egg 2"],"acts_visited":["Exordium","TheCity"],"potions_floor_usage":[31],"damage_taken":[{"damage":7.0,"enemies":"2 Louse","floor":1.0,"turns":3.0},{"damage":7.0,"enemies":"Jaw Worm","floor":4.0,"turns":3.0},{"damage":30.0,"enemies":"3 Sentries","floor":6.0,"turns":7.0},{"damage":0.0,"enemies":"Cultist","floor":10.0,"turns":3.0},{"damage":16.0,"enemies":"Exordium Wildlife","floor":11.0,"turns":3.0},{"damage":20.0,"enemies":"Gremlin Gang","floor":12.0,"turns":3.0},{"damage":7.0,"enemies":"Looter","floor":14.0,"turns":3.0},{"damage":24.0,"enemies":"The Guardian","floor":16.0,"turns":16.0},{"damage":36.0,"enemies":"2 Thieves","floor":18.0,"turns":3.0},{"damage":40.0,"enemies":"Shell Parasite","floor":19.0,"turns":6.0},{"damage":40.0,"enemies":"Snecko","floor":21.0,"turns":6.0},{"damage":30.0,"enemies":"Chosen and Byrds","floor":22.0,"turns":6.0},{"damage":28.0,"enemies":"Centurion and Healer","floor":25.0,"turns":6.0},{"damage":42.0,"enemies":"Cultist and Chosen","floor":28.0,"turns":7.0},{"damage":42.0,"enemies":"Sentry and Sphere","floor":30.0,"turns":8.0},{"damage":37,"enemies":"Shelled Parasite and Fungi","floor":31,"turns":3}],"seed_played":"2636640162083795946","potions_obtained":[{"floor":6.0,"key":"Dexterity Potion"},{"floor":12.0,"key":"BlessingOfTheForge"},{"floor":14.0,"key":"Dexterity Potion"},{"floor":21.0,"key":"Regen Potion"},{"floor":25.0,"key":"Swift Potion"},{"floor":30.0,"key":"PowerPotion"}],"is_trial":false,"path_per_floor":["M","$","?","M","?","E","?","R","T","M","M","M","$","M","R","B",null,"M","M","?","M","M","R","$","M","T","R","M","R","M","M"],"character_chosen":"IRONCLAD","items_purchased":["PreservedInsect","FairyPotion","Membership Card","Inflame","Power Through","Block Potion"],"campfire_rested":3,"item_purchase_floors":[2,2,13,24,24,24],"current_hp_per_floor":[79,79,68,67,67,43,27,27,27,33,23,9,9,8,32,14,64,40,18,12,30,34,58,58,54,54,54,32,56,34,0,0],"gold":82,"neow_bonus":"TWO_FIFTY_GOLD","is_daily":false,"chose_seed":false,"campfire_upgraded":2,"win_rate":0.0,"timestamp":1609675304,"path_taken":["M","$","?","M","?","E","?","R","T","M","M","M","$","M","R","BOSS","M","M","?","?","M","R","$","M","T","R","M","R","M","M"],"items_purchased_type":["Relic","Potion","Relic","Card","Card","Potion"],"build_version":"2020-12-22","purchased_purges":2,"victory":false,"max_hp_per_floor":[80,80,80,80,80,80,80,80,80,80,80,80,80,80,80,80,80,80,80,80,80,80,80,80,80,80,80,80,80,80,80,80],"card_choices":[{"not_picked":["Perfected Strike","Shrug It Off"],"picked":"Inflame","floor":1.0},{"not_picked":["Clash","Metallicize"],"picked":"Headbutt","floor":4.0},{"not_picked":["Carnage","Warcry"],"picked":"Whirlwind","floor":6.0},{"not_picked":["Intimidate","Cleave"],"picked":"Sword Boomerang","floor":10.0},{"not_picked":["Anger","Clash"],"picked":"Shrug It Off","floor":11.0},{"not_picked":["Power Through","Carnage"],"picked":"Twin Strike","floor":12.0},{"not_picked":["Sword Boomerang","Perfected Strike"],"picked":"Pummel","floor":14.0},{"not_picked":["Bludgeon","Fiend Fire"],"picked":"Reaper","floor":16.0},{"not_picked":["Whirlwind","Second Wind"],"picked":"Armaments","floor":18.0},{"not_picked":["Metallicize+1","Iron Wave+1"],"picked":"Sword Boomerang","floor":19.0},{"not_picked":["Whirlwind","Iron Wave+1"],"picked":"Rage","floor":21.0},{"not_picked":["Iron Wave","Feel No Pain+1"],"picked":"Heavy Blade+1","floor":22.0},{"not_picked":["Anger+1","Second Wind"],"picked":"Shrug It Off","floor":25.0},{"not_picked":["Cleave+1","Wild Strike+1"],"picked":"Flex","floor":28.0},{"not_picked":["Thunderclap+1","Armaments","Sever Soul+1"],"picked":"SKIP","floor":30.0}],"player_experience":378159,"relics_obtained":[{"floor":6.0,"key":"Smiling Mask"},{"floor":9.0,"key":"Gremlin Horn"},{"floor":26.0,"key":"Molten Egg 2"}],"event_choices":[{"damage_healed":0.0,"max_hp_gain":0.0,"max_hp_loss":0.0,"gold_gain":75.0,"event_name":"World of Goop","player_choice":"Gather Gold","floor":3.0,"gold_loss":0.0,"damage_taken":11.0},{"cards_removed":["Strike_R"],"damage_healed":0.0,"max_hp_gain":0.0,"max_hp_loss":0.0,"gold_gain":0.0,"event_name":"The Cleric","player_choice":"Card Removal","floor":5.0,"gold_loss":50.0,"damage_taken":0.0},{"damage_healed":0.0,"max_hp_gain":0.0,"max_hp_loss":0.0,"gold_gain":0.0,"event_name":"Shining Light","player_choice":"Entered Light","floor":7.0,"gold_loss":0.0,"damage_taken":16.0,"cards_upgraded":["Strike_R","Strike_R"]},{"damage_healed":0.0,"max_hp_gain":0.0,"max_hp_loss":0.0,"gold_gain":0.0,"event_name":"Knowing Skull","player_choice":"","floor":20.0,"potions_obtained":[],"gold_loss":0.0,"damage_taken":6.0,"cards_obtained":[]}],"is_beta":false,"boss_relics":[{"not_picked":["Sozu","Snecko Eye"],"picked":"Black Blood"}],"items_purged_floors":[2,24],"is_endless":false,"potions_floor_spawned":[6,12,14,21,25,30],"killed_by":"Shelled Parasite and Fungi","ascension_level":5}}