{"host":"j4g6ia6asvpyu2b0","time":1609706755,"event":{"mods":["BaseMod","Colored Map","Minty Spire (QoL Compilation)","Permanent Neow","Quick Restart","Relic Stats","StSLib","Unceasing Turn Reminder"],"gold_per_floor":[360,360,360,378,390,417,417,450,473,493,507,834,834,851,851,947,947,964,964,242,253,263,291,307,341,341,370,370,390,400,413,413,513,513,523,523,540,557,608,641,641,669,669,669,669,685,145,163,163,163,163,163,39,64,64,64],"floor_reached":55,"playtime":2220,"items_purged":["Strike_B","Strike_B"],"score":1023,"play_id":"3273fdfa-6f7b-422d-b598-da8778815a8c","local_time":"20210103134555","is_ascension_mode":true,"campfire_choices":[{"floor":7.0,"key":"REST"},{"data":"Loop","floor":13.0,"key":"SMITH"},{"floor":15.0,"key":"REST"},{"data":"Fission","floor":28.0,"key":"SMITH"},{"data":"Capacitor","floor":32.0,"key":"SMITH"},{"data":"Fission","floor":41,"key":"SMITH"},{"floor":49,"key":"RECALL"},{"data":"Apotheosis","floor":52,"key":"SMITH"}],"circlet_count":0,"master_deck":["Strike_B","Defend_B","Defend_B","Defend_B","Defend_B","Zap","Dualcast","Tempest","Cold Snap","Ball Lightning","White Noise","Compile Driver","Ball Lightning","Loop+1","Undo","Core Surge","Fission+1","Coolheaded","Genetic Algorithm","Self Repair","Turbo","Compile Driver","Rebound+1","Hologram","Capacitor+1","Tempest","Ball Lightning","Conserve Battery","Fission+1","Consume+1","Compile Driver+1","Blizzard","Parasite","Barrage+1","Defragment","Apotheosis+1","BootSequence","Capacitor+1","Defragment","Coolheaded+1"],"relics":["Cracked Core","Ancient Tea Set","Blood Vial","Bag of Preparation","Smiling Mask","Old Coin","Coffee Dripper","Dead Branch","PreservedInsect","Runic Capacitor","Meat on the Bone","Bag of Marbles","Symbiotic Virus","StrikeDummy","Philosopher\u0027s Stone","Art of War","Regal Pillow","InkBottle","Sundial","OrangePellets","Orichalcum"],"acts_visited":["Exordium","TheCity","TheBeyond","TheEnding"],"potions_floor_usage":[55,55,55],"damage_taken":[{"damage":7.0,"enemies":"Small Slimes","floor":1.0,"turns":3.0},{"damage":9.0,"enemies":"Jaw Worm","floor":4.0,"turns":5.0},{"damage":0.0,"enemies":"Cultist","floor":5.0,"turns":3.0},{"damage":6.0,"enemies":"Gremlin Nob","floor":6.0,"turns":3.0},{"damage":25.0,"enemies":"3 Sentries","floor":8.0,"turns":6.0},{"damage":0.0,"enemies":"Exordium Wildlife","floor":10.0,"turns":2.0},{"damage":3.0,"enemies":"3 Louse","floor":11.0,"turns":3.0},{"damage":10.0,"enemies":"Gremlin Nob","floor":12.0,"turns":3.0},{"damage":9.0,"enemies":"Lots of Slimes","floor":14.0,"turns":3.0},{"damage":18.0,"enemies":"The Guardian","floor":16.0,"turns":9.0},{"damage":5.0,"enemies":"2 Thieves","floor":18.0,"turns":3.0},{"damage":6.0,"enemies":"Shell Parasite","floor":21.0,"turns":8.0},{"damage":4.0,"enemies":"Centurion and Healer","floor":22.0,"turns":6.0},{"damage":8.0,"enemies":"Slavers","floor":23.0,"turns":3.0},{"damage":2.0,"enemies":"3 Cultists","floor":24.0,"turns":5.0},{"damage":30.0,"enemies":"Book of Stabbing","floor":25.0,"turns":3.0},{"damage":0.0,"enemies":"Slavers","floor":27.0,"turns":3.0},{"damage":3.0,"enemies":"Cultist and Chosen","floor":29.0,"turns":3.0},{"damage":7.0,"enemies":"Centurion and Healer","floor":30.0,"turns":3.0},{"damage":0.0,"enemies":"3 Cultists","floor":31.0,"turns":3.0},{"damage":31.0,"enemies":"Collector","floor":33.0,"turns":6.0},{"damage":0.0,"enemies":"Orb Walker","floor":35.0,"turns":3.0},{"damage":0.0,"enemies":"3 Shapes","floor":37.0,"turns":3.0},{"damage":35.0,"enemies":"3 Darklings","floor":38.0,"turns":3.0},{"damage":29,"enemies":"Giant Head","floor":40,"turns":7},{"damage":0,"enemies":"Reptomancer","floor":42,"turns":4},{"damage":11,"enemies":"Writhing Mass","floor":46,"turns":5},{"damage":3,"enemies":"Transient","floor":48,"turns":5},{"damage":40,"enemies":"Donu and Deca","floor":50,"turns":5},{"damage":48,"enemies":"Shield and Spear","floor":54,"turns":4},{"damage":48,"enemies":"The Heart","floor":55,"turns":3}],"seed_played":"3878194014888559192","potions_obtained":[{"floor":4.0,"key":"Strength Potion"},{"floor":5.0,"key":"Weak Potion"},{"floor":8.0,"key":"Fire Potion"},{"floor":10.0,"key":"PowerPotion"},{"floor":18.0,"key":"Fire Potion"},{"floor":22.0,"key":"DistilledChaos"},{"floor":24.0,"key":"FocusPotion"},{"floor":33.0,"key":"DuplicationPotion"},{"floor":38.0,"key":"AttackPotion"},{"floor":46,"key":"SneckoOil"},{"floor":48,"key":"PowerPotion"}],"is_trial":false,"path_per_floor":["M","?","?","M","M","E","R","E","T","M","M","E","R","M","R","B",null,"M","?","$","M","M","E","M","E","T","E","R","M","M","M","R","B",null,"M","?","M","M","T","E","R","E","T","$","?","M","$","M","R","B",null,"R","$","E","B"],"character_chosen":"DEFECT","items_purchased":["Dead Branch","PreservedInsect","Runic Capacitor","Self Repair","OrangePellets","Defragment","Apotheosis","BootSequence","Defragment","FocusPotion"],"campfire_rested":2,"item_purchase_floors":[20,20,20,20,47,47,47,47,53,53],"current_hp_per_floor":[47,40,33,24,24,18,40,17,17,19,18,10,10,3,25,9,75,70,70,70,73,75,74,75,52,52,61,61,67,69,75,75,51,75,75,75,75,47,47,39,39,48,48,48,48,46,46,55,55,39,75,75,75,46,0,0],"gold":64,"neow_bonus":"TWO_FIFTY_GOLD","is_daily":false,"chose_seed":false,"campfire_upgraded":5,"win_rate":0.0,"timestamp":1609706755,"path_taken":["M","?","?","M","M","E","R","E","T","M","?","E","R","M","R","BOSS","M","?","$","M","M","E","M","E","T","E","R","M","M","M","R","BOSS","M","?","M","M","?","E","R","E","T","$","?","M","$","M","R","BOSS","R","$","E","BOSS"],"items_purchased_type":["Relic","Relic","Relic","Card","Relic","Card","Card","Card","Card","Potion"],"build_version":"2020-12-22","purchased_purges":2,"victory":false,"max_hp_per_floor":[75,75,75,75,75,75,75,75,75,75,75,75,75,75,75,75,75,75,75,75,75,75,75,75,75,75,75,75,75,75,75,75,75,75,75,75,75,75,75,75,75,75,75,75,75,75,75,75,75,75,75,75,75,75,75,75],"relic_stats":{"Regal Pillow":0,"counters":[31,128],"Dead Branch":[135],"PreservedInsect":373,"Bag of Preparation":[52],"Orichalcum":[0],"Smiling Mask":75,"Blood Vial":37,"OrangePellets":[3],"Sundial":[2],"Art of War":[5],"obtain_stats":[{"Regal Pillow":42,"Dead Branch":20,"PreservedInsect":20,"Bag of Preparation":8,"Runic Capacitor":20,"Orichalcum":54,"Ancient Tea Set":3,"Smiling Mask":9,"Old Coin":12,"Blood Vial":6,"OrangePellets":47,"Sundial":45,"Philosopher\u0027s Stone":34,"Coffee Dripper":17,"Bag of Marbles":25,"Art of War":40,"Cracked Core":0,"Symbiotic Virus":26,"StrikeDummy":27,"InkBottle":43,"Meat on the Bone":23},{"Regal Pillow":26,"Dead Branch":11,"PreservedInsect":11,"Bag of Preparation":5,"Runic Capacitor":11,"Orichalcum":30,"Ancient Tea Set":1,"Smiling Mask":5,"Old Coin":8,"Blood Vial":4,"OrangePellets":27,"Sundial":26,"Philosopher\u0027s Stone":21,"Coffee Dripper":10,"Bag of Marbles":16,"Art of War":25,"Cracked Core":0,"Symbiotic Virus":16,"StrikeDummy":17,"InkBottle":26,"Meat on the Bone":14},{"Regal Pillow":106,"Dead Branch":43,"PreservedInsect":43,"Bag of Preparation":20,"Runic Capacitor":43,"Orichalcum":125,"Ancient Tea Set":3,"Smiling Mask":20,"Old Coin":28,"Blood Vial":14,"OrangePellets":111,"Sundial":106,"Philosopher\u0027s Stone":86,"Coffee Dripper":40,"Bag of Marbles":68,"Art of War":102,"Cracked Core":0,"Symbiotic Virus":68,"StrikeDummy":71,"InkBottle":106,"Meat on the Bone":60}],"InkBottle":[14],"Meat on the Bone":36},"card_choices":[{"not_picked":["Redo","Go for the Eyes"],"picked":"Tempest","floor":1.0},{"not_picked":["Hologram","Fusion"],"picked":"Cold Snap","floor":4.0},{"not_picked":["Go for the Eyes","Blizzard"],"picked":"Ball Lightning","floor":5.0},{"not_picked":["Gash","Conserve Battery"],"picked":"White Noise","floor":6.0},{"not_picked":["Streamline","Scrape"],"picked":"Compile Driver","floor":8.0},{"not_picked":["Sweeping Beam","Barrage"],"picked":"Ball Lightning","floor":10.0},{"not_picked":["Rebound","Darkness"],"picked":"Loop","floor":11.0},{"not_picked":["Streamline","Stack"],"picked":"Undo","floor":12.0},{"not_picked":["Aggregate","Cold Snap"],"picked":"Core Surge","floor":14.0},{"not_picked":["Buffer","Meteor Strike"],"picked":"Fission","floor":16.0},{"not_picked":["Beam Cell","Redo"],"picked":"Coolheaded","floor":18.0},{"not_picked":["Redo","Skim"],"picked":"Turbo","floor":21.0},{"not_picked":["Go for the Eyes","Beam Cell+1"],"picked":"Compile Driver","floor":22.0},{"not_picked":["Leap+1","Reinforced Body"],"picked":"Rebound+1","floor":23.0},{"not_picked":["Compile Driver","Go for the Eyes"],"picked":"Hologram","floor":24.0},{"not_picked":["Undo","Turbo","Steam"],"picked":"SKIP","floor":25.0},{"not_picked":["Core Surge","Beam Cell+1"],"picked":"Capacitor","floor":27.0},{"not_picked":["Steam","Compile Driver"],"picked":"Tempest","floor":29.0},{"not_picked":["Cold Snap","Steam"],"picked":"Ball Lightning","floor":30.0},{"not_picked":["Rebound","Skim"],"picked":"Conserve Battery","floor":31.0},{"not_picked":["Core Surge","Meteor Strike"],"picked":"Fission","floor":33.0},{"not_picked":["Turbo","Rip and Tear+1","Melter"],"picked":"SKIP","floor":35.0},{"not_picked":["Scrape","Rebound","Melter"],"picked":"SKIP","floor":37.0},{"not_picked":["Go for the Eyes","Steam"],"picked":"Consume+1","floor":38.0},{"not_picked":["Ball Lightning","Hyperbeam"],"picked":"Compile Driver+1","floor":40},{"not_picked":["Chill","Turbo"],"picked":"Blizzard","floor":42},{"not_picked":["Steam+1","Turbo+1"],"picked":"Barrage+1","floor":46},{"not_picked":["Barrage+1","Gash"],"picked":"Capacitor+1","floor":48},{"not_picked":["Genetic Algorithm","Doom and Gloom"],"picked":"Coolheaded+1","floor":54}],"player_experience":685250,"relics_obtained":[{"floor":6.0,"key":"Blood Vial"},{"floor":8.0,"key":"Bag of Preparation"},{"floor":9.0,"key":"Smiling Mask"},{"floor":12.0,"key":"Old Coin"},{"floor":23.0,"key":"Meat on the Bone"},{"floor":25.0,"key":"Bag of Marbles"},{"floor":26.0,"key":"Symbiotic Virus"},{"floor":27.0,"key":"StrikeDummy"},{"floor":40,"key":"Art of War"},{"floor":42,"key":"Regal Pillow"},{"floor":43,"key":"InkBottle"},{"floor":54,"key":"Orichalcum"}],"event_choices":[{"cards_removed":["Strike_B"],"damage_healed":0.0,"max_hp_gain":0.0,"max_hp_loss":0.0,"gold_gain":0.0,"event_name":"Golden Wing","player_choice":"Card Removal","floor":2.0,"gold_loss":0.0,"damage_taken":7.0},{"damage_healed":0.0,"max_hp_gain":0.0,"max_hp_loss":0.0,"gold_gain":0.0,"event_name":"Scrap Ooze","player_choice":"Success","floor":3.0,"gold_loss":0.0,"damage_taken":7.0,"relics_obtained":["Ancient Tea Set"]},{"damage_healed":0.0,"max_hp_gain":0.0,"max_hp_loss":0.0,"gold_gain":0.0,"event_name":"Match and Keep!","player_choice":"1 cards matched","floor":19.0,"gold_loss":0.0,"damage_taken":0.0,"cards_obtained":["Genetic Algorithm"]},{"damage_healed":0.0,"max_hp_gain":0.0,"max_hp_loss":0.0,"gold_gain":0.0,"event_name":"Tomb of Lord Red Mask","player_choice":"Ignored","floor":36.0,"gold_loss":0.0,"damage_taken":0.0},{"damage_healed":0,"gold_gain":0,"player_choice":"Gave Potion","damage_taken":0,"relics_obtained":["Sundial"],"max_hp_gain":0,"max_hp_loss":0,"event_name":"WeMeetAgain","floor":45,"gold_loss":0}],"is_beta":false,"boss_relics":[{"not_picked":["Velvet Choker","Sozu"],"picked":"Coffee Dripper"},{"not_picked":["Black Star","Runic Pyramid"],"picked":"Philosopher\u0027s Stone"}],"items_purged_floors":[20,47],"is_endless":false,"potions_floor_spawned":[4,5,8,10,11,18,22,24,33,38,42,46,48],"killed_by":"The Heart","ascension_level":4}}