{"host":"v4pe0ixo3k7iwzp0","time":1609652433,"event":{"mods":["BaseMod","Bestiary","Highlight Path","Minty Spire (QoL Compilation)","StSLib","The Alterego","The Marked"],"gold_per_floor":[117,82,100,120,120,120,134,134,161,181,198,69,87,97,97,196,196,214,214,214],"floor_reached":19,"playtime":957,"items_purged":[],"score":163,"play_id":"36e47689-f229-4fd6-8720-b4b026b4b176","local_time":"20210102214033","is_ascension_mode":false,"campfire_choices":[{"data":"theMarked:SoldierOfQuellstein","floor":6.0,"key":"SMITH"},{"floor":8.0,"key":"REST"},{"floor":15.0,"key":"REST"}],"circlet_count":0,"master_deck":["theMarked:Strike","theMarked:Strike","theMarked:Strike","theMarked:Strike","theMarked:Strike","theMarked:Defend","theMarked:Defend","theMarked:Defend","theMarked:Defend","theMarked:SoldierOfQuellstein+1","theMarked:HeightenedSenses","theMarked:HeritageOfTheMarked","theMarked:Indomitable","theMarked:WastefulDefense","theMarked:Reabsorb","theMarked:WardOff","theMarked:Frustration","theMarked:BanishingWave","theMarked:Frustration","theMarked:ChainLightning","theMarked:ChannelForce","theMarked:WardOff"],"relics":["theMarked:ArtifactOfAir","NeowsBlessing","Omamori","SlaversCollar"],"acts_visited":["Exordium","TheCity"],"potions_floor_usage":[],"damage_taken":[{"damage":0.0,"enemies":"Cultist","floor":1.0,"turns":1.0},{"damage":0.0,"enemies":"Small Slimes","floor":3.0,"turns":1.0},{"damage":0.0,"enemies":"Jaw Worm","floor":4.0,"turns":1.0},{"damage":19.0,"enemies":"Exordium Wildlife","floor":7.0,"turns":6.0},{"damage":3.0,"enemies":"Lots of Slimes","floor":10.0,"turns":6.0},{"damage":2.0,"enemies":"2 Fungi Beasts","floor":11.0,"turns":5.0},{"damage":8.0,"enemies":"Gremlin Gang","floor":13.0,"turns":4.0},{"damage":2.0,"enemies":"Lots of Slimes","floor":14.0,"turns":6.0},{"damage":7.0,"enemies":"Hexaghost","floor":16.0,"turns":9.0},{"damage":39.0,"enemies":"Spheric Guardian","floor":18.0,"turns":8.0},{"damage":27,"enemies":"3 Byrds","floor":19,"turns":3}],"seed_played":"-5103709232074095715","potions_obtained":[{"floor":3.0,"key":"Dexterity Potion"},{"floor":4.0,"key":"SkillPotion"},{"floor":11.0,"key":"EssenceOfSteel"},{"floor":13.0,"key":"EssenceOfSteel"},{"floor":14.0,"key":"Dexterity Potion"},{"floor":18.0,"key":"LiquidMemories"}],"is_trial":false,"path_per_floor":["M","$","M","M","?","R","M","R","T","M","M","$","M","M","R","B",null,"M","M"],"character_chosen":"THE_DEFAULT","items_purchased":["theMarked:HeritageOfTheMarked","theMarked:Frustration","theMarked:BanishingWave"],"campfire_rested":2,"item_purchase_floors":[2,12,12],"current_hp_per_floor":[70,70,70,70,70,70,51,70,70,67,65,65,57,55,70,63,70,31,4,4],"gold":214,"neow_bonus":"THREE_ENEMY_KILL","is_daily":false,"chose_seed":false,"campfire_upgraded":1,"win_rate":0.0,"timestamp":1609652433,"path_taken":["M","$","?","M","?","R","M","R","T","M","M","?","M","M","R","BOSS","M","M"],"items_purchased_type":["Card","Card","Card"],"build_version":"2020-12-22","purchased_purges":0,"victory":false,"max_hp_per_floor":[70,70,70,70,70,70,70,70,70,70,70,70,70,70,70,70,70,70,70,70],"card_choices":[{"not_picked":["theMarked:ResourceFulStrike","theMarked:LightningStrikesTwice"],"picked":"theMarked:HeightenedSenses","floor":1.0},{"not_picked":["theMarked:Aftermath","theMarked:Overcharge","theMarked:Static"],"picked":"SKIP","floor":3.0},{"not_picked":["theMarked:Snap","theMarked:EnhanceMovement"],"picked":"theMarked:Indomitable","floor":4.0},{"not_picked":["theMarked:WardOff","theMarked:MysticalArsenal"],"picked":"theMarked:WastefulDefense","floor":7.0},{"not_picked":["theMarked:PowerFlow","theMarked:HeightenedSenses"],"picked":"theMarked:Reabsorb","floor":10.0},{"not_picked":["theMarked:RepellingDischarge","theMarked:Static"],"picked":"theMarked:WardOff","floor":11.0},{"not_picked":["theMarked:RepellingDischarge","theMarked:HeightenedSenses"],"picked":"theMarked:Frustration","floor":13.0},{"not_picked":["theMarked:WardOff","theMarked:Overcharge"],"picked":"theMarked:ChainLightning","floor":14.0},{"not_picked":["theMarked:Levitate","theMarked:Abjuration"],"picked":"theMarked:ChannelForce","floor":16.0},{"not_picked":["theMarked:ChainLightning","theMarked:ReduceFriction"],"picked":"theMarked:WardOff","floor":18.0}],"player_experience":90130,"relics_obtained":[{"floor":9.0,"key":"Omamori"}],"event_choices":[{"damage_healed":0.0,"max_hp_gain":0.0,"max_hp_loss":0.0,"gold_gain":0.0,"event_name":"The Woman in Blue","player_choice":"Bought 0 Potions","floor":5.0,"gold_loss":0.0,"damage_taken":0.0}],"is_beta":false,"boss_relics":[{"not_picked":["Philosopher\u0027s Stone","Cursed Key"],"picked":"SlaversCollar"}],"items_purged_floors":[],"is_endless":false,"potions_floor_spawned":[3,4,11,13,14,18],"killed_by":"3 Byrds","ascension_level":0}}