{"host":"j9bx9azsblvm9pyf","time":1609665970,"event":{"mods":["BaseMod","LagranYue(拉格朗・月)","Marisa（F雨　魔理沙）","Minty Spire (QoL Compilation)","Remilia（蕾米莉亚）","StSLib","The Servant 0.9.4","WarShipGirlsR/战舰少女R mod"],"gold_per_floor":[115,65,65,39,57,83,97,123,202,202,202,233,244,257,257,359,359,375,66,66,66,83,83,108,108,108,135,149,168,68,103,103,199,199,212,224,99,114,114,149,149,161,186,213,227,245,277,325,325,325,325,325,25,54,54],"floor_reached":56,"playtime":3631,"items_purged":["Defend_S","Decay","Defend_S","Reset"],"score":1526,"play_id":"765c3311-b0cd-4d4b-a943-5334306f19d2","local_time":"20210103172610","is_ascension_mode":true,"campfire_choices":[{"data":"Luminosity","floor":10.0,"key":"SMITH"},{"data":"Luminosity","floor":15.0,"key":"SMITH"},{"data":"DualDimension","floor":23.0,"key":"SMITH"},{"data":"Collapse","floor":25.0,"key":"SMITH"},{"data":"Dilation","floor":32.0,"key":"SMITH"},{"floor":41.0,"key":"RECALL"},{"floor":49,"key":"REST"},{"floor":52,"key":"REST"}],"circlet_count":0,"master_deck":["Strike_S","Strike_S","Strike_S+1","Strike_S+1","Defend_S","KidneyShot","Exchange","Rewind+1","FastForward","Rewind","Luminosity+1","Potential","Luminosity+1","Collapse+1","BottledTime","Dilation+1","MoonPhase+1","Luminosity+1","DualDimension+1","BestPractice+1","MurderousAura+1","Duplication+1","RealityMarble+1","SilverBlades+1","Starlight+1","SilverBlades+1","Rearm","RealityMarble+1","FlawlessForm+1"],"relics":["Uniform","LagranYue:RandomDrawCardRelic","NeowsBlessing","LagranYue:GuideDeadRelic","Bag of Marbles","Frozen Egg 2","Vajra","LagranYue:SoulBurningRelic","Bag of Preparation","Ginger","Meat on the Bone","Mummified Hand","InkBottle","Fusion Hammer","Eternal Feather","PreservedInsect","War Paint","Nunchaku","LagranYue:WskJewelryRelic","LagranYue:MagicReflectiveArmorRelic","Pantograph"],"acts_visited":["Exordium","TheCity","TheBeyond","TheEnding"],"potions_floor_usage":[48,50],"damage_taken":[{"damage":0.0,"enemies":"Jaw Worm","floor":1.0,"turns":1.0},{"damage":0.0,"enemies":"2 Louse","floor":5.0,"turns":1.0},{"damage":0.0,"enemies":"3 Sentries","floor":6.0,"turns":1.0},{"damage":0.0,"enemies":"Small Slimes","floor":7.0,"turns":5.0},{"damage":0.0,"enemies":"Gremlin Nob","floor":8.0,"turns":4.0},{"damage":14.0,"enemies":"3 Sentries","floor":12.0,"turns":11.0},{"damage":1.0,"enemies":"Looter","floor":13.0,"turns":3.0},{"damage":0.0,"enemies":"Red Slaver","floor":14.0,"turns":4.0},{"damage":0.0,"enemies":"Hexaghost","floor":16.0,"turns":16.0},{"damage":2.0,"enemies":"Chosen","floor":18.0,"turns":6.0},{"damage":0.0,"enemies":"3 Byrds","floor":22.0,"turns":6.0},{"damage":0.0,"enemies":"Book of Stabbing","floor":24.0,"turns":6.0},{"damage":34.0,"enemies":"Slavers","floor":27.0,"turns":7.0},{"damage":4.0,"enemies":"Snecko","floor":28.0,"turns":6.0},{"damage":0.0,"enemies":"Chosen and Byrds","floor":29.0,"turns":5.0},{"damage":0.0,"enemies":"Book of Stabbing","floor":31.0,"turns":5.0},{"damage":0.0,"enemies":"Collector","floor":33.0,"turns":8.0},{"damage":7.0,"enemies":"3 Darklings","floor":35.0,"turns":6.0},{"damage":0.0,"enemies":"3 Shapes","floor":36.0,"turns":2.0},{"damage":0.0,"enemies":"3 Darklings","floor":38.0,"turns":2.0},{"damage":35.0,"enemies":"Reptomancer","floor":40.0,"turns":7.0},{"damage":0.0,"enemies":"Maw","floor":42.0,"turns":6.0},{"damage":1.0,"enemies":"Nemesis","floor":44.0,"turns":5.0},{"damage":0.0,"enemies":"4 Shapes","floor":45.0,"turns":3.0},{"damage":12.0,"enemies":"Spire Growth","floor":46.0,"turns":4.0},{"damage":0.0,"enemies":"Reptomancer","floor":47.0,"turns":4.0},{"damage":28,"enemies":"2 Orb Walkers","floor":48,"turns":4},{"damage":28,"enemies":"Time Eater","floor":50,"turns":8},{"damage":9,"enemies":"Shield and Spear","floor":54,"turns":5},{"damage":83,"enemies":"The Heart","floor":55,"turns":13}],"seed_played":"-595494769817196937","potions_obtained":[{"floor":1.0,"key":"PowerPotion"},{"floor":5.0,"key":"Ancient Potion"},{"floor":7.0,"key":"FairyPotion"},{"floor":12.0,"key":"Block Potion"},{"floor":14.0,"key":"SkillPotion"},{"floor":18.0,"key":"Fire Potion"},{"floor":22.0,"key":"Fruit Juice"},{"floor":24.0,"key":"Strength Potion"},{"floor":29.0,"key":"Swift Potion"},{"floor":31.0,"key":"BlessingOfTheForge"},{"floor":35.0,"key":"PowerPotion"},{"floor":40.0,"key":"Explosive Potion"},{"floor":47.0,"key":"Swift Potion"}],"is_trial":false,"path_per_floor":["M","?","?","$","M","E","M","E","T","R","?","E","M","M","R","B",null,"M","$","?","?","M","R","E","R","T","E","M","M","$","E","R","B",null,"M","M","$","M","T","E","R","M","T","E","M","M","E","?","R","B",null,"R","$","E","B",null],"character_chosen":"THE_SERVANT","items_purchased":["FastForward","Luminosity+1","Bag of Preparation","LagranYue:MagicReflectiveArmorRelic"],"campfire_rested":2,"item_purchase_floors":[4,19,19,53],"current_hp_per_floor":[65,65,52,52,52,52,52,52,52,52,52,38,37,37,37,37,65,63,63,51,51,55,55,55,55,55,32,39,39,39,39,39,39,75,68,68,68,68,68,44,58,58,58,57,57,45,45,28,63,46,75,75,75,66,26],"gold":54,"neow_bonus":"THREE_ENEMY_KILL","is_daily":false,"chose_seed":false,"campfire_upgraded":5,"win_rate":0.0,"timestamp":1609665970,"path_taken":["M","?","?","$","M","E","M","E","T","R","?","E","M","M","R","BOSS","M","$","?","?","M","R","E","R","T","E","M","?","$","E","R","BOSS","M","M","$","M","?","E","R","M","T","E","M","M","E","?","R","BOSS","R","$","E","BOSS"],"items_purchased_type":["Card","Card","Relic","Relic"],"build_version":"2020-12-22","purchased_purges":4,"victory":true,"max_hp_per_floor":[65,65,65,65,65,65,65,65,65,65,65,65,65,65,65,65,65,65,65,70,70,75,75,75,75,75,75,75,75,75,75,75,75,75,75,75,75,75,75,75,75,75,75,75,75,75,75,75,75,75,75,75,75,75,75],"card_choices":[{"not_picked":["Advance","Hightail"],"picked":"Rewind","floor":1.0},{"not_picked":["Replace","Read"],"picked":"Rewind","floor":5.0},{"not_picked":["Replace","TheWorld"],"picked":"Luminosity","floor":6.0},{"not_picked":["Read","FastForward"],"picked":"Potential","floor":7.0},{"not_picked":["BottledTime","Advance"],"picked":"Luminosity","floor":8.0},{"not_picked":["Duplication","Rewind"],"picked":"Collapse","floor":12.0},{"not_picked":["Unruled","Moondial"],"picked":"BottledTime","floor":13.0},{"not_picked":["SurpressingFire+1","Moonlight"],"picked":"Reset","floor":14.0},{"not_picked":["KillingDoll","TrueSight+1"],"picked":"Dilation","floor":16.0},{"not_picked":["Advance+1","Gouge"],"picked":"MoonPhase+1","floor":18.0},{"not_picked":["Potential","Replace+1"],"picked":"DualDimension","floor":22.0},{"not_picked":["Replace+1","Misdirection","Spin"],"picked":"SKIP","floor":24.0},{"not_picked":["Replace+1","Misdirection","Spin"],"picked":"SKIP","floor":24.0},{"not_picked":["Sabotage","Ricochet","SoulSculpture"],"picked":"SKIP","floor":27.0},{"not_picked":["Spin","Replace"],"picked":"BestPractice+1","floor":28.0},{"not_picked":["Starlight","Replace+1","ShatteredReality"],"picked":"SKIP","floor":29.0},{"not_picked":["Alleviate+1","ShatteredReality"],"picked":"MurderousAura+1","floor":31.0},{"not_picked":["Deny","Initiator"],"picked":"Duplication","floor":33.0},{"not_picked":["Misdirection","Ricochet"],"picked":"RealityMarble+1","floor":35.0},{"not_picked":["FastForward+1","Rearm"],"picked":"SilverBlades+1","floor":36.0},{"not_picked":["Potential+1","Replace","SpecialFormula"],"picked":"SKIP","floor":38.0},{"not_picked":["Ricochet+1","Revamp+1"],"picked":"Starlight+1","floor":40.0},{"not_picked":["Spin","ShiftingGears"],"picked":"SilverBlades+1","floor":42.0},{"not_picked":["Starlight+1","DoubleEdge"],"picked":"Rearm","floor":44.0},{"not_picked":["Ricochet","ShatteredReality","ReturningBlade"],"picked":"SKIP","floor":45.0},{"not_picked":["Revamp+1","TimeWarp"],"picked":"RealityMarble+1","floor":46.0},{"not_picked":["TheWorld","Moondial","Revamp"],"picked":"SKIP","floor":47.0},{"not_picked":["Shuttle+1","Rearm+1"],"picked":"FlawlessForm+1","floor":54}],"player_experience":269279,"relics_obtained":[{"floor":6.0,"key":"LagranYue:GuideDeadRelic"},{"floor":8.0,"key":"Bag of Marbles"},{"floor":9.0,"key":"Frozen Egg 2"},{"floor":12.0,"key":"Vajra"},{"floor":24.0,"key":"Ginger"},{"floor":26.0,"key":"Meat on the Bone"},{"floor":27.0,"key":"Mummified Hand"},{"floor":31.0,"key":"InkBottle"},{"floor":40.0,"key":"Eternal Feather"},{"floor":43.0,"key":"PreservedInsect"},{"floor":44.0,"key":"War Paint"},{"floor":47.0,"key":"Nunchaku"},{"floor":48,"key":"LagranYue:WskJewelryRelic"},{"floor":54,"key":"Pantograph"}],"event_choices":[{"cards_removed":["Defend_S"],"damage_healed":0.0,"max_hp_gain":0.0,"max_hp_loss":0.0,"gold_gain":0.0,"event_name":"The Cleric","player_choice":"Card Removal","floor":2.0,"gold_loss":50.0,"damage_taken":0.0},{"damage_healed":0.0,"max_hp_gain":0.0,"max_hp_loss":0.0,"gold_gain":0.0,"event_name":"Shining Light","player_choice":"Entered Light","floor":3.0,"gold_loss":0.0,"damage_taken":13.0,"cards_upgraded":["Strike_S","Strike_S"]},{"damage_healed":0.0,"max_hp_gain":0.0,"max_hp_loss":0.0,"gold_gain":0.0,"event_name":"Liars Game","player_choice":"Ignored","floor":11.0,"gold_loss":0.0,"damage_taken":0.0},{"damage_healed":0.0,"max_hp_gain":5.0,"max_hp_loss":0.0,"gold_gain":0.0,"event_name":"Forgotten Altar","player_choice":"Shed Blood","floor":20.0,"gold_loss":0.0,"damage_taken":16.0},{"damage_healed":0.0,"max_hp_gain":0.0,"max_hp_loss":0.0,"gold_gain":0.0,"event_name":"Wheel of Change","player_choice":"Cursed","floor":21.0,"gold_loss":0.0,"damage_taken":0.0,"cards_obtained":["Decay"]},{"damage_healed":0,"gold_gain":0,"player_choice":"Fight","damage_taken":0,"max_hp_gain":0,"max_hp_loss":0,"event_name":"Mysterious Sphere","floor":48,"gold_loss":0}],"is_beta":false,"boss_relics":[{"not_picked":["Philosopher\u0027s Stone","MysterySword"],"picked":"LagranYue:SoulBurningRelic"},{"not_picked":["Runic Pyramid","SacredBark"],"picked":"Fusion Hammer"}],"items_purged_floors":[19,30,37,53],"is_endless":false,"potions_floor_spawned":[1,5,7,12,14,18,22,24,29,31,35,36,40,47],"ascension_level":1}}