{"host":"h8k9dndf1ns7wsjc","time":1609636089,"event":{"mods":["2.2 Compatiblity","AchievementEnabler","Act Like it!","BaseMod","Better Altar","Better Skull","Better Vampires","BetterRewards","Communication Mod","Downfall","Minty Spire (QoL Compilation)","Permanent Neow","Remove Card Discount Mod","Spicy Shops","StSLib"],"gold_per_floor":[99,99,99,99,119,175,200,200,300,331,69,69,14,46,62,167,167,92,107,126,143,11,111,135,167,177,218,266,266,266,288,304,415,415,415,443,188,188,206,206,206,235,279,379,379,16,41,41,62,62],"floor_reached":51,"playtime":22816,"items_purged":["Guardian:Defend_Guardian","Guardian:Strike_Guardian","Guardian:Strike_Guardian","Guardian:PrismaticBeam","Guardian:Defend_Guardian","Guardian:Defend_Guardian","Guardian:Defend_Guardian","Guardian:TimeBomb+1","Guardian:ChargeCore","Guardian:ShieldCharger"],"score":884,"play_id":"bda20020-3162-4b5e-b8cb-e3308cbbed4c","local_time":"20210103020809","is_ascension_mode":true,"campfire_choices":[{"data":"Guardian:CurlUp","floor":1,"key":"SMITH"},{"floor":12,"key":"REST"},{"data":"Guardian:DonusPower","floor":18,"key":"SMITH"},{"floor":30,"key":"REST"},{"data":"Guardian:TimeSifter","floor":35,"key":"SMITH"},{"data":"Guardian:BaubleBeam","floor":45,"key":"SMITH"}],"circlet_count":0,"master_deck":["Guardian:CurlUp+1","Guardian:ChargeCore","Guardian:RollAttack+1","Guardian:TimeCapacitor","Guardian:PolyBeam","Guardian:Harden","Guardian:Incinerate","expansioncontent:Collect","Guardian:PrimingBeam","Guardian:EvasiveProtocol","Guardian:BronzeOrb","Guardian:DonusPower+1","Guardian:FierceBash","Guardian:Planning","Guardian:PiercingHide+1","Guardian:PolyBeam","Guardian:TimeSifter+1","Guardian:PrimingBeam","Guardian:SpikerProtocol","Guardian:ArmoredProtocol","Guardian:PrimingBeam+1","Guardian:ArmoredProtocol","Guardian:StasisStrike","Guardian:Orbwalk","Guardian:TimeCapacitor","Guardian:BaubleBeam+1","Guardian:PrimingBeam","Guardian:EvasiveProtocol+1","Guardian:MultiBeam","Guardian:ShieldCharger","Guardian:PrimingBeam+1"],"relics":["Guardian:ModeShifterPlus","downfall:HeartsMalice","Gremlin Horn","Boot","Lizard Tail","Akabeko","Toolbox","Tiny Chest","Sozu","downfall:HeartBlessingGreen","TungstenRod","Sundial","Art of War","Mummified Hand","CeramicFish","Lantern","Smiling Mask","Eternal Feather","Sling","Anchor","Frozen Egg 2","Ornamental Fan","Meat on the Bone","Ancient Tea Set","Kunai","Darkstone Periapt"],"acts_visited":["Exordium","TheCity","TheBeyond"],"potions_floor_usage":[10,10,10,43],"damage_taken":[{"damage":0,"enemies":"Jaw Worm","floor":2,"turns":1},{"damage":0,"enemies":"2 Louse","floor":3,"turns":1},{"damage":0,"enemies":"Cultist","floor":4,"turns":1},{"damage":13,"enemies":"Exordium Thugs","floor":5,"turns":5},{"damage":46,"enemies":"Lagavulin Event","floor":6,"turns":8},{"damage":7,"enemies":"downfall:Heads","floor":9,"turns":6},{"damage":36,"enemies":"3 Sentries","floor":10,"turns":12},{"damage":0,"enemies":"downfall:FleeingMerchant","floor":11,"turns":4},{"damage":0,"enemies":"downfall:FleeingMerchant","floor":13,"turns":4},{"damage":12,"enemies":"Gremlin Nob","floor":14,"turns":4},{"damage":0,"enemies":"Exordium Wildlife","floor":15,"turns":1},{"damage":20,"enemies":"downfall:Silent","floor":16,"turns":8},{"damage":4,"enemies":"3 Byrds","floor":19,"turns":4},{"damage":5,"enemies":"Spheric Guardian","floor":20,"turns":4},{"damage":0,"enemies":"Cultist and Chosen","floor":21,"turns":4},{"damage":14,"enemies":"downfall:FleeingMerchant","floor":22,"turns":4},{"damage":9,"enemies":"downfall:Defect","floor":23,"turns":5},{"damage":6,"enemies":"Slavers","floor":25,"turns":6},{"damage":10,"enemies":"Shelled Parasite and Fungi","floor":26,"turns":4},{"damage":0,"enemies":"Gremlin Leader","floor":27,"turns":4},{"damage":1,"enemies":"Snecko","floor":31,"turns":3},{"damage":2,"enemies":"Snake Plant","floor":32,"turns":3},{"damage":18,"enemies":"downfall:Watcher","floor":33,"turns":6},{"damage":6,"enemies":"3 Darklings","floor":36,"turns":3},{"damage":0,"enemies":"downfall:FleeingMerchant","floor":37,"turns":3},{"damage":0,"enemies":"Orb Walker","floor":42,"turns":3},{"damage":8,"enemies":"Nemesis","floor":43,"turns":4},{"damage":0,"enemies":"Giant Head","floor":47,"turns":7},{"damage":0,"enemies":"3 Darklings","floor":49,"turns":3},{"damage":4,"enemies":"downfall:Defect","floor":50,"turns":6}],"seed_played":"-1657261461089191914","potions_obtained":[{"floor":5,"key":"LiquidMemories"},{"floor":6,"key":"Regen Potion"},{"floor":10,"key":"Fruit Juice"},{"floor":15,"key":"Block Potion"},{"floor":16,"key":"GamblersBrew"}],"is_trial":false,"path_per_floor":["R","M","M","M","M","?","T","?","?","E","$","R","$","E","M","B",null,"R","M","M","M","$","?","T","E","M","E","T","T","R","M","M","B",null,"R","M","$","T","?","T","T","M","E","?","R","$","E","$","M","B",null],"character_chosen":"GUARDIAN","items_purchased":["Toolbox","Guardian:Gem_Crimson","Guardian:Incinerate","expansioncontent:Collect","Guardian:EvasiveProtocol","Guardian:PrimingBeam","Guardian:Recover","Guardian:TimeCapacitor","Eternal Feather","Sling","Anchor","Guardian:BaubleBeam","Kunai","Guardian:MultiBeam","Guardian:ShieldCharger"],"campfire_rested":2,"item_purchase_floors":[11,11,11,11,13,22,22,37,37,37,37,37,46,46,46],"current_hp_per_floor":[80,80,80,80,67,21,21,18,11,38,38,63,63,51,51,31,85,85,81,76,76,62,53,53,47,37,37,37,37,62,61,59,41,85,85,79,79,79,79,79,79,79,71,71,85,85,85,85,85,81],"gold":62,"neow_bonus":"THREE_ENEMY_KILL","is_daily":false,"chose_seed":false,"campfire_upgraded":4,"win_rate":0.0,"timestamp":1609636089,"path_taken":["R","M","M","M","M","?","T","?","?","E","$","R","?","E","M","BOSS","R","M","M","?","$","?","T","E","M","E","?","?","R","?","M","BOSS","R","M","$","?","?","?","T","?","E","?","R","$","E","$","M","BOSS"],"items_purchased_type":["Relic","Card","Card","Card","Card","Card","Card","Card","Relic","Relic","Relic","Card","Relic","Card","Card"],"build_version":"2020-12-22","purchased_purges":10,"victory":true,"max_hp_per_floor":[80,80,80,80,80,80,80,80,80,85,85,85,85,85,85,85,85,85,85,85,85,85,85,85,85,85,85,85,85,85,85,85,85,85,85,85,85,85,85,85,85,85,85,85,85,85,85,85,85,85],"card_choices":[{"not_picked":["Guardian:PrismaticBeam","Guardian:PiercingHide"],"picked":"Guardian:ShieldCharger","floor":2},{"not_picked":["Guardian:CrystalBeam","Guardian:PiercingHide"],"picked":"Guardian:ChargeCore","floor":3},{"not_picked":["Guardian:Emergency","Guardian:VentSteam"],"picked":"Guardian:ChargeCore","floor":4},{"not_picked":["Guardian:Gem_Green","Guardian:Gem_Cyan"],"picked":"Guardian:RollAttack","floor":5},{"not_picked":["Guardian:DonusPower","Guardian:FloatingOrbs"],"picked":"Guardian:Gem_Purple","floor":6},{"not_picked":["Guardian:Gem_Purple","Guardian:Planning"],"picked":"Guardian:PrismaticBeam","floor":9},{"not_picked":["Guardian:CrystalBeam","Guardian:Suspension"],"picked":"Guardian:PolyBeam","floor":10},{"not_picked":["Guardian:Recover","Guardian:PrimingBeam"],"picked":"Guardian:Harden","floor":11},{"not_picked":["Guardian:Recover","Guardian:Suspension"],"picked":"Guardian:PrimingBeam","floor":13},{"not_picked":["Guardian:Reroute","Guardian:VentSteam"],"picked":"Guardian:BronzeOrb","floor":14},{"not_picked":["Guardian:Emergency","Guardian:TemporalShield"],"picked":"Guardian:DonusPower","floor":15},{"not_picked":["Guardian:AncientConstruct","Guardian:FastForward"],"picked":"Guardian:FierceBash","floor":16},{"not_picked":["Guardian:PiercingHide","Guardian:SpikerProtocol"],"picked":"Guardian:Planning","floor":19},{"not_picked":["Guardian:Gem_Lightblue","Guardian:VentSteam+1"],"picked":"Guardian:PiercingHide+1","floor":20},{"not_picked":["Guardian:PiercingHide+1","Guardian:VentSteam"],"picked":"Guardian:PolyBeam","floor":21},{"not_picked":["Guardian:DonusPower","Guardian:BaubleBeam"],"picked":"Guardian:TimeSifter","floor":22},{"not_picked":["Guardian:Gem_Lightblue","Guardian:Harden"],"picked":"Guardian:TimeBomb+1","floor":23},{"not_picked":["Guardian:FloatingOrbs","Guardian:Gem_Red"],"picked":"Guardian:SpikerProtocol","floor":25},{"not_picked":["Guardian:CrystalBeam","Guardian:Gem_Green"],"picked":"Guardian:ArmoredProtocol","floor":26},{"not_picked":["Guardian:Suspension","Guardian:HyperBeam_Guardian"],"picked":"Guardian:PrimingBeam+1","floor":27},{"not_picked":["Guardian:Gem_Lightblue","Guardian:Gem_Fragmented"],"picked":"Guardian:ArmoredProtocol","floor":31},{"not_picked":["Guardian:Gem_Lightblue","Guardian:PrismaticBeam","Guardian:GuardianWhirl"],"picked":"SKIP","floor":32},{"not_picked":["Guardian:GatlingBeam","Guardian:SphericShield"],"picked":"Guardian:StasisStrike","floor":33},{"not_picked":["Guardian:Recover","Guardian:ChargeCore+1"],"picked":"Guardian:Gem_Purple","floor":36},{"not_picked":["Guardian:PiercingHide+1","Guardian:EvasiveProtocol"],"picked":"Guardian:Orbwalk","floor":37},{"not_picked":["Guardian:Gem_Green","Guardian:WalkerClaw"],"picked":"Guardian:PrimingBeam","floor":42},{"not_picked":["Guardian:CrystalBeam+1","Guardian:Gem_Red"],"picked":"Guardian:EvasiveProtocol+1","floor":43},{"not_picked":["Guardian:PrismaticBarrier","Guardian:RollAttack","Guardian:Repulse+1"],"picked":"SKIP","floor":47},{"not_picked":["Guardian:RollAttack+1","Guardian:Gem_Cyan"],"picked":"Guardian:PrimingBeam+1","floor":49}],"player_experience":446267,"relics_obtained":[{"floor":6,"key":"Gremlin Horn"},{"floor":7,"key":"Boot"},{"floor":10,"key":"Akabeko"},{"floor":14,"key":"Tiny Chest"},{"floor":23,"key":"TungstenRod"},{"floor":23,"key":"Sundial"},{"floor":24,"key":"Art of War"},{"floor":25,"key":"Mummified Hand"},{"floor":27,"key":"CeramicFish"},{"floor":28,"key":"Lantern"},{"floor":29,"key":"Smiling Mask"},{"floor":38,"key":"Frozen Egg 2"},{"floor":40,"key":"Ornamental Fan"},{"floor":41,"key":"Meat on the Bone"},{"floor":43,"key":"Ancient Tea Set"},{"floor":47,"key":"Darkstone Periapt"}],"event_choices":[{"damage_healed":0,"gold_gain":0,"player_choice":"Success","damage_taken":3,"relics_obtained":["Lizard Tail"],"max_hp_gain":0,"max_hp_loss":0,"event_name":"Scrap Ooze","floor":8,"gold_loss":0}],"is_beta":false,"boss_relics":[{"not_picked":["Coffee Dripper","Tiny House"],"picked":"Sozu"},{"not_picked":["SacredBark","Philosopher\u0027s Stone"],"picked":"Guardian:ModeShifterPlus"}],"items_purged_floors":[13,22,22,22,22,37,37,37,46,46],"is_endless":false,"potions_floor_spawned":[5,6,10,15,16,20,21,26,27,33,43,47],"ascension_level":1}}