{"host":"sc0o2qwpf9j16a4i","time":1609676056,"event":{"mods":["AchievementEnabler","BaseMod","BetterRewards","Block Reminder","Colored Map","Colored Powertips","Custom Start","Highlight Path","Minty Spire (QoL Compilation)","Relic Stats"],"gold_per_floor":[112,112,130,142,192,192,192,192],"floor_reached":7,"playtime":203,"items_purged":["Strike_R"],"score":82,"play_id":"1c95e0b8-572d-4149-92b8-abeb105e9ab7","local_time":"20210103141416","is_ascension_mode":true,"campfire_choices":[{"data":"Combust","floor":6,"key":"SMITH"}],"circlet_count":0,"master_deck":["AscendersBane","Strike_R","Strike_R","Strike_R","Strike_R","Defend_R+1","Defend_R+1","Defend_R","Defend_R+1","Bash+1","Disarm","Iron Wave","Combust+1","Clothesline"],"relics":["Burning Blood","War Paint"],"acts_visited":["Exordium"],"potions_floor_usage":[],"damage_taken":[{"damage":0,"enemies":"2 Louse","floor":1,"turns":4},{"damage":2,"enemies":"Small Slimes","floor":3,"turns":5},{"damage":3,"enemies":"Cultist","floor":4,"turns":4},{"damage":45,"enemies":"Gremlin Nob","floor":7,"turns":4}],"seed_played":"-8683584717665141214","potions_obtained":[],"is_trial":false,"path_per_floor":["M","?","M","M","?","R","E"],"character_chosen":"IRONCLAD","items_purchased":["War Paint","Disarm","SkillPotion"],"campfire_rested":0,"item_purchase_floors":[0,0,0],"current_hp_per_floor":[61,38,42,45,45,45,0,0],"gold":192,"neow_bonus":"","is_daily":false,"chose_seed":false,"campfire_upgraded":1,"win_rate":0.0,"timestamp":1609676056,"path_taken":["M","?","M","M","?","R","E"],"items_purchased_type":["Relic","Card","Potion"],"build_version":"2020-12-22","purchased_purges":1,"victory":false,"max_hp_per_floor":[75,75,75,75,75,75,75,75],"relic_stats":{"counters":[17,93],"War Paint":["Defend_R","Defend_R"],"obtain_stats":[{"SlaversCollar":0,"Strawberry":7,"Bronze Scales":9,"Art of War":10,"Coffee Dripper":17,"War Paint":0,"Smiling Mask":13,"Sling":21,"Burning Blood":0},{"SlaversCollar":0,"Strawberry":5,"Bronze Scales":5,"Art of War":5,"Coffee Dripper":8,"War Paint":13,"Smiling Mask":7,"Sling":11,"Burning Blood":0},{"SlaversCollar":0,"Strawberry":27,"Bronze Scales":27,"Art of War":27,"Coffee Dripper":45,"War Paint":76,"Smiling Mask":37,"Sling":67,"Burning Blood":0}],"Burning Blood":18},"card_choices":[{"not_picked":["Heavy Blade","Armaments"],"picked":"Iron Wave","floor":1},{"not_picked":["Blood for Blood","Sword Boomerang"],"picked":"Combust","floor":3},{"not_picked":["Heavy Blade","Warcry"],"picked":"Clothesline","floor":4}],"player_experience":529348,"relics_obtained":[],"event_choices":[{"damage_healed":0,"gold_gain":0,"player_choice":"Entered Light","damage_taken":23,"max_hp_gain":0,"max_hp_loss":0,"event_name":"Shining Light","floor":2,"gold_loss":0,"cards_upgraded":["Defend_R","Bash"]},{"damage_healed":0,"gold_gain":50,"player_choice":"Pray","damage_taken":0,"max_hp_gain":0,"max_hp_loss":0,"event_name":"Golden Shrine","floor":5,"gold_loss":0}],"is_beta":false,"boss_relics":[],"items_purged_floors":[0],"is_endless":false,"potions_floor_spawned":[],"killed_by":"Gremlin Nob","ascension_level":20}}