{"host":"jq8d8epkoknfq6em","time":1609712969,"event":{"mods":["AchievementEnabler","BaseMod","Colored Map","Colored Powertips","Highlight Path","Minty Spire (QoL Compilation)","Quick Restart","StSLib"],"gold_per_floor":[116,128,139,139,159,189,189,36,36,36,66,85,185,196,196,196,196],"floor_reached":16,"playtime":1045,"items_purged":[],"score":174,"play_id":"8fc56977-5f9b-44c2-ab4f-e0ef503db90a","local_time":"20210103232929","is_ascension_mode":true,"campfire_choices":[{"data":"Combust","floor":7,"key":"SMITH"},{"data":"Carnage","floor":10,"key":"SMITH"},{"data":"Havoc","floor":15,"key":"SMITH"}],"circlet_count":0,"master_deck":["AscendersBane","Strike_R","Strike_R","Strike_R","Strike_R","Strike_R","Defend_R","Defend_R","Defend_R","Defend_R","Bash","Combust+1","Carnage+1","Disarm","Headbutt","Shrug It Off","Havoc+1","Feel No Pain","Bludgeon"],"relics":["Burning Blood","Potion Belt","Meat on the Bone","Bottled Lightning","Matryoshka","Tiny Chest"],"acts_visited":["Exordium"],"potions_floor_usage":[6,11,12,16],"damage_taken":[{"damage":23,"enemies":"Jaw Worm","floor":1,"turns":5},{"damage":3,"enemies":"Cultist","floor":2,"turns":3},{"damage":12,"enemies":"2 Louse","floor":3,"turns":3},{"damage":16,"enemies":"Red Slaver","floor":5,"turns":4},{"damage":35,"enemies":"3 Sentries","floor":6,"turns":6},{"damage":29,"enemies":"Gremlin Nob","floor":11,"turns":4},{"damage":23,"enemies":"Exordium Wildlife","floor":12,"turns":3},{"damage":7,"enemies":"Looter","floor":14,"turns":3},{"damage":39,"enemies":"The Guardian","floor":16,"turns":11}],"seed_played":"2923888324006316327","potions_obtained":[{"floor":3,"key":"GamblersBrew"},{"floor":6,"key":"SteroidPotion"},{"floor":12,"key":"Block Potion"},{"floor":14,"key":"Ancient Potion"}],"is_trial":false,"path_per_floor":["M","M","M","?","M","E","R","$","T","R","E","M","?","M","R","B"],"character_chosen":"IRONCLAD","items_purchased":["Fruit Juice","Shrug It Off"],"campfire_rested":0,"item_purchase_floors":[8,8],"current_hp_per_floor":[55,58,52,52,54,37,37,37,37,37,26,26,26,37,37,0,0],"gold":196,"neow_bonus":"RANDOM_COMMON_RELIC","is_daily":false,"chose_seed":false,"campfire_upgraded":3,"win_rate":0.0,"timestamp":1609712969,"path_taken":["M","M","M","?","?","E","R","?","T","R","E","M","?","?","R","BOSS"],"items_purchased_type":["Potion","Card"],"build_version":"2020-12-22","purchased_purges":0,"victory":false,"max_hp_per_floor":[80,80,80,80,80,80,80,80,80,80,80,85,85,85,85,85,85],"card_choices":[{"not_picked":["True Grit","Shockwave"],"picked":"Combust","floor":1},{"not_picked":["Seeing Red","Warcry"],"picked":"Carnage","floor":2},{"not_picked":["Clash","Reckless Charge"],"picked":"Armaments","floor":3},{"not_picked":["Intimidate","Burning Pact"],"picked":"Disarm","floor":5},{"not_picked":["Anger","True Grit"],"picked":"Headbutt","floor":6},{"not_picked":["Twin Strike","Sword Boomerang"],"picked":"Havoc","floor":11},{"not_picked":["Havoc","Iron Wave"],"picked":"Feel No Pain","floor":12},{"not_picked":["Havoc","Spot Weakness"],"picked":"Bludgeon","floor":14}],"player_experience":927998,"relics_obtained":[{"floor":6,"key":"Bottled Lightning"},{"floor":9,"key":"Matryoshka"},{"floor":11,"key":"Tiny Chest"}],"event_choices":[{"cards_removed":["Armaments"],"damage_healed":0,"gold_gain":0,"player_choice":"Gave Card","damage_taken":0,"relics_obtained":["Meat on the Bone"],"max_hp_gain":0,"max_hp_loss":0,"event_name":"WeMeetAgain","floor":4,"gold_loss":0},{"damage_healed":0,"gold_gain":100,"player_choice":"Pray","damage_taken":0,"max_hp_gain":0,"max_hp_loss":0,"event_name":"Golden Shrine","floor":13,"gold_loss":0}],"is_beta":false,"boss_relics":[],"items_purged_floors":[],"is_endless":false,"potions_floor_spawned":[3,6,12,14],"killed_by":"The Guardian","ascension_level":11}}