{"host":"emut9mh212kd9b86","time":1609666139,"event":{"mods":["ATMod(阿瑾Mod)","Act Like it!","BaseMod","Better Vampires","Downfall","Koishi","KomeijiMod","Minty Spire (QoL Compilation)","MostiFishMod","Shop Mod","Spicy Shops","StSLib","TestMod","Waifu the Spire","noobMod","【遗物卡牌】REMEMod"],"gold_per_floor":[99,117,132,42,192,226,226,226,65,165,183,212,231,269,281,380,380,305,319,319,335,127,154,177,189,223,223,91,491,517,226,245,345,345,345,359,378,398,398,439,465,465,490,508,550,562,574,625,652,672],"floor_reached":51,"playtime":1652,"items_purged":["Defend_Komeiji","Strike_Komeiji","Slimebound:Icky","Regret"],"score":1779,"play_id":"11016aea-25ff-4c0c-86db-64bf34f0372d","local_time":"20210103172859","is_ascension_mode":true,"campfire_choices":[{"floor":1,"key":"RECALL"},{"data":"Eruption","floor":18,"key":"SMITH"},{"data":"Dash_Komeiji","floor":27,"key":"SMITH"},{"data":"Dual Wield","floor":35,"key":"SMITH"},{"data":"KimairaNoYoku","floor":42,"key":"SMITH"},{"data":"AT_BodySlamDance","floor":46,"key":"SMITH"}],"circlet_count":0,"master_deck":["Strike_Komeiji+1","Strike_Komeiji","Defend_Komeiji","Defend_Komeiji","Defend_Komeiji","Dash_Komeiji+1","Eruption+1","AT_BodySlamDance+1","Dual Wield+1","NingyouKasou+1","RikonNoKama+1","KimairaNoYoku+1","MusouMyousyu","NarrowSpark+1","Flash of Steel"],"relics":["KomeijisEye","SpellCardsRule","MusicBox","ice","DaveBox","REME_ComplimentaryCards","testmod-ObsoleteBoomerang","Jackal-EndForJourney","Darkstone Periapt","MerchantsRug","testmod-Acrobat","Bag of Preparation","Coffee Dripper","downfall:HeartBlessingRed","Nloth\u0027s Gift","Bag of Marbles","HandDrill","Kunai","HornCleat","testmod-LifeArmor","Happy Flower","testmod-TurbochargingSystem","Ancient Tea Set","Membership Card","Ice Cream","PrismaticShard","testmod-DeterminationOfClimber","PreservedInsect","Toy Ornithopter","MawBank","Potion Belt"],"acts_visited":["Exordium","TheCity","TheBeyond"],"potions_floor_usage":[4,4],"damage_taken":[{"damage":12,"enemies":"Small Slimes","floor":2,"turns":3},{"damage":0,"enemies":"2 Louse","floor":3,"turns":1},{"damage":0,"enemies":"downfall:FleeingMerchant","floor":4,"turns":4},{"damage":0,"enemies":"Gremlin Nob","floor":6,"turns":4},{"damage":0,"enemies":"downfall:FleeingMerchant","floor":9,"turns":4},{"damage":2,"enemies":"downfall:LadyInBlue","floor":10,"turns":7},{"damage":0,"enemies":"Cultist","floor":11,"turns":3},{"damage":22,"enemies":"3 Sentries","floor":12,"turns":5},{"damage":35,"enemies":"Exordium Thugs","floor":13,"turns":3},{"damage":0,"enemies":"Lagavulin","floor":14,"turns":4},{"damage":0,"enemies":"2 Fungi Beasts","floor":15,"turns":1},{"damage":41,"enemies":"downfall:Silent","floor":16,"turns":3},{"damage":0,"enemies":"Spheric Guardian","floor":19,"turns":2},{"damage":0,"enemies":"Shell Parasite","floor":21,"turns":1},{"damage":0,"enemies":"downfall:FleeingMerchant","floor":22,"turns":1},{"damage":0,"enemies":"Book of Stabbing","floor":23,"turns":1},{"damage":0,"enemies":"Shelled Parasite and Fungi","floor":25,"turns":1},{"damage":0,"enemies":"Slavers","floor":26,"turns":2},{"damage":0,"enemies":"Snecko","floor":32,"turns":1},{"damage":0,"enemies":"downfall:Defect","floor":33,"turns":2},{"damage":0,"enemies":"3 Darklings","floor":36,"turns":1},{"damage":0,"enemies":"3 Shapes","floor":37,"turns":1},{"damage":0,"enemies":"Spire Growth","floor":38,"turns":1},{"damage":7,"enemies":"Nemesis","floor":40,"turns":3},{"damage":0,"enemies":"Transient","floor":43,"turns":3},{"damage":0,"enemies":"Jaw Worm Horde","floor":44,"turns":1},{"damage":0,"enemies":"Giant Head","floor":45,"turns":1},{"damage":0,"enemies":"Nemesis","floor":48,"turns":1},{"damage":0,"enemies":"4 Shapes","floor":49,"turns":1},{"damage":0,"enemies":"downfall:Ironclad","floor":50,"turns":1}],"seed_played":"8087250274711658572","potions_obtained":[{"floor":2,"key":"BlessingOfTheForge"},{"floor":3,"key":"PowerPotion"},{"floor":10,"key":"SteroidPotion"},{"floor":10,"key":"hexamod:EctoCoolerPotion"},{"floor":10,"key":"CultistPotion"},{"floor":23,"key":"Slimebound:ThreeZeroPotion"},{"floor":25,"key":"LiquidBronze"},{"floor":32,"key":"FearPotion"},{"floor":38,"key":"Regen Potion"},{"floor":40,"key":"FearPotion"},{"floor":49,"key":"ColorlessPotion"}],"is_trial":false,"path_per_floor":["R","M","M","$","?","E","T","?","$","?","M","E","M","E","M","B",null,"R","M","?","M","$","E","T","M","E","R","$","?","T","$","M","B",null,"R","M","M","M","?","E","T","R","M","M","E","R","?","E","M","B",null],"character_chosen":"KomeijiSatori","items_purchased":["MerchantsRug","Bag of Marbles","HandDrill","Flash of Steel","Happy Flower","Membership Card","Ice Cream","PrismaticShard"],"campfire_rested":0,"item_purchase_floors":[9,22,22,22,28,31,31,31],"current_hp_per_floor":[43,31,31,31,31,60,60,60,60,61,61,42,8,77,77,37,72,72,73,73,73,73,73,73,73,74,74,74,74,74,80,80,80,88,88,88,89,92,92,94,94,94,98,98,98,98,98,98,99,99],"gold":684,"neow_bonus":"TWENTY_PERCENT_HP_BONUS","is_daily":false,"chose_seed":false,"campfire_upgraded":5,"win_rate":0.0,"timestamp":1609666139,"path_taken":["R","M","M","$","?","E","T","?","$","?","M","E","M","E","M","BOSS","R","M","?","M","$","E","T","M","E","R","?","?","?","?","M","BOSS","R","M","M","M","?","E","T","R","M","M","E","R","?","E","M","BOSS"],"items_purchased_type":["Relic","Relic","Relic","Card","Relic","Relic","Relic","Relic"],"build_version":"2020-12-22","purchased_purges":4,"victory":true,"max_hp_per_floor":[60,60,60,60,60,61,61,61,66,69,70,74,77,78,78,83,83,83,83,83,83,83,83,83,83,84,84,84,84,84,90,90,91,91,91,91,93,93,93,96,96,96,98,98,98,98,98,98,99,99],"card_choices":[{"not_picked":["KouPou+1","DochyakuKami+1","NingyouYunhei+1"],"picked":"SKIP","floor":2},{"not_picked":["MusuNoYume","NingyouFukuhei+1","SeishiRoten+1"],"picked":"SKIP","floor":3},{"not_picked":["SatsujinDooru","DemonLordCradle"],"picked":"NingyouKasou+1","floor":4},{"not_picked":["DemonLordCradle","NingyouFukuhei+1","EnMu+1"],"picked":"SKIP","floor":6},{"not_picked":["HagoromoMizu","FreezeTouchMe"],"picked":"RikonNoKama+1","floor":9},{"not_picked":["RikonNoKama+1","KimairaNoYoku","EnMu+1"],"picked":"SKIP","floor":11},{"not_picked":["MusuNoYume","AbyssNova"],"picked":"KimairaNoYoku","floor":12},{"not_picked":["FreezeTouchMe","JyouchiJin+1","KimairaNoYoku"],"picked":"SKIP","floor":13},{"not_picked":["DochyakuKami+1","OoedoNingyou+1"],"picked":"MusouMyousyu","floor":14},{"not_picked":["JyouchiJin+1","MusuNoYume","SatsujinDooru"],"picked":"SKIP","floor":15},{"not_picked":["SatsujinDooru","Mishyaguji+1"],"picked":"NingyouSP+1","floor":19},{"not_picked":["SelfTokamak","MusuNoYume","SeekerDolls"],"picked":"SKIP","floor":21},{"not_picked":["KokorosuKi+1","Mishyaguji+1"],"picked":"NarrowSpark","floor":22},{"not_picked":["KoKei+1","AbyssNova","Mishyaguji+1"],"picked":"SKIP","floor":23},{"not_picked":["KoKei+1","DochyakuKami+1","ShyakuBuku"],"picked":"SKIP","floor":25},{"not_picked":["ShanghaiNingyou","HisouTensoku","SeekerWire+1"],"picked":"SKIP","floor":26},{"not_picked":["AT_EMC2","FlyingSleeves","Koishi:StingingMind"],"picked":"SKIP","floor":32},{"not_picked":["MissingPower","KinbakuJin+1","FollowUp"],"picked":"SKIP","floor":36},{"not_picked":["sneckomod:UnknownClass古明地觉","sneckomod:DefensiveFlair+1","testmod-LimitFlipper+1"],"picked":"SKIP","floor":37},{"not_picked":["Underhanded Strike","Slimebound:PressTheAttack","Acrobatics+1"],"picked":"SKIP","floor":38},{"not_picked":["HenyouMirume+1","hexamod:TimeOfNeed","hexamod:HauntingEcho+1"],"picked":"SKIP","floor":40},{"not_picked":["HisouNoKen","Tactician","sneckomod:UnknownWeak+1"],"picked":"SKIP","floor":43},{"not_picked":["Protect","hexamod:ThirdSeal","Study"],"picked":"SKIP","floor":44},{"not_picked":["testmod-LimitFlipper+1","MostiFishMod:Minus","Koishi:RorschachInDanmaku+1"],"picked":"SKIP","floor":45},{"not_picked":["MostiFishMod:ScryFuture","Guardian:GemFinder","expansioncontent:SuperHexaguard"],"picked":"SKIP","floor":48},{"not_picked":["AT_FocusSwordFire","NingyouSousou+1","Skewer"],"picked":"SKIP","floor":49}],"player_experience":433910,"relics_obtained":[{"floor":6,"key":"Darkstone Periapt"},{"floor":7,"key":"Matryoshka"},{"floor":12,"key":"testmod-Acrobat"},{"floor":14,"key":"Bag of Preparation"},{"floor":23,"key":"Kunai"},{"floor":24,"key":"HornCleat"},{"floor":24,"key":"Whetstone"},{"floor":26,"key":"testmod-LifeArmor"},{"floor":30,"key":"testmod-TurbochargingSystem"},{"floor":30,"key":"Ancient Tea Set"},{"floor":40,"key":"PreservedInsect"},{"floor":41,"key":"Toy Ornithopter"},{"floor":45,"key":"MawBank"},{"floor":48,"key":"Potion Belt"}],"event_choices":[{"damage_healed":0,"gold_gain":0,"player_choice":"Ignored","damage_taken":0,"max_hp_gain":0,"max_hp_loss":0,"event_name":"给自己的盒子","floor":8,"gold_loss":0},{"damage_healed":0,"gold_gain":400,"player_choice":"Sell","damage_taken":0,"max_hp_gain":0,"max_hp_loss":0,"event_name":"恩洛斯的盘子","floor":29,"relics_lost":["testmod-TestBox"],"gold_loss":0},{"cards_removed":["NingyouSP"],"damage_healed":0,"gold_gain":0,"player_choice":"Removed Skill","damage_taken":0,"max_hp_gain":0,"max_hp_loss":0,"event_name":"Falling","floor":39,"gold_loss":0},{"cards_removed":["Strike_Komeiji"],"damage_healed":0,"gold_gain":0,"player_choice":"Offered Basic","damage_taken":0,"max_hp_gain":0,"max_hp_loss":0,"event_name":"Bonfire Elementals","floor":47,"gold_loss":0}],"is_beta":false,"boss_relics":[{"not_picked":["HereWithMe","MoonlightInvasionPlan"],"picked":"Coffee Dripper"},{"not_picked":["Fusion Hammer","Snecko Eye"],"picked":"testmod-DeterminationOfClimber"}],"items_purged_floors":[4,22,28,31],"is_endless":false,"potions_floor_spawned":[2,3,12,13,14,16,19,23,25,32,38,40,43,44,49],"ascension_level":9}}