{"host":"1u4zr9vl8my47i07","time":1609714032,"event":{"mods":["AchievementEnabler","BaseMod","DeckTracker","Highlight Path","Keyboard Shortcuts","Minty Spire (QoL Compilation)","Relic Stats","StSLib","SuperFastMode","The Animator","Uncapped","Waifu the Spire","everything is the same but u backflip on backflip"],"gold_per_floor":[362,312,151,151,170,170,70,70,70,145,156,485,257,272,272,346,346,365,365,365,215,215,232,232,258,258,238,238,253,253,178,178,256,256,276,276,286,305,130,130,140,168,214,227,227,245,279,290,290,290,290,290,90,115,115],"floor_reached":56,"playtime":2227,"items_purged":["Strike_R","Strike_R","Strike_R","Strike_R","Defend_R","Carnage+1"],"score":2172,"play_id":"838b177b-9c12-4930-9ee1-7b684abca4c3","local_time":"20210104074712","is_ascension_mode":true,"campfire_choices":[{"data":"Carnage","floor":6.0,"key":"SMITH"},{"data":"Clothesline","floor":8.0,"key":"SMITH"},{"data":"Shockwave","floor":15.0,"key":"SMITH"},{"data":"Battle Trance","floor":24.0,"key":"SMITH"},{"data":"Bash","floor":28.0,"key":"SMITH"},{"data":"Finesse","floor":30.0,"key":"SMITH"},{"data":"Flash of Steel","floor":32.0,"key":"SMITH"},{"floor":40.0,"key":"RECALL"},{"data":"Defend_R","floor":45.0,"key":"SMITH"},{"data":"Bash+1","floor":52.0,"key":"PURGE"}],"circlet_count":0,"master_deck":["AscendersBane","Finesse+1","Shockwave+1","Flash of Steel+1","Pommel Strike+1"],"relics":["Burning Blood","StoneCalendar","Turnip","Old Coin","Coffee Dripper","Pantograph","Enchiridion","Pear","Black Star","Omamori","Charon\u0027s Ashes","Nunchaku","Strawberry","Meat on the Bone","Peace Pipe","Orichalcum","Shuriken"],"acts_visited":["Exordium","TheCity","TheBeyond","TheEnding"],"potions_floor_usage":[55,55],"damage_taken":[{"damage":6.0,"enemies":"Cultist","floor":1.0,"turns":3.0},{"damage":2.0,"enemies":"2 Louse","floor":5.0,"turns":3.0},{"damage":2.0,"enemies":"Small Slimes","floor":11.0,"turns":2.0},{"damage":16.0,"enemies":"Gremlin Nob","floor":12.0,"turns":3.0},{"damage":13.0,"enemies":"Exordium Wildlife","floor":14.0,"turns":3.0},{"damage":18.0,"enemies":"The Guardian","floor":16.0,"turns":8.0},{"damage":17.0,"enemies":"2 Thieves","floor":18.0,"turns":3.0},{"damage":2.0,"enemies":"3 Byrds","floor":23.0,"turns":4.0},{"damage":9.0,"enemies":"Gremlin Leader","floor":25.0,"turns":6.0},{"damage":21.0,"enemies":"Snecko","floor":29.0,"turns":4.0},{"damage":12.0,"enemies":"Collector","floor":33.0,"turns":3.0},{"damage":12.0,"enemies":"Orb Walker","floor":35.0,"turns":3.0},{"damage":11.0,"enemies":"3 Darklings","floor":37.0,"turns":2.0},{"damage":0.0,"enemies":"Maw","floor":38.0,"turns":2.0},{"damage":6.0,"enemies":"Sphere and 2 Shapes","floor":41.0,"turns":3.0},{"damage":1.0,"enemies":"Reptomancer","floor":42.0,"turns":2.0},{"damage":6.0,"enemies":"3 Darklings","floor":44.0,"turns":2.0},{"damage":4.0,"enemies":"Jaw Worm Horde","floor":46.0,"turns":2.0},{"damage":7.0,"enemies":"Nemesis","floor":47.0,"turns":3.0},{"damage":8.0,"enemies":"Sphere and 2 Shapes","floor":48.0,"turns":3.0},{"damage":0.0,"enemies":"Donu and Deca","floor":50.0,"turns":1.0},{"damage":0.0,"enemies":"Shield and Spear","floor":54.0,"turns":1.0},{"damage":28,"enemies":"The Heart","floor":55,"turns":3}],"seed_played":"5697333551402543187","potions_obtained":[{"floor":1.0,"key":"SkillPotion"},{"floor":5.0,"key":"BloodPotion"},{"floor":14.0,"key":"BloodPotion"},{"floor":27.0,"key":"LiquidBronze"},{"floor":38.0,"key":"PowerPotion"},{"floor":41.0,"key":"LiquidMemories"}],"is_trial":false,"path_per_floor":["M","?","$","?","M","R","$","R","T","?","M","E","$","M","R","B",null,"M","?","T","$","?","M","R","E","T","?","R","M","R","?","R","B",null,"M","?","M","M","$","R","M","E","T","M","R","M","E","M","R","B",null,"R","$","E","B",null],"character_chosen":"IRONCLAD","items_purchased":["Finesse","EntropicBrew"],"campfire_rested":0,"item_purchase_floors":[3,13],"current_hp_per_floor":[68,68,68,68,68,68,68,68,68,57,61,51,51,57,57,45,62,51,51,51,51,35,39,39,59,59,59,59,44,44,44,44,63,74,68,68,63,69,69,69,69,74,74,74,74,76,82,80,80,85,85,85,85,85,63],"gold":115,"neow_bonus":"TWO_FIFTY_GOLD","is_daily":false,"chose_seed":false,"campfire_upgraded":8,"win_rate":0.0,"timestamp":1609714032,"path_taken":["M","?","$","?","?","R","$","R","T","?","M","E","$","M","R","BOSS","M","?","?","$","?","M","R","E","T","?","R","?","R","?","R","BOSS","M","?","M","M","$","R","M","E","T","M","R","M","E","M","R","BOSS","R","$","E","BOSS"],"items_purchased_type":["Card","Potion"],"build_version":"2020-12-22","purchased_purges":6,"victory":true,"max_hp_per_floor":[68,68,68,68,68,68,68,68,68,68,68,68,68,68,68,68,68,68,68,68,68,68,68,68,78,78,78,78,78,78,78,78,78,78,78,78,78,78,78,78,78,78,78,78,78,78,85,85,85,85,85,85,85,85,85],"relic_stats":{"counters":[23,69],"StoneCalendar":[52],"Charon\u0027s Ashes":[58],"Orichalcum":[0],"Burning Blood":122,"Peace Pipe":1,"Nunchaku":[21],"Shuriken":[19],"Pantograph":30,"Turnip":[10],"Black Star":3,"obtain_stats":[{"Pear":25,"Enchiridion":22,"StoneCalendar":4,"Charon\u0027s Ashes":42,"Omamori":42,"Orichalcum":54,"Burning Blood":0,"Old Coin":12,"Peace Pipe":50,"Nunchaku":43,"Shuriken":54,"Pantograph":20,"Strawberry":47,"Turnip":9,"Coffee Dripper":17,"Black Star":34,"Meat on the Bone":47},{"Pear":9,"Enchiridion":7,"StoneCalendar":1,"Charon\u0027s Ashes":16,"Omamori":16,"Orichalcum":22,"Burning Blood":0,"Old Coin":4,"Peace Pipe":21,"Nunchaku":16,"Shuriken":22,"Pantograph":7,"Strawberry":19,"Turnip":2,"Coffee Dripper":6,"Black Star":11,"Meat on the Bone":19},{"Pear":35,"Enchiridion":25,"StoneCalendar":3,"Charon\u0027s Ashes":54,"Omamori":54,"Orichalcum":66,"Burning Blood":0,"Old Coin":11,"Peace Pipe":65,"Nunchaku":54,"Shuriken":66,"Pantograph":25,"Strawberry":61,"Turnip":6,"Coffee Dripper":22,"Black Star":42,"Meat on the Bone":61}],"Meat on the Bone":0},"card_choices":[{"not_picked":["Clash","Twin Strike"],"picked":"Carnage","floor":1.0},{"not_picked":["Wild Strike","Pommel Strike"],"picked":"Clothesline","floor":5.0},{"not_picked":["Berserk","Clash","Warcry"],"picked":"SKIP","floor":11.0},{"not_picked":["Dual Wield","Rage"],"picked":"Shockwave","floor":12.0},{"not_picked":["Armaments","Sever Soul"],"picked":"Battle Trance","floor":14.0},{"not_picked":["Armaments+1","Headbutt","Heavy Blade"],"picked":"SKIP","floor":18.0},{"not_picked":["Rampage","Anger","Spot Weakness+1"],"picked":"SKIP","floor":23.0},{"not_picked":["Barricade","Thunderclap+1","Perfected Strike"],"picked":"SKIP","floor":25.0},{"not_picked":["Armaments","Warcry","Sever Soul+1"],"picked":"SKIP","floor":29.0},{"not_picked":["Cleave+1","Sword Boomerang"],"picked":"Pommel Strike+1","floor":35.0},{"not_picked":["Sword Boomerang","Body Slam","Carnage"],"picked":"SKIP","floor":37.0},{"not_picked":["Bludgeon","Rupture","Iron Wave"],"picked":"SKIP","floor":38.0},{"not_picked":["Heavy Blade+1","Armaments","Wild Strike"],"picked":"SKIP","floor":41.0},{"not_picked":["Iron Wave","Uppercut","Anger"],"picked":"SKIP","floor":42.0},{"not_picked":["Shrug It Off","Feed","Thunderclap"],"picked":"SKIP","floor":44.0},{"not_picked":["Sentinel+1","Shrug It Off","Burning Pact"],"picked":"SKIP","floor":46.0},{"not_picked":["Sentinel","Twin Strike+1","Flex"],"picked":"SKIP","floor":47.0},{"not_picked":["Whirlwind","Body Slam","Flame Barrier"],"picked":"SKIP","floor":48.0},{"not_picked":["Clash","Anger","Armaments"],"picked":"SKIP","floor":54.0}],"player_experience":262679,"relics_obtained":[{"floor":9.0,"key":"Turnip"},{"floor":12.0,"key":"Old Coin"},{"floor":20.0,"key":"Pantograph"},{"floor":22.0,"key":"Enchiridion"},{"floor":25.0,"key":"Pear"},{"floor":42.0,"key":"Omamori"},{"floor":42.0,"key":"Charon\u0027s Ashes"},{"floor":43.0,"key":"Nunchaku"},{"floor":47.0,"key":"Strawberry"},{"floor":47.0,"key":"Meat on the Bone"},{"floor":54.0,"key":"Orichalcum"},{"floor":54.0,"key":"Shuriken"}],"event_choices":[{"cards_removed":["Strike_R"],"damage_healed":0.0,"max_hp_gain":0.0,"max_hp_loss":0.0,"gold_gain":0.0,"event_name":"The Cleric","player_choice":"Card Removal","floor":2.0,"gold_loss":50.0,"damage_taken":0.0},{"damage_healed":0.0,"max_hp_gain":0.0,"max_hp_loss":0.0,"gold_gain":0.0,"event_name":"WeMeetAgain","player_choice":"Gave Potion","floor":4.0,"gold_loss":0.0,"damage_taken":0.0,"relics_obtained":["StoneCalendar"]},{"damage_healed":0.0,"max_hp_gain":0.0,"max_hp_loss":0.0,"gold_gain":75.0,"event_name":"World of Goop","player_choice":"Gather Gold","floor":10.0,"gold_loss":0.0,"damage_taken":11.0},{"cards_removed":["Defend_R"],"damage_healed":0.0,"max_hp_gain":0.0,"max_hp_loss":0.0,"gold_gain":0.0,"event_name":"Back to Basics","player_choice":"Elegance","floor":19.0,"gold_loss":0.0,"damage_taken":0.0},{"damage_healed":0.0,"max_hp_gain":0.0,"max_hp_loss":0.0,"gold_gain":0.0,"event_name":"Cursed Tome","player_choice":"Obtained Book","floor":22.0,"gold_loss":0.0,"damage_taken":16.0},{"damage_healed":0.0,"max_hp_gain":0.0,"max_hp_loss":0.0,"gold_gain":0.0,"event_name":"The Woman in Blue","player_choice":"Bought 1 Potion","floor":27.0,"gold_loss":0.0,"damage_taken":0.0},{"cards_removed":["Defend_R"],"damage_healed":0.0,"max_hp_gain":0.0,"max_hp_loss":0.0,"gold_gain":0.0,"event_name":"Beggar","player_choice":"Gave Gold","floor":31.0,"gold_loss":75.0,"damage_taken":0.0},{"cards_removed":["Battle Trance"],"damage_healed":0.0,"max_hp_gain":0.0,"max_hp_loss":0.0,"gold_gain":0.0,"event_name":"Purifier","player_choice":"Purged","floor":36.0,"gold_loss":0.0,"damage_taken":0.0}],"is_beta":false,"boss_relics":[{"not_picked":["SacredBark","Velvet Choker"],"picked":"Coffee Dripper"},{"not_picked":["Calling Bell","Mark of Pain"],"picked":"Black Star"}],"items_purged_floors":[3,7,13,21,39,53],"is_endless":false,"potions_floor_spawned":[1,5,14,23,33,38,41,44,54],"ascension_level":14}}