{"host":"sabve5zmqufxyc5o","time":1609646558,"event":{"mods":["2.2 Compatiblity","AchievementEnabler","Act Like it!","Arknights The Spire","BaseMod","Block Reminder","Colored Map","Colored Powertips","DeckTracker","KOR Keyword Fix","Keyboard Shortcuts","Minty Spire (QoL Compilation)","Quick Restart","Rare Cards Sparkle","Relic Stats","StSLib","SuperFastMode"],"gold_per_floor":[118,68,82,7,22,50,50,84,111,111,140,140,140,153,153,272,272,297,297,316,89,104,104,104,128,128,128,171,44,59,0,0,0,0],"floor_reached":33,"playtime":836,"items_purged":["ats:Strike G","ats:Strike C"],"score":340,"play_id":"4c5df623-3990-4ccf-a60c-d31abc990770","local_time":"20210103130238","is_ascension_mode":true,"campfire_choices":[{"floor":7.0,"key":"REST"},{"floor":10.0,"key":"REST"},{"floor":13.0,"key":"REST"},{"data":"Finesse","floor":15.0,"key":"SMITH"},{"data":"ats:Neurotoxin","floor":23.0,"key":"SMITH"},{"floor":32.0,"key":"REST"}],"circlet_count":0,"master_deck":["ats:Strike S","ats:Armor Crushing Shot","ats:Defend","ats:Defend","ats:Defend","ats:Defend","ats:Emotion Absorption+1","Finesse+1","ats:Leaping Hammer","ats:Apocalypse","ats:Charging Defense","ats:Consecutive Shot Auto","ats:Hammer On","ats:Neurotoxin+1","ats:Poison Spread","ats:Hook Shot","ats:Healing Strengthening","ats:Spore Proliferation","ats:Shell Defense","ats:Thorns+1","ats:Support Order","ats:Rapid Magazine"],"relics":["ats:Sanity","ats:Originium","Smiling Mask","ats:Hidden Killer","Pen Nib","Gremlin Horn","Golden Idol","ats:Tactical Delivery","Bag of Marbles","White Beast Statue","Calipers"],"acts_visited":["Exordium","TheCity"],"potions_floor_usage":[33,33],"damage_taken":[{"damage":2.0,"enemies":"2 Louse","floor":1.0,"turns":3.0},{"damage":0.0,"enemies":"Small Slimes","floor":3.0,"turns":3.0},{"damage":5.0,"enemies":"Cultist","floor":5.0,"turns":4.0},{"damage":32.0,"enemies":"Gremlin Nob","floor":6.0,"turns":4.0},{"damage":38.0,"enemies":"Lagavulin","floor":8.0,"turns":8.0},{"damage":32.0,"enemies":"Gremlin Nob","floor":11.0,"turns":5.0},{"damage":2.0,"enemies":"Large Slime","floor":14.0,"turns":7.0},{"damage":48.0,"enemies":"The Guardian","floor":16.0,"turns":12.0},{"damage":27.0,"enemies":"3 Byrds","floor":18.0,"turns":4.0},{"damage":4.0,"enemies":"Shell Parasite","floor":20.0,"turns":7.0},{"damage":25.0,"enemies":"Centurion and Healer","floor":22.0,"turns":6.0},{"damage":21.0,"enemies":"Snake Plant","floor":25.0,"turns":4.0},{"damage":6.0,"enemies":"Slavers","floor":28.0,"turns":4.0},{"damage":16.0,"enemies":"3 Cultists","floor":30.0,"turns":7.0},{"damage":63,"enemies":"Collector","floor":33,"turns":6}],"seed_played":"-8338491955042087189","potions_obtained":[{"floor":1.0,"key":"PowerPotion"},{"floor":8.0,"key":"Dexterity Potion"},{"floor":14.0,"key":"Fire Potion"},{"floor":16.0,"key":"Dexterity Potion"},{"floor":18.0,"key":"LiquidMemories"},{"floor":25.0,"key":"CultistPotion"},{"floor":28.0,"key":"GamblersBrew"},{"floor":30.0,"key":"Energy Potion"}],"is_trial":false,"path_per_floor":["M","?","M","$","M","E","R","E","T","R","E","?","R","M","R","B",null,"M","?","M","$","M","R","?","M","T","?","E","$","M","?","R","B"],"character_chosen":"DOCTOR_CLASS","items_purchased":["ats:Charging Defense","ats:Shell Defense","Bag of Marbles","ats:Rapid Magazine"],"campfire_rested":4,"item_purchase_floors":[4,21,21,29],"current_hp_per_floor":[70,70,70,70,67,35,56,22,22,43,15,15,35,41,41,5,67,40,40,41,41,31,31,31,17,17,17,18,18,20,20,40,0,0],"gold":0,"neow_bonus":"RANDOM_COLORLESS","is_daily":false,"chose_seed":false,"campfire_upgraded":2,"win_rate":0.0,"timestamp":1609646558,"path_taken":["M","?","M","$","M","E","R","E","T","R","E","?","R","M","R","BOSS","M","?","?","$","M","R","?","M","T","?","E","$","M","?","R","BOSS"],"items_purchased_type":["Card","Card","Relic","Card"],"build_version":"2020-12-22","purchased_purges":2,"victory":false,"max_hp_per_floor":[72,72,72,72,72,72,72,72,72,72,72,67,67,67,67,67,67,67,67,67,67,67,67,67,67,67,67,67,67,67,67,67,67,67],"relic_stats":{"Gremlin Horn":[10,10],"counters":[15,84],"Golden Idol":56,"Pen Nib":[9],"Smiling Mask":75,"obtain_stats":[{"Calipers":28,"ats:Originium":6,"Gremlin Horn":11,"Golden Idol":12,"ats:Hidden Killer":8,"Pen Nib":9,"ats:Tactical Delivery":17,"Bag of Marbles":21,"ats:Sanity":0,"Smiling Mask":6,"White Beast Statue":26},{"Calipers":13,"ats:Originium":4,"Gremlin Horn":6,"Golden Idol":6,"ats:Hidden Killer":5,"Pen Nib":5,"ats:Tactical Delivery":8,"Bag of Marbles":10,"ats:Sanity":0,"Smiling Mask":4,"White Beast Statue":12},{"Calipers":71,"ats:Originium":14,"Gremlin Horn":27,"Golden Idol":27,"ats:Hidden Killer":22,"Pen Nib":22,"ats:Tactical Delivery":46,"Bag of Marbles":57,"ats:Sanity":0,"Smiling Mask":14,"White Beast Statue":67}]},"card_choices":[{"not_picked":["Impatience","Trip"],"picked":"Finesse","floor":0.0},{"not_picked":["ats:Apocalypse","ats:Magnetic Hammer"],"picked":"ats:Leaping Hammer","floor":1.0},{"not_picked":["ats:Guardian Obelisk","ats:Directed Diagnosis"],"picked":"ats:Apocalypse","floor":3.0},{"not_picked":["ats:Ignite","ats:Leaping Hammer"],"picked":"ats:Consecutive Shot Auto","floor":5.0},{"not_picked":["ats:Very Hot Blade","ats:Apocalypse"],"picked":"ats:Hammer On","floor":6.0},{"not_picked":["ats:Spore Proliferation","ats:Poison Spread"],"picked":"ats:Neurotoxin","floor":8.0},{"not_picked":["ats:Leaping Hammer","ats:Dogmatic Field"],"picked":"ats:Poison Spread","floor":11.0},{"not_picked":["ats:Hammer On","ats:Apocalypse"],"picked":"ats:Hook Shot","floor":14.0},{"not_picked":["ats:Cat Scratch","ats:Powerful Strike+1"],"picked":"ats:Healing Strengthening","floor":18.0},{"not_picked":["ats:Flame Of Heaven","ats:Hammer On"],"picked":"ats:Spore Proliferation","floor":20.0},{"not_picked":["ats:Steam Pump","ats:Shadow Raid+1"],"picked":"ats:Thorns+1","floor":22.0},{"not_picked":["ats:Consecutive Shot Auto","ats:Healing Strengthening"],"picked":"ats:Support Order","floor":25.0},{"not_picked":["ats:Assault Order","ats:Powerful Strike+1","ats:Sword Rain+1"],"picked":"SKIP","floor":28.0},{"not_picked":["ats:Childhood Dance","ats:Assault Order","ats:Cat Scratch"],"picked":"SKIP","floor":30.0}],"player_experience":831432,"relics_obtained":[{"floor":6.0,"key":"ats:Originium"},{"floor":6.0,"key":"Smiling Mask"},{"floor":8.0,"key":"ats:Originium"},{"floor":8.0,"key":"ats:Hidden Killer"},{"floor":9.0,"key":"Pen Nib"},{"floor":11.0,"key":"ats:Originium"},{"floor":11.0,"key":"Gremlin Horn"},{"floor":26.0,"key":"White Beast Statue"},{"floor":28.0,"key":"Calipers"}],"event_choices":[{"cards_removed":["ats:Strike V"],"damage_healed":0.0,"max_hp_gain":0.0,"max_hp_loss":0.0,"gold_gain":0.0,"event_name":"The Cleric","player_choice":"Card Removal","floor":2.0,"gold_loss":50.0,"damage_taken":0.0},{"damage_healed":0.0,"max_hp_gain":0.0,"max_hp_loss":5.0,"gold_gain":0.0,"event_name":"Golden Idol","player_choice":"Lose Max HP","floor":12.0,"gold_loss":0.0,"damage_taken":0.0,"relics_obtained":["Golden Idol"]},{"damage_healed":0.0,"max_hp_gain":0.0,"max_hp_loss":0.0,"gold_gain":0.0,"event_name":"Accursed Blacksmith","player_choice":"Forge","floor":19.0,"gold_loss":0.0,"damage_taken":0.0,"cards_upgraded":["ats:Emotion Absorption"]},{"damage_healed":0.0,"max_hp_gain":0.0,"max_hp_loss":0.0,"gold_gain":0.0,"event_name":"Ghosts","player_choice":"Ignored","floor":24.0,"gold_loss":0.0,"damage_taken":0.0},{"damage_healed":0.0,"max_hp_gain":0.0,"max_hp_loss":0.0,"gold_gain":0.0,"event_name":"Vampires","player_choice":"Ignored","floor":27.0,"gold_loss":0.0,"damage_taken":0.0},{"damage_healed":0.0,"max_hp_gain":0.0,"max_hp_loss":0.0,"gold_gain":0.0,"event_name":"Masked Bandits","player_choice":"Paid Fearfully","floor":31.0,"gold_loss":59.0,"damage_taken":0.0}],"is_beta":false,"boss_relics":[{"not_picked":["ats:Omniscience","Runic Dome"],"picked":"ats:Tactical Delivery"}],"items_purged_floors":[21,29],"is_endless":false,"potions_floor_spawned":[1,8,14,16,18,20,25,28,30],"killed_by":"Collector","ascension_level":4}}