{"host":"ssbj2e5691x5ub3h","time":1609691422,"event":{"mods":["BaseMod","KinomotoSakuraMod(????)","Minty Spire (QoL Compilation)","Quick Restart","StSLib","SuperFastMode","The Gatherer"],"gold_per_floor":[112,112,112,126,126,126,106,125,125,145,165,165,178,198,198,317,317,337,350,324,324,344,379,379,397,397,418,418,418],"floor_reached":28,"playtime":1843,"items_purged":[],"score":234,"play_id":"9560f997-59c7-4d3c-b43c-2f5c91a0ad45","local_time":"20210103143022","is_ascension_mode":false,"campfire_choices":[{"data":"ClowCardTheFly","floor":6,"key":"SMITH"},{"floor":12,"key":"REST"},{"data":"ClowCardTheSleep","floor":15,"key":"SMITH"},{"floor":24,"key":"REST"}],"circlet_count":0,"master_deck":["SakuraCardTheFly+","SakuraCardTheShield+","ClowCardTheSword","ClowCardTheSword","ClowCardTheSword","ClowCardTheSword","ClowCardTheShield","ClowCardTheShield","ClowCardTheShield","SpellCardSeal","SpellCardRelease","Injury","ClowCardTheFirey+1","ClowCardTheDream","ClowCardTheFloat","ClowCardTheFirey","ClowCardTheIllusion","ClowCardTheSleep+1","ClowCardTheDash","ClowCardTheGlow","ClowCardTheLibra","ClowCardTheFirey","ClowCardTheLoop","ClowCardTheWindy","ClowCardTheArrow+1"],"relics":["KSMOD_SealedBook","KSMOD_SealedWand","Golden Idol","Letter Opener","KSMOD_Cerberus","KSMOD_DarknessWand","Potion Belt","InkBottle"],"acts_visited":["Exordium","TheCity"],"potions_floor_usage":[16,23],"damage_taken":[{"damage":4,"enemies":"2 Louse","floor":1,"turns":3},{"damage":6,"enemies":"Jaw Worm","floor":4,"turns":4},{"damage":0,"enemies":"Small Slimes","floor":8,"turns":2},{"damage":13,"enemies":"Red Slaver","floor":10,"turns":2},{"damage":6,"enemies":"Gremlin Gang","floor":11,"turns":3},{"damage":6,"enemies":"Exordium Wildlife","floor":13,"turns":3},{"damage":0,"enemies":"Lots of Slimes","floor":14,"turns":1},{"damage":3,"enemies":"Hexaghost","floor":16,"turns":15},{"damage":6,"enemies":"Spheric Guardian","floor":18,"turns":3},{"damage":14,"enemies":"Chosen","floor":19,"turns":5},{"damage":11,"enemies":"Shelled Parasite and Fungi","floor":22,"turns":7},{"damage":41,"enemies":"Gremlin Leader","floor":23,"turns":5},{"damage":25,"enemies":"Cultist and Chosen","floor":25,"turns":5},{"damage":0,"enemies":"Centurion and Healer","floor":27,"turns":5},{"damage":0,"enemies":"Snecko","floor":28,"turns":3}],"seed_played":"-8920243448456486617","potions_obtained":[{"floor":1,"key":"Energy Potion"},{"floor":4,"key":"SkillPotion"},{"floor":7,"key":"FearPotion"},{"floor":19,"key":"Ancient Potion"}],"is_trial":false,"path_per_floor":["M","?","?","M","?","R","?","M","T","M","M","R","M","M","R","B",null,"M","M","$","?","M","E","R","M","T","M","M"],"character_chosen":"KINOMOTOSAKURA","items_purchased":["ClowCardTheLibra"],"campfire_rested":2,"item_purchase_floors":[20],"current_hp_per_floor":[73,73,61,55,55,55,55,55,55,42,36,59,53,53,53,50,77,71,57,57,57,46,5,28,3,3,3,3,3],"gold":418,"neow_bonus":"TEN_PERCENT_HP_BONUS","is_daily":false,"chose_seed":false,"campfire_upgraded":2,"win_rate":0.0,"timestamp":1609691422,"path_taken":["M","?","?","M","?","R","?","?","T","M","M","R","M","M","R","BOSS","M","?","$","?","?","E","R","M","T","M","M"],"items_purchased_type":["Card"],"build_version":"2020-12-22","purchased_purges":0,"victory":false,"max_hp_per_floor":[77,77,77,77,77,77,77,77,77,77,77,77,77,77,77,77,77,77,77,77,77,77,77,77,77,77,77,77,77],"card_choices":[{"not_picked":["ClowCardTheShot","ClowCardTheWood"],"picked":"ClowCardTheFly","floor":1},{"not_picked":["ClowCardTheArrow","ClowCardTheLittle"],"picked":"ClowCardTheFirey","floor":4},{"not_picked":["ClowCardTheChange","ClowCardTheBig"],"picked":"ClowCardTheDream","floor":8},{"not_picked":["ClowCardTheArrow","ClowCardTheSong"],"picked":"ClowCardTheFloat","floor":10},{"not_picked":["ClowCardTheChange","ClowCardTheFloat"],"picked":"ClowCardTheFirey","floor":11},{"not_picked":["ClowCardTheErase","ClowCardTheFreeze"],"picked":"ClowCardTheIllusion","floor":13},{"not_picked":["ClowCardTheChange","ClowCardTheMirror"],"picked":"ClowCardTheSleep","floor":14},{"not_picked":["ClowCardTheCreate","ClowCardTheThrough"],"picked":"ClowCardTheDash","floor":16},{"not_picked":["ClowCardTheMove","ClowCardTheMist"],"picked":"ClowCardTheGlow","floor":18},{"not_picked":["ClowCardThePower","ClowCardTheSilent+1","ClowCardTheFreeze"],"picked":"SKIP","floor":19},{"not_picked":["ClowCardTheCloud","ClowCardTheFreeze"],"picked":"ClowCardTheFirey","floor":22},{"not_picked":["ClowCardTheRain+1","ClowCardTheSand"],"picked":"ClowCardTheLoop","floor":23},{"not_picked":["ClowCardTheJump","ClowCardTheArrow"],"picked":"ClowCardTheWindy","floor":25},{"not_picked":["ClowCardTheLock+1","ClowCardTheFloat"],"picked":"ClowCardTheArrow+1","floor":27}],"player_experience":137831,"relics_obtained":[{"floor":9,"key":"KSMOD_Cerberus"},{"floor":23,"key":"Potion Belt"},{"floor":26,"key":"InkBottle"}],"event_choices":[{"damage_healed":0,"gold_gain":0,"player_choice":"Take Wound","damage_taken":0,"relics_obtained":["Golden Idol"],"max_hp_gain":0,"max_hp_loss":0,"event_name":"Golden Idol","floor":2,"gold_loss":0,"cards_obtained":["Injury"]},{"damage_healed":0,"gold_gain":0,"player_choice":"Success","damage_taken":12,"relics_obtained":["Letter Opener"],"max_hp_gain":0,"max_hp_loss":0,"event_name":"Scrap Ooze","floor":3,"gold_loss":0},{"damage_healed":0,"gold_gain":0,"player_choice":"Grow","damage_taken":0,"max_hp_gain":0,"max_hp_loss":0,"event_name":"Living Wall","floor":5,"gold_loss":0,"cards_upgraded":["ClowCardTheFirey"]},{"damage_healed":0,"gold_gain":0,"player_choice":"Bought 1 Potion","damage_taken":0,"max_hp_gain":0,"max_hp_loss":0,"event_name":"The Woman in Blue","floor":7,"gold_loss":0},{"damage_healed":0,"gold_gain":0,"player_choice":"Got Potions","damage_taken":0,"max_hp_gain":0,"max_hp_loss":0,"event_name":"Lab","floor":21,"gold_loss":0}],"is_beta":false,"boss_relics":[{"not_picked":["Tiny House","Sozu"],"picked":"KSMOD_DarknessWand"}],"items_purged_floors":[],"is_endless":false,"potions_floor_spawned":[1,4,10,13,19,22],"killed_by":"Snecko","ascension_level":0}}