{"host":"yecadp3kwkksam5a","time":1609694807,"event":{"mods":["BaseMod","Minty Spire (QoL Compilation)","StSLib"],"gold_per_floor":[115,134,147,93,112,147,147,174,198,230,250,250,267,167,167,253,253,267,283,0,16,16,42,61,393,393,393,418,450,486,486,486,570,570,588,438,454,279,304,339,359,394,419,419,452,452,479,509,509,509,509,509,509,309,342,342],"floor_reached":57,"playtime":4292,"items_purged":["Deadly Poison","Deadly Poison","Bouncing Flask","Underhanded Strike","Blade Dance","Infinite Blades"],"score":3835,"play_id":"2332e5a6-622d-4ab3-a12d-24dbbe83bbb5","local_time":"20210104022647","daily_mods":["Draft"],"is_ascension_mode":true,"campfire_choices":[{"data":"Tactician","floor":7.0,"key":"SMITH"},{"data":"Tactician","floor":12.0,"key":"SMITH"},{"data":"Calculated Gamble","floor":15.0,"key":"SMITH"},{"data":"Acrobatics","floor":27.0,"key":"SMITH"},{"floor":32,"key":"RECALL"},{"data":"Prepared","floor":44,"key":"SMITH"},{"data":"Grand Finale","floor":49,"key":"SMITH"},{"data":"Well Laid Plans","floor":53,"key":"SMITH"}],"circlet_count":0,"master_deck":["AscendersBane","Blur","Acrobatics+1","Well Laid Plans+1","Accuracy","Tactician+1","Prepared+1","Acrobatics+1","Tactician+1","Calculated Gamble+1","Finesse","Grand Finale+1","After Image","Reflex+1","Backflip","Adrenaline"],"relics":["Ring of the Snake","Shuriken","CeramicFish","Omamori","Vajra","SlaversCollar","TheAbacus","Anchor","Old Coin","Boot","Enchiridion","Sozu","WingedGreaves","Toy Ornithopter","Orichalcum","Bag of Preparation","Ancient Tea Set","Nunchaku","Pear"],"acts_visited":["Exordium","TheCity","TheBeyond","TheEnding"],"potions_floor_usage":[],"damage_taken":[{"damage":0.0,"enemies":"2 Louse","floor":1.0,"turns":1.0},{"damage":0.0,"enemies":"Cultist","floor":2.0,"turns":2.0},{"damage":3.0,"enemies":"Jaw Worm","floor":3.0,"turns":2.0},{"damage":7.0,"enemies":"3 Louse","floor":5.0,"turns":2.0},{"damage":9.0,"enemies":"Lagavulin","floor":6.0,"turns":4.0},{"damage":12.0,"enemies":"Gremlin Nob","floor":8.0,"turns":3.0},{"damage":12.0,"enemies":"3 Sentries","floor":10.0,"turns":5.0},{"damage":0.0,"enemies":"Lots of Slimes","floor":11.0,"turns":1.0},{"damage":0.0,"enemies":"Exordium Thugs","floor":13.0,"turns":2.0},{"damage":0.0,"enemies":"Hexaghost","floor":16.0,"turns":3.0},{"damage":4.0,"enemies":"Spheric Guardian","floor":18.0,"turns":3.0},{"damage":0.0,"enemies":"2 Thieves","floor":19.0,"turns":1.0},{"damage":3.0,"enemies":"Cultist and Chosen","floor":21.0,"turns":5.0},{"damage":0.0,"enemies":"Slavers","floor":23.0,"turns":2.0},{"damage":0.0,"enemies":"Snecko","floor":24.0,"turns":3.0},{"damage":0.0,"enemies":"Gremlin Leader","floor":25.0,"turns":2.0},{"damage":0.0,"enemies":"3 Cultists","floor":28.0,"turns":1.0},{"damage":0.0,"enemies":"Slavers","floor":29.0,"turns":1.0},{"damage":0,"enemies":"Snake Plant","floor":30,"turns":1},{"damage":0,"enemies":"Champ","floor":33,"turns":1},{"damage":0,"enemies":"3 Darklings","floor":35,"turns":1},{"damage":0,"enemies":"3 Shapes","floor":37,"turns":1},{"damage":0,"enemies":"Mind Bloom Boss Battle","floor":39,"turns":2},{"damage":0,"enemies":"Giant Head","floor":40,"turns":1},{"damage":0,"enemies":"Writhing Mass","floor":41,"turns":1},{"damage":0,"enemies":"Reptomancer","floor":42,"turns":1},{"damage":0,"enemies":"Giant Head","floor":45,"turns":1},{"damage":0,"enemies":"Nemesis","floor":47,"turns":1},{"damage":0,"enemies":"Reptomancer","floor":48,"turns":1},{"damage":0,"enemies":"Time Eater","floor":50,"turns":3},{"damage":0,"enemies":"Awakened One","floor":51,"turns":2},{"damage":0,"enemies":"Shield and Spear","floor":55,"turns":1},{"damage":0,"enemies":"The Heart","floor":56,"turns":4}],"seed_played":"-6802689738078730533","potions_obtained":[{"floor":1.0,"key":"SmokeBomb"},{"floor":5.0,"key":"SpeedPotion"}],"is_trial":true,"path_per_floor":["M","M","M","$","M","E","R","E","T","E","M","R","M","$","R","B",null,"M","M","$","M","?","E","M","E","T","R","M","E","M","?","R","B",null,"M","$","M","$","?","E","M","E","T","R","E","?","E","E","R","B","B",null,"R","$","E","B",null],"character_chosen":"THE_SILENT","items_purchased":["Calculated Gamble","Finesse","TheAbacus"],"campfire_rested":0,"item_purchase_floors":[4,4,20],"current_hp_per_floor":[59,59,56,56,49,40,40,28,28,16,16,16,16,16,16,16,54,50,50,50,47,47,47,47,47,47,47,47,47,47,26,26,26,56,56,56,56,56,56,56,56,56,56,56,56,61,61,61,61,61,61,65,65,65,75,75],"gold":342,"neow_bonus":"","is_daily":false,"chose_seed":false,"campfire_upgraded":7,"win_rate":0.0,"timestamp":1609694807,"path_taken":["M","M","M","$","M","E","R","E","T","E","M","R","M","$","R","BOSS","M","M","$","M","?","E","M","E","T","R","?","E","?","?","R","BOSS","M","$","M","$","?","E","M","E","T","R","E","?","E","E","R","BOSS","BOSS","R","$","E","BOSS"],"items_purchased_type":["Card","Card","Relic"],"build_version":"2020-12-22","purchased_purges":6,"victory":true,"max_hp_per_floor":[66,66,66,66,66,66,66,66,66,66,66,66,66,66,66,66,66,66,66,66,66,66,66,66,66,66,66,66,66,66,66,66,66,66,66,66,66,66,66,66,66,66,66,66,66,66,66,66,66,66,66,66,66,66,76,76],"card_choices":[{"not_picked":["Outmaneuver","Poisoned Stab"],"picked":"Blur","floor":0.0},{"not_picked":["Slice","Quick Slash"],"picked":"Deadly Poison","floor":0.0},{"not_picked":["Leg Sweep","Infinite Blades"],"picked":"Acrobatics","floor":0.0},{"not_picked":["Skewer","Dagger Spray"],"picked":"Deflect","floor":0.0},{"not_picked":["Caltrops","Flechettes"],"picked":"Underhanded Strike","floor":0.0},{"not_picked":["Endless Agony","Deflect"],"picked":"Deadly Poison","floor":0.0},{"not_picked":["Flying Knee","Slice"],"picked":"Well Laid Plans","floor":0.0},{"not_picked":["Outmaneuver","Sucker Punch"],"picked":"Bouncing Flask","floor":0.0},{"not_picked":["Well Laid Plans","Deadly Poison"],"picked":"Blade Dance","floor":0.0},{"not_picked":["Deflect","Dodge and Roll"],"picked":"Accuracy","floor":0.0},{"not_picked":["Cloak And Dagger","Bouncing Flask"],"picked":"Infinite Blades","floor":0.0},{"not_picked":["Choke","Deadly Poison"],"picked":"Tactician","floor":0.0},{"not_picked":["Distraction","Caltrops"],"picked":"Prepared","floor":0.0},{"not_picked":["Eviscerate","Catalyst"],"picked":"Acrobatics","floor":0.0},{"not_picked":["Slice","Poisoned Stab"],"picked":"Tactician","floor":0.0},{"not_picked":["Deadly Poison","Outmaneuver","Prepared"],"picked":"SKIP","floor":1.0},{"not_picked":["Acrobatics","Tactician","Expertise"],"picked":"SKIP","floor":2.0},{"not_picked":["Blade Dance","Well Laid Plans"],"picked":"Backflip","floor":3.0},{"not_picked":["Dagger Spray","Skewer","Dagger Throw"],"picked":"SKIP","floor":5.0},{"not_picked":["Distraction","Deadly Poison"],"picked":"Grand Finale","floor":6.0},{"not_picked":["Acrobatics","Terror","Noxious Fumes"],"picked":"SKIP","floor":8.0},{"not_picked":["Leg Sweep","Underhanded Strike","Predator"],"picked":"SKIP","floor":10.0},{"not_picked":["Acrobatics","Dash","Backflip"],"picked":"SKIP","floor":11.0},{"not_picked":["Sucker Punch","Deflect","Underhanded Strike"],"picked":"SKIP","floor":13.0},{"not_picked":["Tools of the Trade","Bullet Time"],"picked":"After Image","floor":16.0},{"not_picked":["Dagger Spray","Quick Slash","Prepared"],"picked":"SKIP","floor":18.0},{"not_picked":["Dodge and Roll+1","Slice","Dagger Spray"],"picked":"SKIP","floor":19.0},{"not_picked":["Bane","Underhanded Strike","Dagger Throw"],"picked":"SKIP","floor":21.0},{"not_picked":["Terror","Blade Dance","Accuracy"],"picked":"SKIP","floor":23.0},{"not_picked":["Eviscerate","Sucker Punch","Dodge and Roll"],"picked":"SKIP","floor":24.0},{"not_picked":["Eviscerate","Sucker Punch","Dodge and Roll"],"picked":"SKIP","floor":24.0},{"not_picked":["Slice","Bane","Endless Agony"],"picked":"SKIP","floor":25.0},{"not_picked":["Deflect","Caltrops"],"picked":"Footwork","floor":28.0},{"not_picked":["Noxious Fumes","Underhanded Strike","Riddle With Holes"],"picked":"SKIP","floor":29},{"not_picked":["Prepared+1","Burst"],"picked":"Reflex+1","floor":30},{"not_picked":["A Thousand Cuts","Wraith Form v2"],"picked":"Adrenaline","floor":33},{"not_picked":["Bouncing Flask","Backflip","Blade Dance"],"picked":"SKIP","floor":35},{"not_picked":["Underhanded Strike","Predator","Dash"],"picked":"SKIP","floor":37},{"not_picked":["PiercingWail+1","Acrobatics","Leg Sweep"],"picked":"SKIP","floor":40},{"not_picked":["Noxious Fumes","Concentrate+1","Prepared"],"picked":"SKIP","floor":41},{"not_picked":["Noxious Fumes","Concentrate+1","Prepared"],"picked":"SKIP","floor":41},{"not_picked":["Choke+1","Night Terror","Sucker Punch"],"picked":"SKIP","floor":42},{"not_picked":["Bane+1","Flechettes+1","Flying Knee+1"],"picked":"SKIP","floor":45},{"not_picked":["Distraction","Deadly Poison","A Thousand Cuts"],"picked":"SKIP","floor":47},{"not_picked":["Concentrate","Quick Slash","Blade Dance"],"picked":"SKIP","floor":48},{"not_picked":["Flying Knee+1","PiercingWail","Flechettes+1"],"picked":"SKIP","floor":55}],"player_experience":340557,"relics_obtained":[{"floor":6.0,"key":"Shuriken"},{"floor":8.0,"key":"CeramicFish"},{"floor":9.0,"key":"Omamori"},{"floor":10.0,"key":"Vajra"},{"floor":23.0,"key":"Anchor"},{"floor":25.0,"key":"Old Coin"},{"floor":29,"key":"Boot"},{"floor":31,"key":"Enchiridion"},{"floor":39,"key":"WingedGreaves"},{"floor":40,"key":"Toy Ornithopter"},{"floor":42,"key":"Orichalcum"},{"floor":43,"key":"Bag of Preparation"},{"floor":45,"key":"Ancient Tea Set"},{"floor":48,"key":"Nunchaku"},{"floor":55,"key":"Pear"}],"event_choices":[{"damage_healed":0.0,"max_hp_gain":0.0,"max_hp_loss":0.0,"gold_gain":0.0,"event_name":"Accursed Blacksmith","player_choice":"Forge","floor":22.0,"gold_loss":0.0,"damage_taken":0.0,"cards_upgraded":["Acrobatics"]},{"damage_healed":0,"gold_gain":0,"player_choice":"Obtained Book","damage_taken":21,"max_hp_gain":0,"max_hp_loss":0,"event_name":"Cursed Tome","floor":31,"gold_loss":0},{"damage_healed":0,"gold_gain":0,"player_choice":"Fight","damage_taken":0,"max_hp_gain":0,"max_hp_loss":0,"event_name":"MindBloom","floor":39,"gold_loss":0},{"cards_removed":["Deflect"],"damage_healed":5,"gold_gain":0,"player_choice":"Offered Common","damage_taken":0,"max_hp_gain":0,"max_hp_loss":0,"event_name":"Bonfire Elementals","floor":46,"gold_loss":0},{"cards_removed":["Deflect"],"damage_healed":5,"gold_gain":0,"player_choice":"Offered Special","damage_taken":0,"max_hp_gain":0,"max_hp_loss":0,"event_name":"Bonfire Elementals","floor":46,"gold_loss":0}],"is_beta":false,"boss_relics":[{"not_picked":["WristBlade","Ectoplasm"],"picked":"SlaversCollar"},{"not_picked":["Ring of the Serpent","Velvet Choker"],"picked":"Sozu"}],"items_purged_floors":[4,14,20,36,38,54],"is_endless":false,"potions_floor_spawned":[1,5,11,13,21,23,24,25,33,37,39,40,41],"ascension_level":20}}