{"host":"b4oqa93y40rb9616","time":1609647989,"event":{"mods":["BaseMod","Colored Map","Custom Start","DeckTracker","Downfall","Keyboard Shortcuts","Minty Spire (QoL Compilation)","Permanent Neow","Quick Restart","READ ME - Guardian Mod","StSLib","SuperFastMode","everything is the same but u backflip on backflip"],"gold_per_floor":[0,0,0,16,30,15,42,42,77,77,88,118,68,80,90,193,193,143,159,178,190,210,160,187,287,527,562,562,562,512,512,530,632,632,582,601,461,479,354,381,430,483,499,499,449,465,415,446,470,482,482,482],"floor_reached":50,"playtime":2364,"items_purged":["Slimebound:SlimeSpikes","Slimebound:PressTheAttack","Slimebound:BestDefense"],"score":557,"play_id":"faee95a1-6523-40a9-b01a-a7fced098faf","local_time":"20210103132629","is_ascension_mode":false,"campfire_choices":[{"data":"Slimebound:Split","floor":1.0,"key":"SMITH"},{"data":"Slimebound:CorrosiveSpit","floor":8.0,"key":"SMITH"},{"data":"Slimebound:SlimeBarrage","floor":13.0,"key":"SMITH"},{"data":"Slimebound:Overexert","floor":18.0,"key":"SMITH"},{"data":"Slimebound:SlimeBarrage","floor":23.0,"key":"SMITH"},{"floor":30.0,"key":"REST"},{"data":"Slimebound:Overexert","floor":35,"key":"SMITH"},{"floor":45,"key":"RECALL"},{"data":"Slimebound:LevelUp","floor":47,"key":"SMITH"}],"circlet_count":0,"master_deck":["Slimebound:Tackle","Slimebound:Split+1","Slimebound:CorrosiveSpit+1","Slimebound:SplitMire","Slimebound:SplitLeeching","Slimebound:FinishingTackle","Slimebound:SlimeBarrage+1","Slimebound:GoopTackle","Slimebound:Repurpose","Slimebound:SlimeBarrage+1","Slimebound:Overexert+1","Slimebound:Chomp","Slimebound:DisruptingSlam","Slimebound:FlameTackle+1","Slimebound:RollThrough","Slimebound:ComboTackle","Slimebound:SplitLeeching+1","Slimebound:ComboTackle+1","Slimebound:Overexert+1","Slimebound:ForwardTackle","Slimebound:SplitMire","Parasite","Slimebound:LevelUp+1","Slimebound:SplitBruiser+1"],"relics":["Slimebound:AbsorbEndCombat","Bird Faced Urn","Slimebound:GreedOozeRelic","Nunchaku","Boot","Ornamental Fan","Pandora\u0027s Box","Centennial Puzzle","Calipers","Singing Bowl","Tiny Chest","Sozu","PreservedInsect","Happy Flower","MawBank"],"acts_visited":["Exordium","TheCity","TheBeyond"],"potions_floor_usage":[33,50],"damage_taken":[{"damage":8.0,"enemies":"downfall:FleeingMerchant","floor":3.0,"turns":4.0},{"damage":12.0,"enemies":"Small Slimes","floor":4.0,"turns":3.0},{"damage":18.0,"enemies":"Jaw Worm","floor":5.0,"turns":3.0},{"damage":20.0,"enemies":"downfall:FleeingMerchant","floor":6.0,"turns":4.0},{"damage":34.0,"enemies":"Lagavulin","floor":9.0,"turns":4.0},{"damage":17.0,"enemies":"Cultist","floor":11.0,"turns":2.0},{"damage":38.0,"enemies":"Gremlin Nob","floor":12.0,"turns":4.0},{"damage":14.0,"enemies":"Gremlin Gang","floor":14.0,"turns":3.0},{"damage":11.0,"enemies":"2 Fungi Beasts","floor":15.0,"turns":2.0},{"damage":44.0,"enemies":"downfall:Watcher","floor":16.0,"turns":5.0},{"damage":10.0,"enemies":"Chosen","floor":19.0,"turns":3.0},{"damage":13.0,"enemies":"Spheric Guardian","floor":20.0,"turns":3.0},{"damage":26.0,"enemies":"Chosen and Byrds","floor":21.0,"turns":4.0},{"damage":35.0,"enemies":"Snecko","floor":22.0,"turns":4.0},{"damage":41.0,"enemies":"Colosseum Nobs","floor":25.0,"turns":3.0},{"damage":33.0,"enemies":"downfall:FleeingMerchant","floor":26.0,"turns":4.0},{"damage":23.0,"enemies":"Book of Stabbing","floor":27.0,"turns":3.0},{"damage":0.0,"enemies":"Snake Plant","floor":28.0,"turns":1.0},{"damage":34.0,"enemies":"Centurion and Healer","floor":32.0,"turns":4.0},{"damage":71,"enemies":"downfall:Ironclad","floor":33,"turns":5},{"damage":17,"enemies":"3 Shapes","floor":36,"turns":3},{"damage":32,"enemies":"3 Darklings","floor":38,"turns":3},{"damage":37,"enemies":"Giant Head","floor":40,"turns":5},{"damage":29,"enemies":"Writhing Mass","floor":43,"turns":3},{"damage":36,"enemies":"Spire Growth","floor":46,"turns":3},{"damage":46,"enemies":"Nemesis","floor":48,"turns":3},{"damage":27,"enemies":"Transient","floor":49,"turns":5},{"damage":76,"enemies":"downfall:Defect","floor":50,"turns":3}],"seed_played":"-7691689491966936508","potions_obtained":[{"floor":4.0,"key":"FearPotion"},{"floor":9.0,"key":"Strength Potion"},{"floor":10.0,"key":"Energy Potion"},{"floor":10.0,"key":"SmokeBomb"},{"floor":25.0,"key":"AttackPotion"},{"floor":27.0,"key":"Slimebound:SlimedPotion"},{"floor":33,"key":"champ:CounterPotion"}],"is_trial":false,"path_per_floor":["R","?","$","M","M","$","T","R","E","?","M","E","R","M","M","B",null,"R","M","M","M","M","R","T","?","$","E","M","?","R","?","M","B",null,"R","M","$","M","$","E","T","T","M","?","R","M","R","E","M","B"],"character_chosen":"SLIMEBOUND","items_purchased":["Slimebound:ForwardTackle"],"campfire_rested":1,"item_purchase_floors":[37],"current_hp_per_floor":[60,60,60,60,60,58,58,58,47,47,50,36,36,32,33,17,60,60,60,59,50,29,29,29,12,21,10,10,10,28,62,48,11,64,64,62,62,56,56,57,57,57,60,60,60,52,52,30,47,0,0,0],"gold":482,"neow_bonus":"ONE_RARE_RELIC","is_daily":false,"chose_seed":false,"campfire_upgraded":7,"win_rate":0.0,"timestamp":1609647989,"path_taken":["R","?","$","M","M","$","T","R","E","?","?","E","R","?","M","BOSS","R","M","M","M","M","R","T","?","$","E","M","?","R","?","M","BOSS","R","M","$","M","?","E","T","?","M","?","R","M","R","E","M","BOSS"],"items_purchased_type":["Card"],"build_version":"2020-12-22","purchased_purges":3,"victory":false,"max_hp_per_floor":[60,60,60,60,60,60,60,60,60,60,60,60,60,60,60,60,60,60,60,60,60,60,60,60,60,62,62,62,62,62,62,64,64,64,64,66,66,66,66,68,68,68,70,70,70,70,70,72,72,72,72,72],"card_choices":[{"not_picked":["Slimebound:Schlurp","Slimebound:DisruptingSlam"],"picked":"Slimebound:SplitMire","floor":3.0},{"not_picked":["Slimebound:DisruptingSlam","Slimebound:GrowthPunch"],"picked":"Slimebound:SplitLeeching","floor":4.0},{"not_picked":["Slimebound:GrowthPunch","Slimebound:Schlurp"],"picked":"Slimebound:FinishingTackle","floor":5.0},{"not_picked":["Slimebound:DouseInSlime","Slimebound:LeechingTouch","Slimebound:PressTheAttack"],"picked":"SKIP","floor":6.0},{"not_picked":["Slimebound:SplitAcid","Slimebound:SlimeSpikes"],"picked":"Slimebound:SlimeBarrage","floor":9.0},{"not_picked":["Slimebound:RainOfGoop","Slimebound:Dissolve"],"picked":"Slimebound:GoopTackle","floor":11.0},{"not_picked":["Slimebound:LeechEnergy","Slimebound:SamplingLick"],"picked":"Slimebound:Repurpose","floor":12.0},{"not_picked":["Slimebound:SlimeSpikes","Slimebound:FinishingTackle","Slimebound:ViciousTackle"],"picked":"SKIP","floor":14.0},{"not_picked":["Slimebound:LeadByExample","Slimebound:LeechEnergy"],"picked":"Slimebound:SlimeBarrage","floor":15.0},{"not_picked":["Slimebound:WasteNot","Slimebound:DouseInSlime"],"picked":"Slimebound:Overexert","floor":16.0},{"not_picked":["Slimebound:SamplingLick","Slimebound:ItLooksTasty+1"],"picked":"Slimebound:FlameTackle+1","floor":19.0},{"not_picked":["Slimebound:LeechingTouch+1","Slimebound:GrowthPunch"],"picked":"Slimebound:RollThrough","floor":20.0},{"not_picked":["Slimebound:SamplingLick","Slimebound:LeechingTouch+1","Slimebound:PressTheAttack+1"],"picked":"SKIP","floor":21.0},{"not_picked":["Slimebound:ViciousTackle","Slimebound:FlameTackle"],"picked":"Slimebound:ComboTackle","floor":22.0},{"not_picked":["Slimebound:FlameTackle","Slimebound:SplitAcid+1"],"picked":"Slimebound:SplitLeeching+1","floor":25.0},{"not_picked":["Slimebound:LeechingTouch","Slimebound:LeadByExample","Slimebound:RainOfGoop+1"],"picked":"Singing Bowl","floor":26.0},{"not_picked":["Slimebound:FirmFortitude","Slimebound:ViciousTackle"],"picked":"Slimebound:ComboTackle+1","floor":27.0},{"not_picked":["Slimebound:RollThrough","Slimebound:FinishingTackle","Slimebound:GoopSpray"],"picked":"Singing Bowl","floor":32.0},{"not_picked":["Slimebound:SlimeSlap","Slimebound:DuplicatedForm"],"picked":"Slimebound:Overexert","floor":33},{"not_picked":["Slimebound:LeechingTouch+1","Slimebound:SlimeSpikes+1","Slimebound:PressTheAttack+1"],"picked":"Singing Bowl","floor":36},{"not_picked":["Slimebound:GoopSpray+1","Slimebound:SamplingLick"],"picked":"Slimebound:SplitMire","floor":38},{"not_picked":["Slimebound:RallyTheTroops","Slimebound:Nibble+1","Slimebound:FlameTackle"],"picked":"Singing Bowl","floor":40},{"not_picked":["Slimebound:RollThrough","Slimebound:Repurpose","Slimebound:PressTheAttack"],"picked":"Singing Bowl","floor":43},{"not_picked":["Slimebound:GoopSpray+1","Slimebound:SlimeSpikes"],"picked":"Slimebound:LevelUp","floor":46},{"not_picked":["Slimebound:PressTheAttack","Slimebound:LeechEnergy","Slimebound:Replication+1"],"picked":"Singing Bowl","floor":48},{"not_picked":["Slimebound:ViciousTackle","Slimebound:Equalize+1"],"picked":"Slimebound:SplitBruiser+1","floor":49}],"player_experience":420772,"relics_obtained":[{"floor":7.0,"key":"Nunchaku"},{"floor":9.0,"key":"Boot"},{"floor":12.0,"key":"Ornamental Fan"},{"floor":24.0,"key":"Centennial Puzzle"},{"floor":25.0,"key":"Calipers"},{"floor":25.0,"key":"Singing Bowl"},{"floor":27.0,"key":"Tiny Chest"},{"floor":40,"key":"PreservedInsect"},{"floor":42,"key":"Happy Flower"},{"floor":48,"key":"MawBank"}],"event_choices":[{"damage_healed":0.0,"max_hp_gain":0.0,"max_hp_loss":0.0,"gold_gain":0.0,"event_name":"Lab","player_choice":"Got Potions","floor":10.0,"gold_loss":0.0,"damage_taken":0.0},{"damage_healed":0.0,"max_hp_gain":0.0,"max_hp_loss":0.0,"gold_gain":0.0,"event_name":"Vampires","player_choice":"Ignored","floor":29.0,"gold_loss":0.0,"damage_taken":0.0},{"cards_removed":["Slimebound:DisruptingSlam"],"damage_healed":34.0,"max_hp_gain":0.0,"max_hp_loss":0.0,"gold_gain":0.0,"event_name":"Bonfire Elementals","player_choice":"Offered Uncommon","floor":31.0,"gold_loss":0.0,"damage_taken":0.0},{"cards_removed":["Slimebound:Replication"],"damage_healed":0,"gold_gain":0,"player_choice":"Removed Skill","damage_taken":0,"max_hp_gain":0,"max_hp_loss":0,"event_name":"Falling","floor":44,"gold_loss":0}],"is_beta":false,"boss_relics":[{"not_picked":["Philosopher\u0027s Stone","Slimebound:AbsorbEndCombatUpgraded"],"picked":"Pandora\u0027s Box"},{"not_picked":["Coffee Dripper","SacredBark"],"picked":"Sozu"}],"items_purged_floors":[26,37,39],"is_endless":false,"potions_floor_spawned":[4,9,11,14,16,20,25,27,28,33,38,46,49],"killed_by":"downfall:Defect","ascension_level":0}}