{"host":"56ghxnzsglgdq727","time":1609656246,"event":{"mods":["AchievementEnabler","BaseMod","Downfall","Minty Spire (QoL Compilation)","StSLib"],"gold_per_floor":[0,12,462,462,478,478,526,171,184,184,194,194,194,7,18,139,139,64,64,49,61,76,1,78,78,89,89,89],"floor_reached":27,"playtime":1365,"items_purged":["Regret","Slimebound:Icky"],"score":261,"play_id":"02e4f0d4-d771-4980-a819-3aa63adf2021","local_time":"20210103014406","is_ascension_mode":true,"campfire_choices":[{"data":"sneckomod:Unknown","floor":1,"key":"SMITH"},{"floor":12,"key":"REST"},{"floor":18,"key":"RECALL"},{"data":"sneckomod:SoulExchange","floor":23,"key":"SMITH"},{"data":"sneckomod:Unknown3Cost","floor":25,"key":"SMITH"}],"circlet_count":0,"master_deck":["sneckomod:TailWhip","sneckomod:SnekBite","sneckomod:Unknown+1","sneckomod:Unknown","sneckomod:PureSnecko","Slimebound:Icky","Slimebound:Icky","sneckomod:UnknownExhaust","sneckomod:UnknownRareSkill+2","expansioncontent:QuickStudy","sneckomod:CheapStock+1","sneckomod:UnknownUncommonSkill","sneckomod:UnknownRareAttack","sneckomod:UnknownColorless","sneckomod:UnlimitedRolls","sneckomod:UnknownClassGUARDIAN","sneckomod:UnknownClassGREEN","sneckomod:Unknown3Cost+1","sneckomod:UnknownRareAttack","sneckomod:DefensiveFlair","sneckomod:UnknownX","Writhe","sneckomod:Unknown2Cost+1","hexamod:SixthSeal","sneckomod:UnknownClassPURPLE+1","sneckomod:SoulExchange+1","sneckomod:UnknownDexterity+1"],"relics":["sneckomod:SneckoSoul","downfall:BrokenWingStatue","Bag of Marbles","Pandora\u0027s Box","downfall:HeartBlessingBlue","sneckomod:UnknownEgg","downfall:HeartBlessingRed","InkBottle"],"acts_visited":["Exordium","TheCity"],"potions_floor_usage":[8,22,27],"damage_taken":[{"damage":11,"enemies":"Jaw Worm","floor":2,"turns":2},{"damage":11,"enemies":"2 Louse","floor":5,"turns":4},{"damage":0,"enemies":"downfall:FleeingMerchant","floor":8,"turns":4},{"damage":23,"enemies":"Small Slimes","floor":9,"turns":5},{"damage":37,"enemies":"Exordium Thugs","floor":11,"turns":4},{"damage":0,"enemies":"downfall:FleeingMerchant","floor":14,"turns":4},{"damage":18,"enemies":"Blue Slaver","floor":15,"turns":4},{"damage":36,"enemies":"downfall:Watcher","floor":16,"turns":8},{"damage":7,"enemies":"downfall:FleeingMerchant","floor":20,"turns":5},{"damage":70,"enemies":"3 Byrds","floor":21,"turns":5},{"damage":10,"enemies":"Spheric Guardian","floor":22,"turns":3},{"damage":12,"enemies":"Snecko","floor":26,"turns":7},{"damage":74,"enemies":"Gremlin Leader","floor":27,"turns":6}],"seed_played":"8533698850024111182","potions_obtained":[{"floor":5,"key":"GamblersBrew"},{"floor":15,"key":"SpeedPotion"},{"floor":21,"key":"CultistPotion"}],"is_trial":false,"path_per_floor":["R","M","?","?","M","?","T","$","M","?","M","R","T","$","M","B",null,"R","?","$","M","M","R","T","R","M","E"],"character_chosen":"THE_SNECKO","items_purchased":["expansioncontent:QuickStudy","sneckomod:CheapStock","sneckomod:UnknownRareAttack"],"campfire_rested":1,"item_purchase_floors":[8,8,14],"current_hp_per_floor":[108,97,97,97,87,87,87,88,65,65,29,62,62,63,46,10,118,128,128,126,73,72,72,72,72,61,0,0],"gold":89,"neow_bonus":"TWENTY_PERCENT_HP_BONUS","is_daily":false,"chose_seed":false,"campfire_upgraded":3,"win_rate":0.0,"timestamp":1609656246,"path_taken":["R","M","?","?","?","?","T","?","M","?","?","R","?","$","M","BOSS","R","?","$","M","M","R","T","R","M","E"],"items_purchased_type":["Card","Card","Card"],"build_version":"2020-12-22","purchased_purges":2,"victory":false,"max_hp_per_floor":[108,108,108,108,109,109,109,110,110,110,111,111,111,112,113,113,118,128,128,129,130,130,130,130,130,131,131,131],"card_choices":[{"not_picked":["sneckomod:QuickMove","sneckomod:QuickBite"],"picked":"sneckomod:PureSnecko","floor":2},{"not_picked":["sneckomod:Nope","sneckomod:UnknownWeak"],"picked":"sneckomod:UnknownExhaust","floor":5},{"not_picked":["sneckomod:RainOfDice","sneckomod:Unknown2Cost"],"picked":"sneckomod:UnknownRareSkill","floor":8},{"not_picked":["sneckomod:QuickMove","sneckomod:IronFang","sneckomod:MasterEye"],"picked":"SKIP","floor":9},{"not_picked":["sneckomod:UnknownStrike","sneckomod:ImprovisedGuard"],"picked":"sneckomod:UnknownUncommonSkill","floor":11},{"not_picked":["sneckomod:UnknownCommonSkill","sneckomod:ImprovisedGuard","sneckomod:UnknownStrike"],"picked":"SKIP","floor":14},{"not_picked":["sneckomod:DiceBlock","sneckomod:SlitherStrike"],"picked":"sneckomod:UnknownColorless","floor":15},{"not_picked":["sneckomod:DangerNoodle","sneckomod:Mudshield"],"picked":"sneckomod:UnlimitedRolls","floor":16},{"not_picked":["sneckomod:Unknown1Cost+1","sneckomod:UnknownClassRED+1"],"picked":"sneckomod:Unknown2Cost+1","floor":20},{"not_picked":["hexamod:FourthSeal","hexamod:SecondSeal"],"picked":"hexamod:SixthSeal","floor":21},{"not_picked":["sneckomod:UnknownBlock+1","sneckomod:UnknownClassGREEN+1"],"picked":"sneckomod:UnknownClassPURPLE+1","floor":21},{"not_picked":["sneckomod:UnknownCommonSkill+1","sneckomod:UnknownStrike+1"],"picked":"sneckomod:SoulExchange","floor":22},{"not_picked":["sneckomod:UnknownExhaust+1","sneckomod:Nope"],"picked":"sneckomod:UnknownDexterity+1","floor":26}],"player_experience":100331,"relics_obtained":[{"floor":7,"key":"Bag of Marbles"},{"floor":24,"key":"InkBottle"}],"event_choices":[{"damage_healed":0,"gold_gain":0,"player_choice":"Upgraded","damage_taken":0,"max_hp_gain":0,"max_hp_loss":0,"event_name":"Upgrade Shrine","floor":10,"gold_loss":0,"cards_upgraded":["sneckomod:CheapStock"]}],"is_beta":false,"boss_relics":[{"not_picked":["Runic Pyramid","SacredBark"],"picked":"Pandora\u0027s Box"}],"items_purged_floors":[8,14],"is_endless":false,"potions_floor_spawned":[5,15,21],"killed_by":"Gremlin Leader","ascension_level":1}}