{"host":"a1u4jo6xlg3w0wsm","time":1609655518,"event":{"mods":["BaseMod","Better Third Choice","DeckTracker","Downfall","Hermit","Hubris","Minty Spire (QoL Compilation)","Replay The Spire","StSLib"],"gold_per_floor":[116,44,55,65,83,83,111,125,125,29,29,59,234,234,234,339,339,351,11,11,11],"floor_reached":20,"playtime":1007,"items_purged":["hermit:Strike_Hermit"],"score":209,"play_id":"12769fe4-7036-4d50-9e72-3485f14e787f","local_time":"20210103193158","is_ascension_mode":true,"campfire_choices":[{"data":"hermit:Determination","floor":6,"key":"SMITH"},{"floor":11,"key":"REST"},{"floor":15,"key":"REST"}],"circlet_count":0,"master_deck":["hermit:Strike_Hermit","hermit:Strike_Hermit","hermit:Defend_Hermit","hermit:Defend_Hermit+1","hermit:Defend_Hermit","hermit:Defend_Hermit","hermit:Snapshot","hermit:Covet","hermit:BigShot","hermit:Determination+1","hermit:Desperado","hermit:SprayPray","hermit:Ricochet","hermit:Determination","hermit:Coalescence","Bandage Up","Doubt","hermit:Reprieve","hermit:Dissolve","hermit:HoleUp+1","hermit:Maintenance+1","hermit:Combo"],"relics":["hermit:Momento","NeowsBlessing","Replay:Wax Seal","Pen Nib","Orichalcum","hubris:ScarierMask","War Paint"],"acts_visited":["Exordium","TheCity"],"potions_floor_usage":[7,12,16],"damage_taken":[{"damage":0,"enemies":"Cultist","floor":1,"turns":1},{"damage":0,"enemies":"2 Louse","floor":3,"turns":1},{"damage":0,"enemies":"Jaw Worm","floor":4,"turns":1},{"damage":12,"enemies":"Looter","floor":5,"turns":3},{"damage":15,"enemies":"3 Sentries","floor":7,"turns":7},{"damage":19,"enemies":"Blue Slaver","floor":8,"turns":4},{"damage":20,"enemies":"Gremlin Nob","floor":12,"turns":3},{"damage":12,"enemies":"Fading Forest","floor":16,"turns":11},{"damage":2,"enemies":"Chosen","floor":18,"turns":4},{"damage":21,"enemies":"Spheric Guardian","floor":20,"turns":3}],"seed_played":"-1096060834932828175","potions_obtained":[{"floor":1,"key":"SkillPotion"},{"floor":5,"key":"Venom Potion"},{"floor":8,"key":"DuplicationPotion"},{"floor":18,"key":"champ:CounterPotion"}],"is_trial":false,"path_per_floor":["M","$","M","M","M","R","E","M","T","$","R","E","?","?","R","B",null,"M","$","M"],"character_chosen":"HERMIT","items_purchased":["hermit:Determination","Bandage Up","hermit:Maintenance","War Paint","hermit:Combo"],"campfire_rested":2,"item_purchase_floors":[2,10,19,19,19],"current_hp_per_floor":[75,75,75,75,63,63,48,29,29,29,51,35,35,35,57,53,75,75,75,54,54],"gold":11,"neow_bonus":"THREE_ENEMY_KILL","is_daily":false,"chose_seed":false,"campfire_upgraded":1,"win_rate":0.0,"timestamp":1609655518,"path_taken":["M","$","?","M","M","R","E","M","T","$","R","E","?","?","R","BOSS","M","$","M"],"items_purchased_type":["Card","Card","Card","Relic","Card"],"build_version":"2020-12-13","purchased_purges":1,"victory":false,"max_hp_per_floor":[75,75,75,75,75,75,75,75,75,75,75,75,75,75,75,75,75,75,75,75,75],"card_choices":[{"not_picked":["hermit:Deadeye","hermit:Ricochet"],"picked":"hermit:BigShot","floor":1},{"not_picked":["hermit:Shortfuse","hermit:Manifest"],"picked":"hermit:Desperado","floor":3},{"not_picked":["hermit:Glare","hermit:Misfire"],"picked":"hermit:SprayPray","floor":4},{"not_picked":["hermit:BodyArmor","hermit:LoneWolf"],"picked":"hermit:Ricochet","floor":5},{"not_picked":["hermit:ItchyTrigger","hermit:Headshot"],"picked":"hermit:Determination","floor":7},{"not_picked":["hermit:Vantage","hermit:Showdown"],"picked":"hermit:Coalescence","floor":8},{"not_picked":["hermit:Ricochet","hermit:Virtue","hermit:BodyArmor"],"picked":"SKIP","floor":12},{"not_picked":["hermit:Roughhouse","hermit:DeadOrAlive"],"picked":"hermit:Dissolve","floor":16},{"not_picked":["hermit:TrackingShot","hermit:GoldenBullet"],"picked":"hermit:HoleUp+1","floor":18}],"player_experience":285401,"relics_obtained":[{"floor":7,"key":"Replay:Wax Seal"},{"floor":9,"key":"Pen Nib"},{"floor":12,"key":"Orichalcum"}],"event_choices":[{"damage_healed":0,"gold_gain":175,"player_choice":"AGREE","damage_taken":59,"max_hp_gain":0,"max_hp_loss":0,"event_name":"betterThird:BetterSerpent","floor":13,"gold_loss":0},{"damage_healed":0,"gold_gain":0,"cards_transformed":["hermit:Strike_Hermit"],"player_choice":"Transformed","damage_taken":0,"max_hp_gain":0,"max_hp_loss":0,"event_name":"Transmorgrifier","floor":14,"gold_loss":0,"cards_obtained":["hermit:Reprieve"]}],"is_beta":false,"boss_relics":[{"not_picked":["Replay:Drink Me","Fusion Hammer"],"picked":"hubris:ScarierMask"}],"items_purged_floors":[19],"is_endless":false,"potions_floor_spawned":[1,5,8,18],"killed_by":"Spheric Guardian","ascension_level":3}}