{"host":"4sjakdxyb9lejcxv","time":1609653663,"event":{"mods":["BaseMod","Downfall","Minty Spire (QoL Compilation)","StSLib"],"gold_per_floor":[116,126,136,150,600,600,600,600,600,222,273,273,273,308,308,408,408,428,445,55,55,71,89,89,89,189,114,2,2,102,54,54,156,156,173,189,200,210,225,225,225,237,287,137,147,147,162,179,179,179,179,207,57,57,57,57,57],"floor_reached":55,"playtime":4838,"items_purged":["Guardian:Strike_Guardian","Slimebound:Icky","Slimebound:Icky","Slimebound:Icky"],"score":769,"play_id":"bd3fe550-805b-403a-852e-453cb1c1caae","local_time":"20210103010102","is_ascension_mode":false,"campfire_choices":[{"data":"Guardian:CurlUp","floor":6,"key":"SMITH"},{"data":"Guardian:TwinSlam","floor":9,"key":"SMITH"},{"data":"1","floor":13,"key":"LIFT"},{"data":"expansioncontent:QuickStudy","floor":15,"key":"SMITH"},{"data":"2","floor":25,"key":"LIFT"},{"data":"3","floor":27,"key":"LIFT"},{"data":"Guardian:EvasiveProtocol","floor":29,"key":"SMITH"},{"floor":32,"key":"REST"},{"floor":40,"key":"RECALL"},{"data":"Guardian:SphericShield","floor":44,"key":"SMITH"},{"data":"Guardian:ExploitGems","floor":46,"key":"SMITH"},{"floor":49,"key":"REST"},{"data":"Guardian:HyperBeam_Guardian","floor":54,"key":"SMITH"}],"circlet_count":0,"master_deck":["Guardian:Strike_Guardian","Guardian:Strike_Guardian","Guardian:Defend_Guardian","Guardian:Defend_Guardian","Guardian:Defend_Guardian","Guardian:Defend_Guardian+1","Guardian:CurlUp+1","Guardian:TwinSlam+1","Guardian:VentSteam+1","Guardian:CrystalBeam","expansioncontent:QuickStudy+1","Guardian:BronzeOrb","Guardian:ShieldCharger","Guardian:StasisField","Guardian:TemporalStrike","Guardian:WalkerClaw+1","Guardian:PiercingHide","Guardian:FloatingOrbs","Guardian:TimeCapacitor","Guardian:EvasiveProtocol+1","J.A.X.","Guardian:SphericShield+1","Guardian:RollAttack","Guardian:HyperBeam_Guardian+1","Guardian:ExploitGems+1","Guardian:TimeBomb+1","Guardian:Reroute","Guardian:Gem_Cyan","Guardian:PiercingHide+1","Guardian:Harden+1","Guardian:TimeBomb+1","Guardian:Clone+1","Guardian:VentSteam","Guardian:Recover","Guardian:Gem_Red"],"relics":["Guardian:ModeShifter","Girya","War Paint","Thread and Needle","Guardian:StasisSlotReductionRelic","Oddly Smooth Stone","Pear","Ginger","Matryoshka","downfall:HeartBlessingGreen","MutagenicStrength","SlaversCollar","Bag of Marbles","Guardian:SackOfGems","downfall:HeartBlessingRed","downfall:HeartBlessingBlue","Blood Vial"],"acts_visited":["Exordium","TheCity","TheBeyond","TheEnding"],"potions_floor_usage":[16,16,26,31,31,45,45,55],"damage_taken":[{"damage":3,"enemies":"Small Slimes","floor":1,"turns":4},{"damage":5,"enemies":"Jaw Worm","floor":2,"turns":3},{"damage":8,"enemies":"2 Louse","floor":3,"turns":3},{"damage":12,"enemies":"Blue Slaver","floor":4,"turns":3},{"damage":3,"enemies":"downfall:FleeingMerchant","floor":10,"turns":4},{"damage":11,"enemies":"Lagavulin","floor":14,"turns":6},{"damage":48,"enemies":"downfall:Defect","floor":16,"turns":11},{"damage":12,"enemies":"Chosen","floor":18,"turns":6},{"damage":40,"enemies":"3 Cultists","floor":19,"turns":9},{"damage":0,"enemies":"downfall:FleeingMerchant","floor":20,"turns":4},{"damage":8,"enemies":"Shelled Parasite and Fungi","floor":22,"turns":5},{"damage":3,"enemies":"Centurion and Healer","floor":23,"turns":7},{"damage":14,"enemies":"Colosseum Nobs","floor":26,"turns":5},{"damage":3,"enemies":"downfall:FleeingMerchant","floor":28,"turns":4},{"damage":10,"enemies":"downfall:Augmenter","floor":30,"turns":5},{"damage":3,"enemies":"downfall:FleeingMerchant","floor":31,"turns":4},{"damage":13,"enemies":"downfall:Silent","floor":33,"turns":7},{"damage":19,"enemies":"3 Darklings","floor":35,"turns":6},{"damage":3,"enemies":"3 Shapes","floor":36,"turns":5},{"damage":19,"enemies":"Writhing Mass","floor":37,"turns":6},{"damage":3,"enemies":"Jaw Worm Horde","floor":38,"turns":5},{"damage":27,"enemies":"Spire Growth","floor":39,"turns":7},{"damage":5,"enemies":"Sphere and 2 Shapes","floor":42,"turns":7},{"damage":3,"enemies":"Mind Bloom Boss Battle","floor":43,"turns":7},{"damage":6,"enemies":"Writhing Mass","floor":45,"turns":6},{"damage":0,"enemies":"Spire Growth","floor":47,"turns":5},{"damage":9,"enemies":"Sphere and 2 Shapes","floor":48,"turns":8},{"damage":6,"enemies":"downfall:Ironclad","floor":50,"turns":10},{"damage":24,"enemies":"downfall:CharBossMerchant","floor":52,"turns":10},{"damage":134,"enemies":"downfall:NeowBoss","floor":55,"turns":21}],"seed_played":"240440263024545848","potions_obtained":[{"floor":3,"key":"SkillPotion"},{"floor":14,"key":"Regen Potion"},{"floor":22,"key":"Guardian:DefensiveModePotion"},{"floor":23,"key":"GamblersBrew"},{"floor":26,"key":"LiquidMemories"},{"floor":35,"key":"AttackPotion"},{"floor":38,"key":"Guardian:DefensiveModePotion"},{"floor":45,"key":"SteroidPotion"},{"floor":52,"key":"FairyPotion"}],"is_trial":false,"path_per_floor":["M","M","M","M","?","R","T","?","R","$","T","?","R","E","R","B",null,"M","M","$","?","M","M","T","R","?","R","$","R","?","$","R","B",null,"M","M","M","M","M","R","T","M","?","R","M","R","M","M","R","B",null,"E","$","R","B"],"character_chosen":"GUARDIAN","items_purchased":["expansioncontent:QuickStudy","Guardian:BronzeOrb","Guardian:ShieldCharger","Guardian:Gem_Red","Guardian:FloatingOrbs","Oddly Smooth Stone","Guardian:EvasiveProtocol","Guardian:Gem_Green","Energy Potion","Guardian:HyperBeam_Guardian","Guardian:Gem_Green","Fruit Juice"],"campfire_rested":2,"item_purchase_floors":[10,10,10,20,20,20,28,28,31,31,31,31],"current_hp_per_floor":[85,80,72,60,60,60,60,60,60,57,57,62,62,51,51,18,93,81,41,41,41,33,30,40,40,26,26,23,23,13,15,47,34,108,89,86,67,64,37,37,37,32,29,39,33,33,33,24,59,53,118,94,94,94,0,0,0],"gold":57,"neow_bonus":"TEN_PERCENT_HP_BONUS","is_daily":false,"chose_seed":false,"campfire_upgraded":7,"win_rate":0.0,"timestamp":1609653662,"path_taken":["M","M","M","M","?","R","T","?","R","?","?","?","R","E","R","BOSS","M","M","$","?","M","M","T","R","?","R","?","R","?","$","R","BOSS","M","M","M","M","M","R","T","M","?","R","M","R","M","M","R","BOSS","E","$","R","BOSS"],"items_purchased_type":["Card","Card","Card","Card","Card","Relic","Card","Card","Potion","Card","Card","Potion"],"build_version":"2020-12-22","purchased_purges":4,"victory":false,"max_hp_per_floor":[88,88,88,88,88,88,88,88,88,88,88,93,93,93,93,93,93,93,93,93,93,93,93,103,103,103,103,103,103,103,108,108,108,108,108,108,108,108,108,108,108,108,108,118,118,118,118,118,118,118,118,118,118,118,118,118,118],"card_choices":[{"not_picked":["Guardian:Suspension","Guardian:TemporalShield"],"picked":"Guardian:VentSteam","floor":1},{"not_picked":["Guardian:RollAttack","Guardian:Planning"],"picked":"Guardian:Gem_Cyan","floor":2},{"not_picked":["Guardian:ShieldCharger","Guardian:Planning"],"picked":"Guardian:CrystalBeam","floor":3},{"not_picked":["Guardian:PrimingBeam","Guardian:Gem_Fragmented"],"picked":"Guardian:Gem_Green","floor":4},{"not_picked":["Guardian:Gem_Green","Guardian:StasisField"],"picked":"Guardian:Gem_Crimson","floor":10},{"not_picked":["Guardian:PrimingBeam","Guardian:RollAttack"],"picked":"Guardian:PrismaticBeam","floor":14},{"not_picked":["Guardian:SphericShield","Guardian:TimeSifter"],"picked":"Guardian:StasisField","floor":16},{"not_picked":["Guardian:ChargeCore+1","Guardian:ShieldCharger"],"picked":"Guardian:TemporalStrike","floor":18},{"not_picked":["Guardian:BronzeOrb","Guardian:Gem_Lightblue"],"picked":"Guardian:WalkerClaw+1","floor":19},{"not_picked":["Guardian:PrimingBeam+1","Guardian:Suspension"],"picked":"Guardian:PiercingHide","floor":20},{"not_picked":["Guardian:Gem_Lightblue","Guardian:ExploitGems"],"picked":"Guardian:Gem_Green","floor":22},{"not_picked":["Guardian:WalkerClaw","Guardian:FloatingOrbs"],"picked":"Guardian:Gem_Blue","floor":23},{"not_picked":["Guardian:VentSteam","Guardian:Gem_Lightblue"],"picked":"Guardian:TimeCapacitor","floor":26},{"not_picked":["Guardian:Gem_Purple","Guardian:RollAttack+1"],"picked":"Guardian:Gem_Red","floor":28},{"not_picked":[],"picked":"J.A.X.","floor":30},{"not_picked":["Guardian:Gem_Crimson","Guardian:PrismaticBarrier"],"picked":"Guardian:MultiBeam","floor":30},{"not_picked":["Guardian:Gem_Lightblue","Guardian:RollAttack"],"picked":"Guardian:Gem_Cyan","floor":31},{"not_picked":["Guardian:Gem_Orange","Guardian:SphericShield"],"picked":"Guardian:ExploitGems","floor":33},{"not_picked":["Guardian:Gem_Green","Guardian:ChargeCore"],"picked":"Guardian:TimeBomb+1","floor":35},{"not_picked":["Guardian:VentSteam+1","Guardian:TimeBomb"],"picked":"Guardian:Reroute","floor":36},{"not_picked":["Guardian:ChargeCore","Guardian:Reroute+1"],"picked":"Guardian:Gem_Cyan","floor":37},{"not_picked":["Guardian:SentryBeam","Guardian:PrismaticBarrier+1"],"picked":"Guardian:PiercingHide+1","floor":38},{"not_picked":["Guardian:VentSteam+1","Guardian:Reroute"],"picked":"Guardian:Harden+1","floor":39},{"not_picked":["Guardian:PrimingBeam+1","Guardian:VentSteam+1"],"picked":"Guardian:TimeBomb+1","floor":42},{"not_picked":["Guardian:Gem_Red","Guardian:EvasiveProtocol"],"picked":"Guardian:Gem_Fragmented","floor":43},{"not_picked":["Guardian:Gem_White","Guardian:Reroute"],"picked":"Guardian:Clone+1","floor":45},{"not_picked":["Guardian:HyperBeam_Guardian","Guardian:Reroute+1"],"picked":"Guardian:VentSteam","floor":47},{"not_picked":["Guardian:CrystalBeam+1","Guardian:ChargeUp"],"picked":"Guardian:Recover","floor":48},{"not_picked":["Guardian:Gem_Cyan","Guardian:ChargeUp"],"picked":"Guardian:Gem_Red","floor":52}],"player_experience":195711,"relics_obtained":[{"floor":7,"key":"Girya"},{"floor":11,"key":"War Paint"},{"floor":14,"key":"Thread and Needle"},{"floor":24,"key":"Pear"},{"floor":26,"key":"Ginger"},{"floor":26,"key":"Matryoshka"},{"floor":30,"key":"MutagenicStrength"},{"floor":41,"key":"Bag of Marbles"},{"floor":43,"key":"Guardian:SackOfGems"},{"floor":52,"key":"Blood Vial"}],"event_choices":[{"damage_healed":0,"gold_gain":0,"player_choice":"Donut","damage_taken":0,"max_hp_gain":5,"max_hp_loss":0,"event_name":"Big Fish","floor":12,"gold_loss":0},{"damage_healed":0,"gold_gain":0,"player_choice":"Read","damage_taken":0,"max_hp_gain":0,"max_hp_loss":0,"event_name":"The Library","floor":21,"gold_loss":0,"cards_obtained":["Guardian:Gem_Orange"]}],"is_beta":false,"boss_relics":[{"not_picked":["Empty Cage","Cursed Key"],"picked":"Guardian:StasisSlotReductionRelic"},{"not_picked":["Calling Bell","Velvet Choker"],"picked":"SlaversCollar"}],"items_purged_floors":[10,20,31,53],"is_endless":false,"potions_floor_spawned":[3,14,22,23,26,35,38,42,43,45,52],"killed_by":"downfall:NeowBoss","ascension_level":0}}