{"host":"zig6x0mxqzam82fb","time":1609653989,"event":{"mods":["BaseMod","Block Reminder","Colored Map","Colored Powertips","Marisa????????","Minty Spire (QoL Compilation)","Relic Stats","StSLib","The Cursed","The Marked","Waifu the Spire"],"gold_per_floor":[109,129,145,145,157,157,157,157],"floor_reached":7,"playtime":533,"items_purged":[],"score":56,"play_id":"734ceb4e-dd7d-4888-9089-e57b8b99721b","local_time":"20210103010629","is_ascension_mode":true,"campfire_choices":[{"data":"theMarked:StartUp","floor":6,"key":"SMITH"}],"circlet_count":0,"master_deck":["theMarked:Strike","theMarked:Strike","theMarked:Strike","theMarked:Strike","theMarked:Strike","theMarked:Defend","theMarked:Defend","theMarked:Defend","theMarked:Defend","theMarked:SoldierOfQuellstein","theMarked:WastefulDefense","theMarked:ContemptForTheProud","theMarked:RepellingDischarge","theMarked:StartUp+1"],"relics":["theMarked:SpiritSword"],"acts_visited":["Exordium"],"potions_floor_usage":[5],"damage_taken":[{"damage":4,"enemies":"2 Louse","floor":1,"turns":3},{"damage":1,"enemies":"Cultist","floor":2,"turns":4},{"damage":6,"enemies":"Jaw Worm","floor":3,"turns":5},{"damage":0,"enemies":"2 Fungi Beasts","floor":5,"turns":3},{"damage":53,"enemies":"Lagavulin","floor":7,"turns":8}],"seed_played":"-2499818500232713855","potions_obtained":[{"floor":1,"key":"Strength Potion"},{"floor":4,"key":"Regen Potion"},{"floor":4,"key":"Strength Potion"},{"floor":4,"key":"Fire Potion"}],"is_trial":false,"path_per_floor":["M","M","M","?","M","R","E"],"character_chosen":"THE_DEFAULT","items_purchased":[],"campfire_rested":0,"item_purchase_floors":[],"current_hp_per_floor":[59,58,52,52,52,52,0,0],"gold":157,"neow_bonus":"BOSS_RELIC","is_daily":false,"chose_seed":false,"campfire_upgraded":1,"win_rate":0.0,"timestamp":1609653989,"path_taken":["M","M","M","?","M","R","E"],"items_purchased_type":[],"build_version":"2020-12-22","purchased_purges":0,"victory":false,"max_hp_per_floor":[70,70,70,70,70,70,70,70],"relic_stats":{"counters":[5,23],"obtain_stats":[{"theMarked:ArtifactOfAir":0,"theMarked:SpiritSword":0},{"theMarked:ArtifactOfAir":0,"theMarked:SpiritSword":0},{"theMarked:ArtifactOfAir":0,"theMarked:SpiritSword":0}]},"card_choices":[{"not_picked":["theMarked:Aftermath","theMarked:Parry"],"picked":"theMarked:WastefulDefense","floor":1},{"not_picked":["theMarked:Improvise","theMarked:RepellingDischarge"],"picked":"theMarked:ContemptForTheProud","floor":2},{"not_picked":["theMarked:EnhanceMovement","theMarked:WastefulDefense"],"picked":"theMarked:RepellingDischarge","floor":3},{"not_picked":["theMarked:ResourceFulStrike","theMarked:Frustration"],"picked":"theMarked:StartUp","floor":5}],"player_experience":435441,"relics_obtained":[],"event_choices":[{"damage_healed":0,"gold_gain":0,"player_choice":"Got Potions","damage_taken":0,"max_hp_gain":0,"max_hp_loss":0,"event_name":"Lab","floor":4,"gold_loss":0}],"is_beta":false,"boss_relics":[],"items_purged_floors":[],"is_endless":false,"potions_floor_spawned":[1],"killed_by":"Lagavulin","ascension_level":6}}