{"host":"3iouabftir4t7z56","time":1609687323,"event":{"mods":["2.2 Compatiblity","Act Like it!","BaseMod","Colored Map","Hallownest","Minty Spire (QoL Compilation)","StSLib","The Bug Knight"],"gold_per_floor":[114,124,136,136,136,136,61,75,75,75,75,90,90,90],"floor_reached":13,"playtime":1395,"items_purged":["HollowMod:NailStrikeStart"],"score":75,"play_id":"eec4a853-2a80-4095-92d2-da28e34e6e82","local_time":"20210103162203","is_ascension_mode":false,"campfire_choices":[{"data":"HollowMod:WraithStrike","floor":6,"key":"SMITH"}],"circlet_count":0,"master_deck":["HollowMod:NailStrikeStart","HollowMod:NailStrikeStart","HollowMod:QuickDashStart","HollowMod:QuickDashStart","HollowMod:QuickDashStart","HollowMod:QuickDashStart","HollowMod:PogoStrike","HollowMod:MantisMark","HollowMod:WraithStrike+1","HollowMod:SharpenedShadows","HollowMod:DoubleDash","Doubt"],"relics":["HollowMod:VesselMask","NeowsBlessing","Eternal Feather"],"acts_visited":["Hallownest:Greenpath"],"potions_floor_usage":[12,13],"damage_taken":[{"damage":0,"enemies":"Hallownest:2_Tiktiks_and_1_Crawlid","floor":1,"turns":1},{"damage":0,"enemies":"Hallownest:monsterHuskWarrior","floor":2,"turns":1},{"damage":0,"enemies":"Hallownest:monsterHuskGuard","floor":3,"turns":1},{"damage":26,"enemies":"Hallownest:1_Baldur_1_Crawlid_1_Warrior","floor":8,"turns":9},{"damage":6,"enemies":"Hallownest:monsterAspidMother","floor":10,"turns":4},{"damage":2,"enemies":"Hallownest:monsterMossCharger","floor":12,"turns":5},{"damage":46,"enemies":"Hallownest:eliteCrystalGuardian","floor":13,"turns":6}],"seed_played":"5377805061478576503","potions_obtained":[{"floor":1,"key":"SteroidPotion"},{"floor":3,"key":"LiquidBronze"},{"floor":12,"key":"SkillPotion"}],"is_trial":false,"path_per_floor":["M","M","M","?","?","R","$","M","T","M","?","M","E"],"character_chosen":"THE_BUGKNIGHT","items_purchased":[],"campfire_rested":0,"item_purchase_floors":[],"current_hp_per_floor":[75,75,75,68,68,68,68,42,42,36,36,43,0,0],"gold":90,"neow_bonus":"THREE_ENEMY_KILL","is_daily":false,"chose_seed":false,"campfire_upgraded":1,"win_rate":0.0,"timestamp":1609687323,"path_taken":["M","?","M","?","?","R","$","M","T","M","?","M","E"],"items_purchased_type":[],"build_version":"2020-12-22","purchased_purges":1,"victory":false,"max_hp_per_floor":[75,75,75,68,68,68,68,68,68,68,68,68,68,68],"card_choices":[{"not_picked":["HollowMod:SoulEater","HollowMod:DesolateDive"],"picked":"HollowMod:MantisMark","floor":1},{"not_picked":["HollowMod:SharpenedNail","HollowMod:InfectionAssault"],"picked":"HollowMod:WraithStrike","floor":2},{"not_picked":["HollowMod:CycloneSlash","HollowMod:DesolateDive"],"picked":"HollowMod:SharpenedShadows","floor":3},{"not_picked":["HollowMod:ChannelNail","HollowMod:InfectedAttack"],"picked":"HollowMod:DoubleDash","floor":8},{"not_picked":["HollowMod:DesolateDive","HollowMod:InfectedCysts","HollowMod:LifebloodCocoon"],"picked":"SKIP","floor":10},{"not_picked":["HollowMod:SoulSplash","HollowMod:TaintedHusks","HollowMod:LuriensSpire"],"picked":"SKIP","floor":12}],"player_experience":594901,"relics_obtained":[{"floor":9,"key":"Eternal Feather"}],"event_choices":[],"is_beta":false,"boss_relics":[],"items_purged_floors":[7],"is_endless":false,"potions_floor_spawned":[1,3,12],"killed_by":"Hallownest:eliteCrystalGuardian","ascension_level":0}}