{"host":"m77rrhbqzv44va4v","time":1609698700,"event":{"mods":["AchievementEnabler","BaseMod","Colored Map","DeckTracker","Keyboard Shortcuts","Minty Spire (QoL Compilation)","StSLib","SuperFastMode","everything is the same but u backflip on backflip"],"gold_per_floor":[118,118,134,150,162,188,188,216,216,216,250,263,263,298,310,401,413,444,467,62,62,80,80,111,111,137,147,161,173,88,98,98,173,173,188,188,188,203,45,79,94,94,94,113,123,142,161,173,173,173],"floor_reached":51,"playtime":1869,"items_purged":["Strike_R","Perfected Strike"],"score":1632,"play_id":"3b17bdce-f5b2-4c5a-9e19-ec9a355323f1","local_time":"20210104033140","is_ascension_mode":true,"campfire_choices":[{"data":"Bash","floor":7.0,"key":"SMITH"},{"floor":10.0,"key":"REST"},{"floor":13.0,"key":"REST"},{"data":"Metallicize","floor":15.0,"key":"SMITH"},{"data":"Barricade","floor":23.0,"key":"SMITH"},{"data":"Dark Embrace","floor":32.0,"key":"SMITH"},{"data":"True Grit","floor":42,"key":"SMITH"},{"data":"Body Slam","floor":49,"key":"SMITH"}],"circlet_count":0,"master_deck":["AscendersBane","Strike_R","Strike_R","Defend_R","Defend_R","Defend_R","Defend_R","Bash+1","Wild Strike","Second Wind","Metallicize+1","Power Through","Seeing Red","Barricade+1","Flame Barrier","Shrug It Off","Evolve","Master of Strategy","Pommel Strike","Burning Pact","Dark Embrace+1","Body Slam+1","True Grit+1"],"relics":["Burning Blood","Red Skull","TungstenRod","PreservedInsect","StrikeDummy","Charon\u0027s Ashes","MawBank","Coffee Dripper","Anchor","Pen Nib","Runic Pyramid","Happy Flower","Shovel"],"acts_visited":["Exordium","TheCity","TheBeyond"],"potions_floor_usage":[44,44,50,50],"damage_taken":[{"damage":14.0,"enemies":"Jaw Worm","floor":1.0,"turns":4.0},{"damage":7.0,"enemies":"Cultist","floor":3.0,"turns":4.0},{"damage":4.0,"enemies":"Small Slimes","floor":4.0,"turns":3.0},{"damage":7.0,"enemies":"Looter","floor":5.0,"turns":4.0},{"damage":35.0,"enemies":"3 Sentries","floor":6.0,"turns":7.0},{"damage":28.0,"enemies":"Lagavulin","floor":8.0,"turns":4.0},{"damage":25.0,"enemies":"3 Sentries","floor":11.0,"turns":7.0},{"damage":0.0,"enemies":"Lots of Slimes","floor":12.0,"turns":4.0},{"damage":4.0,"enemies":"Gremlin Nob","floor":14.0,"turns":3.0},{"damage":45.0,"enemies":"Slime Boss","floor":16.0,"turns":11.0},{"damage":16.0,"enemies":"Spheric Guardian","floor":18.0,"turns":4.0},{"damage":31.0,"enemies":"Shell Parasite","floor":19.0,"turns":6.0},{"damage":0.0,"enemies":"Centurion and Healer","floor":22.0,"turns":6.0},{"damage":14.0,"enemies":"Book of Stabbing","floor":24.0,"turns":6.0},{"damage":0.0,"enemies":"Cultist and Chosen","floor":27.0,"turns":6.0},{"damage":3.0,"enemies":"Shelled Parasite and Fungi","floor":28.0,"turns":5.0},{"damage":2.0,"enemies":"3 Cultists","floor":29.0,"turns":5.0},{"damage":3.0,"enemies":"Snecko","floor":31.0,"turns":5.0},{"damage":0.0,"enemies":"Champ","floor":33.0,"turns":17.0},{"damage":0.0,"enemies":"3 Shapes","floor":35.0,"turns":5.0},{"damage":24.0,"enemies":"3 Darklings","floor":38.0,"turns":6.0},{"damage":31.0,"enemies":"Nemesis","floor":40.0,"turns":6.0},{"damage":0,"enemies":"Maw","floor":41,"turns":6},{"damage":26,"enemies":"Spire Growth","floor":44,"turns":6},{"damage":0,"enemies":"3 Darklings","floor":45,"turns":4},{"damage":0,"enemies":"Maw","floor":46,"turns":5},{"damage":0,"enemies":"Writhing Mass","floor":47,"turns":5},{"damage":0,"enemies":"4 Shapes","floor":48,"turns":3},{"damage":22,"enemies":"Awakened One","floor":50,"turns":7}],"seed_played":"5279646465948236485","potions_obtained":[{"floor":1.0,"key":"SkillPotion"},{"floor":5.0,"key":"EntropicBrew"},{"floor":6.0,"key":"SteroidPotion"},{"floor":16.0,"key":"Swift Potion"},{"floor":22.0,"key":"Block Potion"},{"floor":24.0,"key":"Energy Potion"},{"floor":29.0,"key":"AttackPotion"},{"floor":33.0,"key":"SkillPotion"},{"floor":41,"key":"Weak Potion"},{"floor":44,"key":"Fruit Juice"},{"floor":45,"key":"Block Potion"},{"floor":46,"key":"SkillPotion"},{"floor":48,"key":"LiquidMemories"}],"is_trial":false,"path_per_floor":["M","?","M","M","M","E","R","E","T","R","E","M","R","E","R","B",null,"M","M","$","?","M","R","E","?","T","M","M","M","$","M","R","B",null,"M","?","?","M","$","E","M","R","T","M","M","M","M","M","R","B",null],"character_chosen":"IRONCLAD","items_purchased":["Shrug It Off","Evolve","Master of Strategy","Dark Embrace","True Grit"],"campfire_rested":2,"item_purchase_floors":[20,20,20,30,39],"current_hp_per_floor":[60,60,59,61,60,46,46,24,24,46,27,33,55,57,57,18,61,51,26,26,26,32,32,24,24,24,30,33,37,37,40,40,46,68,74,74,75,57,57,32,38,38,38,23,29,35,41,47,47,31],"gold":173,"neow_bonus":"RANDOM_COMMON_RELIC","is_daily":false,"chose_seed":false,"campfire_upgraded":6,"win_rate":0.0,"timestamp":1609698700,"path_taken":["M","?","M","M","?","E","R","E","T","R","E","M","R","E","R","BOSS","M","M","$","?","M","R","E","?","T","M","M","M","$","?","R","BOSS","M","?","?","M","$","E","M","R","T","M","?","M","M","M","R","BOSS"],"items_purchased_type":["Card","Card","Card","Card","Card"],"build_version":"2020-12-22","purchased_purges":2,"victory":true,"max_hp_per_floor":[75,75,75,75,75,75,75,75,75,75,75,75,75,75,75,75,75,75,75,75,75,75,75,75,75,75,75,75,75,75,75,75,75,75,75,75,75,75,75,75,75,75,75,80,80,80,80,80,80,80],"card_choices":[{"not_picked":["Body Slam","Clothesline"],"picked":"Wild Strike","floor":1.0},{"not_picked":["Iron Wave","Wild Strike"],"picked":"Perfected Strike","floor":3.0},{"not_picked":["Spot Weakness","Body Slam","Clash"],"picked":"SKIP","floor":4.0},{"not_picked":["True Grit","Thunderclap"],"picked":"Dropkick","floor":5.0},{"not_picked":["Sever Soul","Rupture"],"picked":"Second Wind","floor":6.0},{"not_picked":["Havoc","Blood for Blood"],"picked":"Metallicize","floor":8.0},{"not_picked":["Battle Trance","Seeing Red"],"picked":"Power Through","floor":11.0},{"not_picked":["Brutality","True Grit","Body Slam"],"picked":"SKIP","floor":12.0},{"not_picked":["Blood for Blood","Havoc"],"picked":"Seeing Red","floor":14.0},{"not_picked":["Brutality","Berserk"],"picked":"Barricade","floor":16.0},{"not_picked":["Heavy Blade","Thunderclap","Headbutt+1"],"picked":"SKIP","floor":18.0},{"not_picked":["Rage+1","Body Slam"],"picked":"Flame Barrier","floor":19.0},{"not_picked":["Thunderclap","Rage","Hemokinesis"],"picked":"SKIP","floor":22.0},{"not_picked":["Warcry","Flame Barrier"],"picked":"Pommel Strike","floor":24.0},{"not_picked":["Dual Wield","Whirlwind+1"],"picked":"Burning Pact","floor":27.0},{"not_picked":["Headbutt","Flame Barrier","Reckless Charge"],"picked":"SKIP","floor":28.0},{"not_picked":["Burning Pact","Rampage","Clothesline"],"picked":"SKIP","floor":29.0},{"not_picked":["True Grit","Blood for Blood","Uppercut"],"picked":"SKIP","floor":31.0},{"not_picked":["Armaments","Iron Wave"],"picked":"Body Slam","floor":35.0},{"not_picked":["Pommel Strike","Combust","True Grit"],"picked":"SKIP","floor":38.0},{"not_picked":["Twin Strike","Pummel+1","Thunderclap"],"picked":"SKIP","floor":40.0},{"not_picked":["Cleave","Warcry","Spot Weakness+1"],"picked":"SKIP","floor":41},{"not_picked":["Headbutt","Clothesline","Barricade"],"picked":"SKIP","floor":44},{"not_picked":["Searing Blow","Armaments","Shrug It Off"],"picked":"SKIP","floor":45},{"not_picked":["Sword Boomerang","Perfected Strike","Thunderclap+1"],"picked":"SKIP","floor":46},{"not_picked":["Rage","Pummel","Thunderclap"],"picked":"SKIP","floor":47},{"not_picked":["True Grit","Perfected Strike","Twin Strike+1"],"picked":"SKIP","floor":48}],"player_experience":883352,"relics_obtained":[{"floor":6.0,"key":"TungstenRod"},{"floor":8.0,"key":"PreservedInsect"},{"floor":9.0,"key":"StrikeDummy"},{"floor":11.0,"key":"Charon\u0027s Ashes"},{"floor":14.0,"key":"MawBank"},{"floor":24.0,"key":"Anchor"},{"floor":26.0,"key":"Pen Nib"},{"floor":40.0,"key":"Happy Flower"},{"floor":43,"key":"Shovel"}],"event_choices":[{"cards_removed":["Strike_R"],"damage_healed":0.0,"max_hp_gain":0.0,"max_hp_loss":0.0,"gold_gain":0.0,"event_name":"Bonfire Elementals","player_choice":"Offered Basic","floor":2.0,"gold_loss":0.0,"damage_taken":0.0},{"cards_removed":["Strike_R"],"damage_healed":0.0,"max_hp_gain":0.0,"max_hp_loss":0.0,"gold_gain":0.0,"event_name":"Back to Basics","player_choice":"Elegance","floor":21.0,"gold_loss":0.0,"damage_taken":0.0},{"damage_healed":0.0,"max_hp_gain":0.0,"max_hp_loss":0.0,"gold_gain":0.0,"event_name":"Match and Keep!","player_choice":"0 cards matched","floor":25.0,"gold_loss":0.0,"damage_taken":0.0,"cards_obtained":[]},{"cards_removed":["Dropkick"],"damage_healed":0.0,"max_hp_gain":0.0,"max_hp_loss":0.0,"gold_gain":0.0,"event_name":"Falling","player_choice":"Removed Attack","floor":36.0,"gold_loss":0.0,"damage_taken":0.0},{"damage_healed":1.0,"max_hp_gain":0.0,"max_hp_loss":0.0,"gold_gain":0.0,"event_name":"Wheel of Change","player_choice":"Full Heal","floor":37.0,"gold_loss":0.0,"damage_taken":0.0}],"is_beta":false,"boss_relics":[{"not_picked":["Tiny House","Astrolabe"],"picked":"Coffee Dripper"},{"not_picked":["Calling Bell","Busted Crown"],"picked":"Runic Pyramid"}],"items_purged_floors":[20,39],"is_endless":false,"potions_floor_spawned":[1,5,6,16,22,24,29,33,41,44,45,46,48],"ascension_level":19}}