{"host":"ty2cix8xj6r3ad26","time":1609714581,"event":{"mods":["AchievementEnabler","BaseMod","BetterRewards","Minty Spire (QoL Compilation)","StSLib","SuperFastMode"],"gold_per_floor":[116,116,66,83,9,9,35,63,63,63,78,78,78,178,178,277,277,297,297,8,8,8,8,8,40,40,71,71,105,117,17,17,112,112,132,132,150,200,211,238,238,273,273,273,301,312,312,312,312,312,312,312,12,44,44],"floor_reached":56,"playtime":4211,"items_purged":["Strike_G","Defend_G","Defend_G"],"score":1762,"play_id":"9ade19a7-e207-40c3-9a3c-fd1eb3c433f2","local_time":"20210104005621","is_ascension_mode":true,"campfire_choices":[{"data":"Footwork","floor":6,"key":"SMITH"},{"data":"Neutralize","floor":10,"key":"SMITH"},{"data":"Bouncing Flask","floor":13,"key":"SMITH"},{"data":"Caltrops","floor":15,"key":"SMITH"},{"data":"A Thousand Cuts","floor":23,"key":"SMITH"},{"data":"Footwork","floor":28,"key":"SMITH"},{"floor":32,"key":"RECALL"},{"floor":41,"key":"REST"},{"floor":47,"key":"REST"},{"floor":49,"key":"REST"},{"floor":52,"key":"REST"}],"circlet_count":0,"master_deck":["Defend_G+1","Survivor","Neutralize+1","Caltrops+1","Cloak And Dagger+1","Bouncing Flask+1","Footwork+1","Blade Dance+1","Dodge and Roll+1","A Thousand Cuts+1","Skewer+1","Doppelganger+1","Doppelganger+1","Footwork+1","Well Laid Plans","Blur+1","Prepared+1","Backflip+1","Envenom","Footwork","Noxious Fumes+1","Catalyst+1","Night Terror+1","Madness+1","Madness+1","Adrenaline+1","Mayhem","Leg Sweep+1"],"relics":["Ring of the Snake","Mummified Hand","Pocketwatch","Juzu Bracelet","Toxic Egg 2","The Specimen","Astrolabe","Pear","Nilry\u0027s Codex","Matryoshka","StoneCalendar","Happy Flower","Fusion Hammer","White Beast Statue","CaptainsWheel","Eternal Feather","StrikeDummy","War Paint","Ornamental Fan","Du-Vu Doll","Art of War"],"acts_visited":["Exordium","TheCity","TheBeyond","TheEnding"],"potions_floor_usage":[8,8,21,25,27,33,33,40,45,45,50,50,50,55],"damage_taken":[{"damage":1,"enemies":"Small Slimes","floor":1,"turns":3},{"damage":0,"enemies":"2 Louse","floor":4,"turns":4},{"damage":3,"enemies":"Gremlin Nob","floor":8,"turns":5},{"damage":1,"enemies":"Jaw Worm","floor":11,"turns":3},{"damage":6,"enemies":"The Guardian","floor":16,"turns":9},{"damage":0,"enemies":"3 Byrds","floor":18,"turns":3},{"damage":0,"enemies":"Gremlin Leader","floor":25,"turns":6},{"damage":18,"enemies":"Slavers","floor":27,"turns":4},{"damage":11,"enemies":"Gremlin Leader","floor":29,"turns":6},{"damage":7,"enemies":"2 Thieves","floor":30,"turns":4},{"damage":0,"enemies":"Automaton","floor":33,"turns":7},{"damage":0,"enemies":"3 Shapes","floor":35,"turns":2},{"damage":1,"enemies":"Orb Walker","floor":37,"turns":3},{"damage":0,"enemies":"Mind Bloom Boss Battle","floor":38,"turns":5},{"damage":0,"enemies":"Sphere and 2 Shapes","floor":39,"turns":4},{"damage":0,"enemies":"Nemesis","floor":40,"turns":3},{"damage":12,"enemies":"Giant Head","floor":42,"turns":7},{"damage":31,"enemies":"Nemesis","floor":45,"turns":5},{"damage":0,"enemies":"Spire Growth","floor":46,"turns":5},{"damage":41,"enemies":"Awakened One","floor":50,"turns":9},{"damage":51,"enemies":"Shield and Spear","floor":54,"turns":4},{"damage":27,"enemies":"The Heart","floor":55,"turns":9}],"seed_played":"-3092008205666678542","potions_obtained":[{"floor":16,"key":"Ancient Potion"},{"floor":21,"key":"Fruit Juice"},{"floor":21,"key":"DistilledChaos"},{"floor":21,"key":"SmokeBomb"},{"floor":27,"key":"CunningPotion"},{"floor":30,"key":"DuplicationPotion"},{"floor":37,"key":"LiquidMemories"},{"floor":38,"key":"LiquidBronze"},{"floor":39,"key":"Fire Potion"},{"floor":40,"key":"LiquidMemories"},{"floor":42,"key":"Poison Potion"},{"floor":45,"key":"SpeedPotion"},{"floor":46,"key":"SneckoOil"},{"floor":54,"key":"AttackPotion"}],"is_trial":false,"path_per_floor":["M","?","?","M","$","R","T","E","T","R","M","?","R","?","R","B",null,"M","?","$","?","?","R","?","E","T","E","R","E","M","$","R","B",null,"M","?","M","?","M","E","R","E","T","?","E","M","R","?","R","B",null,"R","$","E","B",null],"character_chosen":"THE_SILENT","items_purchased":["Mummified Hand","Caltrops","Juzu Bracelet","BlessingOfTheForge","Block Potion","Cloak And Dagger","Footwork","Well Laid Plans","Pear","Mayhem"],"campfire_rested":4,"item_purchase_floors":[0,0,0,0,0,0,5,20,20,53],"current_hp_per_floor":[30,53,53,53,53,53,53,50,50,50,49,42,42,42,42,36,62,62,49,59,64,48,48,48,48,48,30,30,19,12,12,12,12,71,71,71,70,70,70,70,90,78,78,67,36,36,78,78,90,49,80,90,90,39,12],"gold":44,"neow_bonus":"","is_daily":false,"chose_seed":false,"campfire_upgraded":6,"win_rate":0.0,"timestamp":1609714581,"path_taken":["M","?","?","M","?","R","?","E","T","R","M","?","R","?","R","BOSS","M","?","$","?","?","R","?","E","T","E","R","E","M","?","R","BOSS","M","?","M","?","M","E","R","E","T","?","E","M","R","?","R","BOSS","R","$","E","BOSS"],"items_purchased_type":["Relic","Card","Relic","Potion","Potion","Card","Card","Card","Relic","Card"],"build_version":"2020-12-22","purchased_purges":3,"victory":true,"max_hp_per_floor":[70,70,70,70,70,70,70,70,70,70,70,70,70,70,70,70,70,70,75,85,90,90,90,90,90,90,90,90,90,90,90,90,90,90,90,90,90,90,90,90,90,90,90,90,90,90,90,90,90,90,90,90,90,90,90],"card_choices":[{"not_picked":["Bane","Deflect"],"picked":"Bouncing Flask","floor":1},{"not_picked":["Underhanded Strike","Slice","Setup"],"picked":"SKIP","floor":4},{"not_picked":["Underhanded Strike","Dagger Spray"],"picked":"Blade Dance+1","floor":8},{"not_picked":["Flying Knee","Sucker Punch"],"picked":"Dodge and Roll+1","floor":11},{"not_picked":["Doppelganger+1","Storm of Steel+1"],"picked":"A Thousand Cuts","floor":16},{"not_picked":["Cloak And Dagger+1","Quick Slash"],"picked":"Footwork","floor":18},{"not_picked":["Leg Sweep+1","Dodge and Roll+1"],"picked":"Blur+1","floor":25},{"not_picked":["Flying Knee","Choke"],"picked":"Prepared+1","floor":27},{"not_picked":["Deadly Poison+1","Expertise+1"],"picked":"Backflip+1","floor":29},{"not_picked":["Underhanded Strike","All Out Attack","Deflect+1"],"picked":"SKIP","floor":30},{"not_picked":["Malaise+1","A Thousand Cuts"],"picked":"Envenom","floor":33},{"not_picked":["Sucker Punch","Slice+1"],"picked":"Footwork","floor":35},{"not_picked":["Prepared+1","Outmaneuver+1","Quick Slash+1"],"picked":"SKIP","floor":37},{"not_picked":["Caltrops","Blade Dance+1"],"picked":"Noxious Fumes+1","floor":38},{"not_picked":["Acrobatics+1","Blade Dance+1"],"picked":"Catalyst+1","floor":39},{"not_picked":["Cloak And Dagger+1","Underhanded Strike","Sucker Punch"],"picked":"SKIP","floor":40},{"not_picked":["Caltrops+1","Deadly Poison+1"],"picked":"Night Terror+1","floor":42},{"not_picked":["Acrobatics+1","Tactician+1"],"picked":"Adrenaline+1","floor":45},{"not_picked":["PiercingWail+1","Endless Agony+1","Dash+1"],"picked":"SKIP","floor":46},{"not_picked":["Backflip+1","Dodge and Roll+1"],"picked":"Leg Sweep+1","floor":54}],"player_experience":407041,"relics_obtained":[{"floor":8,"key":"Toxic Egg 2"},{"floor":9,"key":"The Specimen"},{"floor":22,"key":"Nilry\u0027s Codex"},{"floor":26,"key":"Matryoshka"},{"floor":27,"key":"StoneCalendar"},{"floor":29,"key":"Happy Flower"},{"floor":38,"key":"CaptainsWheel"},{"floor":40,"key":"Eternal Feather"},{"floor":42,"key":"StrikeDummy"},{"floor":43,"key":"War Paint"},{"floor":43,"key":"Ornamental Fan"},{"floor":45,"key":"Du-Vu Doll"},{"floor":54,"key":"Art of War"}],"event_choices":[{"damage_healed":23,"gold_gain":0,"player_choice":"Banana","damage_taken":0,"max_hp_gain":0,"max_hp_loss":0,"event_name":"Big Fish","floor":2,"gold_loss":0},{"cards_removed":["Strike_G"],"damage_healed":0,"gold_gain":0,"player_choice":"Card Removal","damage_taken":0,"max_hp_gain":0,"max_hp_loss":0,"event_name":"The Cleric","floor":3,"gold_loss":50},{"cards_removed":["Strike_G"],"damage_healed":0,"gold_gain":0,"player_choice":"Card Removal","damage_taken":7,"max_hp_gain":0,"max_hp_loss":0,"event_name":"Golden Wing","floor":12,"gold_loss":0},{"damage_healed":0,"gold_gain":100,"player_choice":"Gold","damage_taken":0,"max_hp_gain":0,"max_hp_loss":0,"event_name":"Wheel of Change","floor":14,"gold_loss":0},{"damage_healed":0,"gold_gain":0,"player_choice":"Shed Blood","damage_taken":18,"max_hp_gain":5,"max_hp_loss":0,"event_name":"Forgotten Altar","floor":19,"gold_loss":0},{"damage_healed":0,"gold_gain":0,"player_choice":"Got Potions","damage_taken":0,"max_hp_gain":0,"max_hp_loss":0,"event_name":"Lab","floor":21,"gold_loss":0},{"damage_healed":0,"gold_gain":0,"player_choice":"Obtained Book","damage_taken":16,"max_hp_gain":0,"max_hp_loss":0,"event_name":"Cursed Tome","floor":22,"gold_loss":0},{"damage_healed":0,"gold_gain":0,"player_choice":"Gave Potion","damage_taken":0,"relics_obtained":["White Beast Statue"],"max_hp_gain":0,"max_hp_loss":0,"event_name":"WeMeetAgain","floor":36,"gold_loss":0},{"damage_healed":0,"gold_gain":0,"player_choice":"Fight","damage_taken":0,"max_hp_gain":0,"max_hp_loss":0,"event_name":"MindBloom","floor":38,"gold_loss":0},{"damage_healed":0,"gold_gain":0,"player_choice":"Embrace Madness","damage_taken":11,"max_hp_gain":0,"max_hp_loss":0,"event_name":"Winding Halls","floor":44,"gold_loss":0,"cards_obtained":["Madness","Madness"]},{"cards_removed":["Defend_G"],"damage_healed":0,"gold_gain":0,"player_choice":"Removed Skill","damage_taken":0,"max_hp_gain":0,"max_hp_loss":0,"event_name":"Falling","floor":48,"gold_loss":0}],"is_beta":false,"boss_relics":[{"not_picked":["SacredBark","Coffee Dripper"],"picked":"Astrolabe"},{"not_picked":["Snecko Eye","Calling Bell"],"picked":"Fusion Hammer"}],"items_purged_floors":[0,31,53],"is_endless":false,"potions_floor_spawned":[16,27,30,37,38,39,40,42,45,46,54],"ascension_level":7}}