{"host":"dntw6kil9p09eemm","time":1609717553,"event":{"mods":["Alarm Clock","Aspiration","BaseMod","Downfall","Hermit","Hubris","Minty Spire (QoL Compilation)","Permanent Neow","Replay The Spire","Shop Mod","StSLib","The Runesmith"],"gold_per_floor":[99,112,59,71,87,117,117,117,117,117,42,73,85,95,107,219,219,144,171,195,217,4,4,4,18,18,18,18,115,40,58,75,188,188,188,201,225,225,225,231,231,251,251,251,270,270,293,312,330,330],"floor_reached":51,"playtime":3732,"items_purged":["hexamod:Strike","hexamod:Defend","hexamod:Strike"],"score":727,"play_id":"18c005e4-b6e5-4fc3-9a3e-19bcb1ba6110","local_time":"20210104084553","is_ascension_mode":true,"campfire_choices":[{"data":"hexamod:Float","floor":1.0,"key":"SMITH"},{"floor":8.0,"key":"REST"},{"floor":18.0,"key":"RECALL"},{"floor":27.0,"key":"REST"},{"data":"hexamod:ApocalypticArmor","floor":30.0,"key":"SMITH"},{"data":"hexamod:CatchUp","floor":35.0,"key":"SMITH"},{"floor":43.0,"key":"REST"},{"floor":46.0,"key":"REST"}],"circlet_count":0,"master_deck":["hexamod:Strike","hexamod:Strike","hexamod:Defend","hexamod:Sear","hexamod:Float+1","hexamod:VolcanoVisage","hexamod:SwordOfDarkness","hexamod:FirstSeal","hexamod:SwordOfDarkness","hexamod:FastForward+1","hexamod:AdvancingGuard","hexamod:CatchUp+1","hexamod:ApocalypticArmor+1","hexamod:SecondSeal","hexamod:EmpoweredFlame","hexamod:FastForward+1","hexamod:RadiantFlame","hexamod:GhostOfSpireFuture","hexamod:GhostflameBarrier","hexamod:TimeWarp","hexamod:PhantomFireball+1","hexamod:StepThrough","hexamod:SpectralAdrenaline","hexamod:FastForward+1","hexamod:EmpoweredFlame+1","Parasite"],"relics":["hexamod:SpiritBrand","The Courier","hubris:Towel","aspiration:FrozenJewel","hubris:VirtuousBlindfold","downfall:HeartBlessingGreen","MerchantsRug","Bronze Scales","downfall:HeartBlessingRed","SlaversCollar","hubris:SphereOfDissonance","Replay:Bottled Eggs"],"acts_visited":["Exordium","TheCity","TheBeyond"],"potions_floor_usage":[49,50],"damage_taken":[{"damage":1.0,"enemies":"Jaw Worm","floor":2.0,"turns":3.0},{"damage":0.0,"enemies":"downfall:FleeingMerchant","floor":3.0,"turns":4.0},{"damage":3.0,"enemies":"Small Slimes","floor":4.0,"turns":4.0},{"damage":0.0,"enemies":"2 Louse","floor":5.0,"turns":3.0},{"damage":30.0,"enemies":"3 Sentries","floor":6.0,"turns":6.0},{"damage":9.0,"enemies":"downfall:FleeingMerchant","floor":11.0,"turns":4.0},{"damage":15.0,"enemies":"Replay:BlueRogue","floor":12.0,"turns":4.0},{"damage":4.0,"enemies":"Large Slime","floor":13.0,"turns":3.0},{"damage":4.0,"enemies":"Exordium Wildlife","floor":14.0,"turns":4.0},{"damage":0.0,"enemies":"Blue Slaver","floor":15.0,"turns":3.0},{"damage":21.0,"enemies":"downfall:Silent","floor":16.0,"turns":8.0},{"damage":14.0,"enemies":"Spheric Guardian","floor":19.0,"turns":4.0},{"damage":0.0,"enemies":"3 Cultists","floor":20.0,"turns":5.0},{"damage":5.0,"enemies":"Sentry and Sphere","floor":21.0,"turns":6.0},{"damage":0.0,"enemies":"downfall:FleeingMerchant","floor":22.0,"turns":4.0},{"damage":26.0,"enemies":"Snake Plant","floor":25.0,"turns":3.0},{"damage":7.0,"enemies":"downfall:FleeingMerchant","floor":29.0,"turns":4.0},{"damage":7.0,"enemies":"Centurion and Healer","floor":31.0,"turns":6.0},{"damage":0.0,"enemies":"3 Cultists","floor":32.0,"turns":5.0},{"damage":23.0,"enemies":"downfall:Watcher","floor":33.0,"turns":8.0},{"damage":0.0,"enemies":"3 Darklings","floor":36.0,"turns":5.0},{"damage":0.0,"enemies":"Orb Walker","floor":37.0,"turns":4.0},{"damage":22.0,"enemies":"downfall:FleeingMerchant","floor":40.0,"turns":4.0},{"damage":23.0,"enemies":"Nemesis","floor":42.0,"turns":4.0},{"damage":32.0,"enemies":"Spire Growth","floor":45.0,"turns":4.0},{"damage":0.0,"enemies":"Maw","floor":47.0,"turns":7.0},{"damage":10.0,"enemies":"3 Darklings","floor":48.0,"turns":4.0},{"damage":10,"enemies":"Writhing Mass","floor":49,"turns":5},{"damage":23,"enemies":"downfall:Defect","floor":50,"turns":6}],"seed_played":"3455736829372769930","potions_obtained":[{"floor":2.0,"key":"Dexterity Potion"},{"floor":6.0,"key":"Energy Potion"},{"floor":12.0,"key":"SmokeBomb"},{"floor":14.0,"key":"SteroidPotion"},{"floor":20.0,"key":"SmokeBomb"},{"floor":21.0,"key":"Guardian:BlockOnCardUsePotion"},{"floor":23.0,"key":"CultistPotion"},{"floor":25.0,"key":"SteroidPotion"},{"floor":31.0,"key":"SneckoOil"},{"floor":45.0,"key":"Energy Potion"},{"floor":47.0,"key":"sneckomod:MuddlingPotion"},{"floor":49,"key":"Toxic Potion"}],"is_trial":false,"path_per_floor":["R","M","$","M","M","E","T","R","?","?","$","E","M","M","M","B",null,"R","M","M","M","$","?","T","M","?","R","?","$","R","M","M","B",null,"R","M","M","?","?","$","T","E","R","?","M","R","M","M","M","B",null],"character_chosen":"THE_SPIRIT","items_purchased":["hexamod:FirstSeal","MerchantsRug","hexamod:RadiantFlame","hexamod:StepThrough","hubris:SphereOfDissonance"],"campfire_rested":4,"item_purchase_floors":[3,22,22,40,40],"current_hp_per_floor":[63,62,62,63,63,40,40,58,58,58,56,41,44,47,54,33,63,63,56,63,63,63,63,63,37,37,55,55,55,55,55,62,39,63,63,63,63,63,63,48,48,25,43,43,18,36,43,40,37,21],"gold":330,"neow_bonus":"THREE_RARE_CARDS","is_daily":false,"chose_seed":false,"campfire_upgraded":3,"win_rate":0.0,"timestamp":1609717553,"path_taken":["R","M","$","M","M","E","T","R","?","?","$","E","M","M","M","BOSS","R","M","M","M","$","?","T","M","?","R","?","$","R","?","M","BOSS","R","M","M","?","?","$","T","E","R","?","?","R","M","M","M","BOSS"],"items_purchased_type":["Card","Relic","Card","Card","Relic"],"build_version":"2020-12-22","purchased_purges":3,"victory":true,"max_hp_per_floor":[63,63,63,63,63,63,63,63,63,63,63,63,63,63,63,63,63,63,63,63,63,63,63,63,63,63,63,63,63,63,63,63,63,63,63,63,63,63,63,63,63,63,63,63,63,63,63,63,63,63],"card_choices":[{"not_picked":["hexamod:UnlimitedPower","hexamod:EmpoweringStance"],"picked":"hexamod:VolcanoVisage","floor":0.0},{"not_picked":["hexamod:HeatMetal","hexamod:GhostLash","hexamod:NightmareGuise"],"picked":"SKIP","floor":2.0},{"not_picked":["hexamod:Haunt","hexamod:Incineration"],"picked":"hexamod:SwordOfDarkness","floor":3.0},{"not_picked":["hexamod:BurningTouch","hexamod:Hexaguard"],"picked":"hexamod:SwordOfDarkness","floor":4.0},{"not_picked":["hexamod:NecessarySacrifice","hexamod:Rewind"],"picked":"hexamod:FastForward","floor":5.0},{"not_picked":["hexamod:GhostShield","hexamod:RetreatToShadows","hexamod:BacktrackSmack"],"picked":"SKIP","floor":6.0},{"not_picked":["hexamod:NightmareGuise","hexamod:Firestarter","hexamod:PhantomCloak"],"picked":"SKIP","floor":11.0},{"not_picked":["hexamod:SwordOfDarkness","hexamod:Rewind"],"picked":"hexamod:AdvancingGuard","floor":12.0},{"not_picked":["hexamod:BurningTouch","hexamod:HeatCrush"],"picked":"hexamod:CatchUp","floor":13.0},{"not_picked":["hexamod:EmpoweredFlame","hexamod:RecurringNightmare"],"picked":"hexamod:ApocalypticArmor","floor":14.0},{"not_picked":["hexamod:SpectersWail","hexamod:HauntingEcho"],"picked":"hexamod:SecondSeal","floor":15.0},{"not_picked":["hexamod:SwordOfDarkness","hexamod:InspiringFlames+1","hexamod:ChargedBarrage"],"picked":"SKIP","floor":19.0},{"not_picked":["hexamod:Hexaguard","hexamod:Haunt","hexamod:GhostOfSpirePast"],"picked":"SKIP","floor":20.0},{"not_picked":["hexamod:NightmareStrike","hexamod:Rewind"],"picked":"hexamod:EmpoweredFlame","floor":21.0},{"not_picked":["hexamod:Firestarter+1","hexamod:Toasty"],"picked":"hexamod:FastForward","floor":22.0},{"not_picked":["hexamod:RetreatToShadows","hexamod:HeatCrush","hexamod:RainOfEmbers"],"picked":"SKIP","floor":25.0},{"not_picked":["hexamod:FastForward","hexamod:HeatMetal"],"picked":"hexamod:GhostOfSpireFuture","floor":29.0},{"not_picked":["hexamod:GhostOfSpireFuture","hexamod:HauntingEcho","hexamod:FastForward+1"],"picked":"SKIP","floor":31.0},{"not_picked":["hexamod:SwordOfDarkness","hexamod:HauntingEcho"],"picked":"hexamod:GhostflameBarrier","floor":32.0},{"not_picked":["hexamod:GhostflameInferno","hexamod:EmpoweringStance"],"picked":"hexamod:TimeWarp","floor":33.0},{"not_picked":["hexamod:HeatShield","hexamod:Firestarter+1"],"picked":"hexamod:PhantomFireball+1","floor":36.0},{"not_picked":["hexamod:HauntingEcho","hexamod:NightmareGuise+1","hexamod:ChargedBarrage"],"picked":"SKIP","floor":37.0},{"not_picked":["hexamod:Firestarter","hexamod:PhantomCloak","hexamod:GhostOfSpireFuture+1"],"picked":"SKIP","floor":42.0},{"not_picked":["hexamod:InspiringFlames+1","hexamod:AdvancingGuard+1"],"picked":"hexamod:FastForward+1","floor":45.0},{"not_picked":["hexamod:HauntingEcho+1","hexamod:InspiringFlames+1"],"picked":"hexamod:EmpoweredFlame+1","floor":47.0},{"not_picked":["hexamod:PhantomCloak","hexamod:Firestarter","hexamod:Haunt+1"],"picked":"SKIP","floor":48.0},{"not_picked":["hexamod:ParanormalForm","hexamod:Firestarter+1","hexamod:ChargedBarrage+1"],"picked":"SKIP","floor":49}],"player_experience":543542,"relics_obtained":[{"floor":6.0,"key":"hubris:DeckOfHolding"},{"floor":7.0,"key":"The Courier"},{"floor":12.0,"key":"aspiration:FrozenJewel"},{"floor":24.0,"key":"Bronze Scales"},{"floor":41.0,"key":"Replay:Bottled Eggs"}],"event_choices":[{"cards_removed":["hexamod:Defend"],"damage_healed":0.0,"max_hp_gain":0.0,"max_hp_loss":0.0,"gold_gain":0.0,"event_name":"The Cleric","player_choice":"Card Removal","floor":10.0,"gold_loss":0.0,"damage_taken":0.0},{"damage_healed":0.0,"max_hp_gain":0.0,"max_hp_loss":0.0,"gold_gain":0.0,"cards_transformed":["hexamod:Defend"],"event_name":"Transmorgrifier","player_choice":"Transformed","floor":44.0,"gold_loss":0.0,"damage_taken":0.0,"cards_obtained":["hexamod:SpectralAdrenaline"]}],"is_beta":false,"boss_relics":[{"not_picked":["aspiration:SilentSkillbook","hubris:ScarierMask"],"picked":"hubris:VirtuousBlindfold"},{"not_picked":["Ring of Chaos","Tiny House"],"picked":"SlaversCollar"}],"items_purged_floors":[11,22,40],"is_endless":false,"potions_floor_spawned":[2,6,12,14,15,20,21,25,31,45,47,49],"ascension_level":2}}