{"host":"640uue19m79c7wbt","time":1609637815,"event":{"mods":["BaseMod","Colored Map","Googly Eyes","Highlight Path","Minty Spire (QoL Compilation)","Quick Restart","StSLib"],"gold_per_floor":[116,136,86,113,130,143,22,56,56,70,70,89,56,67,67,169,219,232,243,243,269,286,286,320,333,358,46,57,76,76,53,53,148,148,166,166,166],"floor_reached":36,"playtime":1903,"items_purged":["Strike_G"],"score":504,"play_id":"11d3d299-a596-4db9-b9f0-018351696c6d","local_time":"20210102203655","is_ascension_mode":true,"campfire_choices":[{"floor":11.0,"key":"REST"},{"floor":15.0,"key":"REST"},{"floor":23.0,"key":"REST"},{"floor":30.0,"key":"REST"},{"floor":32.0,"key":"REST"}],"circlet_count":0,"master_deck":["Strike_G","Strike_G","Strike_G","Defend_G","Defend_G","Defend_G","Defend_G","Survivor","Neutralize","Leg Sweep+1","Bullet Time","Finisher","Cloak And Dagger","Endless Agony","Blur","PiercingWail","Dash","Backstab","Bouncing Flask","Bouncing Flask","Bullet Time","Night Terror","Predator","Dagger Throw+1","Escape Plan","Well Laid Plans+1","Catalyst","Tools of the Trade+1","Crippling Poison","Underhanded Strike","Corpse Explosion","Blur+1"],"relics":["Ring of the Snake","Potion Belt","MealTicket","Paper Crane","Tiny House","Red Mask","Frozen Egg 2","Lantern","PreservedInsect","HoveringKite"],"acts_visited":["Exordium","TheCity","TheBeyond"],"potions_floor_usage":[36],"damage_taken":[{"damage":0.0,"enemies":"Small Slimes","floor":1.0,"turns":4.0},{"damage":6.0,"enemies":"Jaw Worm","floor":2.0,"turns":4.0},{"damage":6.0,"enemies":"Cultist","floor":5.0,"turns":4.0},{"damage":0.0,"enemies":"Blue Slaver","floor":6.0,"turns":6.0},{"damage":49.0,"enemies":"Lagavulin","floor":8.0,"turns":10.0},{"damage":0.0,"enemies":"2 Fungi Beasts","floor":10.0,"turns":2.0},{"damage":0.0,"enemies":"Gremlin Gang","floor":12.0,"turns":3.0},{"damage":0.0,"enemies":"Large Slime","floor":14.0,"turns":4.0},{"damage":7.0,"enemies":"Hexaghost","floor":16.0,"turns":10.0},{"damage":31.0,"enemies":"2 Thieves","floor":18.0,"turns":4.0},{"damage":16.0,"enemies":"Spheric Guardian","floor":19.0,"turns":4.0},{"damage":5.0,"enemies":"Masked Bandits","floor":21.0,"turns":6.0},{"damage":0.0,"enemies":"Snecko","floor":22.0,"turns":5.0},{"damage":17.0,"enemies":"Book of Stabbing","floor":24.0,"turns":4.0},{"damage":20.0,"enemies":"Chosen and Byrds","floor":25.0,"turns":7.0},{"damage":0.0,"enemies":"Snake Plant","floor":28.0,"turns":4.0},{"damage":16.0,"enemies":"Shelled Parasite and Fungi","floor":29.0,"turns":7.0},{"damage":70.0,"enemies":"Collector","floor":33.0,"turns":10.0},{"damage":3.0,"enemies":"3 Darklings","floor":35.0,"turns":2.0},{"damage":62,"enemies":"2 Orb Walkers","floor":36,"turns":3}],"seed_played":"-4407268337367528778","potions_obtained":[{"floor":1.0,"key":"Fire Potion"},{"floor":8.0,"key":"Ancient Potion"},{"floor":10.0,"key":"Fire Potion"},{"floor":12.0,"key":"ColorlessPotion"},{"floor":16.0,"key":"FairyPotion"},{"floor":17.0,"key":"LiquidMemories"},{"floor":18.0,"key":"Weak Potion"},{"floor":22.0,"key":"EssenceOfSteel"},{"floor":25.0,"key":"EssenceOfSteel"},{"floor":33.0,"key":"GamblersBrew"}],"is_trial":false,"path_per_floor":["M","M","?","T","M","M","$","E","T","M","R","M","$","M","R","B",null,"M","M","?","?","M","R","E","M","T","$","M","M","R","$","R","B",null,"M","?"],"character_chosen":"THE_SILENT","items_purchased":["PiercingWail","Bouncing Flask","Tools of the Trade+1","PreservedInsect","Underhanded Strike"],"campfire_rested":5,"item_purchase_floors":[7,13,27,27,31],"current_hp_per_floor":[63,57,57,57,51,51,51,2,2,2,23,23,38,38,59,52,71,40,24,24,19,19,41,24,4,4,19,19,3,25,40,62,18,61,58,0,0],"gold":166,"neow_bonus":"TRANSFORM_TWO_CARDS","is_daily":false,"chose_seed":false,"campfire_upgraded":0,"win_rate":0.0,"timestamp":1609637815,"path_taken":["M","M","?","?","M","M","$","E","T","M","R","M","$","M","R","BOSS","M","M","?","?","M","R","E","M","T","$","M","M","R","$","R","BOSS","M","?"],"items_purchased_type":["Card","Card","Card","Relic","Card"],"build_version":"2020-12-22","purchased_purges":1,"victory":false,"max_hp_per_floor":[70,70,70,70,70,70,70,70,70,70,70,70,70,70,70,70,75,75,75,75,75,75,75,75,75,75,75,75,75,75,75,75,75,75,75,75,75],"card_choices":[{"not_picked":["Acrobatics","Footwork"],"picked":"Finisher","floor":1.0},{"not_picked":["Quick Slash","Dagger Throw"],"picked":"Cloak And Dagger","floor":2.0},{"not_picked":["Setup","Heel Hook"],"picked":"Endless Agony","floor":5.0},{"not_picked":["Cloak And Dagger","Leg Sweep"],"picked":"Blur","floor":6.0},{"not_picked":["Flechettes","Dodge and Roll"],"picked":"Dash","floor":8.0},{"not_picked":["Poisoned Stab","Escape Plan"],"picked":"Backstab","floor":10.0},{"not_picked":["Flying Knee","Deadly Poison"],"picked":"Bouncing Flask","floor":12.0},{"not_picked":["Blade Dance","Deflect"],"picked":"Bullet Time","floor":14.0},{"not_picked":["A Thousand Cuts","Wraith Form v2"],"picked":"Night Terror","floor":16.0},{"not_picked":["Skewer","Cloak And Dagger"],"picked":"Predator","floor":17.0},{"not_picked":["Acrobatics","Backflip"],"picked":"Dagger Throw+1","floor":18.0},{"not_picked":["Poisoned Stab","Dodge and Roll","Flying Knee"],"picked":"SKIP","floor":19.0},{"not_picked":["PiercingWail","Slice"],"picked":"Escape Plan","floor":21.0},{"not_picked":["Slice","Deflect","All Out Attack"],"picked":"SKIP","floor":22.0},{"not_picked":["Heel Hook","Glass Knife"],"picked":"Well Laid Plans+1","floor":24.0},{"not_picked":["Deflect","Poisoned Stab"],"picked":"Catalyst","floor":25.0},{"not_picked":["Deadly Poison","Blade Dance","Storm of Steel"],"picked":"SKIP","floor":28.0},{"not_picked":["Backflip","Dodge and Roll+1"],"picked":"Crippling Poison","floor":29.0},{"not_picked":["Burst","Grand Finale"],"picked":"Corpse Explosion","floor":33.0},{"not_picked":["Blade Dance","Deflect+1"],"picked":"Blur+1","floor":35.0}],"player_experience":558736,"relics_obtained":[{"floor":4.0,"key":"Potion Belt"},{"floor":8.0,"key":"MealTicket"},{"floor":9.0,"key":"Paper Crane"},{"floor":21.0,"key":"Red Mask"},{"floor":24.0,"key":"Frozen Egg 2"},{"floor":26.0,"key":"Lantern"}],"event_choices":[{"cards_removed":["Decay"],"damage_healed":0.0,"max_hp_gain":0.0,"max_hp_loss":0.0,"gold_gain":0.0,"event_name":"The Cleric","player_choice":"Card Removal","floor":3.0,"gold_loss":50.0,"damage_taken":0.0},{"damage_healed":0.0,"max_hp_gain":0.0,"max_hp_loss":0.0,"gold_gain":0.0,"event_name":"Vampires","player_choice":"Ignored","floor":20.0,"gold_loss":0.0,"damage_taken":0.0},{"damage_healed":0.0,"max_hp_gain":0.0,"max_hp_loss":0.0,"gold_gain":0.0,"event_name":"Masked Bandits","player_choice":"Fought Bandits","floor":21.0,"gold_loss":0.0,"damage_taken":0.0},{"damage_healed":0,"gold_gain":0,"player_choice":"Fight","damage_taken":0,"max_hp_gain":0,"max_hp_loss":0,"event_name":"Mysterious Sphere","floor":36,"gold_loss":0}],"is_beta":false,"boss_relics":[{"not_picked":["Cursed Key","Ectoplasm"],"picked":"Tiny House"},{"not_picked":["SacredBark","Coffee Dripper"],"picked":"HoveringKite"}],"items_purged_floors":[7],"is_endless":false,"potions_floor_spawned":[1,8,10,12,16,18,22,25,33],"killed_by":"2 Orb Walkers","ascension_level":6}}