{"host":"q8niu1x2pgv94o1d","time":1609669765,"event":{"mods":["AchievementEnabler","BaseMod","Colored Map","Colored Powertips","Minty Spire (QoL Compilation)","StSLib"],"gold_per_floor":[115,130,147,147,147,147,173,56,56,56,56,72,72,92,92,167,167,177,177,197,197,412,412,412,412],"floor_reached":24,"playtime":1472,"items_purged":["Strike_G"],"score":388,"play_id":"3a16b9c7-d5b2-498d-bb07-457c06af4707","local_time":"20210103112925","is_ascension_mode":true,"campfire_choices":[{"data":"Blade Dance","floor":6.0,"key":"SMITH"},{"floor":11.0,"key":"REST"},{"data":"Accuracy","floor":13.0,"key":"SMITH"},{"floor":15.0,"key":"REST"},{"floor":23,"key":"REST"}],"circlet_count":0,"master_deck":["AscendersBane","Strike_G","Strike_G","Strike_G","Defend_G","Defend_G","Defend_G","Defend_G","Defend_G","Survivor","Neutralize","Deadly Poison","Blade Dance+1","Dagger Throw","Calculated Gamble","Accuracy+1","Prepared","After Image","Backstab","Malaise","Cloak And Dagger","Noxious Fumes","Infinite Blades"],"relics":["Ring of the Snake","NeowsBlessing","Juzu Bracelet","Dream Catcher","Matryoshka","Philosopher\u0027s Stone","Old Coin"],"acts_visited":["Exordium","TheCity"],"potions_floor_usage":[20],"damage_taken":[{"damage":0.0,"enemies":"Cultist","floor":1.0,"turns":1.0},{"damage":0.0,"enemies":"2 Louse","floor":2.0,"turns":1.0},{"damage":0.0,"enemies":"Small Slimes","floor":3.0,"turns":1.0},{"damage":46.0,"enemies":"Lagavulin","floor":7.0,"turns":10.0},{"damage":17.0,"enemies":"Exordium Wildlife","floor":12.0,"turns":5.0},{"damage":7.0,"enemies":"Large Slime","floor":14.0,"turns":4.0},{"damage":35.0,"enemies":"Slime Boss","floor":16.0,"turns":12.0},{"damage":9.0,"enemies":"Shell Parasite","floor":18.0,"turns":6.0},{"damage":12,"enemies":"2 Thieves","floor":20,"turns":5},{"damage":41,"enemies":"Gremlin Leader","floor":24,"turns":5}],"seed_played":"-5743444592039367885","potions_obtained":[{"floor":3.0,"key":"FairyPotion"},{"floor":7.0,"key":"Poison Potion"},{"floor":16.0,"key":"SkillPotion"}],"is_trial":false,"path_per_floor":["M","M","M","?","?","R","E","$","T","$","R","M","R","M","R","B",null,"M","?","M","?","?","R","E"],"character_chosen":"THE_SILENT","items_purchased":["Accuracy"],"campfire_rested":3,"item_purchase_floors":[8],"current_hp_per_floor":[59,59,59,52,47,47,1,1,1,1,20,3,3,19,38,3,50,41,23,11,11,11,32,0,0],"gold":412,"neow_bonus":"THREE_ENEMY_KILL","is_daily":false,"chose_seed":false,"campfire_upgraded":2,"win_rate":0.0,"timestamp":1609669765,"path_taken":["M","?","M","?","?","R","E","?","T","$","R","M","R","M","R","BOSS","M","?","M","?","?","R","E"],"items_purchased_type":["Card"],"build_version":"2020-12-22","purchased_purges":1,"victory":false,"max_hp_per_floor":[66,66,66,66,66,66,66,66,66,66,66,66,66,66,66,66,66,66,71,71,71,71,71,71,71],"card_choices":[{"not_picked":["Calculated Gamble","Bane"],"picked":"Deadly Poison","floor":1.0},{"not_picked":["Concentrate","Flying Knee"],"picked":"Blade Dance","floor":2.0},{"not_picked":["Setup","Doppelganger"],"picked":"Dagger Throw","floor":3.0},{"not_picked":["Deadly Poison","Acrobatics"],"picked":"Calculated Gamble","floor":7.0},{"not_picked":["Underhanded Strike","Deadly Poison"],"picked":"Prepared","floor":11.0},{"not_picked":["Prepared","Slice","Dodge and Roll"],"picked":"SKIP","floor":12.0},{"not_picked":["Acrobatics","Deadly Poison"],"picked":"After Image","floor":14.0},{"not_picked":["Sucker Punch","Choke"],"picked":"Backstab","floor":15.0},{"not_picked":["Envenom","A Thousand Cuts"],"picked":"Malaise","floor":16.0},{"not_picked":["Underhanded Strike","Dodge and Roll"],"picked":"Cloak And Dagger","floor":18.0},{"not_picked":["Acrobatics","Poisoned Stab"],"picked":"Noxious Fumes","floor":20},{"not_picked":["Poisoned Stab","Deflect"],"picked":"Infinite Blades","floor":23}],"player_experience":1733065,"relics_obtained":[{"floor":7.0,"key":"Dream Catcher"},{"floor":9.0,"key":"Matryoshka"}],"event_choices":[{"cards_removed":["Strike_G"],"damage_healed":0.0,"max_hp_gain":0.0,"max_hp_loss":0.0,"gold_gain":0.0,"event_name":"Golden Wing","player_choice":"Card Removal","floor":4.0,"gold_loss":0.0,"damage_taken":7.0},{"damage_healed":0.0,"max_hp_gain":0.0,"max_hp_loss":0.0,"gold_gain":0.0,"event_name":"Scrap Ooze","player_choice":"Success","floor":5.0,"gold_loss":0.0,"damage_taken":5.0,"relics_obtained":["Juzu Bracelet"]},{"damage_healed":0.0,"max_hp_gain":5.0,"max_hp_loss":0.0,"gold_gain":0.0,"event_name":"Forgotten Altar","player_choice":"Shed Blood","floor":19.0,"gold_loss":0.0,"damage_taken":23.0},{"damage_healed":0,"gold_gain":0,"player_choice":"Ignored","damage_taken":0,"max_hp_gain":0,"max_hp_loss":0,"event_name":"N\u0027loth","floor":21,"gold_loss":0},{"damage_healed":0,"gold_gain":0,"player_choice":"Obtained Relic","damage_taken":0,"relics_obtained":["Old Coin"],"max_hp_gain":0,"max_hp_loss":0,"event_name":"Addict","floor":22,"gold_loss":85}],"is_beta":false,"boss_relics":[{"not_picked":["Black Star","Fusion Hammer"],"picked":"Philosopher\u0027s Stone"}],"items_purged_floors":[8],"is_endless":false,"potions_floor_spawned":[3,7,16],"killed_by":"Gremlin Leader","ascension_level":20}}