{"host":"aryqrlgvv7cx3d7m","time":1609692025,"event":{"mods":["AchievementEnabler","BaseMod","Downfall","GungeonMod","Hermit","Infinite Spire","Jorbs\u0027s Wanderer Trilogy","KinomotoSakuraMod(????)","Koishi","Lobotomy","Marisa????????","Minty Spire (QoL Compilation)","Reimu??????","Remilia??????","Replay The Spire","StSLib","Td1madao Mod","The Administrix","The Animator","The Construct","The Cursed","The Disciple","The Hierophant","The IronCluck","The Necromancer","The Poker Player","The Runesmith","The Servant 0.9.4"],"gold_per_floor":[363,363,415,5,17,17,44,44,44,44,44,71,71,71,71,171,171,186,186,206,206,206,220,238,238,309,322,332,332,332,344,344,442,442,459,509,509,526,546,546,546,548,618,34,34,62,85,91,91],"floor_reached":48,"playtime":3020,"items_purged":[],"score":553,"play_id":"6aecf435-223f-419c-9862-2ba8f5817c24","local_time":"20210103114025","is_ascension_mode":false,"campfire_choices":[{"data":"expansioncontent:DefensiveMode","floor":6,"key":"SMITH"},{"data":"Dagger Throw","floor":8,"key":"SMITH"},{"data":"Backstab","floor":10,"key":"SMITH"},{"floor":15,"key":"REST"},{"floor":25,"key":"REST"},{"data":"infinitespire:Oblivion","floor":29,"key":"SMITH"},{"floor":40,"key":"REST"},{"floor":45,"key":"REST"}],"circlet_count":0,"master_deck":["Strike_G+1","Strike_G+1","Strike_G+1","Strike_G+1","Strike_G+1","Defend_G+1","Defend_G+1","Defend_G+1","Defend_G+1","Defend_G+1","Survivor","Neutralize","construct:Defend_Gold+1","animator:Strike+1","Blade Dance","Slice","expansioncontent:DefensiveMode+1","Deadly Poison","Backstab+1","Dagger Throw+1","Slice","infinitespire:Oblivion+1","Storm of Steel","PiercingWail+1","Tactician","Amnesia","Sucker Punch","Toxin Wave","ReplayTheSpireMod:Shiv Toss+1","Dodge and Roll+1","Underhanded Strike+1","infinitespire:Neurotoxin","Slice","Adrenaline","Backstab+1","Sucker Punch","Hidden Blade+1","Madness","Madness","Slice","Backstab","Well Laid Plans","Blade Dance+1","Expertise+1"],"relics":["m_TsuchinokoRing","infinitespire:Cubic Diamond","Toy Ornithopter","Replay:Bottled Steam","Odd Mushroom","infinitespire:Midas Blood","Iron Hammer","Durian","construct:WeddingRing","ReplayTheSpireMod:Ring of Addiction","SacredBark","Chameleon Ring","Quantum Egg","Velvet Choker","DemoMod:Orange","HornCleat","DemoMod:MeltedRock","Potion Belt","Regal Pillow"],"acts_visited":["Exordium","TheCity","TheBeyond"],"potions_floor_usage":[24,28,31,33,33,36,39,47,48],"damage_taken":[{"damage":0,"enemies":"Jaw Worm","floor":1,"turns":7},{"damage":0,"enemies":"Cultist","floor":5,"turns":4},{"damage":4,"enemies":"The Mushroom Lair","floor":7,"turns":5},{"damage":2,"enemies":"Lagavulin","floor":12,"turns":6},{"damage":23,"enemies":"Hexaghost","floor":16,"turns":9},{"damage":2,"enemies":"3 Byrds","floor":18,"turns":4},{"damage":0,"enemies":"Chosen","floor":20,"turns":3},{"damage":5,"enemies":"3 Cultists","floor":23,"turns":6},{"damage":0,"enemies":"Cultist and Chosen","floor":24,"turns":4},{"damage":10,"enemies":"Snake Plant","floor":27,"turns":2},{"damage":0,"enemies":"Chosen and Byrds","floor":28,"turns":5},{"damage":0,"enemies":"3 Cultists","floor":31,"turns":6},{"damage":46,"enemies":"Collector","floor":33,"turns":5},{"damage":16,"enemies":"3 Shapes","floor":35,"turns":2},{"damage":0,"enemies":"Mind Bloom Boss Battle","floor":36,"turns":6},{"damage":6,"enemies":"Orb Walker","floor":38,"turns":3},{"damage":30,"enemies":"3 Darklings","floor":39,"turns":5},{"damage":21,"enemies":"4 Shapes","floor":46,"turns":5},{"damage":45,"enemies":"Maw","floor":47,"turns":8},{"damage":40,"enemies":"Nightmare","floor":48,"turns":7}],"seed_played":"8979473231461593824","potions_obtained":[{"floor":5,"key":"ZuzhouPotion:ReiMu"},{"floor":12,"key":"PowerPotion"},{"floor":16,"key":"SteroidPotion"},{"floor":18,"key":"Regen Potion"},{"floor":21,"key":"Fire Potion"},{"floor":28,"key":"sneckomod:MuddlingPotion"},{"floor":32,"key":"DuplicationPotion"},{"floor":32,"key":"Death Potion"},{"floor":33,"key":"Strength Potion"},{"floor":38,"key":"LiquidBronze"},{"floor":39,"key":"AttackPotion"},{"floor":47,"key":"Energy Potion"}],"is_trial":false,"path_per_floor":["M","?","T","$","M","R","?","R","T","R","?","E","?","?","R","B",null,"M","?","M","?","?","M","M","R","T","M","M","R","?","M","R","B",null,"M","?","?","M","M","R","T","?","T","$","R","M","M","NM"],"character_chosen":"THE_SILENT","items_purchased":["Slice","Replay:Bottled Steam","expansioncontent:DefensiveMode","Deadly Poison","Potion Belt","Regal Pillow","BlessingOfTheForge","Milkshake","Slice","Backstab","Well Laid Plans"],"campfire_rested":4,"item_purchase_floors":[4,4,4,4,44,44,44,44,44,44,44],"current_hp_per_floor":[70,70,70,70,70,70,66,66,66,66,71,69,52,57,80,57,80,78,78,78,78,63,58,63,85,85,75,80,80,80,83,83,74,83,67,84,84,78,53,81,81,69,69,69,93,70,30,0,0],"gold":91,"neow_bonus":"TWO_FIFTY_GOLD","is_daily":false,"chose_seed":false,"campfire_upgraded":4,"win_rate":0.0,"timestamp":1609692025,"path_taken":["M","?","?","?","M","R","?","R","T","R","?","E","?","?","R","BOSS","M","?","M","?","?","M","M","R","T","M","M","R","?","M","R","BOSS","M","?","?","?","M","R","?","?","T","?","R","M","M","NM"],"items_purchased_type":["Card","Relic","Card","Card","Relic","Relic","Potion","Potion","Card","Card","Card"],"build_version":"2020-12-22","purchased_purges":0,"victory":false,"max_hp_per_floor":[70,70,70,70,70,70,70,70,70,70,75,75,75,80,80,80,80,80,80,80,80,85,85,85,85,85,85,83,83,83,83,83,83,83,83,95,95,95,95,95,95,95,93,93,93,91,91,91,91],"card_choices":[{"not_picked":["Quick Slash","Sucker Punch"],"picked":"Blade Dance","floor":1},{"not_picked":["Backflip","Die Die Die"],"picked":"Backstab","floor":5},{"not_picked":["Prepared","Finisher"],"picked":"Dagger Throw","floor":7},{"not_picked":["Blade Dance","Replay:Bag of Tricks"],"picked":"Slice","floor":12},{"not_picked":["infinitespire:Execution","infinitespire:NeuralNetwork"],"picked":"infinitespire:Oblivion","floor":13},{"not_picked":["ReplayTheSpireMod:From All Sides","A Thousand Cuts"],"picked":"Storm of Steel","floor":16},{"not_picked":["Dagger Throw","Deadly Poison"],"picked":"PiercingWail+1","floor":18},{"not_picked":["Poisoned Stab","Footwork"],"picked":"Tactician","floor":20},{"not_picked":["Reflex","Prepared"],"picked":"Sucker Punch","floor":23},{"not_picked":["Phantasmal Killer","PiercingWail"],"picked":"Toxin Wave","floor":24},{"not_picked":["Hidden Blade","ReplayTheSpireMod:The Works"],"picked":"ReplayTheSpireMod:Shiv Toss+1","floor":27},{"not_picked":["Leg Sweep","Replay:Poison Smokescreen"],"picked":"Dodge and Roll+1","floor":28},{"not_picked":["Footwork","Outmaneuver+1"],"picked":"Underhanded Strike+1","floor":31},{"not_picked":["Doppelganger","Poison Darts"],"picked":"infinitespire:Neurotoxin","floor":33},{"not_picked":["PiercingWail","Dagger Throw+1"],"picked":"Slice","floor":35},{"not_picked":["Hidden Blade+1","Dodge and Roll+1"],"picked":"Adrenaline","floor":36},{"not_picked":["Catalyst","Dagger Throw"],"picked":"Sucker Punch","floor":38},{"not_picked":["Dodge and Roll+1","ReplayTheSpireMod:Exploit Weakness"],"picked":"Hidden Blade+1","floor":39},{"not_picked":["Deadly Poison","Flying Knee+1"],"picked":"Blade Dance+1","floor":46},{"not_picked":["Dash","Unload"],"picked":"Expertise+1","floor":47}],"player_experience":19619,"relics_obtained":[{"floor":3,"key":"Toy Ornithopter"},{"floor":7,"key":"Odd Mushroom"},{"floor":9,"key":"DemoMod:WeirdEgg"},{"floor":12,"key":"Iron Hammer"},{"floor":21,"key":"ReplayTheSpireMod:Ring of Addiction"},{"floor":21,"key":"SacredBark"},{"floor":21,"key":"Chameleon Ring"},{"floor":26,"key":"Quantum Egg"},{"floor":36,"key":"DemoMod:Orange"},{"floor":41,"key":"HornCleat"},{"floor":43,"key":"DemoMod:MeltedRock"}],"event_choices":[{"damage_healed":0,"gold_gain":0,"player_choice":"Fought Mushrooms","damage_taken":0,"max_hp_gain":0,"max_hp_loss":0,"event_name":"Mushrooms","floor":7,"gold_loss":0},{"damage_healed":0,"gold_gain":0,"player_choice":"Donut","damage_taken":0,"max_hp_gain":5,"max_hp_loss":0,"event_name":"Big Fish","floor":11,"gold_loss":0},{"damage_healed":0,"gold_gain":0,"player_choice":"Gave Potion","damage_taken":0,"relics_obtained":["Durian"],"max_hp_gain":0,"max_hp_loss":0,"event_name":"WeMeetAgain","floor":14,"gold_loss":0},{"damage_healed":0,"gold_gain":0,"player_choice":"Simplicity","damage_taken":0,"max_hp_gain":0,"max_hp_loss":0,"event_name":"Back to Basics","floor":19,"gold_loss":0,"cards_upgraded":["Strike_G","Strike_G","Strike_G","Strike_G","Strike_G","Defend_G","Defend_G","Defend_G","Defend_G","Defend_G","construct:Defend_Gold","animator:Strike"]},{"damage_healed":0,"gold_gain":0,"player_choice":"Shed Blood","damage_taken":20,"max_hp_gain":5,"max_hp_loss":0,"event_name":"Forgotten Altar","floor":22,"gold_loss":0},{"damage_healed":0,"gold_gain":0,"player_choice":"Ignored","damage_taken":0,"max_hp_gain":0,"max_hp_loss":0,"event_name":"Ghosts","floor":30,"gold_loss":0},{"damage_healed":0,"gold_gain":0,"player_choice":"Fight","damage_taken":0,"max_hp_gain":0,"max_hp_loss":0,"event_name":"MindBloom","floor":36,"gold_loss":0},{"damage_healed":0,"gold_gain":0,"player_choice":"Copied","damage_taken":0,"max_hp_gain":0,"max_hp_loss":0,"event_name":"Duplicator","floor":37,"gold_loss":0,"cards_obtained":["Backstab"]},{"damage_healed":0,"gold_gain":0,"player_choice":"Embrace Madness","damage_taken":12,"max_hp_gain":0,"max_hp_loss":0,"event_name":"Winding Halls","floor":42,"gold_loss":0,"cards_obtained":["Madness","Madness"]}],"is_beta":false,"boss_relics":[{"not_picked":["Replay:Drink Me","Snecko Scales"],"picked":"construct:WeddingRing"},{"not_picked":["Replay:Wanted Poster","Sozu"],"picked":"Velvet Choker"}],"items_purged_floors":[],"is_endless":false,"potions_floor_spawned":[5,12,16,18,28,33,38,39,47],"killed_by":"Nightmare","ascension_level":0}}