{"host":"mtg945c5jssv10ty","time":1609709825,"event":{"mods":["Ascension Unlocker","BaseMod","Downfall","Minty Spire (QoL Compilation)","StSLib","SuperFastMode"],"gold_per_floor":[99,118,118,136,152,169,169,169,186,204,216,230,242,255,271,368,368,368,381,393,53,67,67,67,67,3,3,38,56,56,75,91,189,189,89,107,66,116,116,181,253,253,266,276,294,294,294,328,128,128,128,160,6,6,6,6],"floor_reached":57,"playtime":3060,"items_purged":["Shame"],"score":1409,"play_id":"6f4fdcae-a08c-4651-9f65-c9ad64548753","local_time":"20210103163705","is_ascension_mode":true,"campfire_choices":[{"data":"Guardian:CurlUp","floor":1.0,"key":"SMITH"},{"data":"Slimebound:CorrosiveSpit","floor":8.0,"key":"SMITH"},{"data":"Guardian:GemFire","floor":18.0,"key":"SMITH"},{"data":"Guardian:CrystalBeam","floor":30.0,"key":"SMITH"},{"data":"Guardian:ExploitGems","floor":35.0,"key":"SMITH"},{"floor":47.0,"key":"RECALL"},{"data":"Guardian:CrystalBeam","floor":49.0,"key":"SMITH"},{"data":"Guardian:BronzeArmor","floor":54.0,"key":"SMITH"}],"circlet_count":0,"master_deck":["Guardian:Strike_Guardian","Guardian:Strike_Guardian","Guardian:Strike_Guardian","Guardian:Defend_Guardian","Guardian:Defend_Guardian","Guardian:Defend_Guardian","Guardian:Defend_Guardian","Guardian:CurlUp+1","Guardian:BronzeOrb","Slimebound:CorrosiveSpit+1","Guardian:SentryBeam","Guardian:CrystalBeam+1","Guardian:ShieldSpikes","Guardian:CrystalBeam+1","Guardian:StasisEngine","Guardian:GemFire+1","Guardian:CrystalBeam","Guardian:TemporalStrike+1","Guardian:ExploitGems+1","Guardian:TemporalStrike+1","Guardian:Preprogram","Guardian:ChargeCore+1","Guardian:TemporalStrike+1","Guardian:BaubleBeam+1","Guardian:PrismaticBarrier","Guardian:FloatingOrbs","Guardian:Repulse+1","Shame","downfall:Aged","Parasite","Guardian:EvasiveProtocol+1","Guardian:CrystalBeam+1","Guardian:Clone","Guardian:BronzeArmor+1"],"relics":["Guardian:ModeShifter","Eternal Feather","Cursed Key","Molten Egg 2","downfall:KnowingSkull","Mercury Hourglass","SlaversCollar","downfall:HeartBlessingBlue","Shuriken","Toy Ornithopter","Pantograph","Guardian:StasisEgg","PreservedInsect","downfall:HeartBlessingRed","downfall:HeartBlessingGreen","Centennial Puzzle"],"acts_visited":["Exordium","TheCity","TheBeyond","TheEnding"],"potions_floor_usage":[55,56,56,56],"damage_taken":[{"damage":1.0,"enemies":"Cultist","floor":2.0,"turns":4.0},{"damage":3.0,"enemies":"Small Slimes","floor":4.0,"turns":3.0},{"damage":3.0,"enemies":"Jaw Worm","floor":5.0,"turns":3.0},{"damage":12.0,"enemies":"Exordium Wildlife","floor":6.0,"turns":8.0},{"damage":13.0,"enemies":"Large Slime","floor":9.0,"turns":7.0},{"damage":1.0,"enemies":"2 Fungi Beasts","floor":10.0,"turns":3.0},{"damage":7.0,"enemies":"3 Louse","floor":11.0,"turns":4.0},{"damage":7.0,"enemies":"Blue Slaver","floor":12.0,"turns":3.0},{"damage":8.0,"enemies":"Red Slaver","floor":13.0,"turns":3.0},{"damage":8.0,"enemies":"Large Slime","floor":14.0,"turns":5.0},{"damage":6.0,"enemies":"Blue Slaver","floor":15.0,"turns":4.0},{"damage":16.0,"enemies":"downfall:Watcher","floor":16.0,"turns":13.0},{"damage":0.0,"enemies":"Spheric Guardian","floor":19.0,"turns":1.0},{"damage":13.0,"enemies":"3 Cultists","floor":20.0,"turns":5.0},{"damage":5.0,"enemies":"downfall:FleeingMerchant","floor":21.0,"turns":4.0},{"damage":9.0,"enemies":"Snecko","floor":22.0,"turns":4.0},{"damage":3.0,"enemies":"downfall:FleeingMerchant","floor":26.0,"turns":4.0},{"damage":5.0,"enemies":"Gremlin Leader","floor":28.0,"turns":5.0},{"damage":11.0,"enemies":"Snake Plant","floor":29.0,"turns":3.0},{"damage":9.0,"enemies":"Centurion and Healer","floor":31.0,"turns":4.0},{"damage":17.0,"enemies":"Snecko","floor":32.0,"turns":3.0},{"damage":33.0,"enemies":"downfall:Defect","floor":33.0,"turns":6.0},{"damage":6.0,"enemies":"Orb Walker","floor":36.0,"turns":2.0},{"damage":13.0,"enemies":"downfall:FleeingMerchant","floor":37.0,"turns":4.0},{"damage":10.0,"enemies":"3 Shapes","floor":38.0,"turns":3.0},{"damage":3.0,"enemies":"Nemesis","floor":40.0,"turns":5.0},{"damage":11.0,"enemies":"Writhing Mass","floor":43.0,"turns":4.0},{"damage":12.0,"enemies":"3 Darklings","floor":44.0,"turns":3.0},{"damage":6.0,"enemies":"Sphere and 2 Shapes","floor":45.0,"turns":3.0},{"damage":5.0,"enemies":"Giant Head","floor":48.0,"turns":4.0},{"damage":13.0,"enemies":"downfall:Silent","floor":50.0,"turns":4.0},{"damage":39.0,"enemies":"downfall:CharBossMerchant","floor":52.0,"turns":5.0},{"damage":83,"enemies":"downfall:NeowBossFinal","floor":56,"turns":9}],"seed_played":"-414609128513523319","potions_obtained":[{"floor":4.0,"key":"Swift Potion"},{"floor":6.0,"key":"Swift Potion"},{"floor":10.0,"key":"Ancient Potion"},{"floor":16.0,"key":"Energy Potion"},{"floor":20.0,"key":"Regen Potion"},{"floor":22.0,"key":"Regen Potion"},{"floor":28.0,"key":"Dexterity Potion"},{"floor":40.0,"key":"FearPotion"},{"floor":43.0,"key":"Block Potion"},{"floor":48.0,"key":"Strength Potion"}],"is_trial":false,"path_per_floor":["R","M","?","M","M","M","T","R","M","M","M","M","M","M","M","B",null,"R","M","M","$","M","?","T","?","$","?","E","M","R","M","M","B",null,"R","M","$","M","?","E","T","?","M","M","M","?","R","E","R","B",null,"E","$","R","B","B",null],"character_chosen":"GUARDIAN","items_purchased":["Guardian:Gem_Lightblue","Molten Egg 2","Guardian:TemporalStrike+1","Guardian:TemporalStrike+1","Shuriken","Guardian:FloatingOrbs","Guardian:Gem_Fragmented","Guardian:BronzeArmor"],"campfire_rested":0,"item_purchase_floors":[21,21,21,26,37,37,53,53],"current_hp_per_floor":[88,87,87,84,81,69,69,75,62,61,54,47,39,31,25,9,88,88,88,75,70,61,61,61,61,58,50,79,68,86,77,60,27,88,98,92,79,69,69,66,66,66,55,43,42,42,60,55,73,85,98,59,59,80,71,31],"gold":6,"neow_bonus":"TEN_PERCENT_HP_BONUS","is_daily":false,"chose_seed":false,"campfire_upgraded":7,"win_rate":0.0,"timestamp":1609709825,"path_taken":["R","M","?","?","M","M","T","R","M","M","M","M","M","M","M","BOSS","R","M","M","$","?","?","T","?","$","?","E","?","R","M","M","BOSS","R","M","$","?","?","E","T","?","M","M","M","?","R","E","R","BOSS","E","$","R","BOSS","BOSS"],"items_purchased_type":["Card","Relic","Card","Card","Relic","Card","Card","Card"],"build_version":"2020-12-22","purchased_purges":1,"victory":true,"max_hp_per_floor":[88,88,88,88,88,88,88,88,88,88,88,88,88,88,88,88,88,88,88,88,88,88,88,88,88,88,88,88,88,88,88,88,88,88,98,98,98,98,98,98,98,98,98,98,98,98,98,98,98,98,98,98,98,98,98,98],"card_choices":[{"not_picked":["Guardian:ChargeCore","Guardian:ShieldCharger"],"picked":"Guardian:BronzeOrb","floor":2.0},{"not_picked":["Guardian:Recover","Guardian:Suspension"],"picked":"Guardian:SentryBeam","floor":4.0},{"not_picked":["Guardian:BronzeArmor","Guardian:Clone"],"picked":"Guardian:CrystalBeam","floor":5.0},{"not_picked":["Guardian:SentryBeam","Guardian:MultiBeam"],"picked":"Guardian:Gem_Yellow","floor":6.0},{"not_picked":["Guardian:SentryBeam","Guardian:PiercingHide"],"picked":"Guardian:Gem_Fragmented","floor":9.0},{"not_picked":["Guardian:Reroute","Guardian:WalkerClaw"],"picked":"Guardian:ShieldSpikes","floor":10.0},{"not_picked":["Guardian:ChargeCore","Guardian:Planning"],"picked":"Guardian:Gem_Red","floor":11.0},{"not_picked":["Guardian:GuardianWhirl","Guardian:ShieldSpikes"],"picked":"Guardian:Gem_Cyan","floor":12.0},{"not_picked":["Guardian:Incinerate","Guardian:VentSteam"],"picked":"Guardian:CrystalBeam","floor":13.0},{"not_picked":["Guardian:TemporalStrike","Guardian:VentSteam"],"picked":"Guardian:StasisEngine","floor":14.0},{"not_picked":["Guardian:TemporalShield","Guardian:MultiBeam"],"picked":"Guardian:Gem_Yellow","floor":15.0},{"not_picked":["Guardian:CompilePackage","Guardian:StasisEngine"],"picked":"Guardian:GemFire","floor":16.0},{"not_picked":["Guardian:PiercingHide","Guardian:RefractedBeam+1"],"picked":"Guardian:Gem_Red","floor":19.0},{"not_picked":["Guardian:DonusPower+1","Guardian:Gem_Purple"],"picked":"Guardian:CrystalBeam","floor":20.0},{"not_picked":["Guardian:DecasProtection","Guardian:Recover","Guardian:Orbwalk"],"picked":"SKIP","floor":21.0},{"not_picked":["Guardian:PiercingHide","Guardian:Gem_Green"],"picked":"Guardian:Gem_White","floor":22.0},{"not_picked":["Guardian:ChargeCore+1","Guardian:Harden"],"picked":"Guardian:ExploitGems","floor":26.0},{"not_picked":["Guardian:TemporalShield","Guardian:RollAttack+1"],"picked":"Guardian:Preprogram","floor":28.0},{"not_picked":["Guardian:TimeBomb","Guardian:BronzeOrb+1"],"picked":"Guardian:ChargeCore+1","floor":29.0},{"not_picked":["Guardian:TimeBomb","Guardian:ShieldSpikes"],"picked":"Guardian:TemporalStrike+1","floor":31.0},{"not_picked":["Guardian:DecasProtection","Guardian:Recover","Guardian:Orbwalk"],"picked":"SKIP","floor":32.0},{"not_picked":["Guardian:GemFire+1","Guardian:TimeSifter"],"picked":"Guardian:BaubleBeam+1","floor":33.0},{"not_picked":["Guardian:Planning+1","Guardian:GuardianWhirl+1","Guardian:Incinerate+1"],"picked":"SKIP","floor":36.0},{"not_picked":["Guardian:GemFire+1","Guardian:PrimingBeam+1"],"picked":"Guardian:PrismaticBarrier","floor":37.0},{"not_picked":["Guardian:VentSteam+1","Guardian:ShieldCharger"],"picked":"Guardian:Repulse+1","floor":38.0},{"not_picked":["Guardian:Planning","Guardian:Gem_Green"],"picked":"Guardian:Gem_Crimson","floor":40.0},{"not_picked":["Guardian:PrismaticBarrier","Guardian:PrimingBeam+1","Guardian:Incinerate+1"],"picked":"SKIP","floor":43.0},{"not_picked":["Guardian:RollAttack+1","Guardian:Repulse+1"],"picked":"Guardian:EvasiveProtocol+1","floor":44.0},{"not_picked":["Guardian:PolyBeam+1","Guardian:MultiBeam+1"],"picked":"Guardian:Gem_Orange","floor":45.0},{"not_picked":["Guardian:BronzeOrb+1","Guardian:TemporalShield"],"picked":"Guardian:CrystalBeam+1","floor":48.0},{"not_picked":["Guardian:Reroute+1","Guardian:ShieldCharger"],"picked":"Guardian:Clone","floor":52.0}],"player_experience":179979,"relics_obtained":[{"floor":7.0,"key":"Eternal Feather"},{"floor":28.0,"key":"Mercury Hourglass"},{"floor":40.0,"key":"Toy Ornithopter"},{"floor":41.0,"key":"Pantograph"},{"floor":48.0,"key":"PreservedInsect"},{"floor":52.0,"key":"Centennial Puzzle"}],"event_choices":[{"cards_removed":["Guardian:TwinSlam"],"damage_healed":0.0,"max_hp_gain":0.0,"max_hp_loss":0.0,"gold_gain":0.0,"event_name":"NoteForYourself","player_choice":"Took Card","floor":3.0,"gold_loss":0.0,"damage_taken":0.0,"cards_obtained":["Slimebound:CorrosiveSpit"]},{"damage_healed":0.0,"max_hp_gain":0.0,"max_hp_loss":0.0,"gold_gain":0.0,"event_name":"Ghosts","player_choice":"Ignored","floor":25.0,"gold_loss":0.0,"damage_taken":0.0}],"is_beta":false,"boss_relics":[{"not_picked":["Runic Dome","SacredBark"],"picked":"Cursed Key"},{"not_picked":["Busted Crown","Black Star"],"picked":"SlaversCollar"}],"items_purged_floors":[37],"is_endless":false,"potions_floor_spawned":[4,6,10,16,20,22,28,38,40,43,44,48],"ascension_level":1}}