{"host":"7i2b4pyo6x2376bs","time":1609640096,"event":{"mods":["BaseMod","Better Note","Colored Map","Highlight Path","Minty Spire (QoL Compilation)","Quick Restart","Rare Cards Sparkle","Shop Mod","StSLib","The Jungle"],"gold_per_floor":[212,62,77,252,252,283,297,297,297,330,341,357,384,437,437,541,541,561,561,561,579,261,295,295,307,307,307,307,323,323,323,323,421,421,438,450,450,450,450],"floor_reached":38,"playtime":5738,"items_purged":["Defend_R"],"score":659,"play_id":"b9f09f85-8e0c-4dcd-a721-e179cbad3f58","local_time":"20210102181456","is_ascension_mode":true,"campfire_choices":[{"floor":8,"key":"REST"},{"floor":15,"key":"REST"},{"floor":24,"key":"REST"},{"floor":30,"key":"REST"},{"floor":32,"key":"RECALL"}],"circlet_count":0,"master_deck":["AscendersBane","Bash","Thunderclap","Fire Breathing","Flex","Doubt","Uppercut","Clothesline","Rupture","Anger+1","Shockwave","Carnage+1","Corruption","Infernal Blade","Fire Breathing","Panache","Shockwave","Flex+1","Perfected Strike+1","Juggernaut","Infernal Blade","Barricade","Berserk","Impervious","Double Tap","Twin Strike+1","Corruption","Battle Trance","Fire Breathing","Hemokinesis+1"],"relics":["Burning Blood","Du-Vu Doll","Paper Frog","Molten Egg 2","Darkstone Periapt","Mummified Hand","Velvet Choker","HandDrill","Ice Cream","Oddly Smooth Stone","Pandora\u0027s Box"],"acts_visited":["Exordium","TheCity","TheBeyond"],"potions_floor_usage":[11,12,18,21,23,25,33],"damage_taken":[{"damage":6,"enemies":"Cultist","floor":1,"turns":3},{"damage":7,"enemies":"Small Slimes","floor":3,"turns":4},{"damage":40,"enemies":"Gremlin Nob","floor":6,"turns":5},{"damage":4,"enemies":"Jaw Worm","floor":7,"turns":3},{"damage":25,"enemies":"Lagavulin","floor":10,"turns":5},{"damage":12,"enemies":"Exordium Wildlife","floor":11,"turns":2},{"damage":1,"enemies":"Looter","floor":12,"turns":2},{"damage":28,"enemies":"3 Sentries","floor":13,"turns":5},{"damage":8,"enemies":"Slime Boss","floor":16,"turns":5},{"damage":19,"enemies":"Shell Parasite","floor":18,"turns":3},{"damage":0,"enemies":"3 Byrds","floor":21,"turns":2},{"damage":31,"enemies":"Gremlin Leader","floor":23,"turns":4},{"damage":8,"enemies":"Snecko","floor":25,"turns":3},{"damage":27,"enemies":"Sentry and Sphere","floor":29,"turns":4},{"damage":95,"enemies":"Automaton","floor":33,"turns":8},{"damage":22,"enemies":"Orb Walker","floor":35,"turns":3},{"damage":48,"enemies":"3 Shapes","floor":36,"turns":4},{"damage":8,"enemies":"Sphere and 2 Shapes","floor":38,"turns":2}],"seed_played":"6014680718857237079","potions_obtained":[{"floor":7,"key":"Explosive Potion"},{"floor":10,"key":"SpeedPotion"},{"floor":13,"key":"BlessingOfTheForge"},{"floor":16,"key":"LiquidMemories"},{"floor":18,"key":"Fire Potion"},{"floor":23,"key":"Fire Potion"},{"floor":25,"key":"BloodPotion"},{"floor":33,"key":"FearPotion"}],"is_trial":false,"path_per_floor":["M","$","M","?","T","E","M","R","T","E","M","M","E","?","R","B",null,"M","?","?","M","$","E","R","M","T","?","?","M","R","?","R","B",null,"M","M","?","M"],"character_chosen":"IRONCLAD","items_purchased":["Fire Breathing","HandDrill","Panache"],"campfire_rested":4,"item_purchase_floors":[2,22,22],"current_hp_per_floor":[72,72,71,71,71,37,39,63,63,44,38,43,21,21,45,43,71,58,43,71,77,77,52,77,75,75,75,75,54,79,79,79,7,66,50,8,8,0,0],"gold":450,"neow_bonus":"HUNDRED_GOLD","is_daily":false,"chose_seed":false,"campfire_upgraded":0,"win_rate":0.0,"timestamp":1609640096,"path_taken":["M","$","?","?","?","E","?","R","T","E","M","M","E","?","R","BOSS","M","?","?","M","$","E","R","M","T","?","?","M","R","?","R","BOSS","M","M","?","M"],"items_purchased_type":["Card","Relic","Card"],"build_version":"2020-12-22","purchased_purges":1,"victory":false,"max_hp_per_floor":[80,80,80,80,80,80,80,80,80,80,80,80,80,80,80,80,80,80,85,85,85,85,85,85,85,85,85,85,85,85,85,85,85,85,85,85,85,85,85],"card_choices":[{"not_picked":["Clothesline","Power Through"],"picked":"Thunderclap","floor":1},{"not_picked":["Twin Strike","Havoc"],"picked":"Flex","floor":3},{"not_picked":["Bloodletting","Offering"],"picked":"Uppercut","floor":6},{"not_picked":["True Grit","Sentinel"],"picked":"Clothesline","floor":7},{"not_picked":["Anger+1","Rampage+1"],"picked":"Rupture","floor":10},{"not_picked":["Pummel+1","Shrug It Off"],"picked":"Anger+1","floor":11},{"not_picked":["Dropkick+1","Feel No Pain"],"picked":"Shockwave","floor":12},{"not_picked":["Pommel Strike+1","Shrug It Off"],"picked":"Carnage+1","floor":13},{"not_picked":["Berserk","Offering"],"picked":"Corruption","floor":16},{"not_picked":["Seeing Red","Iron Wave+1"],"picked":"Infernal Blade","floor":18},{"not_picked":["Twin Strike+1","Pommel Strike+1"],"picked":"Fire Breathing","floor":21},{"not_picked":["Cleave+1","Perfected Strike+1"],"picked":"Shockwave","floor":23},{"not_picked":["Clothesline+1","Pummel+1"],"picked":"Flex+1","floor":25},{"not_picked":["Pommel Strike+1","Dark Embrace"],"picked":"Perfected Strike+1","floor":29},{"not_picked":["Berserk","Offering"],"picked":"Juggernaut","floor":33},{"not_picked":["Flex","Pommel Strike+1"],"picked":"Fire Breathing","floor":35},{"not_picked":["Infernal Blade","Warcry"],"picked":"Hemokinesis+1","floor":36}],"player_experience":689885,"relics_obtained":[{"floor":5,"key":"Du-Vu Doll"},{"floor":6,"key":"Paper Frog"},{"floor":9,"key":"Molten Egg 2"},{"floor":10,"key":"Darkstone Periapt"},{"floor":13,"key":"Mummified Hand"},{"floor":23,"key":"Ice Cream"}],"event_choices":[{"damage_healed":0,"gold_gain":175,"player_choice":"AGREE","damage_taken":0,"max_hp_gain":0,"max_hp_loss":0,"event_name":"Liars Game","floor":4,"gold_loss":0,"cards_obtained":["Doubt"]},{"damage_healed":0,"gold_gain":53,"player_choice":"Gained Gold","damage_taken":0,"max_hp_gain":0,"max_hp_loss":0,"event_name":"Golden Wing","floor":14,"gold_loss":0},{"damage_healed":0,"gold_gain":0,"player_choice":"Shed Blood","damage_taken":20,"max_hp_gain":5,"max_hp_loss":0,"event_name":"Forgotten Altar","floor":19,"gold_loss":0},{"damage_healed":28,"gold_gain":0,"player_choice":"Heal","damage_taken":0,"max_hp_gain":0,"max_hp_loss":0,"event_name":"The Library","floor":20,"gold_loss":0},{"damage_healed":0,"gold_gain":0,"player_choice":"Simplicity","damage_taken":0,"max_hp_gain":0,"max_hp_loss":0,"event_name":"Back to Basics","floor":27,"gold_loss":0,"cards_upgraded":["Strike_R","Strike_R","Strike_R","Strike_R","Strike_R","Defend_R","Defend_R","Defend_R"]},{"damage_healed":0,"gold_gain":0,"player_choice":"Opened","damage_taken":0,"relics_obtained":["Oddly Smooth Stone"],"max_hp_gain":0,"max_hp_loss":0,"event_name":"The Mausoleum","floor":28,"gold_loss":0},{"damage_healed":0,"gold_gain":0,"player_choice":"Ignored","damage_taken":0,"max_hp_gain":0,"max_hp_loss":0,"event_name":"Ghosts","floor":31,"gold_loss":0},{"damage_healed":0,"gold_gain":0,"player_choice":"Ignored","damage_taken":0,"max_hp_gain":0,"max_hp_loss":0,"event_name":"Mysterious Sphere","floor":37,"gold_loss":0}],"is_beta":false,"boss_relics":[{"not_picked":["Astrolabe","Black Blood"],"picked":"Velvet Choker"},{"not_picked":["Runic Dome","Busted Crown"],"picked":"Pandora\u0027s Box"}],"items_purged_floors":[2],"is_endless":false,"potions_floor_spawned":[7,10,13,16,18,23,25,33],"killed_by":"Sphere and 2 Shapes","ascension_level":12}}