{"host":"brlhu57vzmgrzvkq","time":1609659615,"event":{"mods":["AchievementEnabler","BaseMod","Colored Map","Downfall","Hermit","Minty Spire (QoL Compilation)","StSLib","SuperFastMode","The Cursed","The Servant 0.9.4"],"gold_per_floor":[117,117,128,128,139,173,173,24,49,49,76,76,90,116,116,215,215,230,132,149,163,175,175,210,226,226,226,226,226,245,56,56,156,206,221,221,237,237,255,287,287,319,342,342,342,45,58,86,86,86],"floor_reached":51,"playtime":2284,"items_purged":["Strike_R"],"score":960,"play_id":"8b988642-76f8-41f5-a4d3-0bcdc40cf404","local_time":"20210103004015","is_ascension_mode":true,"campfire_choices":[{"data":"Sword Boomerang","floor":7.0,"key":"SMITH"},{"data":"Flame Barrier","floor":12.0,"key":"SMITH"},{"data":"Body Slam","floor":15.0,"key":"SMITH"},{"data":"Body Slam","floor":23.0,"key":"SMITH"},{"data":"Shockwave","floor":27.0,"key":"SMITH"},{"data":"Disarm","floor":32.0,"key":"SMITH"},{"data":"Reaper","floor":41,"key":"SMITH"},{"data":"Berserk","floor":44,"key":"SMITH"},{"data":"Spot Weakness","floor":45,"key":"SMITH"},{"data":"Spot Weakness","floor":49,"key":"SMITH"}],"circlet_count":0,"master_deck":["Strike_R+1","Strike_R+1","Defend_R","Defend_R+1","Defend_R","Defend_R","Bash","Flame Barrier+1","Spot Weakness+1","Sword Boomerang+1","Shrug It Off+1","Iron Wave","Body Slam+1","Berserk+1","CurseOfTheBell","Body Slam+1","Shockwave+1","Cleave+1","Disarm+1","Reaper+1","Thunderclap+1","Cleave+1","Spot Weakness+1","Shrug It Off+1","Inflame","Blood for Blood+1"],"relics":["Burning Blood","Bronze Scales","Whetstone","PreservedInsect","WingedGreaves","Darkstone Periapt","Calling Bell","Oddly Smooth Stone","Letter Opener","CaptainsWheel","Lantern","Pear","Sling","Tiny House","Ancient Tea Set","War Paint","Vajra","Anchor","Bag of Marbles","Bag of Preparation"],"acts_visited":["Exordium","TheCity","TheBeyond"],"potions_floor_usage":[42,42,50],"damage_taken":[{"damage":13.0,"enemies":"2 Louse","floor":1.0,"turns":5.0},{"damage":5.0,"enemies":"Cultist","floor":3.0,"turns":6.0},{"damage":3.0,"enemies":"Jaw Worm","floor":5.0,"turns":5.0},{"damage":35.0,"enemies":"Gremlin Nob","floor":6.0,"turns":5.0},{"damage":20.0,"enemies":"Lagavulin","floor":11.0,"turns":3.0},{"damage":3.0,"enemies":"Blue Slaver","floor":13.0,"turns":4.0},{"damage":0.0,"enemies":"Gremlin Nob","floor":14.0,"turns":2.0},{"damage":44.0,"enemies":"Slime Boss","floor":16.0,"turns":10.0},{"damage":26.0,"enemies":"2 Thieves","floor":18.0,"turns":4.0},{"damage":20.0,"enemies":"Shell Parasite","floor":20.0,"turns":5.0},{"damage":3.0,"enemies":"Cultist and Chosen","floor":21.0,"turns":6.0},{"damage":6.0,"enemies":"Chosen and Byrds","floor":22.0,"turns":4.0},{"damage":26.0,"enemies":"Slavers","floor":24.0,"turns":5.0},{"damage":6.0,"enemies":"Centurion and Healer","floor":25.0,"turns":4.0},{"damage":19.0,"enemies":"Sentry and Sphere","floor":30.0,"turns":6.0},{"damage":86.0,"enemies":"Automaton","floor":33.0,"turns":11.0},{"damage":19.0,"enemies":"3 Shapes","floor":35.0,"turns":6.0},{"damage":39.0,"enemies":"3 Darklings","floor":37.0,"turns":5.0},{"damage":30.0,"enemies":"4 Shapes","floor":39.0,"turns":6.0},{"damage":20,"enemies":"Nemesis","floor":40,"turns":5},{"damage":53,"enemies":"Giant Head","floor":42,"turns":7},{"damage":9,"enemies":"Sphere and 2 Shapes","floor":47,"turns":5},{"damage":10,"enemies":"Nemesis","floor":48,"turns":5},{"damage":89,"enemies":"Donu and Deca","floor":50,"turns":8}],"seed_played":"3653554811406441836","potions_obtained":[{"floor":5.0,"key":"SneckoOil"},{"floor":14.0,"key":"ElixirPotion"},{"floor":16.0,"key":"BloodPotion"},{"floor":18.0,"key":"Guardian:BlockOnCardUsePotion"},{"floor":22.0,"key":"Swift Potion"},{"floor":25.0,"key":"Swift Potion"},{"floor":34.0,"key":"BloodPotion"},{"floor":39.0,"key":"Fire Potion"},{"floor":40,"key":"Block Potion"},{"floor":48,"key":"FairyPotion"}],"is_trial":false,"path_per_floor":["M","?","M","?","M","E","R","$","T","?","E","R","M","E","R","B",null,"M","$","M","M","M","R","E","M","T","R","?","?","M","$","R","B",null,"M","?","M","?","M","E","R","E","T","R","R","$","M","E","R","B",null],"character_chosen":"IRONCLAD","items_purchased":["Whetstone","Body Slam","Disarm","Sling","Anchor","Bag of Marbles"],"campfire_rested":0,"item_purchase_floors":[8,19,31,31,46,46],"current_hp_per_floor":[81,86,87,87,90,61,61,61,61,61,47,47,50,56,56,18,99,79,79,65,68,68,68,48,67,77,77,77,109,96,96,96,16,114,101,101,85,85,91,95,95,72,72,72,72,72,69,81,81,36],"gold":86,"neow_bonus":"TEN_PERCENT_HP_BONUS","is_daily":false,"chose_seed":false,"campfire_upgraded":10,"win_rate":0.0,"timestamp":1609659615,"path_taken":["M","?","M","?","M","E","R","$","T","?","E","R","?","E","R","BOSS","M","$","M","M","M","R","E","M","T","R","?","?","M","$","R","BOSS","M","?","M","?","M","E","R","E","T","R","R","$","M","E","R","BOSS"],"items_purchased_type":["Relic","Card","Card","Relic","Relic","Relic"],"build_version":"2020-12-22","purchased_purges":1,"victory":true,"max_hp_per_floor":[88,93,93,93,93,93,93,93,93,93,93,93,93,93,93,93,99,99,99,99,99,99,99,99,99,109,109,109,109,109,109,109,109,114,114,114,114,114,114,114,114,114,114,114,114,114,114,114,114,114],"card_choices":[{"not_picked":["Sword Boomerang","Rage"],"picked":"Flame Barrier","floor":1.0},{"not_picked":["Pummel","Carnage"],"picked":"Spot Weakness","floor":3.0},{"not_picked":["Flex","Second Wind"],"picked":"Sword Boomerang","floor":5.0},{"not_picked":["Power Through","Evolve"],"picked":"Shrug It Off","floor":6.0},{"not_picked":["Headbutt","Twin Strike"],"picked":"Iron Wave","floor":11.0},{"not_picked":["Flex","Searing Blow"],"picked":"Body Slam","floor":13.0},{"not_picked":["Exhume","Sword Boomerang","Rampage"],"picked":"SKIP","floor":14.0},{"not_picked":["Juggernaut","Feed"],"picked":"Berserk","floor":16.0},{"not_picked":["Heavy Blade","Shrug It Off","Twin Strike"],"picked":"SKIP","floor":18.0},{"not_picked":["Evolve","Flex","Iron Wave"],"picked":"SKIP","floor":20.0},{"not_picked":["Perfected Strike","Havoc+1","Feel No Pain+1"],"picked":"SKIP","floor":21.0},{"not_picked":["Headbutt","Pommel Strike"],"picked":"Shockwave","floor":22.0},{"not_picked":["Iron Wave","Carnage","Pommel Strike"],"picked":"SKIP","floor":24.0},{"not_picked":["Power Through","Brutality"],"picked":"Cleave","floor":25.0},{"not_picked":["Sword Boomerang","Thunderclap","Bloodletting"],"picked":"SKIP","floor":30.0},{"not_picked":["Limit Break","Berserk"],"picked":"Reaper","floor":33.0},{"not_picked":["Searing Blow","Heavy Blade"],"picked":"Thunderclap+1","floor":34.0},{"not_picked":["Pommel Strike","Heavy Blade"],"picked":"Cleave+1","floor":35.0},{"not_picked":["Body Slam","Searing Blow"],"picked":"Spot Weakness","floor":37.0},{"not_picked":["Rampage","Power Through+1"],"picked":"Shrug It Off+1","floor":39.0},{"not_picked":["Rage","Sentinel+1"],"picked":"Inflame","floor":40},{"not_picked":["Second Wind+1","Thunderclap+1","Heavy Blade"],"picked":"SKIP","floor":42},{"not_picked":["Fire Breathing","Twin Strike","Pommel Strike+1"],"picked":"SKIP","floor":47},{"not_picked":["Thunderclap+1","Reckless Charge"],"picked":"Blood for Blood+1","floor":48}],"player_experience":81056,"relics_obtained":[{"floor":6.0,"key":"Bronze Scales"},{"floor":9.0,"key":"PreservedInsect"},{"floor":11.0,"key":"WingedGreaves"},{"floor":14.0,"key":"Darkstone Periapt"},{"floor":17.0,"key":"Oddly Smooth Stone"},{"floor":17.0,"key":"Letter Opener"},{"floor":17.0,"key":"CaptainsWheel"},{"floor":24.0,"key":"Lantern"},{"floor":26.0,"key":"Pear"},{"floor":40,"key":"Ancient Tea Set"},{"floor":42,"key":"War Paint"},{"floor":43,"key":"Vajra"},{"floor":48,"key":"Bag of Preparation"}],"event_choices":[{"damage_healed":0.0,"max_hp_gain":5.0,"max_hp_loss":0.0,"gold_gain":0.0,"event_name":"Big Fish","player_choice":"Donut","floor":2.0,"gold_loss":0.0,"damage_taken":0.0},{"cards_removed":["Strike_R"],"damage_healed":0.0,"max_hp_gain":0.0,"max_hp_loss":0.0,"gold_gain":0.0,"event_name":"Living Wall","player_choice":"Forget","floor":4.0,"gold_loss":0.0,"damage_taken":0.0},{"cards_removed":["Strike_R"],"damage_healed":0.0,"max_hp_gain":0.0,"max_hp_loss":0.0,"gold_gain":0.0,"event_name":"Purifier","player_choice":"Purged","floor":10.0,"gold_loss":0.0,"damage_taken":0.0},{"damage_healed":0.0,"max_hp_gain":0.0,"max_hp_loss":0.0,"gold_gain":0.0,"event_name":"Ghosts","player_choice":"Ignored","floor":28.0,"gold_loss":0.0,"damage_taken":0.0},{"damage_healed":36.0,"max_hp_gain":0.0,"max_hp_loss":0.0,"gold_gain":0.0,"event_name":"The Library","player_choice":"Heal","floor":29.0,"gold_loss":0.0,"damage_taken":0.0},{"damage_healed":0.0,"max_hp_gain":0.0,"max_hp_loss":0.0,"gold_gain":0.0,"event_name":"SensoryStone","player_choice":"Memory 1","floor":36.0,"gold_loss":0.0,"damage_taken":0.0},{"damage_healed":0.0,"max_hp_gain":0.0,"max_hp_loss":0.0,"gold_gain":0.0,"event_name":"Tomb of Lord Red Mask","player_choice":"Ignored","floor":38.0,"gold_loss":0.0,"damage_taken":0.0}],"is_beta":false,"boss_relics":[{"not_picked":["SlaversCollar","Sozu"],"picked":"Calling Bell"},{"not_picked":["Busted Crown","Velvet Choker"],"picked":"Tiny House"}],"items_purged_floors":[19],"is_endless":false,"potions_floor_spawned":[5,14,16,18,22,25,30,39,40,48],"ascension_level":3}}