{"host":"6to0pdz5g3mubtyg","time":1609681572,"event":{"mods":["Act Like it!","Aspiration","BaseMod","BetterRewards","Colored Map","Energized Spire","Hallownest","Highlight Path","Infinite Spire","Jorbs\u0027s Wanderer Trilogy","Minty Spire (QoL Compilation)","Shade Mod","StSLib","The Animator","The Blue Laboratory","The Bug Knight"],"gold_per_floor":[109,109,36,51,71,106,31,31,111,143,143,159,159,172,172,268,268,280,280,29,40,40,59,59,59,59,59,75,75,75,92,92,189,189,205,216,216,216,196,196,196,196,221,240,240,240],"floor_reached":45,"playtime":1824,"items_purged":["Strike_B","Defend_B","Shame"],"score":534,"play_id":"e9e36b33-f39a-4acf-8bcb-9cd6196593d9","local_time":"20210103064612","is_ascension_mode":true,"campfire_choices":[{"data":"Dualcast","floor":8.0,"key":"SMITH"},{"floor":13.0,"key":"REST"},{"data":"Scrape","floor":15.0,"key":"SMITH"},{"floor":30.0,"key":"DIG"},{"floor":32.0,"key":"REST"},{"floor":40.0,"key":"DIG"},{"floor":41.0,"key":"DIG"},{"floor":42.0,"key":"DIG"}],"circlet_count":0,"master_deck":["Strike_B","Strike_B","Strike_B","Defend_B","Defend_B","Defend_B","Zap+1","Dualcast+1","Finesse","Scrape+1","Go for the Eyes","Gash","Gash","Go for the Eyes","Streamline","Go for the Eyes+1","infinitespire:Gouge","Gash+1","Machine Learning","Parasite","Decay","infinitespire:Collect"],"relics":["Cracked Core","CultistMask","Ginger","infinitespire:ShieldingShard","aspiration:Lifesprig","Nuclear Battery","Sling","Incense Burner","infinitespire:Freezer","Shovel","Omamori","Calling Bell","Dream Catcher","Darkstone Periapt","WingedGreaves","Pear","Mango","Calipers","infinitespire:Beetle Shell"],"acts_visited":["Exordium","TheCity","TheBeyond"],"potions_floor_usage":[44],"damage_taken":[{"damage":8.0,"enemies":"Small Slimes","floor":1.0,"turns":3.0},{"damage":0.0,"enemies":"Cultist","floor":4.0,"turns":3.0},{"damage":4.0,"enemies":"Jaw Worm","floor":5.0,"turns":3.0},{"damage":17.0,"enemies":"Lagavulin","floor":6.0,"turns":9.0},{"damage":17.0,"enemies":"Gremlin Nob","floor":10.0,"turns":4.0},{"damage":0.0,"enemies":"3 Louse","floor":12.0,"turns":3.0},{"damage":0.0,"enemies":"Exordium Thugs","floor":14.0,"turns":3.0},{"damage":13.0,"enemies":"Hexaghost","floor":16.0,"turns":8.0},{"damage":9.0,"enemies":"2 Thieves","floor":18.0,"turns":5.0},{"damage":0.0,"enemies":"Spheric Guardian","floor":21.0,"turns":3.0},{"damage":19.0,"enemies":"Centurion and Healer","floor":23.0,"turns":6.0},{"damage":19.0,"enemies":"Snake Plant","floor":28.0,"turns":3.0},{"damage":0.0,"enemies":"3 Cultists","floor":31.0,"turns":5.0},{"damage":34.0,"enemies":"Collector","floor":33.0,"turns":7.0},{"damage":31.0,"enemies":"3 Shapes","floor":35.0,"turns":5.0},{"damage":27.0,"enemies":"3 Darklings","floor":36.0,"turns":6.0},{"damage":7,"enemies":"Sphere and 2 Shapes","floor":44,"turns":6},{"damage":65,"enemies":"4 Shapes","floor":45,"turns":3}],"seed_played":"-3457061347022182136","potions_obtained":[{"floor":5.0,"key":"Dexterity Potion"},{"floor":6.0,"key":"blueLaboratory:BubblePotion"},{"floor":16.0,"key":"PowerPotion"},{"floor":18.0,"key":"blueLaboratory:HorrorPotion"},{"floor":21.0,"key":"blueLaboratory:NullPotion"},{"floor":28.0,"key":"blueLaboratory:BubblePotion"},{"floor":31.0,"key":"PowerPotion"},{"floor":35.0,"key":"Weak Potion"},{"floor":36.0,"key":"Block Potion"},{"floor":39.0,"key":"blueLaboratory:HorrorPotion"}],"is_trial":false,"path_per_floor":["M","?","$","M","M","E","$","R","T","E","?","M","R","M","R","B",null,"M","?","$","M","$","M","?","$","T","AVR","M","?","R","M","R","B",null,"M","M","?","?","?","R","R","R","T","M","M"],"character_chosen":"DEFECT","items_purchased":["Scrape","Sling"],"campfire_rested":2,"item_purchase_floors":[3,20],"current_hp_per_floor":[67,67,67,67,63,46,46,46,46,29,29,29,51,51,51,38,75,66,66,66,66,66,47,47,47,47,47,28,36,36,36,58,24,75,44,17,36,48,48,58,72,72,72,65,0,0],"gold":240,"neow_bonus":"RANDOM_COLORLESS","is_daily":false,"chose_seed":false,"campfire_upgraded":2,"win_rate":0.0,"timestamp":1609681572,"path_taken":["M","?","?","M","M","E","$","R","T","E","?","?","R","M","R","BOSS","M","?","?","M","$","M","?","$","T","AVR","M","?","R","M","R","BOSS","M","M","?","?","?","R","R","R","T","M","M"],"items_purchased_type":["Card","Relic"],"build_version":"2020-12-22","purchased_purges":3,"victory":false,"max_hp_per_floor":[75,75,75,75,75,75,75,75,75,75,75,75,75,75,75,75,75,75,75,75,75,75,75,75,75,75,75,75,75,75,75,75,75,75,75,75,75,87,87,97,111,111,111,111,111,111],"card_choices":[{"not_picked":["Deep Breath","Dark Shackles"],"picked":"Finesse","floor":0.0},{"not_picked":["Self Repair","Stack","Cold Snap"],"picked":"SKIP","floor":1.0},{"not_picked":["Aggregate","Ball Lightning"],"picked":"Go for the Eyes","floor":4.0},{"not_picked":["Go for the Eyes","Steam"],"picked":"Gash","floor":5.0},{"not_picked":["Creative AI","Rip and Tear","Darkness"],"picked":"SKIP","floor":6.0},{"not_picked":["Go for the Eyes","Hyperbeam"],"picked":"Gash","floor":10.0},{"not_picked":["Conserve Battery","Auto Shields","Go for the Eyes"],"picked":"SKIP","floor":12.0},{"not_picked":["Leap","Self Repair"],"picked":"Go for the Eyes","floor":14.0},{"not_picked":["Chill","Coolheaded"],"picked":"Streamline","floor":18.0},{"not_picked":["Tempest","Capacitor"],"picked":"Go for the Eyes+1","floor":21.0},{"not_picked":["Sunder","Turbo","Rebound"],"picked":"SKIP","floor":23.0},{"not_picked":["Cold Snap","Undo","Steam"],"picked":"SKIP","floor":28.0},{"not_picked":["Barrage","Consume"],"picked":"Gash+1","floor":31.0},{"not_picked":["Echo Form","Hyperbeam"],"picked":"Machine Learning","floor":33.0},{"not_picked":["Fusion","Conserve Battery+1","Coolheaded+1"],"picked":"SKIP","floor":35.0},{"not_picked":["Ball Lightning+1","Loop","Redo"],"picked":"SKIP","floor":36.0},{"not_picked":["infinitespire:DeathsTouch","infinitespire:Execution"],"picked":"infinitespire:Collect","floor":38.0},{"not_picked":["Barrage","Cold Snap+1","Beam Cell"],"picked":"SKIP","floor":44}],"player_experience":254334,"relics_obtained":[{"floor":6.0,"key":"Ginger"},{"floor":9.0,"key":"infinitespire:ShieldingShard"},{"floor":10.0,"key":"aspiration:Lifesprig"},{"floor":26.0,"key":"infinitespire:Freezer"},{"floor":30.0,"key":"Omamori"},{"floor":34.0,"key":"Dream Catcher"},{"floor":34.0,"key":"Darkstone Periapt"},{"floor":34.0,"key":"WingedGreaves"},{"floor":40.0,"key":"Pear"},{"floor":41.0,"key":"Mango"},{"floor":42.0,"key":"Calipers"},{"floor":43.0,"key":"infinitespire:Beetle Shell"}],"event_choices":[{"damage_healed":0.0,"max_hp_gain":0.0,"max_hp_loss":0.0,"gold_gain":0.0,"event_name":"FaceTrader","player_choice":"Trade","floor":2.0,"gold_loss":0.0,"damage_taken":0.0,"relics_obtained":["CultistMask"]},{"damage_healed":0.0,"max_hp_gain":0.0,"max_hp_loss":0.0,"gold_gain":0.0,"event_name":"Accursed Blacksmith","player_choice":"Forge","floor":19.0,"gold_loss":0.0,"damage_taken":0.0,"cards_upgraded":["Zap"]},{"damage_healed":0.0,"max_hp_gain":0.0,"max_hp_loss":0.0,"gold_gain":0.0,"event_name":"Addict","player_choice":"Stole Relic","floor":24.0,"gold_loss":0.0,"damage_taken":0.0,"relics_obtained":["Incense Burner"],"cards_obtained":["Shame"]},{"damage_healed":19.0,"max_hp_gain":0.0,"max_hp_loss":0.0,"gold_gain":0.0,"event_name":"Winding Halls","player_choice":"Writhe","floor":37.0,"gold_loss":0.0,"damage_taken":0.0,"cards_obtained":["Writhe"]},{"damage_healed":0.0,"max_hp_gain":0.0,"max_hp_loss":0.0,"gold_gain":0.0,"event_name":"The Woman in Blue","player_choice":"Bought 1 Potion","floor":39.0,"gold_loss":0.0,"damage_taken":0.0}],"is_beta":false,"boss_relics":[{"not_picked":["aspiration:WatcherSkillbook","Philosopher\u0027s Stone"],"picked":"Nuclear Battery"},{"not_picked":["Runic Pyramid","infinitespire:Cupcake"],"picked":"Calling Bell"}],"items_purged_floors":[7,20,27],"is_endless":false,"potions_floor_spawned":[5,6,16,18,21,28,31,35,36],"killed_by":"4 Shapes","ascension_level":3}}