{"host":"ygfasg9u7olr7skw","time":1609693827,"event":{"mods":["AchievementEnabler","BaseMod","Better Note","Better Vampires","Colored Powertips","Minty Spire (QoL Compilation)","Replay The Spire","Spicy Shops","StSLib","The IronCluck"],"gold_per_floor":[111,211,221,233,233,268,93,93,166,166,196,212,222,242,242,346,346,358,377,377,393,393,393,409,491,514,464,165,165,165],"floor_reached":29,"playtime":1179,"items_purged":["Strike_B","Strike_B","Strike_B"],"score":259,"play_id":"8fe91502-137a-488b-9132-411394617544","local_time":"20210103121027","is_ascension_mode":true,"campfire_choices":[{"floor":8,"key":"REST"},{"data":"Beam Cell","floor":10,"key":"SMITH"},{"floor":15,"key":"REST"},{"floor":23,"key":"REST"}],"circlet_count":0,"master_deck":["Strike_B+1","Defend_B","Defend_B","Defend_B","Defend_B","Zap","Dualcast+1","Gash","Beam Cell+1","ReplayGash+1","ReplayGash","Gash","Gash","Beam Cell","Rebound","Decay"],"relics":["Cracked Core","Boot","Tiny Chest","Bottled Flame","StoneCalendar","Runic Pyramid","InkBottle","Shuriken","Whetstone","Strange Spoon"],"acts_visited":["Exordium","TheCity"],"potions_floor_usage":[6,19,19,21],"damage_taken":[{"damage":5,"enemies":"Small Slimes","floor":1,"turns":4},{"damage":1,"enemies":"Cultist","floor":3,"turns":3},{"damage":3,"enemies":"2 Louse","floor":4,"turns":2},{"damage":14,"enemies":"Gremlin Nob","floor":6,"turns":4},{"damage":25,"enemies":"3 Sentries","floor":11,"turns":7},{"damage":9,"enemies":"Red Slaver","floor":12,"turns":2},{"damage":0,"enemies":"Gremlin Gang","floor":13,"turns":4},{"damage":7,"enemies":"Exordium Wildlife","floor":14,"turns":3},{"damage":30,"enemies":"Hexaghost","floor":16,"turns":7},{"damage":1,"enemies":"Spheric Guardian","floor":18,"turns":3},{"damage":17,"enemies":"2 Thieves","floor":19,"turns":3},{"damage":33,"enemies":"Snake Plant","floor":21,"turns":4},{"damage":43,"enemies":"Centurion and Healer","floor":24,"turns":6},{"damage":8,"enemies":"3 Cultists","floor":29,"turns":2}],"seed_played":"-7172310217034056841","potions_obtained":[{"floor":4,"key":"Block Potion"},{"floor":6,"key":"Explosive Potion"},{"floor":16,"key":"PowerPotion"},{"floor":18,"key":"Block Potion"}],"is_trial":false,"path_per_floor":["M","?","M","M","?","E","$","R","T","R","E","M","M","M","R","B",null,"M","M","T","M","?","R","M","T","T","?","$","M"],"character_chosen":"DEFECT","items_purchased":["ReplayGash","Strange Spoon"],"campfire_rested":3,"item_purchase_floors":[7,28],"current_hp_per_floor":[70,70,69,66,66,52,52,74,74,74,49,40,40,33,55,25,75,74,57,57,24,24,46,3,3,3,3,3,0,0],"gold":165,"neow_bonus":"RANDOM_COMMON_RELIC","is_daily":false,"chose_seed":false,"campfire_upgraded":1,"win_rate":0.0,"timestamp":1609693827,"path_taken":["M","?","M","?","?","E","$","R","T","R","E","M","M","M","R","BOSS","M","M","?","?","?","R","M","?","T","?","$","M"],"items_purchased_type":["Card","Relic"],"build_version":"2020-12-22","purchased_purges":3,"victory":false,"max_hp_per_floor":[75,75,75,75,75,75,75,75,75,75,75,75,75,75,75,75,75,75,75,75,75,75,75,75,75,75,75,75,75,75],"card_choices":[{"not_picked":["Leap","Panic Button"],"picked":"Gash","floor":1},{"not_picked":["White Noise","Barrage"],"picked":"Beam Cell","floor":3},{"not_picked":["ReplayTheSpireMod:Omega Cannon","Reinforced Body","Steam Power"],"picked":"SKIP","floor":4},{"not_picked":["Panic Button","Barrage"],"picked":"ReplayGash","floor":6},{"not_picked":["FTL","Consume"],"picked":"Gash","floor":11},{"not_picked":["ReplayGash","Panic Button","Ball Lightning"],"picked":"SKIP","floor":12},{"not_picked":["Lockon","Time Bomb"],"picked":"Gash","floor":13},{"not_picked":["Leap","Stack","ReplayTheSpireMod:Calculation Training"],"picked":"SKIP","floor":14},{"not_picked":["BasicCrystalCard+1","Compile Driver","Cold Snap"],"picked":"SKIP","floor":18},{"not_picked":["Coolheaded","Barrage"],"picked":"Beam Cell","floor":19},{"not_picked":["Hologram","Doom and Gloom"],"picked":"Rebound","floor":21},{"not_picked":["Lockon","Leap","Melter"],"picked":"SKIP","floor":24}],"player_experience":205962,"relics_obtained":[{"floor":6,"key":"Tiny Chest"},{"floor":9,"key":"Bottled Flame"},{"floor":11,"key":"StoneCalendar"},{"floor":20,"key":"InkBottle"},{"floor":25,"key":"Shuriken"},{"floor":26,"key":"Whetstone"}],"event_choices":[{"damage_healed":0,"gold_gain":100,"player_choice":"Pray","damage_taken":0,"max_hp_gain":0,"max_hp_loss":0,"event_name":"Golden Shrine","floor":2,"gold_loss":0},{"damage_healed":0,"gold_gain":0,"player_choice":"Forge","damage_taken":0,"max_hp_gain":0,"max_hp_loss":0,"event_name":"Accursed Blacksmith","floor":5,"gold_loss":0,"cards_upgraded":["Dualcast"]},{"damage_healed":0,"gold_gain":0,"player_choice":"Smashed Altar","damage_taken":0,"max_hp_gain":0,"max_hp_loss":0,"event_name":"Forgotten Altar","floor":22,"gold_loss":0,"cards_obtained":["Decay"]},{"damage_healed":0,"gold_gain":0,"player_choice":"Bet on Murderer","damage_taken":0,"max_hp_gain":0,"max_hp_loss":0,"event_name":"The Joust","floor":27,"gold_loss":50}],"is_beta":false,"boss_relics":[{"not_picked":["Velvet Choker","Tiny House"],"picked":"Runic Pyramid"}],"items_purged_floors":[7,28,28],"is_endless":false,"potions_floor_spawned":[4,6,16,18],"killed_by":"3 Cultists","ascension_level":2}}