{"host":"w9yruvs4bqht6bhw","time":1609640435,"event":{"mods":["BaseMod","Colored Powertips","Minty Spire (QoL Compilation)"],"gold_per_floor":[116,132,145,165,90,120,120,152,152,163,163,163,163,60,60,183,246,260,260,260,60,60,60,71,71,96,195,210,210,210,224,224,224,224],"floor_reached":33,"playtime":903,"items_purged":["Defend_R","Strike_R"],"score":342,"play_id":"7651c4f0-f7a8-4693-8b1d-5e9316649470","local_time":"20210102212035","is_ascension_mode":true,"campfire_choices":[{"data":"Carnage","floor":7,"key":"SMITH"},{"data":"Intimidate","floor":11,"key":"SMITH"},{"data":"Defend_R","floor":15,"key":"SMITH"},{"floor":23,"key":"REST"},{"data":"Flex","floor":30,"key":"SMITH"},{"floor":32,"key":"REST"}],"circlet_count":0,"master_deck":["Strike_R","Strike_R","Strike_R+1","Strike_R","Defend_R","Defend_R","Defend_R+1","Bash","Headbutt","Carnage+1","Immolate","Intimidate+1","Flex+1","Shrug It Off+1"],"relics":["Burning Blood","Anchor","Boot","Juzu Bracelet","Tiny House","Nloth\u0027s Gift","Orichalcum"],"acts_visited":["Exordium","TheCity"],"potions_floor_usage":[6,8,10,16,16,16,18,24,33,33],"damage_taken":[{"damage":6,"enemies":"Jaw Worm","floor":1,"turns":5},{"damage":0,"enemies":"Small Slimes","floor":2,"turns":4},{"damage":0,"enemies":"2 Louse","floor":3,"turns":2},{"damage":12,"enemies":"Looter","floor":4,"turns":3},{"damage":32,"enemies":"Lagavulin","floor":6,"turns":4},{"damage":8,"enemies":"Gremlin Nob","floor":8,"turns":3},{"damage":0,"enemies":"Lots of Slimes","floor":10,"turns":2},{"damage":59,"enemies":"Hexaghost","floor":16,"turns":9},{"damage":10,"enemies":"3 Byrds","floor":18,"turns":5},{"damage":13,"enemies":"Shell Parasite","floor":24,"turns":3},{"damage":8,"enemies":"Snake Plant","floor":28,"turns":3},{"damage":7,"enemies":"Colosseum Slavers","floor":29,"turns":5},{"damage":13,"enemies":"3 Cultists","floor":31,"turns":5},{"damage":128,"enemies":"Champ","floor":33,"turns":12}],"seed_played":"-6140454160145839880","potions_obtained":[{"floor":0,"key":"BlessingOfTheForge"},{"floor":0,"key":"Explosive Potion"},{"floor":0,"key":"PowerPotion"},{"floor":6,"key":"SpeedPotion"},{"floor":10,"key":"DistilledChaos"},{"floor":17,"key":"ColorlessPotion"},{"floor":18,"key":"PowerPotion"},{"floor":28,"key":"LiquidBronze"},{"floor":31,"key":"Fire Potion"}],"is_trial":false,"path_per_floor":["M","M","M","M","$","E","R","E","T","M","R","?","?","$","R","B",null,"M","?","?","$","?","R","M","?","T","?","M","?","R","M","R","B"],"character_chosen":"IRONCLAD","items_purchased":["SteroidPotion","SkillPotion","FairyPotion"],"campfire_rested":2,"item_purchase_floors":[14,14,21],"current_hp_per_floor":[72,78,80,74,74,48,48,46,46,52,52,52,74,74,74,21,66,62,62,62,62,47,72,65,65,65,65,63,62,62,55,80,0,0],"gold":224,"neow_bonus":"THREE_SMALL_POTIONS","is_daily":false,"chose_seed":false,"campfire_upgraded":4,"win_rate":0.0,"timestamp":1609640435,"path_taken":["M","M","M","M","$","E","R","E","T","M","R","?","?","$","R","BOSS","M","?","?","$","?","R","M","?","T","?","M","?","R","M","R","BOSS"],"items_purchased_type":["Potion","Potion","Potion"],"build_version":"2020-12-22","purchased_purges":2,"victory":false,"max_hp_per_floor":[80,80,80,80,80,80,80,80,80,80,80,74,74,74,74,74,79,79,79,79,79,84,84,84,84,84,84,84,84,84,84,84,84,84],"card_choices":[{"not_picked":["Infernal Blade","Perfected Strike"],"picked":"Headbutt","floor":1},{"not_picked":["Sword Boomerang","Headbutt"],"picked":"Carnage","floor":2},{"not_picked":["Feel No Pain","Metallicize"],"picked":"Immolate","floor":3},{"not_picked":["Shockwave","Havoc","True Grit"],"picked":"SKIP","floor":4},{"not_picked":["Headbutt","Second Wind","Iron Wave"],"picked":"SKIP","floor":6},{"not_picked":["Heavy Blade","Cleave","Wild Strike"],"picked":"SKIP","floor":8},{"not_picked":["Metallicize","Combust"],"picked":"Intimidate","floor":10},{"not_picked":["Sword Boomerang","Clash"],"picked":"Flex","floor":17},{"not_picked":["Twin Strike","True Grit","Wild Strike+1"],"picked":"SKIP","floor":18},{"not_picked":["Sword Boomerang","Berserk","Warcry"],"picked":"SKIP","floor":24},{"not_picked":["Reckless Charge","Ghostly Armor+1"],"picked":"Shrug It Off+1","floor":28},{"not_picked":["Pommel Strike","Havoc","Body Slam"],"picked":"SKIP","floor":31}],"player_experience":285286,"relics_obtained":[{"floor":6,"key":"Anchor"},{"floor":8,"key":"Boot"},{"floor":9,"key":"Juzu Bracelet"},{"floor":26,"key":"Orichalcum"}],"event_choices":[{"damage_healed":0,"gold_gain":0,"player_choice":"Lose Max HP","damage_taken":0,"relics_obtained":["Golden Idol"],"max_hp_gain":0,"max_hp_loss":6,"event_name":"Golden Idol","floor":12,"gold_loss":0},{"damage_healed":24,"gold_gain":0,"player_choice":"Banana","damage_taken":0,"max_hp_gain":0,"max_hp_loss":0,"event_name":"Big Fish","floor":13,"gold_loss":0},{"damage_healed":0,"gold_gain":0,"player_choice":"Ignored","damage_taken":0,"max_hp_gain":0,"max_hp_loss":0,"event_name":"Ghosts","floor":19,"gold_loss":0},{"damage_healed":0,"gold_gain":0,"player_choice":"Traded Relic","damage_taken":0,"relics_obtained":["Nloth\u0027s Gift"],"max_hp_gain":0,"max_hp_loss":0,"event_name":"N\u0027loth","floor":20,"relics_lost":["Golden Idol"],"gold_loss":0},{"damage_healed":0,"gold_gain":0,"player_choice":"Shed Blood","damage_taken":20,"max_hp_gain":5,"max_hp_loss":0,"event_name":"Forgotten Altar","floor":22,"gold_loss":0},{"damage_healed":0,"gold_gain":99,"player_choice":"Stole From Cult","damage_taken":0,"max_hp_gain":0,"max_hp_loss":0,"event_name":"Nest","floor":27,"gold_loss":0},{"damage_healed":0,"gold_gain":0,"player_choice":"Fight","damage_taken":0,"max_hp_gain":0,"max_hp_loss":0,"event_name":"Colosseum","floor":29,"gold_loss":0},{"damage_healed":0,"gold_gain":0,"player_choice":"Fled From Nobs","damage_taken":0,"max_hp_gain":0,"max_hp_loss":0,"event_name":"Colosseum","floor":29,"gold_loss":0}],"is_beta":false,"boss_relics":[{"not_picked":["Fusion Hammer","Ectoplasm"],"picked":"Tiny House"}],"items_purged_floors":[5,21],"is_endless":false,"potions_floor_spawned":[3,4,6,10,18,28,31],"killed_by":"Champ","ascension_level":7}}