{"host":"eketvm4dld8igxnv","time":1609636742,"event":{"mods":["Act Like it!","BaseMod","Better Skull","Better Third Choice","Googly Eyes","Hallownest","Hermit","Minty Spire (QoL Compilation)","StSLib","The Bug Knight"],"gold_per_floor":[417,433,433,152,163,163,181,181,181,211,226,226,226,244,244,244,244],"floor_reached":16,"playtime":1192,"items_purged":[],"score":102,"play_id":"b8a76b81-2935-4fd1-ba56-c5681bd71567","local_time":"20210102201902","is_ascension_mode":false,"campfire_choices":[{"data":"HollowMod:GoodIntentions","floor":6,"key":"SMITH"},{"data":"HollowMod:DesolateDive","floor":8,"key":"SMITH"},{"floor":13,"key":"REST"},{"data":"HollowMod:BaldurShell","floor":15,"key":"SMITH"}],"circlet_count":0,"master_deck":["HollowMod:NailStrikeStart","HollowMod:NailStrikeStart","HollowMod:NailStrikeStart","HollowMod:NailStrikeStart","HollowMod:QuickDashStart","HollowMod:QuickDashStart","HollowMod:QuickDashStart","HollowMod:QuickDashStart","HollowMod:FocusHealStart","HollowMod:PogoStrike","Pain","HollowMod:SoulStrike","HollowMod:CycloneSlash","Hallownest:curseDreamersLament","HollowMod:HowlingWraiths","HollowMod:GreatSlash","HollowMod:HowlingWraiths","HollowMod:GoodIntentions+1","HollowMod:DesolateDive+1","HollowMod:SoulVessel","HollowMod:NewLittleFool","HollowMod:BaldurShell+1"],"relics":["HollowMod:VesselMask","Old Coin","Hallownest:TeacherSealRelic","DollysMirror","Question Card","Kunai","Hallownest:DreamNailRelic"],"acts_visited":["Exordium"],"potions_floor_usage":[2,7,16],"damage_taken":[{"damage":14,"enemies":"Hallownest:monsterHuskGuard","floor":1,"turns":7},{"damage":5,"enemies":"Hallownest:2_Tiktiks_and_1_Crawlid","floor":2,"turns":3},{"damage":2,"enemies":"Hallownest:2_MossCreeps","floor":5,"turns":2},{"damage":10,"enemies":"Hallownest:Wandering_and_Horned","floor":7,"turns":5},{"damage":20,"enemies":"Hallownest:eliteCrystalGuardian","floor":10,"turns":5},{"damage":5,"enemies":"Hallownest:1_Ooma_and_2_Uuma","floor":11,"turns":3},{"damage":11,"enemies":"Hallownest:1_Baldur_1_Crawlid_1_Warrior","floor":14,"turns":6},{"damage":76,"enemies":"Hallownest:BossFalseKnight","floor":16,"turns":11}],"seed_played":"-2489832337395483741","potions_obtained":[{"floor":1,"key":"DistilledChaos"},{"floor":2,"key":"LiquidMemories"},{"floor":5,"key":"Ancient Potion"},{"floor":14,"key":"FearPotion"}],"is_trial":false,"path_per_floor":["M","M","?","$","M","R","M","R","T","E","M","?","R","M","R","B"],"character_chosen":"THE_BUGKNIGHT","items_purchased":["HollowMod:HowlingWraiths","HollowMod:GreatSlash","DollysMirror"],"campfire_rested":1,"item_purchase_floors":[4,4,4],"current_hp_per_floor":[68,69,69,69,67,67,63,63,63,43,38,38,60,55,55,0,0],"gold":244,"neow_bonus":"ONE_RARE_RELIC","is_daily":false,"chose_seed":false,"campfire_upgraded":3,"win_rate":0.0,"timestamp":1609636742,"path_taken":["M","M","?","$","M","R","M","R","T","E","M","?","R","M","R","BOSS"],"items_purchased_type":["Card","Card","Relic"],"build_version":"2020-12-22","purchased_purges":0,"victory":false,"max_hp_per_floor":[75,75,75,75,75,75,75,75,75,75,75,75,75,75,75,75,75],"card_choices":[{"not_picked":["HollowMod:CloakDash","HollowMod:HuntersJournal"],"picked":"HollowMod:SoulStrike","floor":1},{"not_picked":["HollowMod:SiblingsSouls","HollowMod:NewLittleFool"],"picked":"HollowMod:CycloneSlash","floor":2},{"not_picked":["HollowMod:WraithStrike","HollowMod:BaldurShell"],"picked":"HollowMod:GoodIntentions","floor":5},{"not_picked":["HollowMod:InfectedAttack","HollowMod:MawleksShell"],"picked":"HollowMod:DesolateDive","floor":7},{"not_picked":["HollowMod:CrystalDash","HollowMod:ShapeofUnn","HollowMod:SoulShaman"],"picked":"HollowMod:SoulVessel","floor":10},{"not_picked":["HollowMod:HowlingWraiths","HollowMod:ElderbugsWisdom","HollowMod:ShadowDash"],"picked":"HollowMod:NewLittleFool","floor":11},{"not_picked":["HollowMod:InfectedCysts","HollowMod:DoubleDash","HollowMod:VoidDash"],"picked":"HollowMod:BaldurShell","floor":14}],"player_experience":264117,"relics_obtained":[{"floor":9,"key":"Question Card"},{"floor":10,"key":"Kunai"}],"event_choices":[],"is_beta":false,"boss_relics":[],"items_purged_floors":[],"is_endless":false,"potions_floor_spawned":[1,2,5,14],"killed_by":"Hallownest:BossFalseKnight","ascension_level":0}}