{"host":"vrxpb567orm20x8o","time":1609706680,"event":{"mods":["BaseMod","Better Match","Better Note","Custom Start","Gold Saver","Melee Mod","Minty Spire (QoL Compilation)","Replay The Spire","StSLib"],"gold_per_floor":[109,119,134,148,159,159,192,208,208,208,208,117,192,123,140,158,158,254,254,272,272,292,310,322,322,349,360,360,370,387,415,415,415,428,457,457,554,554,564,615,615,629,644,670,378,378,378,393,281,292,309,336,336,336],"floor_reached":55,"playtime":4873,"items_purged":[],"score":1199,"play_id":"d20adf72-5b82-492f-a92a-ec7a904dc0a9","local_time":"20210103124440","daily_mods":["Draft","Allstar","Red Cards","Colorless Cards","Heirloom","Time Dilation"],"is_ascension_mode":false,"campfire_choices":[{"data":"ReplayTheSpireMod:Brewmster","floor":6,"key":"SMITH"},{"data":"Dramatic Entrance","floor":6,"key":"SMITH"},{"data":"Barricade","floor":17,"key":"SMITH"},{"data":"Dark Echo","floor":17,"key":"SMITH"},{"data":"Secret Weapon","floor":25,"key":"SMITH"},{"data":"Mind Blast","floor":25,"key":"SMITH"},{"data":"Corruption","floor":36,"key":"SMITH"},{"data":"ThroughViolence","floor":36,"key":"SMITH"},{"data":"Seeing Red","floor":46,"key":"SMITH"},{"data":"Apotheosis","floor":46,"key":"SMITH"}],"circlet_count":0,"master_deck":["ReplayTheSpireMod:Brewmster+1","BecomeAlmighty","Discovery","Madness","ReplayTheSpireMod:Necrogeddon","ReplayTheSpireMod:Necrogeddon","Dramatic Entrance+1","Dark Echo+1","ThroughViolence+1","J.A.X.","Judgement","Judgement","Corruption+1","Barricade+1","Demon Form","Feel No Pain","Inflame","Inflame","Life Link","Rupture","Fire Breathing","Fire Breathing","Eclipse","Impervious","Double Tap","Exhume","Exhume","Limit Break","Limit Break","Flame Barrier","Defy Death","Shockwave","Seeing Red+1","Seeing Red","Spot Weakness","ReplayTheSpireMod:Stacked","Intimidate","Ghostly Armor","Second Wind","Sentinel","Bloodletting","Rage","Havoc","Defend_R","Armaments","Bludgeon","Immolate","Reaper","Uppercut","Blood for Blood","Feed","Fiend Fire+1","Sever Soul","Reckless Charge","Dropkick","Heavy Blade","Cleave","Headbutt","Sword Boomerang","Run Through","Twin Strike","Bash","Anger","Anger+1","Anger","Armaments","Seeing Red","Flex","ReplayTheSpireMod:Private Reserves","Replay:Bootleg Shield Generator","Purity","Secret Weapon+1","Replay:Parry","Inflame","ReplayTheSpireMod:Limb From Limb","Mind Blast+1","Apotheosis+1","Rupture","Replay:Undeath\u0027s Touch+1","Discovery","Armaments+1","Uppercut","Limit Break","Body Slam+1","Thunderclap","Impervious","ReplayTheSpireMod:Stacked+1","Sadistic Nature","Madness+1","ReplayTheSpireMod:Uncanny Aura","Finesse","Clothesline","Replay:Bootleg Shield Generator+1","Armaments+1","Perfected Strike+1","Burning Pact+1","Warcry+1"],"relics":["Burning Blood","CaptainsWheel","Another Sword","Anchor","Replay:Arrowhead","Black Star","Bird Faced Urn","Replay:Baseball","Bronze Scales","Burning Blood","Chemical X","Charon\u0027s Ashes","Divine Protection","Onion Ring","Replay:Rubber Ducky","StoneCalendar","Pear","Replay:Towering Pillar of Hats","Mango","Coffee Dripper","Champion Belt","FossilizedHelix","Question Card","Replay:Bottled Flurry","Turnip","Whetstone","Replay:Wax Seal","ReplayTheSpireMod:DimensionalGlitch","Ice Cream","Regal Pillow","Toxic Egg 2","Pondfish Scales","Sundial","Toy Ornithopter","Gambling Chip","Red Skull"],"acts_visited":["Exordium","TheCity","TheBeyond"],"potions_floor_usage":[7,16,18,23,26,29,31,35,40,43,48,48,50,51,52,54,54,54],"damage_taken":[{"damage":0,"enemies":"2 Louse","floor":1,"turns":1},{"damage":0,"enemies":"Cultist","floor":2,"turns":2},{"damage":0,"enemies":"Small Slimes","floor":3,"turns":1},{"damage":0,"enemies":"Red Slaver","floor":4,"turns":4},{"damage":0,"enemies":"Looter","floor":5,"turns":2},{"damage":0,"enemies":"Gremlin Nob","floor":7,"turns":4},{"damage":0,"enemies":"Exordium Thugs","floor":8,"turns":2},{"damage":0,"enemies":"Red Slaver","floor":15,"turns":1},{"damage":0,"enemies":"Gremlin Gang","floor":16,"turns":1},{"damage":0,"enemies":"Slime Boss","floor":18,"turns":3},{"damage":0,"enemies":"Spheric Guardian","floor":20,"turns":1},{"damage":0,"enemies":"Chosen","floor":22,"turns":3},{"damage":0,"enemies":"Centurion and Healer","floor":23,"turns":2},{"damage":0,"enemies":"Snake Plant","floor":24,"turns":1},{"damage":0,"enemies":"Replay:Snechameleon","floor":26,"turns":2},{"damage":0,"enemies":"Sentry and Sphere","floor":27,"turns":2},{"damage":0,"enemies":"Snecko","floor":29,"turns":1},{"damage":0,"enemies":"Centurion and Healer","floor":30,"turns":2},{"damage":0,"enemies":"Gremlin Leader","floor":31,"turns":4},{"damage":0,"enemies":"Chosen and Byrds","floor":34,"turns":2},{"damage":0,"enemies":"Replay:Snechameleon","floor":35,"turns":3},{"damage":0,"enemies":"Champ","floor":37,"turns":4},{"damage":0,"enemies":"3 Shapes","floor":39,"turns":2},{"damage":0,"enemies":"2 Orb Walkers","floor":40,"turns":2},{"damage":0,"enemies":"Orb Walker","floor":42,"turns":1},{"damage":0,"enemies":"Maw","floor":43,"turns":6},{"damage":5,"enemies":"Reptomancer","floor":44,"turns":5},{"damage":0,"enemies":"Transient","floor":48,"turns":5},{"damage":0,"enemies":"Jaw Worm Horde","floor":50,"turns":3},{"damage":0,"enemies":"4 Shapes","floor":51,"turns":3},{"damage":0,"enemies":"Nemesis","floor":52,"turns":3},{"damage":20,"enemies":"Donu and Deca","floor":54,"turns":6}],"seed_played":"-6822390605545458157","potions_obtained":[{"floor":3,"key":"Venom Potion"},{"floor":8,"key":"HeartOfIron"},{"floor":16,"key":"SkillPotion"},{"floor":20,"key":"CultistPotion"},{"floor":24,"key":"EssenceOfSteel"},{"floor":30,"key":"Strength Potion"},{"floor":34,"key":"Fire Potion"},{"floor":39,"key":"Dexterity Potion"},{"floor":40,"key":"Cursed Concoction"},{"floor":44,"key":"Toxic Potion"},{"floor":50,"key":"GamblersBrew"},{"floor":52,"key":"EssenceOfSteel"},{"floor":53,"key":"CultistPotion"}],"is_trial":true,"path_per_floor":["M","M","M","M","M","R","E","M","T","PTL","PTL","$","?","$","M","M","R","B",null,"M","?","M","M","M","R","E","M","T","M","M","E","PTL","PTL","M","E","R","B",null,"M","?","$","M","M","E","$","R","T","M","?","M","M","E","R","B",null],"character_chosen":"IRONCLAD","items_purchased":["Replay:Parry","Inflame","Pondfish Scales"],"campfire_rested":0,"item_purchase_floors":[12,14,45],"current_hp_per_floor":[80,80,80,80,80,80,90,90,104,104,104,104,94,94,104,104,104,104,104,104,104,104,104,104,104,104,104,104,104,104,104,104,104,104,104,104,104,104,107,107,107,107,107,107,107,107,107,107,107,107,110,110,110,98],"gold":336,"neow_bonus":"","is_daily":false,"chose_seed":false,"campfire_upgraded":10,"win_rate":0.0,"timestamp":1609706680,"path_taken":["M","M","M","M","M","R","E","M","T","PTL","PTL","$","?","?","M","M","R","BOSS","M","?","M","M","M","R","E","M","T","M","M","E","PTL","PTL","M","E","R","BOSS","M","?","$","M","M","E","$","R","T","M","?","M","M","E","R","BOSS"],"items_purchased_type":["Card","Card","Relic"],"build_version":"2020-12-22","purchased_purges":0,"victory":true,"max_hp_per_floor":[80,80,80,80,80,80,90,90,104,104,104,104,104,104,104,104,104,104,104,104,104,104,104,104,104,104,104,104,104,104,104,104,104,104,104,104,104,104,107,107,107,107,107,107,107,107,107,107,107,107,110,110,110,110],"card_choices":[{"not_picked":["Entrench","Flex"],"picked":"Armaments","floor":1},{"not_picked":["Twin Strike","Mind Blast"],"picked":"Seeing Red","floor":2},{"not_picked":["Dual Wield","Finesse"],"picked":"Flex","floor":3},{"not_picked":["Run Through","Clothesline"],"picked":"ReplayTheSpireMod:Private Reserves","floor":4},{"not_picked":["ReplayTheSpireMod:Uncanny Aura","Power Through"],"picked":"Replay:Bootleg Shield Generator","floor":5},{"not_picked":["Sword Boomerang","Flex"],"picked":"Purity","floor":7},{"not_picked":["Burning Pact","Seeing Red"],"picked":"Secret Weapon","floor":8},{"not_picked":["Searing Blow","Pommel Strike"],"picked":"ReplayTheSpireMod:Limb From Limb","floor":15},{"not_picked":["Replay:Sssssssssstrike","Heavy Blade"],"picked":"Mind Blast","floor":16},{"not_picked":["Mayhem","Bludgeon"],"picked":"Apotheosis","floor":18},{"not_picked":["Clash+1","Sword Boomerang"],"picked":"Rupture","floor":20},{"not_picked":["Impatience","Life Link"],"picked":"Replay:Undeath\u0027s Touch+1","floor":22},{"not_picked":["Sword Boomerang+1","Twin Strike"],"picked":"Discovery","floor":23},{"not_picked":["Run Through","Dramatic Entrance","Survey Options"],"picked":"SKIP","floor":24},{"not_picked":["Body Slam+1","Replay:Undeath\u0027s Touch"],"picked":"Armaments+1","floor":26},{"not_picked":["Shrug It Off","Heavy Blade"],"picked":"Uppercut","floor":27},{"not_picked":["Pommel Strike","Feel No Pain","Clash"],"picked":"Limit Break","floor":29},{"not_picked":["Jack Of All Trades","Headbutt","Clash"],"picked":"Body Slam+1","floor":30},{"not_picked":["Havoc","Shockwave","Headbutt"],"picked":"Thunderclap","floor":31},{"not_picked":["Shrug It Off","ReplayTheSpireMod:Strike From Hell","ReplayTheSpireMod:Muscle Training"],"picked":"Impervious","floor":34},{"not_picked":["Warcry","ReplayTheSpireMod:Necrogeddon","True Grit"],"picked":"ReplayTheSpireMod:Stacked+1","floor":35},{"not_picked":["Double Tap","Demonic Infusion","Metamorphosis"],"picked":"Sadistic Nature","floor":37},{"not_picked":["ReplayTheSpireMod:Stacked","Anger","Shrug It Off+1"],"picked":"Madness+1","floor":39},{"not_picked":["Clothesline","Perfected Strike+1","Massacre+1"],"picked":"ReplayTheSpireMod:Uncanny Aura","floor":40},{"not_picked":["Perfected Strike","Clothesline+1","Havoc"],"picked":"Finesse","floor":42},{"not_picked":["Replay:Undeath\u0027s Touch+1","Flame Barrier","Body Slam+1"],"picked":"Clothesline","floor":43},{"not_picked":["Ghostly Armor+1","Sadistic Nature","ReplayTheSpireMod:LeadingStrike"],"picked":"Replay:Bootleg Shield Generator+1","floor":44},{"not_picked":["Carnage","Deep Breath+1","Sword Boomerang"],"picked":"Armaments+1","floor":48},{"not_picked":["Thunderclap+1","Havoc+1","Iron Wave"],"picked":"Perfected Strike+1","floor":50},{"not_picked":["Armaments+1","Clothesline","True Grit+1"],"picked":"Burning Pact+1","floor":51},{"not_picked":["Shrug It Off+1","Replay:Sssssssssstrike","Carnage+1"],"picked":"Warcry+1","floor":52}],"player_experience":112013,"relics_obtained":[{"floor":7,"key":"Pear"},{"floor":7,"key":"Replay:Towering Pillar of Hats"},{"floor":9,"key":"Mango"},{"floor":26,"key":"Champion Belt"},{"floor":26,"key":"FossilizedHelix"},{"floor":28,"key":"Question Card"},{"floor":31,"key":"Replay:Bottled Flurry"},{"floor":31,"key":"Turnip"},{"floor":35,"key":"Whetstone"},{"floor":35,"key":"Replay:Wax Seal"},{"floor":40,"key":"Ice Cream"},{"floor":44,"key":"Regal Pillow"},{"floor":44,"key":"Toxic Egg 2"},{"floor":47,"key":"Sundial"},{"floor":52,"key":"Gambling Chip"},{"floor":52,"key":"Red Skull"}],"event_choices":[{"damage_healed":0,"gold_gain":75,"player_choice":"Touch","damage_taken":10,"max_hp_gain":0,"max_hp_loss":0,"event_name":"FaceTrader","floor":13,"gold_loss":0},{"cards_removed":["ThroughViolence"],"damage_healed":0,"gold_gain":0,"player_choice":"Give","damage_taken":0,"max_hp_gain":0,"max_hp_loss":0,"event_name":"betterNote:BetterNote","floor":21,"gold_loss":0,"cards_obtained":["Defend_B"]},{"damage_healed":0,"gold_gain":0,"player_choice":"Fight","damage_taken":0,"max_hp_gain":0,"max_hp_loss":0,"event_name":"Mysterious Sphere","floor":40,"gold_loss":0},{"damage_healed":0,"gold_gain":0,"player_choice":"Paid Gold","damage_taken":0,"relics_obtained":["Toy Ornithopter"],"max_hp_gain":0,"max_hp_loss":0,"event_name":"WeMeetAgain","floor":49,"gold_loss":112}],"is_beta":false,"boss_relics":[{"not_picked":["Snecko Eye","Calling Bell"],"picked":"Coffee Dripper"},{"not_picked":["Runic Dome","Astrolabe"],"picked":"ReplayTheSpireMod:DimensionalGlitch"}],"items_purged_floors":[],"is_endless":false,"potions_floor_spawned":[3,8,15,16,20,24,27,30,34,39,40,44,50,52],"ascension_level":0}}