{"host":"armnliea5o2aqs4b","time":1609678498,"event":{"mods":["BaseMod","Hubris","Infinite Spire","Minty Spire (QoL Compilation)","Quick Restart","StSLib"],"gold_per_floor":[114,130,130,130,146,146,172,172,172,192,202,202,231,75,75,170,170,189,189,189,189,205,205,224,224,249,275,200,217,217,245,245,348,348,363,413,413,413,424,424,453,473,473,485,0,0,0,10,10,10,10],"floor_reached":50,"playtime":1333,"items_purged":[],"score":677,"play_id":"378c70a0-2321-4491-8658-44bb26a7ac53","local_time":"20210103235458","is_ascension_mode":true,"campfire_choices":[{"data":"Spot Weakness","floor":6.0,"key":"SMITH"},{"floor":12.0,"key":"REST"},{"data":"infinitespire:OneForAll","floor":15.0,"key":"SMITH"},{"data":"Double Tap","floor":23,"key":"SMITH"},{"floor":32,"key":"REST"},{"floor":40,"key":"REST"},{"data":"Bludgeon","floor":46,"key":"SMITH"},{"floor":49,"key":"REST"}],"circlet_count":0,"master_deck":["Strike_R+1","Defend_R+1","Defend_R+1","Defend_R+1","Defend_R+1","Spot Weakness+1","Disarm","Heavy Blade","Dual Wield","infinitespire:OneForAll+1","Reaper+1","Double Tap+1","Flex","Flex","Bludgeon+1","Twin Strike+1","Sentinel+1","Rupture+1","Whirlwind+1","Body Slam+1"],"relics":["Burning Blood","NeowsBlessing","Omamori","Meat on the Bone","Red Skull","TheAbacus","infinitespire:Burning Sword","hubris:Icosahedron","hubris:Towel","Bag of Marbles","Regal Pillow","Happy Flower","Astrolabe","hubris:Potato","Strange Spoon","Strawberry","Gremlin Horn","Red Mask","hubris:Reverence"],"acts_visited":["Exordium","TheCity","TheBeyond"],"potions_floor_usage":[31,33,33,36,42,48,48],"damage_taken":[{"damage":0.0,"enemies":"Cultist","floor":1.0,"turns":1.0},{"damage":0.0,"enemies":"Small Slimes","floor":2.0,"turns":1.0},{"damage":0.0,"enemies":"Jaw Worm","floor":5.0,"turns":1.0},{"damage":59.0,"enemies":"Lagavulin","floor":7.0,"turns":8.0},{"damage":20.0,"enemies":"3 Louse","floor":10.0,"turns":4.0},{"damage":0.0,"enemies":"Exordium Wildlife","floor":11.0,"turns":3.0},{"damage":38.0,"enemies":"Gremlin Nob","floor":13.0,"turns":5.0},{"damage":50.0,"enemies":"The Guardian","floor":16.0,"turns":9.0},{"damage":48.0,"enemies":"2 Thieves","floor":18.0,"turns":4.0},{"damage":14,"enemies":"Shell Parasite","floor":22,"turns":4},{"damage":41,"enemies":"Chosen and Byrds","floor":24,"turns":7},{"damage":36,"enemies":"Nightmare","floor":27,"turns":6},{"damage":4,"enemies":"Sentry and Sphere","floor":29,"turns":4},{"damage":31,"enemies":"Book of Stabbing","floor":31,"turns":3},{"damage":43,"enemies":"Collector","floor":33,"turns":4},{"damage":59,"enemies":"3 Shapes","floor":35,"turns":4},{"damage":24,"enemies":"Mind Bloom Boss Battle","floor":36,"turns":3},{"damage":0,"enemies":"Orb Walker","floor":39,"turns":1},{"damage":29,"enemies":"Giant Head","floor":41,"turns":6},{"damage":0,"enemies":"Writhing Mass","floor":42,"turns":1},{"damage":0,"enemies":"Sphere and 2 Shapes","floor":44,"turns":1},{"damage":40,"enemies":"Transient","floor":48,"turns":5},{"damage":101,"enemies":"infinitespire:MassOfShapes","floor":50,"turns":6}],"seed_played":"5176796123693497211","potions_obtained":[{"floor":1.0,"key":"DuplicationPotion"},{"floor":2.0,"key":"LiquidBronze"},{"floor":4.0,"key":"DuplicationPotion"},{"floor":16.0,"key":"BlessingOfTheForge"},{"floor":18.0,"key":"Dexterity Potion"},{"floor":29,"key":"CultistPotion"},{"floor":31,"key":"Swift Potion"},{"floor":33,"key":"Strength Potion"},{"floor":36,"key":"BlessingOfTheForge"},{"floor":39,"key":"Fire Potion"},{"floor":42,"key":"ColorlessPotion"}],"is_trial":false,"path_per_floor":["M","M","$","?","M","R","E","?","T","M","M","R","E","$","R","B",null,"M","?","?","?","M","R","M","?","T","NM","?","M","?","E","R","B",null,"M","?","?","AVR","M","R","E","M","T","M","?","R","T","M","R","B"],"character_chosen":"IRONCLAD","items_purchased":["TheAbacus"],"campfire_rested":4,"item_purchase_floors":[14],"current_hp_per_floor":[80,80,80,80,80,80,27,27,27,25,43,67,47,47,47,26,80,50,50,50,50,48,48,56,56,56,56,56,73,73,48,80,55,80,55,49,49,49,55,80,64,70,70,76,76,76,76,53,87,0,0],"gold":10,"neow_bonus":"THREE_ENEMY_KILL","is_daily":false,"chose_seed":false,"campfire_upgraded":4,"win_rate":0.0,"timestamp":1609678498,"path_taken":["M","M","$","?","?","R","E","?","T","M","?","R","E","?","R","BOSS","M","?","?","?","M","R","?","?","T","NM","?","?","?","E","R","BOSS","M","?","?","AVR","M","R","E","?","T","M","?","R","?","M","R","BOSS"],"items_purchased_type":["Relic"],"build_version":"2020-12-22","purchased_purges":0,"victory":false,"max_hp_per_floor":[80,80,80,80,80,80,80,80,80,80,80,80,80,80,80,80,80,80,80,80,80,80,80,80,80,80,80,80,80,80,80,80,80,80,80,80,80,80,80,80,87,87,87,87,87,87,87,87,87,87,87],"card_choices":[{"not_picked":["Warcry","Armaments"],"picked":"Spot Weakness","floor":1.0},{"not_picked":["Armaments","hubris:ReadiedAction"],"picked":"Disarm","floor":2.0},{"not_picked":["Sentinel","Fire Breathing"],"picked":"Heavy Blade","floor":5.0},{"not_picked":["Uppercut","Cleave"],"picked":"Dual Wield","floor":7.0},{"not_picked":["Clash","Twin Strike","Hemokinesis"],"picked":"SKIP","floor":10.0},{"not_picked":["Spot Weakness","Rampage"],"picked":"infinitespire:OneForAll","floor":11.0},{"not_picked":["Perfected Strike","Seeing Red"],"picked":"Reaper","floor":13.0},{"not_picked":["Berserk","Feed"],"picked":"Double Tap","floor":16.0},{"not_picked":["Shrug It Off","Havoc"],"picked":"Flex","floor":18.0},{"not_picked":["Wild Strike+1","Headbutt+1","Twin Strike+1"],"picked":"SKIP","floor":22},{"not_picked":["Pummel","Shrug It Off"],"picked":"Flex","floor":24},{"not_picked":["Headbutt","Uppercut+1","Cleave"],"picked":"SKIP","floor":27},{"not_picked":["Burning Pact","Clash","Entrench"],"picked":"SKIP","floor":29},{"not_picked":["Body Slam","Juggernaut","Armaments"],"picked":"SKIP","floor":31},{"not_picked":["hubris:StunningStrike","Barricade"],"picked":"Bludgeon","floor":33},{"not_picked":["hubris:ReadiedAction","Clash+1"],"picked":"Whirlwind+1","floor":35},{"not_picked":["Dark Embrace","Reckless Charge"],"picked":"Body Slam+1","floor":39},{"not_picked":["Havoc","Sword Boomerang+1","Perfected Strike+1"],"picked":"SKIP","floor":41},{"not_picked":["Entrench","Reckless Charge+1","Cleave"],"picked":"SKIP","floor":42},{"not_picked":["Bloodletting+1","Clash","Perfected Strike+1"],"picked":"SKIP","floor":44},{"not_picked":["Iron Wave","Flex","Thunderclap+1"],"picked":"SKIP","floor":48}],"player_experience":155655,"relics_obtained":[{"floor":7.0,"key":"Omamori"},{"floor":9.0,"key":"Meat on the Bone"},{"floor":13.0,"key":"Red Skull"},{"floor":26,"key":"Bag of Marbles"},{"floor":27,"key":"Regal Pillow"},{"floor":31,"key":"Happy Flower"},{"floor":36,"key":"hubris:Potato"},{"floor":41,"key":"Strawberry"},{"floor":43,"key":"Gremlin Horn"},{"floor":47,"key":"hubris:Reverence"}],"event_choices":[{"damage_healed":0.0,"max_hp_gain":0.0,"max_hp_loss":0.0,"gold_gain":0.0,"event_name":"Lab","player_choice":"Got Potions","floor":4.0,"gold_loss":0.0,"damage_taken":0.0},{"cards_removed":["Strike_R"],"damage_healed":0.0,"max_hp_gain":0.0,"max_hp_loss":0.0,"gold_gain":0.0,"event_name":"Wheel of Change","player_choice":"Card Removal","floor":8.0,"gold_loss":0.0,"damage_taken":0.0},{"damage_healed":0.0,"max_hp_gain":0.0,"max_hp_loss":0.0,"gold_gain":0.0,"event_name":"Back to Basics","player_choice":"Simplicity","floor":20.0,"gold_loss":0.0,"damage_taken":0.0,"cards_upgraded":["Strike_R","Strike_R","Strike_R","Strike_R","Defend_R","Defend_R","Defend_R","Defend_R"]},{"damage_healed":0.0,"max_hp_gain":0.0,"max_hp_loss":0.0,"gold_gain":0.0,"event_name":"Accursed Blacksmith","player_choice":"Forge","floor":21.0,"gold_loss":0.0,"damage_taken":0.0,"cards_upgraded":["Reaper"]},{"cards_removed":["Strike_R"],"damage_healed":0,"gold_gain":0,"player_choice":"Gave Gold","damage_taken":0,"max_hp_gain":0,"max_hp_loss":0,"event_name":"Beggar","floor":28,"gold_loss":75},{"damage_healed":0,"gold_gain":0,"player_choice":"Ignored","damage_taken":0,"max_hp_gain":0,"max_hp_loss":0,"event_name":"Vampires","floor":30,"gold_loss":0},{"damage_healed":0,"gold_gain":0,"player_choice":"Fight","damage_taken":0,"max_hp_gain":0,"max_hp_loss":0,"event_name":"MindBloom","floor":36,"gold_loss":0},{"damage_healed":0,"gold_gain":0,"player_choice":"Ignored","damage_taken":0,"max_hp_gain":0,"max_hp_loss":0,"event_name":"SecretPortal","floor":37,"gold_loss":0},{"damage_healed":0,"gold_gain":0,"player_choice":"Paid","damage_taken":0,"relics_obtained":["Red Mask"],"max_hp_gain":0,"max_hp_loss":0,"event_name":"Tomb of Lord Red Mask","floor":45,"gold_loss":485}],"is_beta":false,"boss_relics":[{"not_picked":["hubris:VirtuousBlindfold","Runic Pyramid"],"picked":"infinitespire:Burning Sword"},{"not_picked":["SacredBark","infinitespire:Cupcake"],"picked":"Astrolabe"}],"items_purged_floors":[],"is_endless":false,"potions_floor_spawned":[1,2,13,16,18,29,31,33,36,39,42,44],"killed_by":"infinitespire:MassOfShapes","ascension_level":4}}