{"host":"p7j7o00jacnw7qzt","time":1609637941,"event":{"mods":["BaseMod","Colored Map","Colored Powertips","DeckTracker","Highlight Path","Minty Spire (QoL Compilation)","Relic Stats"],"gold_per_floor":[112,125,125,141,66,66,109,132,132,132,148,173,173,98,98,188,188,211,211,227,127,145,181,181,221,302,338,463,463,463,488,488,581,581,606,438,771,783,783,798,826,826,826,826,591,618,630,630,630,630,630,630,630,62,93,93],"floor_reached":57,"playtime":5736,"items_purged":["Strike_R","Strike_R","Bash","Immolate","Defend_R"],"score":3086,"play_id":"2ebb043c-d73d-43c8-ab3e-5ac0192ae83e","local_time":"20210102203901","is_ascension_mode":true,"campfire_choices":[{"data":"Armaments","floor":6.0,"key":"SMITH"},{"data":"Feel No Pain","floor":10.0,"key":"SMITH"},{"data":"Fire Breathing","floor":13.0,"key":"SMITH"},{"data":"Feed","floor":15.0,"key":"SMITH"},{"data":"Evolve","floor":24.0,"key":"SMITH"},{"data":"Body Slam","floor":32.0,"key":"SMITH"},{"data":"Entrench","floor":44.0,"key":"SMITH"},{"floor":49.0,"key":"RECALL"},{"data":"Second Wind","floor":53.0,"key":"SMITH"}],"circlet_count":0,"master_deck":["AscendersBane","Defend_R","Defend_R","Defend_R","Second Wind+1","Armaments+1","Feed+1","Fire Breathing+1","Feel No Pain+1","Body Slam+1","Power Through+1","Warcry+1","Evolve+1","Bloodletting","Ghostly","Ghostly","Ghostly","Shrug It Off","Barricade","Dark Embrace","Entrench+1","Burning Pact"],"relics":["Burning Blood","Bronze Scales","Eternal Feather","Coffee Dripper","Pear","Omamori","Lantern","Torii","Question Card","Runic Cube","Bag of Preparation","Sundial","Art of War","Paper Frog","Thread and Needle","Unceasing Top"],"acts_visited":["Exordium","TheCity","TheBeyond","TheEnding"],"potions_floor_usage":[],"damage_taken":[{"damage":2.0,"enemies":"2 Louse","floor":1.0,"turns":4.0},{"damage":4.0,"enemies":"Small Slimes","floor":2.0,"turns":4.0},{"damage":9.0,"enemies":"Jaw Worm","floor":4.0,"turns":7.0},{"damage":40.0,"enemies":"Gremlin Nob","floor":7.0,"turns":5.0},{"damage":0.0,"enemies":"Looter","floor":8.0,"turns":4.0},{"damage":1.0,"enemies":"2 Fungi Beasts","floor":11.0,"turns":5.0},{"damage":14.0,"enemies":"3 Louse","floor":12.0,"turns":4.0},{"damage":25.0,"enemies":"Slime Boss","floor":16.0,"turns":8.0},{"damage":11.0,"enemies":"Spheric Guardian","floor":18.0,"turns":4.0},{"damage":13.0,"enemies":"3 Byrds","floor":20.0,"turns":3.0},{"damage":5.0,"enemies":"Centurion and Healer","floor":22.0,"turns":5.0},{"damage":16.0,"enemies":"Book of Stabbing","floor":23.0,"turns":6.0},{"damage":0.0,"enemies":"Gremlin Leader","floor":25.0,"turns":5.0},{"damage":12.0,"enemies":"Book of Stabbing","floor":27.0,"turns":6.0},{"damage":5.0,"enemies":"Colosseum Slavers","floor":28.0,"turns":4.0},{"damage":25.0,"enemies":"Colosseum Nobs","floor":28.0,"turns":4.0},{"damage":22.0,"enemies":"Shelled Parasite and Fungi","floor":31.0,"turns":7.0},{"damage":1.0,"enemies":"Automaton","floor":33.0,"turns":9.0},{"damage":0.0,"enemies":"Orb Walker","floor":35.0,"turns":3.0},{"damage":12.0,"enemies":"3 Darklings","floor":38.0,"turns":5.0},{"damage":18.0,"enemies":"Transient","floor":40.0,"turns":6.0},{"damage":9.0,"enemies":"Nemesis","floor":41.0,"turns":5.0},{"damage":9.0,"enemies":"Giant Head","floor":46.0,"turns":6.0},{"damage":3.0,"enemies":"Jaw Worm Horde","floor":47.0,"turns":10.0},{"damage":7.0,"enemies":"Awakened One","floor":50.0,"turns":6.0},{"damage":9.0,"enemies":"Time Eater","floor":51.0,"turns":6.0},{"damage":8.0,"enemies":"Shield and Spear","floor":55.0,"turns":6.0},{"damage":7,"enemies":"The Heart","floor":56,"turns":6}],"seed_played":"-2023745484229973834","potions_obtained":[{"floor":4.0,"key":"EntropicBrew"},{"floor":7.0,"key":"ColorlessPotion"},{"floor":11.0,"key":"Energy Potion"},{"floor":16.0,"key":"BlessingOfTheForge"},{"floor":20.0,"key":"FearPotion"},{"floor":25.0,"key":"BloodPotion"},{"floor":33.0,"key":"DistilledChaos"},{"floor":40.0,"key":"Explosive Potion"}],"is_trial":false,"path_per_floor":["M","M","?","M","?","R","E","M","T","R","M","M","R","$","R","B",null,"M","?","M","$","M","E","R","E","T","E","?","?","?","M","R","B",null,"M","$","?","M","?","M","E","?","T","R","$","E","M","T","R","B","B",null,"R","$","E","B",null],"character_chosen":"IRONCLAD","items_purchased":["Dark Embrace","DistilledChaos","Thread and Needle","Energy Potion"],"campfire_rested":0,"item_purchase_floors":[36,45,54,54],"current_hp_per_floor":[68,68,45,42,42,42,12,22,22,28,51,47,53,53,59,40,72,71,46,43,43,48,48,57,67,67,61,47,47,47,35,47,56,64,71,71,71,69,69,57,58,58,58,70,70,71,78,78,87,90,87,90,91,91,93,92],"gold":93,"neow_bonus":"REMOVE_TWO","is_daily":false,"chose_seed":false,"campfire_upgraded":8,"win_rate":0.0,"timestamp":1609637941,"path_taken":["M","M","?","M","?","R","E","M","T","R","M","M","R","$","R","BOSS","M","?","M","$","M","E","R","E","T","E","?","?","?","M","R","BOSS","M","$","?","M","?","M","E","?","T","R","$","E","M","?","R","BOSS","BOSS","R","$","E","BOSS"],"items_purchased_type":["Card","Potion","Relic","Potion"],"build_version":"2020-12-22","purchased_purges":5,"victory":true,"max_hp_per_floor":[68,68,68,68,68,68,72,76,76,76,79,83,83,83,83,83,83,87,92,96,96,100,110,110,114,114,114,118,118,59,63,63,67,67,71,71,71,75,75,75,79,79,79,79,79,83,87,87,87,91,91,91,91,91,95,95],"relic_stats":{"Torii":1,"counters":[28,153],"Sundial":[28],"Bronze Scales":[570],"Eternal Feather":61,"Bag of Preparation":[12],"Art of War":[17],"Question Card":10,"obtain_stats":[{"Lantern":27,"Pear":23,"Torii":28,"Golden Idol":3,"Eternal Feather":9,"Thread and Needle":54,"Omamori":25,"Bag of Preparation":41,"Question Card":28,"Burning Blood":0,"Sundial":43,"Bronze Scales":7,"Coffee Dripper":17,"Art of War":46,"Unceasing Top":55,"Runic Cube":34,"Paper Frog":48},{"Lantern":14,"Pear":12,"Torii":16,"Golden Idol":2,"Eternal Feather":5,"Thread and Needle":26,"Omamori":13,"Bag of Preparation":22,"Question Card":16,"Burning Blood":0,"Sundial":22,"Bronze Scales":4,"Coffee Dripper":8,"Art of War":23,"Unceasing Top":27,"Runic Cube":18,"Paper Frog":24},{"Lantern":70,"Pear":59,"Torii":78,"Golden Idol":8,"Eternal Feather":24,"Thread and Needle":141,"Omamori":64,"Bag of Preparation":113,"Question Card":78,"Burning Blood":0,"Sundial":113,"Bronze Scales":20,"Coffee Dripper":41,"Art of War":119,"Unceasing Top":147,"Runic Cube":94,"Paper Frog":129}],"Burning Blood":159,"Unceasing Top":[0],"Runic Cube":[33]},"card_choices":[{"not_picked":["Cleave","Heavy Blade"],"picked":"Second Wind","floor":1.0},{"not_picked":["Metallicize","Flex"],"picked":"Armaments","floor":2.0},{"not_picked":["Clash","Combust"],"picked":"Feed","floor":4.0},{"not_picked":["Blood for Blood","Flex"],"picked":"Fire Breathing","floor":7.0},{"not_picked":["Sword Boomerang","Shrug It Off"],"picked":"Feel No Pain","floor":8.0},{"not_picked":["Havoc","Sever Soul"],"picked":"Body Slam","floor":11.0},{"not_picked":["Flex","Perfected Strike","Double Tap"],"picked":"SKIP","floor":12.0},{"not_picked":["Offering","Bludgeon"],"picked":"Immolate","floor":16.0},{"not_picked":["Body Slam","Pummel","Metallicize"],"picked":"SKIP","floor":18.0},{"not_picked":["Thunderclap+1","Flex"],"picked":"Power Through+1","floor":20.0},{"not_picked":["Havoc+1","Whirlwind"],"picked":"Warcry+1","floor":22.0},{"not_picked":["Headbutt+1","Spot Weakness"],"picked":"Evolve","floor":23.0},{"not_picked":["Armaments","Twin Strike+1"],"picked":"Bloodletting","floor":25.0},{"not_picked":["Rampage","Flex","Clothesline"],"picked":"SKIP","floor":27.0},{"not_picked":["Rampage","Flex","Clothesline"],"picked":"SKIP","floor":27.0},{"not_picked":["Rupture","Pommel Strike","Cleave"],"picked":"Shrug It Off","floor":31.0},{"not_picked":["Brutality","Exhume","Bludgeon"],"picked":"Barricade","floor":33.0},{"not_picked":["Spot Weakness","Headbutt","Dropkick","Iron Wave"],"picked":"SKIP","floor":35.0},{"not_picked":["Sword Boomerang","Flex","Disarm+1","Heavy Blade"],"picked":"SKIP","floor":38.0},{"not_picked":["Immolate","Havoc","Warcry"],"picked":"Entrench","floor":40.0},{"not_picked":["Ghostly Armor+1","Wild Strike","Armaments","Anger+1"],"picked":"SKIP","floor":41.0},{"not_picked":["True Grit","Thunderclap","Sentinel","Double Tap"],"picked":"SKIP","floor":46.0},{"not_picked":["Body Slam","True Grit","Wild Strike"],"picked":"Burning Pact","floor":47.0},{"not_picked":["Clothesline","Anger","Havoc","Bludgeon"],"picked":"SKIP","floor":55.0}],"player_experience":937379,"relics_obtained":[{"floor":7.0,"key":"Bronze Scales"},{"floor":9.0,"key":"Eternal Feather"},{"floor":23.0,"key":"Pear"},{"floor":25.0,"key":"Omamori"},{"floor":27.0,"key":"Lantern"},{"floor":28.0,"key":"Torii"},{"floor":28.0,"key":"Question Card"},{"floor":41.0,"key":"Bag of Preparation"},{"floor":43.0,"key":"Sundial"},{"floor":46.0,"key":"Art of War"},{"floor":48.0,"key":"Paper Frog"},{"floor":55.0,"key":"Unceasing Top"}],"event_choices":[{"damage_healed":0.0,"max_hp_gain":0.0,"max_hp_loss":0.0,"gold_gain":0.0,"event_name":"Golden Idol","player_choice":"Take Damage","floor":3.0,"gold_loss":0.0,"damage_taken":23.0,"relics_obtained":["Golden Idol"]},{"cards_removed":["Strike_R"],"damage_healed":0.0,"max_hp_gain":0.0,"max_hp_loss":0.0,"gold_gain":0.0,"event_name":"The Cleric","player_choice":"Card Removal","floor":5.0,"gold_loss":75.0,"damage_taken":0.0},{"damage_healed":0.0,"max_hp_gain":5.0,"max_hp_loss":0.0,"gold_gain":0.0,"event_name":"Forgotten Altar","player_choice":"Shed Blood","floor":19.0,"gold_loss":0.0,"damage_taken":30.0},{"damage_healed":0.0,"max_hp_gain":0.0,"max_hp_loss":0.0,"gold_gain":0.0,"event_name":"Colosseum","player_choice":"Fight","floor":28.0,"gold_loss":0.0,"damage_taken":0.0},{"damage_healed":0.0,"max_hp_gain":0.0,"max_hp_loss":0.0,"gold_gain":0.0,"event_name":"Colosseum","player_choice":"Fought Nobs","floor":28.0,"gold_loss":0.0,"damage_taken":0.0},{"damage_healed":0.0,"max_hp_gain":0.0,"max_hp_loss":0.0,"gold_gain":0.0,"event_name":"Vampires","player_choice":"Ignored","floor":29.0,"gold_loss":0.0,"damage_taken":0.0},{"damage_healed":0.0,"max_hp_gain":0.0,"max_hp_loss":59.0,"gold_gain":0.0,"event_name":"Ghosts","player_choice":"Became a Ghost","floor":30.0,"gold_loss":0.0,"damage_taken":0.0,"cards_obtained":["Ghostly","Ghostly","Ghostly"]},{"damage_healed":0.0,"max_hp_gain":0.0,"max_hp_loss":0.0,"gold_gain":333.0,"event_name":"The Moai Head","player_choice":"Gave Idol","floor":37.0,"relics_lost":["Golden Idol"],"gold_loss":0.0,"damage_taken":0.0},{"damage_healed":0.0,"max_hp_gain":0.0,"max_hp_loss":0.0,"gold_gain":0.0,"event_name":"Tomb of Lord Red Mask","player_choice":"Ignored","floor":39.0,"gold_loss":0.0,"damage_taken":0.0},{"damage_healed":0.0,"max_hp_gain":0.0,"max_hp_loss":0.0,"gold_gain":0.0,"event_name":"SensoryStone","player_choice":"Memory 1","floor":42.0,"gold_loss":0.0,"damage_taken":0.0}],"is_beta":false,"boss_relics":[{"not_picked":["Sozu","Black Blood"],"picked":"Coffee Dripper"},{"not_picked":["SlaversCollar","SacredBark"],"picked":"Runic Cube"}],"items_purged_floors":[14,21,36,45,54],"is_endless":false,"potions_floor_spawned":[4,7,11,12,16,20,25,28,28,33,38,40,47],"ascension_level":20}}