{"host":"0q790t49ejxj115z","time":1609698636,"event":{"mods":["2.2 Compatiblity","Act Like it!","Aspiration","BaseMod","Better Altar","Better Match","Better Sensory Stone","Better Skull","BetterRewards","Evolution","GifTheSpireLib","Gold Saver","Hubris","Hyrulean Relics","Infinite Spire","Minty Spire (QoL Compilation)","Relic Stats","Shop Mod","Spicy Shops","StSLib","The Hierophant","The Marked"],"gold_per_floor":[188,188,188,188,204,204,204],"floor_reached":6,"playtime":486,"items_purged":[],"score":34,"play_id":"cf751bfa-aec5-4f96-bebb-7e9610f24d21","local_time":"20210103103036","daily_mods":["Draft","Vintage","Heirloom","DeadlyEvents"],"is_ascension_mode":false,"campfire_choices":[],"circlet_count":0,"master_deck":["theMarked:MaelstromOfLightning","theMarked:Static","theMarked:WastefulDefense","theMarked:EmpowerWeapon","theMarked:Reabsorb","theMarked:BanishingWave","theMarked:BanishingStrike","theMarked:DeterminationOfTheMarked","theMarked:ElectricStrings","theMarked:HeightenedSenses","theMarked:ElementalBlade","theMarked:ResourceFulStrike","theMarked:HeritageOfTheMarked","theMarked:PowerFlow","infinitespire:FutureSight"],"relics":["theMarked:ArtifactOfAir","EVO:Axolotl","Ice Cream","hubris:AstralHammer","White Beast Statue","Torii"],"acts_visited":["Exordium"],"potions_floor_usage":[],"damage_taken":[{"damage":17,"enemies":"Small Slimes","floor":1,"turns":3},{"damage":11,"enemies":"Jaw Worm","floor":5,"turns":3},{"damage":19,"enemies":"3 Sentries","floor":6,"turns":4}],"seed_played":"-8132090554475681094","potions_obtained":[{"floor":5,"key":"Strength Potion"}],"is_trial":true,"path_per_floor":["M","?","?","?","M","E"],"character_chosen":"THE_DEFAULT","items_purchased":[],"campfire_rested":0,"item_purchase_floors":[],"current_hp_per_floor":[53,36,33,26,15,0,0],"gold":204,"neow_bonus":"","is_daily":false,"chose_seed":false,"campfire_upgraded":0,"win_rate":0.0,"timestamp":1609698636,"path_taken":["M","?","?","?","M","E"],"items_purchased_type":[],"build_version":"2020-12-22","purchased_purges":0,"victory":false,"max_hp_per_floor":[70,70,70,70,70,70,70],"relic_stats":{"Torii":0,"counters":[3,10],"obtain_stats":[{"Ice Cream":0,"theMarked:ArtifactOfAir":0,"Torii":5,"hubris:AstralHammer":1,"EVO:Axolotl":0,"White Beast Statue":3},{"Ice Cream":0,"theMarked:ArtifactOfAir":0,"Torii":2,"hubris:AstralHammer":1,"EVO:Axolotl":0,"White Beast Statue":1},{"Ice Cream":0,"theMarked:ArtifactOfAir":0,"Torii":6,"hubris:AstralHammer":3,"EVO:Axolotl":0,"White Beast Statue":3}]},"card_choices":[{"not_picked":["theMarked:SelfDefenseTraining","theMarked:ElectricStrings"],"picked":"theMarked:MaelstromOfLightning","floor":0},{"not_picked":["theMarked:Frustration","theMarked:ResourceFulStrike"],"picked":"theMarked:Static","floor":0},{"not_picked":["theMarked:Frustration","theMarked:WastefulAttack"],"picked":"theMarked:Improvise","floor":0},{"not_picked":["theMarked:ShockingTouch","theMarked:Overthink"],"picked":"theMarked:WastefulDefense","floor":0},{"not_picked":["theMarked:BanishingWave","theMarked:TwofoldDefense"],"picked":"theMarked:EmpowerWeapon","floor":0},{"not_picked":["theMarked:WardOff","theMarked:BanishingWave"],"picked":"theMarked:Reabsorb","floor":0},{"not_picked":["theMarked:TwofoldDefense","theMarked:HeightenedSenses"],"picked":"theMarked:BanishingWave","floor":0},{"not_picked":["theMarked:HeightenedSenses","theMarked:Opportunist"],"picked":"theMarked:BanishingStrike","floor":0},{"not_picked":["theMarked:Improvise","theMarked:RepellingDischarge"],"picked":"theMarked:DeterminationOfTheMarked","floor":0},{"not_picked":["theMarked:TunnelVision","theMarked:Aftermath"],"picked":"theMarked:ElectricStrings","floor":0},{"not_picked":["theMarked:Aftermath","theMarked:ChainLightning"],"picked":"theMarked:HeightenedSenses","floor":0},{"not_picked":["theMarked:Aftermath","theMarked:WastefulDefense"],"picked":"theMarked:ElementalBlade","floor":0},{"not_picked":["theMarked:DeterminationOfTheMarked","theMarked:RepellingDischarge"],"picked":"theMarked:ResourceFulStrike","floor":0},{"not_picked":["theMarked:Improvise","theMarked:ResourceFulStrike"],"picked":"theMarked:HeritageOfTheMarked","floor":0},{"not_picked":["theMarked:ElectricStrings","theMarked:WastefulDefense"],"picked":"theMarked:PowerFlow","floor":0},{"not_picked":["infinitespire:Gouge","infinitespire:TheBestDefense"],"picked":"infinitespire:FutureSight","floor":2}],"player_experience":499830,"relics_obtained":[{"floor":1,"key":"hubris:AstralHammer"},{"floor":5,"key":"Torii"}],"event_choices":[{"damage_healed":0,"gold_gain":0,"player_choice":"Success","damage_taken":3,"relics_obtained":["White Beast Statue"],"max_hp_gain":0,"max_hp_loss":0,"event_name":"Scrap Ooze","floor":3,"gold_loss":0},{"cards_removed":["theMarked:Improvise"],"damage_healed":0,"gold_gain":0,"player_choice":"Card Removal","damage_taken":7,"max_hp_gain":0,"max_hp_loss":0,"event_name":"Golden Wing","floor":4,"gold_loss":0}],"is_beta":false,"boss_relics":[],"items_purged_floors":[],"is_endless":false,"potions_floor_spawned":[5],"killed_by":"3 Sentries","ascension_level":0}}