{"host":"13l5fasegm6qe2ps","time":1609686252,"event":{"mods":["AchievementEnabler","Act Like it!","Aspiration","BaseMod","Card Forge","Colored Map","Colored Powertips","Downfall","Energized Spire","Gensokyo","GifTheSpireLib","Koishi","Marisa????????","Marked Mod","Mimic Mod","Minty Spire (QoL Compilation)","Quick Restart","Rare Cards Sparkle","Reimu??????","StSLib","Stuff the Spire","Td1madao Mod","The Disciple","The Forsaken","The Servant 0.9.4","Youmu??????"],"gold_per_floor":[113,128,145,145,165,165,165],"floor_reached":6,"playtime":265,"items_purged":[],"score":63,"play_id":"ee15f3b4-9dfc-4482-ba75-c4aefb74f063","local_time":"20210103160412","is_ascension_mode":true,"campfire_choices":[],"circlet_count":0,"master_deck":["AscendersBane","Strike_P","Strike_P","Strike_P","Strike_P","Defend_P+1","Defend_P","Defend_P","Defend_P","Eruption","Vigilance","FlyingSleeves","FlurryOfBlows+1","MarkedMod:GracefulMovements","Wireheading"],"relics":["PureWater","Hammer of Thor","Seething Fire","Anvil of the Gods"],"acts_visited":["Exordium"],"potions_floor_usage":[6],"damage_taken":[{"damage":6,"enemies":"Small Slimes","floor":1,"turns":4},{"damage":0,"enemies":"2 Louse","floor":2,"turns":3},{"damage":0,"enemies":"Cultist","floor":3,"turns":3},{"damage":10,"enemies":"Exordium Wildlife","floor":5,"turns":4},{"damage":48,"enemies":"Gremlin Nob","floor":6,"turns":4}],"seed_played":"-8601384901607201273","potions_obtained":[{"floor":5,"key":"StancePotion"}],"is_trial":false,"path_per_floor":["M","M","M","?","M","E"],"character_chosen":"WATCHER","items_purchased":[],"campfire_rested":0,"item_purchase_floors":[],"current_hp_per_floor":[66,66,66,50,40,0,0],"gold":165,"neow_bonus":"TEN_PERCENT_HP_BONUS","is_daily":false,"chose_seed":false,"campfire_upgraded":0,"win_rate":0.0,"timestamp":1609686252,"path_taken":["M","M","M","?","M","E"],"items_purchased_type":[],"build_version":"2020-12-22","purchased_purges":0,"victory":false,"max_hp_per_floor":[79,79,79,79,79,79,79],"card_choices":[{"not_picked":["Halt","PathToVictory"],"picked":"FlyingSleeves","floor":1},{"not_picked":["BowlingBash","FollowUp"],"picked":"FlurryOfBlows","floor":2},{"not_picked":["Crescendo","Fasting2"],"picked":"MarkedMod:GracefulMovements","floor":3},{"not_picked":["Pray","EmptyBody"],"picked":"Wireheading","floor":5}],"player_experience":218907,"relics_obtained":[],"event_choices":[{"damage_healed":0,"gold_gain":0,"player_choice":"Entered Light","damage_taken":16,"max_hp_gain":0,"max_hp_loss":0,"event_name":"Shining Light","floor":4,"gold_loss":0,"cards_upgraded":["FlurryOfBlows","Defend_P"]}],"is_beta":false,"boss_relics":[],"items_purged_floors":[],"is_endless":false,"potions_floor_spawned":[5],"killed_by":"Gremlin Nob","ascension_level":13}}