{"host":"iy58fyt9wsbv4cf1","time":1609635264,"event":{"mods":["BaseMod","Better Altar","Better Match","Better Skull","Better Third Choice","BetterRewards","Conspire","Custom Start","Defuse TimeMaze Blight","Hubris","Infinite Spire","Minty Spire (QoL Compilation)","Permanent Neow","Quick Restart","Spicy Shops","StSLib"],"gold_per_floor":[111,111,129,149,149,149,149,114,114,141,16,16,27,39,39,143,143,159,17,34,34,48,48,81,81,81,81,100,114,124,46,46,144,144,158,40,52,396,416,416,109,124,124,49,69,104,124,144,144,144],"floor_reached":51,"playtime":1070,"items_purged":["Strike_B","Strike_B","Strike_B","Strike_B","Defend_B"],"score":851,"play_id":"b8e7c969-9bd7-42a6-a2ad-10d51cb0e5c0","local_time":"20210102195424","is_ascension_mode":false,"campfire_choices":[{"data":"Tempest","floor":6.0,"key":"SMITH"},{"floor":15.0,"key":"REST"},{"data":"Reboot","floor":23.0,"key":"SMITH"},{"data":"Biased Cognition+1","floor":32.0,"key":"SMITH"},{"floor":40.0,"key":"REST"},{"data":"Double Energy","floor":49.0,"key":"SMITH"}],"circlet_count":0,"master_deck":["Defend_B","Defend_B","Defend_B","Zap","Dualcast","Tempest+1","Tempest","Skim","BootSequence","Ball Lightning","Cold Snap","Genetic Algorithm","Reboot+1","Turbo+1","Biased Cognition+2","Thunder Strike","Double Energy+1"],"relics":["Cracked Core","Membership Card","conspire:InfiniteJournal","hubris:BallOfYels","hubris:Towel","Sundial","Thread and Needle","Juzu Bracelet","Calipers","SlaversCollar","Chemical X","Ornamental Fan","conspire:SpecialSausage","conspire:Dentures","Bag of Preparation","Anchor","hubris:Backtick","Ice Cream","Lee\u0027s Waffle","hubris:TenFootPole","Gremlin Horn","DataDisk","infinitespire:SolderingIron"],"acts_visited":["Exordium","TheCity","TheBeyond"],"potions_floor_usage":[],"damage_taken":[{"damage":3.0,"enemies":"Jaw Worm","floor":1.0,"turns":3.0},{"damage":15.0,"enemies":"Small Slimes","floor":3.0,"turns":2.0},{"damage":0.0,"enemies":"2 Louse","floor":4.0,"turns":1.0},{"damage":17.0,"enemies":"3 Sentries","floor":10.0,"turns":5.0},{"damage":8.0,"enemies":"Exordium Thugs","floor":13.0,"turns":3.0},{"damage":0.0,"enemies":"Looter","floor":14.0,"turns":3.0},{"damage":17.0,"enemies":"The Guardian","floor":16.0,"turns":10.0},{"damage":0.0,"enemies":"conspire:FuzzyDice","floor":18.0,"turns":4.0},{"damage":0.0,"enemies":"3 Byrds","floor":20.0,"turns":1.0},{"damage":4.0,"enemies":"3 Cultists","floor":22.0,"turns":4.0},{"damage":0.0,"enemies":"Book of Stabbing","floor":24.0,"turns":3.0},{"damage":0.0,"enemies":"Snake Plant","floor":28.0,"turns":1.0},{"damage":0.0,"enemies":"Snecko","floor":29.0,"turns":2.0},{"damage":0.0,"enemies":"conspire:HollyBat","floor":30.0,"turns":4.0},{"damage":0.0,"enemies":"conspire:MysteriousRune","floor":33.0,"turns":2.0},{"damage":0.0,"enemies":"3 Shapes","floor":35.0,"turns":1.0},{"damage":18.0,"enemies":"3 Darklings","floor":37.0,"turns":3.0},{"damage":0.0,"enemies":"Writhing Mass","floor":39.0,"turns":2.0},{"damage":0.0,"enemies":"Maw","floor":42.0,"turns":2.0},{"damage":0.0,"enemies":"Jaw Worm Horde","floor":45.0,"turns":1.0},{"damage":0.0,"enemies":"Giant Head","floor":46.0,"turns":4.0},{"damage":0.0,"enemies":"Sphere and 2 Shapes","floor":47.0,"turns":1.0},{"damage":0.0,"enemies":"3 Darklings","floor":48.0,"turns":2.0},{"damage":0,"enemies":"infinitespire:MassOfShapes","floor":50,"turns":4}],"seed_played":"8846893629261830454","potions_obtained":[{"floor":4.0,"key":"SpeedPotion"},{"floor":16.0,"key":"LiquidMemories"},{"floor":18.0,"key":"Energy Potion"},{"floor":42.0,"key":"FocusPotion"}],"is_trial":false,"path_per_floor":["M","?","M","M","$","R","?","?","T","E","$","$","M","M","R","B",null,"M","$","M","AVR","M","R","E","?","T","?","M","M","M","$","R","B",null,"M","$","M","?","M","R","$","M","T","?","M","E","M","M","R","B",null],"character_chosen":"DEFECT","items_purchased":["Membership Card","Tempest","conspire:InfiniteJournal","hubris:BallOfYels","Tempest","Juzu Bracelet","Calipers","Chemical X","Ornamental Fan","Anchor","Double Energy","Lee\u0027s Waffle","hubris:TenFootPole","Gremlin Horn"],"campfire_rested":2,"item_purchase_floors":[0,0,0,0,0,11,12,19,19,31,36,41,41,41],"current_hp_per_floor":[37,37,22,22,22,22,22,40,40,23,23,23,15,15,37,20,75,75,75,75,75,71,71,71,71,71,71,71,71,71,71,71,71,75,75,75,57,32,32,54,82,82,82,82,82,82,82,82,82,82],"gold":144,"neow_bonus":"","is_daily":false,"chose_seed":false,"campfire_upgraded":4,"win_rate":0.0,"timestamp":1609635264,"path_taken":["M","?","M","M","$","R","?","?","T","E","?","$","M","M","R","BOSS","M","$","M","AVR","M","R","E","?","T","?","M","M","M","$","R","BOSS","M","$","M","?","M","R","?","M","T","?","M","E","M","M","R","BOSS"],"items_purchased_type":["Relic","Card","Relic","Relic","Card","Relic","Relic","Relic","Relic","Relic","Card","Relic","Relic","Relic"],"build_version":"2020-12-22","purchased_purges":5,"victory":true,"max_hp_per_floor":[75,75,75,75,75,75,75,75,75,75,75,75,75,75,75,75,75,75,75,75,75,75,75,75,75,75,75,75,75,75,75,75,75,75,75,75,75,75,75,75,82,82,82,82,82,82,82,82,82,82],"card_choices":[{"not_picked":["Hologram","Rebound","Force Field"],"picked":"SKIP","floor":1.0},{"not_picked":["conspire:SharedLibrary","Hello World","BootSequence"],"picked":"SKIP","floor":3.0},{"not_picked":["conspire:SharedLibrary","Hello World"],"picked":"BootSequence","floor":3.0},{"not_picked":["Storm","Recycle"],"picked":"Ball Lightning","floor":4.0},{"not_picked":["Coolheaded","Cold Snap","FTL"],"picked":"SKIP","floor":10.0},{"not_picked":["Streamline","Beam Cell"],"picked":"Cold Snap","floor":13.0},{"not_picked":["Ball Lightning","Skim"],"picked":"Genetic Algorithm","floor":14.0},{"not_picked":["All For One","Fission"],"picked":"Reboot","floor":16.0},{"not_picked":["Rebound","Machine Learning","Steam Power"],"picked":"SKIP","floor":18.0},{"not_picked":["Barrage+1","Cold Snap","Redo+1"],"picked":"SKIP","floor":20.0},{"not_picked":["Sunder","Sweeping Beam+1"],"picked":"Turbo+1","floor":22.0},{"not_picked":["Leap","Ball Lightning+1"],"picked":"Biased Cognition","floor":24.0},{"not_picked":["Barrage+1","Cold Snap","hubris:SpecializedCircuitry"],"picked":"SKIP","floor":28.0},{"not_picked":["Storm","Gash+1","Steam"],"picked":"SKIP","floor":29.0},{"not_picked":["Beam Cell","Auto Shields","Hello World"],"picked":"SKIP","floor":30.0},{"not_picked":["Creative AI","Multi-Cast"],"picked":"Thunder Strike","floor":33.0},{"not_picked":["Scrape+1","Lockon+1","Ball Lightning"],"picked":"SKIP","floor":35.0},{"not_picked":["Storm+1","Conserve Battery+1","Go for the Eyes"],"picked":"SKIP","floor":37.0},{"not_picked":["Self Repair","Genetic Algorithm+1","Undo"],"picked":"SKIP","floor":39.0},{"not_picked":["Go for the Eyes+1","Ball Lightning+1","Machine Learning"],"picked":"SKIP","floor":42.0},{"not_picked":["Stack+1","Ball Lightning","Steam Power"],"picked":"SKIP","floor":45.0},{"not_picked":["Buffer","Consume+1","Sweeping Beam+1"],"picked":"SKIP","floor":46.0},{"not_picked":["Coolheaded","Glacier+1","Redo+1"],"picked":"SKIP","floor":47.0},{"not_picked":["Streamline","Aggregate","White Noise+1"],"picked":"SKIP","floor":48.0}],"player_experience":37203,"relics_obtained":[{"floor":9.0,"key":"Sundial"},{"floor":10.0,"key":"Thread and Needle"},{"floor":24.0,"key":"Bag of Preparation"},{"floor":43.0,"key":"DataDisk"},{"floor":46.0,"key":"infinitespire:SolderingIron"}],"event_choices":[{"damage_healed":18.0,"max_hp_gain":0.0,"max_hp_loss":0.0,"gold_gain":0.0,"event_name":"The Cleric","player_choice":"Healed","floor":8.0,"gold_loss":35.0,"damage_taken":0.0},{"damage_healed":0.0,"max_hp_gain":0.0,"max_hp_loss":0.0,"gold_gain":0.0,"event_name":"Accursed Blacksmith","player_choice":"Forge","floor":27.0,"gold_loss":0.0,"damage_taken":0.0,"cards_upgraded":["Biased Cognition"]},{"damage_healed":0.0,"max_hp_gain":0.0,"max_hp_loss":0.0,"gold_gain":344.0,"event_name":"betterSkull:BetterSkull","player_choice":"GO GO GO ","floor":38.0,"gold_loss":0.0,"damage_taken":28.0,"cards_upgraded":[],"relics_obtained":[]},{"damage_healed":0.0,"max_hp_gain":0.0,"max_hp_loss":0.0,"gold_gain":0.0,"event_name":"betterMatch:BetterMatch","player_choice":"1","floor":44.0,"gold_loss":0.0,"damage_taken":0.0,"cards_obtained":["betterMatch:RareCard"]}],"is_beta":false,"boss_relics":[{"not_picked":["Velvet Choker","FrozenCore"],"picked":"SlaversCollar"},{"not_picked":["hubris:GrandSneckoEye","Snecko Eye"],"picked":"hubris:Backtick"}],"items_purged_floors":[0,11,21,36,41],"is_endless":false,"potions_floor_spawned":[4,16,18,24,28,29,33,39,42,47,48],"ascension_level":0}}