{"host":"rt0td7aa3g170xdl","time":1609659570,"event":{"mods":["2.2 Compatiblity","AchievementEnabler","BaseMod","Colored Map","DeckTracker","Keyboard Shortcuts","Minty Spire (QoL Compilation)","Permanent Neow","Quick Restart","SuperFastMode","everything is the same but u backflip on backflip"],"gold_per_floor":[111,36,54,54,67,67,86,86,109,183,206,236,248,271,283,295,295],"floor_reached":16,"playtime":440,"items_purged":["Strike_R"],"score":94,"play_id":"d50882ce-b4d8-4079-9c7a-8b2fafc5806f","local_time":"20210103163930","is_ascension_mode":false,"campfire_choices":[{"data":"Entrench","floor":6,"key":"SMITH"},{"data":"Bash","floor":8,"key":"SMITH"},{"data":"Dark Embrace","floor":13,"key":"SMITH"},{"data":"Clothesline","floor":15,"key":"SMITH"}],"circlet_count":0,"master_deck":["Strike_R","Strike_R","Strike_R","Defend_R","Defend_R","Defend_R","Defend_R","Bash+1","Entrench+1","Clothesline+1","Dark Embrace+1","Reckless Charge","Shrug It Off"],"relics":["Burning Blood","MawBank","Centennial Puzzle"],"acts_visited":["Exordium"],"potions_floor_usage":[10,16],"damage_taken":[{"damage":8,"enemies":"Jaw Worm","floor":1,"turns":4},{"damage":0,"enemies":"Small Slimes","floor":3,"turns":4},{"damage":10,"enemies":"Cultist","floor":5,"turns":4},{"damage":9,"enemies":"Red Slaver","floor":7,"turns":4},{"damage":18,"enemies":"Lagavulin Event","floor":10,"turns":5},{"damage":13,"enemies":"Blue Slaver","floor":11,"turns":4},{"damage":7,"enemies":"2 Fungi Beasts","floor":12,"turns":6},{"damage":16,"enemies":"3 Louse","floor":14,"turns":5},{"damage":37,"enemies":"The Guardian","floor":16,"turns":6}],"seed_played":"-1564102262950598149","potions_obtained":[{"floor":3,"key":"AttackPotion"},{"floor":5,"key":"BlessingOfTheForge"},{"floor":12,"key":"Energy Potion"},{"floor":14,"key":"ColorlessPotion"}],"is_trial":false,"path_per_floor":["M","$","M","?","M","R","M","R","T","?","M","M","R","M","R","B"],"character_chosen":"IRONCLAD","items_purchased":[],"campfire_rested":0,"item_purchase_floors":[],"current_hp_per_floor":[78,78,80,73,69,69,66,66,66,54,47,46,46,36,36,0,0],"gold":295,"neow_bonus":"THREE_CARDS","is_daily":false,"chose_seed":false,"campfire_upgraded":4,"win_rate":0.0,"timestamp":1609659570,"path_taken":["M","$","M","?","M","R","M","R","T","?","M","M","R","M","R","BOSS"],"items_purchased_type":[],"build_version":"2020-12-22","purchased_purges":1,"victory":false,"max_hp_per_floor":[80,80,80,80,80,80,80,80,80,80,80,80,80,80,80,80,80],"card_choices":[{"not_picked":["True Grit","Flex"],"picked":"Entrench","floor":0},{"not_picked":["Headbutt","Shockwave"],"picked":"Clothesline","floor":1},{"not_picked":["Reckless Charge","Havoc","Perfected Strike"],"picked":"SKIP","floor":3},{"not_picked":["Clothesline","Clash","Whirlwind"],"picked":"SKIP","floor":5},{"not_picked":["Iron Wave","Sword Boomerang","Wild Strike"],"picked":"SKIP","floor":7},{"not_picked":["Feel No Pain","Headbutt"],"picked":"Dark Embrace","floor":10},{"not_picked":["Bloodletting","Perfected Strike"],"picked":"Reckless Charge","floor":11},{"not_picked":["Cleave","Pommel Strike","Entrench"],"picked":"SKIP","floor":12},{"not_picked":["Flame Barrier","Flex"],"picked":"Shrug It Off","floor":14}],"player_experience":317763,"relics_obtained":[{"floor":9,"key":"MawBank"},{"floor":10,"key":"Centennial Puzzle"}],"event_choices":[{"cards_removed":["Strike_R"],"damage_healed":0,"gold_gain":0,"player_choice":"Card Removal","damage_taken":7,"max_hp_gain":0,"max_hp_loss":0,"event_name":"Golden Wing","floor":4,"gold_loss":0},{"damage_healed":0,"gold_gain":0,"player_choice":"Searched \u00272\u0027 times","damage_taken":0,"max_hp_gain":0,"max_hp_loss":0,"event_name":"Dead Adventurer","floor":10,"gold_loss":0}],"is_beta":false,"boss_relics":[],"items_purged_floors":[2],"is_endless":false,"potions_floor_spawned":[3,5,12,14],"killed_by":"The Guardian","ascension_level":0}}