{"host":"obbn5gje3893ci3z","time":1609661430,"event":{"mods":["BaseMod","Colored Powertips","Minty Spire (QoL Compilation)","The Servant 0.9.4"],"gold_per_floor":[114,126,143,160,160,160,173,173,173,208,234,234,244,92,92,195,195,211,230,130,155,155,155,168,168,168,195,207,207,225,10,10,109,109,128,148,163,163,163,163,178,189,263,282,312,312,116,130,130,130],"floor_reached":51,"playtime":3706,"items_purged":["Strike_S","Defend_S","Defend_S"],"score":701,"play_id":"dabe3013-9de1-4e99-a347-4ee0af819b49","local_time":"20210103161030","is_ascension_mode":false,"campfire_choices":[{"data":"Sabotage","floor":6.0,"key":"SMITH"},{"data":"SilverBlades","floor":12.0,"key":"SMITH"},{"floor":15.0,"key":"REST"},{"data":"Forethought","floor":23.0,"key":"SMITH"},{"data":"KillingDoll","floor":25.0,"key":"SMITH"},{"data":"SilverBlades","floor":29.0,"key":"SMITH"},{"data":"SilverBlades","floor":32.0,"key":"SMITH"},{"data":"GearUp","floor":40.0,"key":"SMITH"},{"data":"Comet","floor":46,"key":"SMITH"},{"floor":49,"key":"REST"}],"circlet_count":0,"master_deck":["KidneyShot","Exchange","Moonlight","Sabotage+1","SilverBlades+1","Comet+1","SilverBlades+1","KillingDoll+1","SilverBlades+1","Comet","Forethought+1","Rearm","GearUp+1","PanicButton","GearUp+1"],"relics":["Uniform","Kunai","Pear","Odd Mushroom","Empty Cage","Red Mask","Frozen Egg 2","HornCleat","Busted Crown","Mercury Hourglass","Bottled Lightning","Lantern"],"acts_visited":["Exordium","TheCity","TheBeyond"],"potions_floor_usage":[45,48],"damage_taken":[{"damage":7.0,"enemies":"Jaw Worm","floor":1.0,"turns":4.0},{"damage":5.0,"enemies":"Small Slimes","floor":2.0,"turns":2.0},{"damage":0.0,"enemies":"2 Louse","floor":3.0,"turns":1.0},{"damage":11.0,"enemies":"Lots of Slimes","floor":4.0,"turns":7.0},{"damage":4.0,"enemies":"Red Slaver","floor":7.0,"turns":2.0},{"damage":30.0,"enemies":"Lagavulin","floor":10.0,"turns":12.0},{"damage":8.0,"enemies":"The Mushroom Lair","floor":11.0,"turns":5.0},{"damage":6.0,"enemies":"3 Louse","floor":13.0,"turns":3.0},{"damage":7.0,"enemies":"Slime Boss","floor":16.0,"turns":10.0},{"damage":19.0,"enemies":"2 Thieves","floor":18.0,"turns":4.0},{"damage":5.0,"enemies":"Shell Parasite","floor":19.0,"turns":4.0},{"damage":20.0,"enemies":"Masked Bandits","floor":21.0,"turns":3.0},{"damage":0.0,"enemies":"Snecko","floor":24.0,"turns":2.0},{"damage":4.0,"enemies":"Gremlin Leader","floor":27.0,"turns":3.0},{"damage":0.0,"enemies":"Cultist and Chosen","floor":28.0,"turns":3.0},{"damage":1.0,"enemies":"Centurion and Healer","floor":30.0,"turns":4.0},{"damage":2.0,"enemies":"Automaton","floor":33.0,"turns":5.0},{"damage":2.0,"enemies":"Orb Walker","floor":35.0,"turns":3.0},{"damage":12.0,"enemies":"3 Darklings","floor":36.0,"turns":3.0},{"damage":16.0,"enemies":"4 Shapes","floor":37.0,"turns":4.0},{"damage":2.0,"enemies":"Writhing Mass","floor":41.0,"turns":3.0},{"damage":1.0,"enemies":"Transient","floor":42.0,"turns":5.0},{"damage":7.0,"enemies":"4 Shapes","floor":44.0,"turns":15.0},{"damage":29,"enemies":"Nemesis","floor":45,"turns":9},{"damage":0,"enemies":"Maw","floor":48,"turns":5},{"damage":0,"enemies":"Time Eater","floor":50,"turns":4}],"seed_played":"4166871476271665266","potions_obtained":[{"floor":4.0,"key":"Block Potion"},{"floor":7.0,"key":"Regen Potion"},{"floor":11.0,"key":"SteroidPotion"},{"floor":18.0,"key":"Fire Potion"},{"floor":42.0,"key":"Block Potion"}],"is_trial":false,"path_per_floor":["M","M","M","M","?","R","M","?","T","E","?","R","M","$","R","B",null,"M","M","$","?","?","R","M","R","T","E","M","R","M","$","R","B",null,"M","M","M","?","?","R","M","M","T","M","E","R","$","M","R","B",null],"character_chosen":"THE_SERVANT","items_purchased":["SilverBlades","PanicButton","Lantern","Block Potion"],"campfire_rested":2,"item_purchase_floors":[14,31,47,47],"current_hp_per_floor":[58,53,53,42,42,42,38,38,38,18,10,10,4,4,26,19,75,56,51,51,31,31,31,31,31,31,27,27,27,26,26,26,24,75,73,61,45,45,45,45,43,42,42,35,6,6,6,20,42,42],"gold":130,"neow_bonus":"TRANSFORM_CARD","is_daily":false,"chose_seed":false,"campfire_upgraded":8,"win_rate":0.0,"timestamp":1609661430,"path_taken":["M","M","M","M","?","R","M","?","T","E","?","R","M","$","R","BOSS","M","M","$","?","?","R","M","R","T","E","M","R","?","?","R","BOSS","M","M","M","?","?","R","M","M","T","?","E","R","$","M","R","BOSS"],"items_purchased_type":["Card","Card","Relic","Potion"],"build_version":"2020-12-22","purchased_purges":3,"victory":true,"max_hp_per_floor":[65,65,65,65,65,65,65,65,65,75,75,75,75,75,75,75,75,75,75,75,75,75,75,75,75,75,75,75,75,75,75,75,75,75,75,75,75,75,75,75,75,75,75,75,75,75,75,75,75,75],"card_choices":[{"not_picked":["FastForward","Spin","BottledTime"],"picked":"SKIP","floor":1.0},{"not_picked":["WasteNot","Rewind"],"picked":"Sabotage","floor":2.0},{"not_picked":["Starlight","TimeWarp","Defy"],"picked":"SKIP","floor":3.0},{"not_picked":["Alleviate","Revamp","Sabotage"],"picked":"SKIP","floor":4.0},{"not_picked":["Spin","Unruled","ShiftingGears"],"picked":"SKIP","floor":7.0},{"not_picked":["Hightail","Spin"],"picked":"SilverBlades","floor":10.0},{"not_picked":["Sabotage","Misdirection"],"picked":"Comet","floor":13.0},{"not_picked":["FlawlessForm","Solidify"],"picked":"KillingDoll","floor":16.0},{"not_picked":["Alleviate","Sabotage","Reset"],"picked":"SKIP","floor":18.0},{"not_picked":["Revamp","TimeWarp"],"picked":"SilverBlades+1","floor":19.0},{"not_picked":["DoubleEdge","Starlight"],"picked":"SilverBlades","floor":21.0},{"not_picked":["Ricochet","Spin","BottledTime"],"picked":"SKIP","floor":24.0},{"not_picked":["Rewind+1","Snipe"],"picked":"Rearm","floor":27.0},{"not_picked":["Duplication","Ricochet+1"],"picked":"GearUp+1","floor":28.0},{"not_picked":["Starlight","Barrier","Unruled"],"picked":"SKIP","floor":30.0},{"not_picked":["Alleviate+1"],"picked":"SKIP","floor":35.0},{"not_picked":["Unruled+1"],"picked":"SKIP","floor":36.0},{"not_picked":[],"picked":"GearUp","floor":37.0},{"not_picked":["InstantArmor"],"picked":"SKIP","floor":41.0},{"not_picked":["Spin"],"picked":"SKIP","floor":42.0},{"not_picked":["ShiftingGears+1"],"picked":"SKIP","floor":44.0},{"not_picked":["Desolation+1"],"picked":"SKIP","floor":45},{"not_picked":["BottledTime"],"picked":"SKIP","floor":48}],"player_experience":34193,"relics_obtained":[{"floor":9.0,"key":"Kunai"},{"floor":10.0,"key":"Pear"},{"floor":11.0,"key":"Odd Mushroom"},{"floor":21.0,"key":"Red Mask"},{"floor":26.0,"key":"Frozen Egg 2"},{"floor":27.0,"key":"HornCleat"},{"floor":43.0,"key":"Mercury Hourglass"},{"floor":45,"key":"Bottled Lightning"}],"event_choices":[{"damage_healed":0.0,"max_hp_gain":0.0,"max_hp_loss":0.0,"gold_gain":0.0,"event_name":"Golden Idol","player_choice":"Ignored","floor":5.0,"gold_loss":0.0,"damage_taken":0.0},{"cards_removed":["Strike_S"],"damage_healed":0.0,"max_hp_gain":0.0,"max_hp_loss":0.0,"gold_gain":0.0,"event_name":"Living Wall","player_choice":"Forget","floor":8.0,"gold_loss":0.0,"damage_taken":0.0},{"damage_healed":0.0,"max_hp_gain":0.0,"max_hp_loss":0.0,"gold_gain":0.0,"event_name":"Mushrooms","player_choice":"Fought Mushrooms","floor":11.0,"gold_loss":0.0,"damage_taken":0.0},{"damage_healed":0.0,"max_hp_gain":0.0,"max_hp_loss":0.0,"gold_gain":0.0,"event_name":"Masked Bandits","player_choice":"Fought Bandits","floor":21.0,"gold_loss":0.0,"damage_taken":0.0},{"damage_healed":0.0,"max_hp_gain":0.0,"max_hp_loss":0.0,"gold_gain":0.0,"event_name":"Match and Keep!","player_choice":"2 cards matched","floor":22.0,"gold_loss":0.0,"damage_taken":0.0,"cards_obtained":["Comet","Forethought"]},{"cards_removed":["SilverBlades"],"damage_healed":0.0,"max_hp_gain":0.0,"max_hp_loss":0.0,"gold_gain":0.0,"event_name":"Falling","player_choice":"Removed Power","floor":38.0,"gold_loss":0.0,"damage_taken":0.0},{"cards_removed":["Defend_S"],"damage_healed":0.0,"max_hp_gain":0.0,"max_hp_loss":0.0,"gold_gain":0.0,"event_name":"Purifier","player_choice":"Purged","floor":39.0,"gold_loss":0.0,"damage_taken":0.0}],"is_beta":false,"boss_relics":[{"not_picked":["Fusion Hammer","Tiny House"],"picked":"Empty Cage"},{"not_picked":["Astrolabe","StoneMask"],"picked":"Busted Crown"}],"items_purged_floors":[14,20,31],"is_endless":false,"potions_floor_spawned":[4,7,11,18,24,27,28,35,41,42,44],"ascension_level":0}}