{"host":"bw13iioxe4nmywrn","time":1609679001,"event":{"mods":["AchievementEnabler","BaseMod","Colored Powertips","Minty Spire (QoL Compilation)"],"gold_per_floor":[117,117,127,127,2,27,40,75,75,107,7,7,7,68,68,165,165,181,181,20,36,56,56,71,71,71,71,19,54,54,0,0,104,104,117,69,86,86,102,102,28,47,74,85,96,96,113,113,113,113],"floor_reached":51,"playtime":2506,"items_purged":["Strike_G","Defend_G","Strike_G"],"score":683,"play_id":"f9b12b42-bea2-446c-be13-bee71069123d","local_time":"20210103180321","is_ascension_mode":false,"campfire_choices":[{"data":"Deflect","floor":12,"key":"SMITH"},{"floor":15,"key":"REST"},{"data":"Neutralize","floor":23,"key":"SMITH"},{"data":"Infinite Blades","floor":27,"key":"SMITH"},{"data":"After Image","floor":30,"key":"SMITH"},{"floor":32,"key":"REST"},{"data":"Poisoned Stab","floor":40,"key":"SMITH"},{"floor":46,"key":"REST"},{"data":"Noxious Fumes","floor":49,"key":"SMITH"}],"circlet_count":0,"master_deck":["Defend_G","Defend_G","Defend_G","Survivor","Neutralize+1","Caltrops","Quick Slash","Poisoned Stab+1","Deflect+1","Cloak And Dagger","Die Die Die","After Image+1","Deadly Poison","Blade Dance","Terror","Poisoned Stab","Accuracy","Infinite Blades+1","Backstab","Finisher+1","Phantasmal Killer+1","Bouncing Flask+1","Dash+1","Parasite","Noxious Fumes+1","Cloak And Dagger+1","Leg Sweep+1","Catalyst+1"],"relics":["Ring of the Snake","MealTicket","Mercury Hourglass","Nunchaku","Regal Pillow","Omamori","Happy Flower","Calling Bell","Dream Catcher","Letter Opener","Prayer Wheel","Bottled Flame","Tiny Chest","Astrolabe","Snake Skull","Thread and Needle"],"acts_visited":["Exordium","TheCity","TheBeyond"],"potions_floor_usage":[6,10,16,24,29,29,33,42,50,50,50,50,50,50,50,50,50],"damage_taken":[{"damage":2,"enemies":"Small Slimes","floor":1,"turns":6},{"damage":1,"enemies":"Cultist","floor":3,"turns":4},{"damage":20,"enemies":"3 Sentries","floor":6,"turns":9},{"damage":0,"enemies":"2 Louse","floor":7,"turns":1},{"damage":19,"enemies":"Lagavulin","floor":8,"turns":10},{"damage":4,"enemies":"3 Sentries","floor":10,"turns":6},{"damage":14,"enemies":"Lagavulin Event","floor":14,"turns":6},{"damage":28,"enemies":"Slime Boss","floor":16,"turns":12},{"damage":9,"enemies":"3 Byrds","floor":18,"turns":4},{"damage":3,"enemies":"Chosen","floor":21,"turns":5},{"damage":13,"enemies":"Snake Plant","floor":22,"turns":4},{"damage":2,"enemies":"3 Cultists","floor":24,"turns":4},{"damage":16,"enemies":"Gremlin Leader","floor":29,"turns":4},{"damage":59,"enemies":"Collector","floor":33,"turns":8},{"damage":4,"enemies":"3 Darklings","floor":35,"turns":3},{"damage":0,"enemies":"Orb Walker","floor":37,"turns":3},{"damage":5,"enemies":"Writhing Mass","floor":39,"turns":4},{"damage":0,"enemies":"Transient","floor":42,"turns":5},{"damage":12,"enemies":"Spire Growth","floor":44,"turns":5},{"damage":28,"enemies":"Sphere and 2 Shapes","floor":45,"turns":5},{"damage":1,"enemies":"Transient","floor":47,"turns":5},{"damage":23,"enemies":"Awakened One","floor":50,"turns":9}],"seed_played":"5376738527917988288","potions_obtained":[{"floor":1,"key":"FearPotion"},{"floor":8,"key":"AttackPotion"},{"floor":14,"key":"SteroidPotion"},{"floor":18,"key":"DuplicationPotion"},{"floor":21,"key":"DuplicationPotion"},{"floor":29,"key":"Regen Potion"},{"floor":42,"key":"BlessingOfTheForge"},{"floor":44,"key":"DuplicationPotion"},{"floor":45,"key":"AttackPotion"},{"floor":47,"key":"EntropicBrew"}],"is_trial":false,"path_per_floor":["M","?","M","?","$","E","M","E","T","E","$","R","?","?","R","B",null,"M","?","$","M","M","R","M","?","T","R","$","E","R","?","R","B",null,"M","$","M","?","M","R","$","M","T","M","M","R","M","T","R","B",null],"character_chosen":"THE_SILENT","items_purchased":["Explosive Potion","Terror","Dexterity Potion","Energy Potion","Noxious Fumes"],"campfire_rested":3,"item_purchase_floors":[5,20,28,36,41],"current_hp_per_floor":[68,68,67,67,70,50,50,31,31,27,42,42,59,45,70,42,70,61,48,63,60,47,47,45,45,45,45,60,44,44,44,75,31,75,71,75,75,75,70,70,75,75,75,63,35,72,71,71,71,48],"gold":113,"neow_bonus":"REMOVE_CARD","is_daily":false,"chose_seed":false,"campfire_upgraded":6,"win_rate":0.0,"timestamp":1609679001,"path_taken":["M","?","?","?","$","E","M","E","T","E","$","R","?","?","R","BOSS","M","?","$","M","M","R","M","?","T","R","$","E","R","?","R","BOSS","M","$","M","?","M","R","$","M","T","M","M","R","?","?","R","BOSS"],"items_purchased_type":["Potion","Card","Potion","Potion","Card"],"build_version":"2020-12-22","purchased_purges":3,"victory":true,"max_hp_per_floor":[70,70,70,70,70,70,70,70,70,70,70,70,70,70,70,70,70,70,75,75,75,75,75,75,75,75,75,75,75,75,75,75,75,75,75,75,75,75,75,75,75,75,75,75,75,75,75,75,75,75],"card_choices":[{"not_picked":["Dash","Backflip"],"picked":"Caltrops","floor":1},{"not_picked":["Dodge and Roll","Underhanded Strike"],"picked":"Quick Slash","floor":3},{"not_picked":["Sucker Punch","Terror"],"picked":"Poisoned Stab","floor":6},{"not_picked":["Heel Hook","Acrobatics","Prepared"],"picked":"SKIP","floor":7},{"not_picked":["Underhanded Strike","Prepared"],"picked":"Deflect","floor":8},{"not_picked":["Underhanded Strike","Endless Agony"],"picked":"Cloak And Dagger","floor":10},{"not_picked":["Outmaneuver","Accuracy"],"picked":"Die Die Die","floor":14},{"not_picked":["Wraith Form v2","Storm of Steel"],"picked":"After Image","floor":16},{"not_picked":["Backstab","Underhanded Strike"],"picked":"Deadly Poison","floor":18},{"not_picked":["Blade Dance","Outmaneuver","Prepared+1"],"picked":"SKIP","floor":18},{"not_picked":["Outmaneuver","Prepared+1"],"picked":"Blade Dance","floor":18},{"not_picked":["Deflect","Tactician"],"picked":"Poisoned Stab","floor":21},{"not_picked":["Quick Slash","Reflex","Backflip"],"picked":"SKIP","floor":21},{"not_picked":["Sucker Punch","Setup"],"picked":"Accuracy","floor":22},{"not_picked":["Backflip","All Out Attack","Eviscerate"],"picked":"SKIP","floor":22},{"not_picked":["Dagger Spray","Phantasmal Killer"],"picked":"Infinite Blades","floor":24},{"not_picked":["Quick Slash+1","Dagger Throw","Concentrate"],"picked":"SKIP","floor":24},{"not_picked":["Dodge and Roll","Quick Slash","Phantasmal Killer"],"picked":"SKIP","floor":29},{"not_picked":["Choke+1","Dodge and Roll+1"],"picked":"Backstab","floor":32},{"not_picked":["Corpse Explosion","Grand Finale"],"picked":"Malaise","floor":33},{"not_picked":["Sucker Punch+1","Flying Knee"],"picked":"Dash+1","floor":35},{"not_picked":["Backflip","Blade Dance","Masterful Stab"],"picked":"SKIP","floor":35},{"not_picked":["PiercingWail","Backstab+1","Dagger Spray+1"],"picked":"SKIP","floor":37},{"not_picked":["PiercingWail+1","Skewer","Backflip+1"],"picked":"SKIP","floor":37},{"not_picked":["Underhanded Strike","Slice+1","Well Laid Plans"],"picked":"SKIP","floor":39},{"not_picked":["Bane","Choke+1","Night Terror"],"picked":"SKIP","floor":39},{"not_picked":["Dagger Throw+1","Dash+1"],"picked":"Cloak And Dagger+1","floor":42},{"not_picked":["Flying Knee+1","Choke","PiercingWail"],"picked":"SKIP","floor":42},{"not_picked":["Cloak And Dagger","Finisher","Escape Plan+1"],"picked":"SKIP","floor":44},{"not_picked":["Cloak And Dagger","Dagger Throw+1","PiercingWail+1"],"picked":"SKIP","floor":44},{"not_picked":["Cloak And Dagger+1","Bane","Flying Knee"],"picked":"SKIP","floor":45},{"not_picked":["Outmaneuver+1","Dagger Spray","Deflect"],"picked":"SKIP","floor":45},{"not_picked":["Deadly Poison","Night Terror"],"picked":"Leg Sweep+1","floor":46},{"not_picked":["Caltrops+1","Deadly Poison"],"picked":"Catalyst+1","floor":47},{"not_picked":["Underhanded Strike","Deflect","Bane"],"picked":"SKIP","floor":47}],"player_experience":224442,"relics_obtained":[{"floor":6,"key":"Mercury Hourglass"},{"floor":8,"key":"Nunchaku"},{"floor":9,"key":"Regal Pillow"},{"floor":10,"key":"Omamori"},{"floor":14,"key":"Happy Flower"},{"floor":17,"key":"Dream Catcher"},{"floor":17,"key":"Letter Opener"},{"floor":17,"key":"Prayer Wheel"},{"floor":26,"key":"Bottled Flame"},{"floor":29,"key":"Tiny Chest"},{"floor":43,"key":"Snake Skull"},{"floor":48,"key":"Thread and Needle"}],"event_choices":[{"damage_healed":0,"gold_gain":0,"player_choice":"Gave Potion","damage_taken":0,"relics_obtained":["MealTicket"],"max_hp_gain":0,"max_hp_loss":0,"event_name":"WeMeetAgain","floor":2,"gold_loss":0},{"damage_healed":0,"gold_gain":0,"player_choice":"Ignored","damage_taken":0,"max_hp_gain":0,"max_hp_loss":0,"event_name":"Liars Game","floor":4,"gold_loss":0},{"damage_healed":17,"gold_gain":0,"player_choice":"Healed and dodged fight","damage_taken":0,"max_hp_gain":0,"max_hp_loss":0,"event_name":"Mushrooms","floor":13,"gold_loss":0,"cards_obtained":["Parasite"]},{"damage_healed":0,"gold_gain":0,"player_choice":"Searched \u00272\u0027 times","damage_taken":0,"max_hp_gain":0,"max_hp_loss":0,"event_name":"Dead Adventurer","floor":14,"gold_loss":0},{"damage_healed":0,"gold_gain":0,"player_choice":"Shed Blood","damage_taken":18,"max_hp_gain":5,"max_hp_loss":0,"event_name":"Forgotten Altar","floor":19,"gold_loss":0},{"damage_healed":0,"gold_gain":0,"player_choice":"Ignored","damage_taken":0,"max_hp_gain":0,"max_hp_loss":0,"event_name":"Vampires","floor":25,"gold_loss":0},{"damage_healed":0,"gold_gain":0,"player_choice":"Paid Fearfully","damage_taken":0,"max_hp_gain":0,"max_hp_loss":0,"event_name":"Masked Bandits","floor":31,"gold_loss":54},{"cards_removed":["Malaise"],"damage_healed":0,"gold_gain":0,"player_choice":"Purged","damage_taken":0,"max_hp_gain":0,"max_hp_loss":0,"event_name":"Purifier","floor":38,"gold_loss":0}],"is_beta":false,"boss_relics":[{"not_picked":["Ectoplasm","Sozu"],"picked":"Calling Bell"},{"not_picked":["Philosopher\u0027s Stone","Tiny House"],"picked":"Astrolabe"}],"items_purged_floors":[5,11,20],"is_endless":false,"potions_floor_spawned":[1,8,14,18,21,29,42,44,45,47],"ascension_level":0}}