{"host":"egwexuw5uvnxf11j","time":1609654262,"event":{"mods":["2.2 Compatiblity","Aspiration","BaseMod","Better Altar","Better Note","Better Sensory Stone","Better Third Choice","Displayed Cursed Tome","Downfall","Hermit","Key Reminder","Koishi","Marisa????????","Minty Spire (QoL Compilation)","Quick Restart","Shade Mod","Spicy Shops","StSLib","The Construct","The Cursed","The Hierophant","The Runesmith","The Senshi","The Servant 0.9.4","Transform Curses"],"gold_per_floor":[97,111,131,131,131,146,117,117,117,142,154,154,2,19,19,108,108,116,129,142,130,156,156,165,83,137,160,160,221,221,221,221,163,163],"floor_reached":33,"playtime":2721,"items_purged":[],"score":357,"play_id":"7bc6b79f-9474-42e2-87d6-04c30e33696a","local_time":"20210103011102","is_ascension_mode":true,"campfire_choices":[{"floor":8,"key":"REST"},{"floor":12,"key":"REST"},{"floor":15,"key":"REST"},{"floor":23,"key":"REST"},{"floor":28,"key":"REST"},{"floor":30,"key":"REST"},{"data":"hierophant:RustyCrate","floor":32,"key":"SMITH"}],"circlet_count":0,"master_deck":["hierophant:Punish","hierophant:Defend_Hierophant","hierophant:Defend_Hierophant","hierophant:Defend_Hierophant+1","hierophant:Defend_Hierophant","hierophant:ChurchCoffers+1","hierophant:Chorus","hierophant:Sermon","hierophant:Smite","Mind Blast","hierophant:RepressedViolence","hierophant:Embezzle","hierophant:Mercenaries","hierophant:FieryStrike","hierophant:AuricBeam","hierophant:Doubloon","hierophant:Generosity","hierophant:ThreeLashes+1","hierophant:Flagellation","hierophant:PassingBell+1","hierophant:Doubloon","hierophant:Doubloon+1","hierophant:RustyCrate+1","hierophant:Doubloon","hierophant:Doubloon","hierophant:Charity","hierophant:Doubloon","hierophant:Zeal","hierophant:Purify","Slimebound:Tackle+1","Slimebound:Tackle+1","Slimebound:Tackle+1"],"relics":["hierophant:PropheticMaskRelic","War Paint","Anchor","Calipers","keyreminder:keyreminder","Membership Card","aspiration:SecretTechniqueScroll","Runesmith:AutoHammer","aspiration:FetidBarrel","Orichalcum"],"acts_visited":["Exordium","TheCity"],"potions_floor_usage":[6,6,16,18,24,29,29,33],"damage_taken":[{"damage":1,"enemies":"Cultist","floor":1,"turns":4},{"damage":3,"enemies":"Jaw Worm","floor":2,"turns":4},{"damage":8,"enemies":"Small Slimes","floor":3,"turns":4},{"damage":53,"enemies":"Lagavulin","floor":6,"turns":7},{"damage":10,"enemies":"Exordium Thugs","floor":7,"turns":3},{"damage":15,"enemies":"3 Sentries","floor":10,"turns":6},{"damage":0,"enemies":"Gremlin Gang","floor":11,"turns":3},{"damage":0,"enemies":"2 Fungi Beasts","floor":14,"turns":3},{"damage":0,"enemies":"Slime Boss","floor":16,"turns":8},{"damage":13,"enemies":"Shell Parasite","floor":18,"turns":4},{"damage":11,"enemies":"Spheric Guardian","floor":19,"turns":3},{"damage":0,"enemies":"Centurion and Healer","floor":20,"turns":3},{"damage":20,"enemies":"Snake Plant","floor":21,"turns":4},{"damage":8,"enemies":"Snecko","floor":22,"turns":3},{"damage":14,"enemies":"Gremlin Leader","floor":24,"turns":4},{"damage":0,"enemies":"Centurion and Healer","floor":27,"turns":4},{"damage":10,"enemies":"3 Cultists","floor":29,"turns":4},{"damage":82,"enemies":"Automaton","floor":33,"turns":6}],"seed_played":"6603192741796819651","potions_obtained":[{"floor":1,"key":"BlessingOfTheForge"},{"floor":2,"key":"Block Potion"},{"floor":10,"key":"SkillPotion"},{"floor":16,"key":"Fire Potion"},{"floor":19,"key":"champ:CounterPotion"},{"floor":22,"key":"hexamod:EctoCoolerPotion"},{"floor":24,"key":"Fire Potion"},{"floor":29,"key":"SkillPotion"}],"is_trial":false,"path_per_floor":["M","M","M","?","?","E","M","R","T","E","M","R","$","M","R","B",null,"M","M","M","M","M","R","E","$","T","M","R","M","R","?","R","B"],"character_chosen":"HIEROPHANT","items_purchased":["Membership Card","hierophant:Charity","aspiration:FetidBarrel"],"campfire_rested":6,"item_purchase_floors":[13,25,25],"current_hp_per_floor":[81,78,70,70,70,17,7,31,31,16,16,40,40,40,64,64,82,69,58,58,38,30,54,40,40,40,40,64,54,78,78,78,0,0],"gold":163,"neow_bonus":"TEN_PERCENT_HP_BONUS","is_daily":false,"chose_seed":false,"campfire_upgraded":1,"win_rate":0.0,"timestamp":1609654262,"path_taken":["M","M","M","?","?","E","?","R","T","E","M","R","$","M","R","BOSS","M","M","M","?","M","R","E","$","T","M","R","M","R","?","R","BOSS"],"items_purchased_type":["Relic","Card","Relic"],"build_version":"2020-12-22","purchased_purges":0,"victory":false,"max_hp_per_floor":[82,82,82,82,82,82,82,82,82,82,82,82,82,82,82,82,82,82,82,82,82,82,82,82,82,82,82,82,82,82,82,82,82,82],"card_choices":[{"not_picked":["hierophant:Racketeering","hierophant:AuricShield"],"picked":"hierophant:Chorus","floor":1},{"not_picked":["hierophant:MorningPrayer","hierophant:HolyVerse"],"picked":"hierophant:Sermon","floor":2},{"not_picked":["hierophant:SealAway","hierophant:Zeal"],"picked":"hierophant:Smite","floor":3},{"not_picked":["Chrysalis","Dark Shackles"],"picked":"Mind Blast","floor":5},{"not_picked":["hierophant:DisplayOfPower","hierophant:RustyCrate"],"picked":"hierophant:RepressedViolence","floor":6},{"not_picked":["hierophant:Remorse","hierophant:OrnateBuckler"],"picked":"hierophant:Embezzle","floor":7},{"not_picked":["hierophant:HammerAndAnvil","hierophant:Prophecy"],"picked":"hierophant:Mercenaries","floor":10},{"not_picked":["hierophant:Encroach","hierophant:Dazzle"],"picked":"hierophant:FieryStrike","floor":11},{"not_picked":["hierophant:FlamingChariot","hierophant:TollTheBells"],"picked":"hierophant:AuricBeam","floor":14},{"not_picked":["hierophant:Levitation","hierophant:MintersHammer"],"picked":"hierophant:Generosity","floor":16},{"not_picked":["hierophant:RepressedViolence","hierophant:Remorse+1"],"picked":"hierophant:ThreeLashes+1","floor":18},{"not_picked":["hierophant:MirrorShield","hierophant:FlamingChariot"],"picked":"hierophant:Flagellation","floor":19},{"not_picked":["hierophant:Alms","hierophant:DisplayOfPower"],"picked":"hierophant:PassingBell+1","floor":20},{"not_picked":["hierophant:DisplayOfPower","hierophant:Invocation"],"picked":"hierophant:Doubloon","floor":21},{"not_picked":["hierophant:Rebuild","hierophant:ThreeLashes"],"picked":"hierophant:Doubloon+1","floor":22},{"not_picked":["hierophant:Martyrdom+1","hierophant:MorningPrayer"],"picked":"hierophant:RustyCrate","floor":24},{"not_picked":["hierophant:Remorse","hierophant:ThreeLashes"],"picked":"hierophant:Zeal","floor":27},{"not_picked":["hierophant:DeathKnell","hierophant:HolyVerse+1"],"picked":"hierophant:Purify","floor":29}],"player_experience":2125232,"relics_obtained":[{"floor":6,"key":"War Paint"},{"floor":9,"key":"Anchor"},{"floor":10,"key":"Calipers"},{"floor":24,"key":"Runesmith:AutoHammer"},{"floor":26,"key":"Orichalcum"}],"event_choices":[{"damage_healed":0,"gold_gain":0,"player_choice":"Ignored","damage_taken":0,"max_hp_gain":0,"max_hp_loss":0,"event_name":"Golden Wing","floor":4,"gold_loss":0},{"damage_healed":0,"gold_gain":1,"player_choice":"1","damage_taken":0,"max_hp_gain":0,"max_hp_loss":0,"event_name":"betterStone:BetterStone","floor":5,"gold_loss":0}],"is_beta":false,"boss_relics":[{"not_picked":["aspiration:RitualDagger","Runesmith:UraniumAnvil"],"picked":"aspiration:SecretTechniqueScroll"}],"items_purged_floors":[],"is_endless":false,"potions_floor_spawned":[1,2,10,16,19,22,24,29],"killed_by":"Automaton","ascension_level":4}}