{"host":"98ajcw3do3zsggh8","time":1609716679,"event":{"mods":["BaseMod","Minty Spire (QoL Compilation)","Replay The Spire","StSLib","The Marked"],"gold_per_floor":[111,186,197,211,229,264,284,284,284,284,16,33,47,59,59,59,59],"floor_reached":16,"playtime":539,"items_purged":["theMarked:Strike"],"score":106,"play_id":"0c1e4a9a-e155-4693-a382-652786482050","local_time":"20210104003119","is_ascension_mode":false,"campfire_choices":[{"floor":10,"key":"REST"},{"data":"theMarked:Panic","floor":15,"key":"SMITH"}],"circlet_count":0,"master_deck":["theMarked:Strike","theMarked:Strike","theMarked:Strike","theMarked:Strike","theMarked:Defend","theMarked:Defend","theMarked:Defend","theMarked:SoldierOfQuellstein","theMarked:BanishingStrike","theMarked:LightningStrikesTwice","theMarked:Panic+1","theMarked:HeightenedSenses","theMarked:EmpowerWeapon","The Bomb"],"relics":["theMarked:ArtifactOfAir","NeowsBlessing","Tiny Chest","Garlic"],"acts_visited":["Exordium"],"potions_floor_usage":[6],"damage_taken":[{"damage":0,"enemies":"Small Slimes","floor":1,"turns":1},{"damage":0,"enemies":"Jaw Worm","floor":3,"turns":1},{"damage":0,"enemies":"Cultist","floor":4,"turns":1},{"damage":10,"enemies":"Red Slaver","floor":5,"turns":4},{"damage":34,"enemies":"3 Sentries","floor":6,"turns":8},{"damage":5,"enemies":"Looter","floor":7,"turns":3},{"damage":8,"enemies":"Large Slime","floor":12,"turns":3},{"damage":1,"enemies":"3 Louse","floor":13,"turns":3},{"damage":12,"enemies":"Gremlin Gang","floor":14,"turns":4},{"damage":11,"enemies":"Fading Forest","floor":16,"turns":3}],"seed_played":"-5625277367726344979","potions_obtained":[{"floor":3,"key":"SkillPotion"},{"floor":4,"key":"Toxic Potion"},{"floor":5,"key":"Toxic Potion"},{"floor":7,"key":"Strength Potion"}],"is_trial":false,"path_per_floor":["M","?","M","M","M","E","M","?","T","R","$","M","M","M","R","B"],"character_chosen":"THE_DEFAULT","items_purchased":["The Bomb"],"campfire_rested":1,"item_purchase_floors":[11],"current_hp_per_floor":[70,59,59,59,49,15,10,10,10,31,31,23,22,10,10,0,0],"gold":59,"neow_bonus":"THREE_ENEMY_KILL","is_daily":false,"chose_seed":false,"campfire_upgraded":1,"win_rate":0.0,"timestamp":1609716679,"path_taken":["M","?","M","M","M","E","M","?","T","R","$","M","?","M","R","BOSS"],"items_purchased_type":["Card"],"build_version":"2020-12-22","purchased_purges":1,"victory":false,"max_hp_per_floor":[70,70,70,70,70,70,70,70,70,70,70,70,70,70,70,70,70],"card_choices":[{"not_picked":["theMarked:Parkour","theMarked:SwordAndMagic"],"picked":"theMarked:BanishingStrike","floor":1},{"not_picked":["theMarked:WastefulDefense","theMarked:HeightenedSenses"],"picked":"theMarked:LightningStrikesTwice","floor":3},{"not_picked":["theMarked:Improvise","theMarked:TurnInvisible"],"picked":"theMarked:Panic","floor":4},{"not_picked":["theMarked:DeterminationOfTheMarked","theMarked:RepellingDischarge","theMarked:Static"],"picked":"SKIP","floor":5},{"not_picked":["theMarked:RepellingDischarge","theMarked:Parry"],"picked":"theMarked:HeightenedSenses","floor":6},{"not_picked":["theMarked:ElectricStrings","theMarked:MagicAdept"],"picked":"theMarked:EmpowerWeapon","floor":7},{"not_picked":["theMarked:SwordAndMagic","theMarked:EnhanceMovement","theMarked:Electrify"],"picked":"SKIP","floor":12},{"not_picked":["theMarked:ResourceFulStrike","theMarked:BanishingWave","theMarked:WardOff"],"picked":"SKIP","floor":13},{"not_picked":["theMarked:Reabsorb","theMarked:ElectricStrings","theMarked:TurnInvisible"],"picked":"SKIP","floor":14}],"player_experience":305135,"relics_obtained":[{"floor":6,"key":"Tiny Chest"},{"floor":9,"key":"Garlic"}],"event_choices":[{"damage_healed":0,"gold_gain":75,"player_choice":"Gather Gold","damage_taken":11,"max_hp_gain":0,"max_hp_loss":0,"event_name":"World of Goop","floor":2,"gold_loss":0},{"cards_removed":["theMarked:Defend"],"damage_healed":0,"gold_gain":0,"player_choice":"Purged","damage_taken":0,"max_hp_gain":0,"max_hp_loss":0,"event_name":"Purifier","floor":8,"gold_loss":0}],"is_beta":false,"boss_relics":[],"items_purged_floors":[11],"is_endless":false,"potions_floor_spawned":[3,4,5,7],"killed_by":"Fading Forest","ascension_level":0}}