{"host":"1eo5f82aifdzd7pr","time":1609693628,"event":{"mods":["AchievementEnabler","BaseMod","Colored Map","Colored Powertips","DeckTracker","Marisa????????","Minty Spire (QoL Compilation)","StSLib","SuperFastMode"],"gold_per_floor":[112,128,143,162,181,215,228,228,251,251,270,270,320,334,334,413,413,425,435,455,455,455],"floor_reached":21,"playtime":1131,"items_purged":[],"score":474,"play_id":"4463688f-59c1-4af5-9375-06615716af4c","local_time":"20210103190708","is_ascension_mode":true,"campfire_choices":[{"data":"Eruption","floor":8,"key":"SMITH"},{"data":"ReachHeaven","floor":10,"key":"SMITH"},{"data":"SandsOfTime","floor":12,"key":"SMITH"},{"floor":15,"key":"REST"}],"circlet_count":0,"master_deck":["AscendersBane","Strike_P","Strike_P","Strike_P","Strike_P","Defend_P","Defend_P","Defend_P","Defend_P","Eruption+1","Vigilance","ReachHeaven+1","ThirdEye","DeceiveReality","FlurryOfBlows","SandsOfTime+1","EmptyFist","CutThroughFate","LessonLearned+1","TalkToTheHand","FearNoEvil"],"relics":["PureWater","Singing Bowl","Boot","Sozu"],"acts_visited":["Exordium","TheCity"],"potions_floor_usage":[6,20],"damage_taken":[{"damage":1,"enemies":"Small Slimes","floor":1,"turns":4},{"damage":0,"enemies":"Cultist","floor":2,"turns":4},{"damage":0,"enemies":"2 Louse","floor":3,"turns":3},{"damage":3,"enemies":"Large Slime","floor":4,"turns":3},{"damage":1,"enemies":"Exordium Thugs","floor":5,"turns":4},{"damage":21,"enemies":"Lagavulin","floor":6,"turns":7},{"damage":3,"enemies":"Exordium Wildlife","floor":7,"turns":4},{"damage":0,"enemies":"Looter","floor":11,"turns":2},{"damage":0,"enemies":"Red Slaver","floor":14,"turns":3},{"damage":0,"enemies":"Slime Boss","floor":16,"turns":6},{"damage":19,"enemies":"Shell Parasite","floor":18,"turns":5},{"damage":12,"enemies":"Chosen","floor":19,"turns":4},{"damage":23,"enemies":"Snake Plant","floor":20,"turns":5},{"damage":25,"enemies":"Shelled Parasite and Fungi","floor":21,"turns":3}],"seed_played":"-5913550657900841532","potions_obtained":[{"floor":1,"key":"Energy Potion"},{"floor":6,"key":"Dexterity Potion"},{"floor":7,"key":"DuplicationPotion"},{"floor":16,"key":"CultistPotion"}],"is_trial":false,"path_per_floor":["M","M","M","M","M","E","M","R","T","R","M","R","?","M","R","B",null,"M","M","M","M"],"character_chosen":"WATCHER","items_purchased":[],"campfire_rested":1,"item_purchase_floors":[],"current_hp_per_floor":[66,66,66,63,62,41,38,38,38,38,40,40,33,33,55,55,71,52,42,19,0,0],"gold":455,"neow_bonus":"TEN_PERCENT_HP_BONUS","is_daily":false,"chose_seed":false,"campfire_upgraded":3,"win_rate":0.0,"timestamp":1609693628,"path_taken":["M","M","M","M","M","E","M","R","T","R","M","R","?","M","R","BOSS","M","?","M","M"],"items_purchased_type":[],"build_version":"2020-12-22","purchased_purges":0,"victory":false,"max_hp_per_floor":[74,74,74,74,74,74,74,74,74,74,76,76,76,76,76,76,76,76,78,78,78,78],"card_choices":[{"not_picked":["EmptyFist","Halt"],"picked":"ReachHeaven","floor":1},{"not_picked":["ClearTheMind","Collect"],"picked":"ThirdEye","floor":2},{"not_picked":["Prostrate","Halt"],"picked":"DeceiveReality","floor":3},{"not_picked":["Perseverance","Collect","BowlingBash"],"picked":"SKIP","floor":4},{"not_picked":["Consecrate","DeceiveReality"],"picked":"FlurryOfBlows","floor":5},{"not_picked":["Crescendo","Conclude"],"picked":"SandsOfTime","floor":6},{"not_picked":["SashWhip","Consecrate"],"picked":"EmptyFist","floor":7},{"not_picked":["Collect","Protect","Sanctity"],"picked":"Singing Bowl","floor":11},{"not_picked":["Protect","Halt"],"picked":"CutThroughFate","floor":14},{"not_picked":["SpiritShield","DevaForm"],"picked":"LessonLearned","floor":16},{"not_picked":["EmptyBody","WindmillStrike"],"picked":"TalkToTheHand","floor":18},{"not_picked":["EmptyFist","FollowUp","Vengeance"],"picked":"Singing Bowl","floor":19},{"not_picked":["Prostrate","FlurryOfBlows"],"picked":"FearNoEvil","floor":20}],"player_experience":761941,"relics_obtained":[{"floor":6,"key":"Singing Bowl"},{"floor":9,"key":"Boot"}],"event_choices":[{"damage_healed":0,"gold_gain":50,"player_choice":"Touch","damage_taken":7,"max_hp_gain":0,"max_hp_loss":0,"event_name":"FaceTrader","floor":13,"gold_loss":0}],"is_beta":false,"boss_relics":[{"not_picked":["Black Star","Fusion Hammer"],"picked":"Sozu"}],"items_purged_floors":[],"is_endless":false,"potions_floor_spawned":[1,6,7,11,16,18,19,20],"killed_by":"Shelled Parasite and Fungi","ascension_level":20}}