{"host":"2lvuisjyit3p3u01","time":1609709066,"event":{"mods":["Act Like it!","BaseMod","Bestiary","Better Synergies","CapriCore","Colored Map","Colored Powertips","Duelist Mod","GifTheSpireLib","Minty Spire (QoL Compilation)","Quick Restart","Replay The Spire","StSLib"],"gold_per_floor":[144,2,2,26,26,57,57,57,57,75,92,92,109,155,155,254,254,264,274,27,27,45,58,58,58,83,83,83,8,22,55,55,156,156,170,170,170,101,101,101,101,101,101,119,13,13,13],"floor_reached":46,"playtime":2207,"items_purged":["theDuelist:CastleWalls","theDuelist:Nameless:Magic:SpiralSpearStrike"],"score":534,"play_id":"5f73bc38-c1bc-4f01-bc31-346459ecb164","local_time":"20210103232426","is_ascension_mode":false,"campfire_choices":[{"data":"theDuelist:IslandTurtle","floor":7.0,"key":"SMITH"},{"data":"theDuelist:HydraViper","floor":15.0,"key":"SMITH"},{"floor":24.0,"key":"REST"},{"data":"theDuelist:TorrentialReborn","floor":28.0,"key":"SMITH"},{"floor":32.0,"key":"REST"},{"data":"theDuelist:TripodFish","floor":40.0,"key":"SMITH"},{"data":"theDuelist:GishkiZielgigas","floor":42.0,"key":"SMITH"}],"circlet_count":0,"master_deck":["theDuelist:Dewdark","theDuelist:TorrentialReborn+1","theDuelist:Sparks","theDuelist:AtlanteanHeavyInfantry","theDuelist:RageDeepSea","theDuelist:IslandTurtle+1","theDuelist:RevivalJam","theDuelist:HydraViper+1","theDuelist:SevenColoredFish","theDuelist:CorrodingShark","theDuelist:IceHand","theDuelist:StormSparks","theDuelist:FishborgLauncher","theDuelist:DeltaMagnet","theDuelist:AquaSpirit","theDuelist:IslandTurtle","theDuelist:IceHand","theDuelist:GamecieltheSeaTurtleKaiju","theDuelist:SevenColoredFish","theDuelist:GishkiAvance","theDuelist:TripodFish+1","theDuelist:TripodFish","theDuelist:GishkiZielgigas+1","theDuelist:FishborgDoctor+1","theDuelist:Nameless:Power:ForbiddenLance"],"relics":["theDuelist:MillenniumPuzzle","theDuelist:CardPoolRelic","theDuelist:CardPoolBasicRelic","theDuelist:BoosterPackPoolRelic","theDuelist:CardPoolAddRelic","theDuelist:CardPoolMinusRelic","theDuelist:CardPoolSaveRelic","theDuelist:CardPoolOptionsRelic","NeowsBlessing","theDuelist:Monsterbox","Omamori","theDuelist:BoosterExtraAllRaresRelic","Ancient Tea Set","Ooze Armor","theDuelist:GoldenSail","Ring of Fangs","ReplayTheSpireMod:Ring of Exchange","Juzu Bracelet","Nloth\u0027s Gift","Toxic Egg 2","theDuelist:CardRewardRelicH","theDuelist:CursedHealer","theDuelist:DuelistLetterOpener","ReplayTheSpireMod:CursedCoin","Bronze Scales"],"acts_visited":["Exordium","TheCity","TheBeyond"],"potions_floor_usage":[44],"damage_taken":[{"damage":0.0,"enemies":"2 Louse","floor":1.0,"turns":1.0},{"damage":0.0,"enemies":"Cultist","floor":4.0,"turns":1.0},{"damage":0.0,"enemies":"Replay:BlueRogue","floor":6.0,"turns":1.0},{"damage":11.0,"enemies":"Jaw Worm","floor":10.0,"turns":3.0},{"damage":0.0,"enemies":"2 Fungi Beasts","floor":11.0,"turns":3.0},{"damage":0.0,"enemies":"Large Slime","floor":13.0,"turns":6.0},{"damage":33.0,"enemies":"Hexaghost","floor":16.0,"turns":4.0},{"damage":4.0,"enemies":"2 Thieves","floor":18.0,"turns":3.0},{"damage":18.0,"enemies":"Shell Parasite","floor":19.0,"turns":3.0},{"damage":14.0,"enemies":"Shelled Parasite and Fungi","floor":22.0,"turns":3.0},{"damage":0.0,"enemies":"Snecko","floor":23.0,"turns":4.0},{"damage":16.0,"enemies":"Centurion and Healer","floor":30.0,"turns":5.0},{"damage":9.0,"enemies":"Gremlin Leader","floor":31.0,"turns":6.0},{"damage":11.0,"enemies":"Collector","floor":33.0,"turns":5.0},{"damage":27.0,"enemies":"3 Darklings","floor":35.0,"turns":4.0},{"damage":15,"enemies":"3 Shapes","floor":44,"turns":3},{"damage":76,"enemies":"Giant Head","floor":46,"turns":7}],"seed_played":"-1132520018501003218","potions_obtained":[{"floor":6.0,"key":"FearPotion"},{"floor":10.0,"key":"FearPotion"},{"floor":11.0,"key":"theDuelist:BurningPotionB"},{"floor":22.0,"key":"theDuelist:StunPotion"},{"floor":23.0,"key":"theDuelist:SealedPack"},{"floor":30.0,"key":"theDuelist:WhiteBottle"},{"floor":35.0,"key":"AttackPotion"}],"is_trial":false,"path_per_floor":["M","$","?","M","?","E","R","?","T","M","M","?","M","T","R","B",null,"M","M","$","?","M","M","R","?","T","?","R","?","M","E","R","B",null,"M","?","?","$","?","R","?","R","T","M","$","E"],"character_chosen":"THE_DUELIST","items_purchased":["theDuelist:Monsterbox","theDuelist:IceHand","theDuelist:GoldenSail","theDuelist:FishborgDoctor+1","ReplayTheSpireMod:CursedCoin","Bronze Scales"],"campfire_rested":2,"item_purchase_floors":[2,2,20,38,45,45],"current_hp_per_floor":[80,80,74,74,74,74,74,74,74,63,63,63,63,63,63,30,74,70,52,52,52,38,38,60,60,60,60,60,60,44,35,57,46,74,47,47,70,70,80,80,80,80,80,65,65,0,0],"gold":13,"neow_bonus":"THREE_ENEMY_KILL","is_daily":false,"chose_seed":false,"campfire_upgraded":5,"win_rate":0.0,"timestamp":1609709066,"path_taken":["M","$","?","M","?","E","R","?","T","?","M","?","M","?","R","BOSS","M","M","$","?","M","M","R","?","T","?","R","?","M","E","R","BOSS","M","?","?","$","?","R","?","R","T","M","$","E"],"items_purchased_type":["Relic","Card","Relic","Card","Relic","Relic"],"build_version":"2020-12-22","purchased_purges":2,"victory":false,"max_hp_per_floor":[80,80,74,74,74,74,74,74,74,74,74,74,74,74,74,74,74,74,74,74,74,74,74,74,74,74,74,74,74,74,74,74,74,74,74,70,70,70,80,80,80,80,80,80,80,80,80],"card_choices":[{"not_picked":["theDuelist:DewlorenTigerKing","theDuelist:TerrorkingSalmon"],"picked":"theDuelist:FishborgLauncher","floor":1.0},{"not_picked":["theDuelist:FishSwaps","theDuelist:ArmoredStarfish"],"picked":"theDuelist:HydraViper","floor":4.0},{"not_picked":["theDuelist:OldWhiteTurtle","theDuelist:Skystarray"],"picked":"theDuelist:AtlanteanHeavyInfantry","floor":6.0},{"not_picked":["theDuelist:BlizzardDefender","theDuelist:BarrierStatue","theDuelist:BlueBloodedOni"],"picked":"SKIP","floor":10.0},{"not_picked":["theDuelist:KoakiMeiruIce","theDuelist:DeepSweeper"],"picked":"theDuelist:IceHand","floor":11.0},{"not_picked":["theDuelist:EagleShark","theDuelist:NightmarePenguin"],"picked":"theDuelist:RageDeepSea","floor":13.0},{"not_picked":["theDuelist:LostBlueBreaker","theDuelist:EvigishkiLevianima"],"picked":"theDuelist:TorrentialReborn","floor":16.0},{"not_picked":["theDuelist:EvigishkiTetrogre","theDuelist:BlizzardThunderbird"],"picked":"theDuelist:CorrodingShark","floor":18.0},{"not_picked":["theDuelist:Monokeros","theDuelist:AtlanteanAttackSquad"],"picked":"theDuelist:GamecieltheSeaTurtleKaiju","floor":19.0},{"not_picked":["theDuelist:WhiteAuraWhale","theDuelist:BoulderTortoise+1"],"picked":"theDuelist:Dewdark","floor":22.0},{"not_picked":["theDuelist:TorrentialReborn","theDuelist:SplashCapture"],"picked":"theDuelist:ColdEnchanter","floor":23.0},{"not_picked":["theDuelist:TorrentialReborn","theDuelist:GraydleCombat","theDuelist:BubbleBringer"],"picked":"SKIP","floor":30.0},{"not_picked":["theDuelist:GraydleEagle","theDuelist:CallAtlanteans+1"],"picked":"theDuelist:GishkiAvance","floor":31.0},{"not_picked":["theDuelist:SplashCapture+1","theDuelist:LostBlueBreaker+1"],"picked":"theDuelist:TripodFish","floor":33.0},{"not_picked":["theDuelist:GishkiAriel+1","theDuelist:CorrodingShark"],"picked":"theDuelist:GishkiZielgigas","floor":35.0},{"not_picked":["theDuelist:SphereKuriboh","theDuelist:DestructPotion+1","theDuelist:GamecieltheSeaTurtleKaiju+1"],"picked":"SKIP","floor":44}],"player_experience":244634,"relics_obtained":[{"floor":6.0,"key":"Omamori"},{"floor":9.0,"key":"theDuelist:BoosterExtraAllRaresRelic"},{"floor":14.0,"key":"Ancient Tea Set"},{"floor":21.0,"key":"Ring of Fangs"},{"floor":21.0,"key":"ReplayTheSpireMod:Ring of Exchange"},{"floor":26.0,"key":"King of Hearts"},{"floor":31.0,"key":"Toxic Egg 2"},{"floor":43.0,"key":"theDuelist:DuelistLetterOpener"}],"event_choices":[{"damage_healed":0.0,"max_hp_gain":0.0,"max_hp_loss":6.0,"gold_gain":0.0,"event_name":"Golden Idol","player_choice":"Lose Max HP","floor":3.0,"gold_loss":0.0,"damage_taken":0.0,"relics_obtained":["Golden Idol"]},{"damage_healed":0.0,"max_hp_gain":0.0,"max_hp_loss":0.0,"gold_gain":0.0,"event_name":"Relic Duplicator","player_choice":"Leave","duelist":true,"floor":5.0,"gold_loss":0.0,"damage_taken":0.0},{"damage_healed":0.0,"max_hp_gain":0.0,"max_hp_loss":0.0,"gold_gain":0.0,"event_name":"Visit from Anubis","player_choice":"Scored: 700","duelist":true,"floor":8.0,"gold_loss":0.0,"damage_taken":0.0},{"damage_healed":0.0,"max_hp_gain":0.0,"max_hp_loss":0.0,"gold_gain":0.0,"event_name":"Egyptian Village","player_choice":"Delta Electro","duelist":true,"floor":12.0,"gold_loss":0.0,"damage_taken":0.0,"cards_obtained":["Delta Electromagnet Warrior"]},{"damage_healed":0.0,"max_hp_gain":0.0,"max_hp_loss":0.0,"gold_gain":0.0,"event_name":"The Mausoleum","player_choice":"Opened","floor":25.0,"gold_loss":0.0,"damage_taken":0.0,"relics_obtained":["Juzu Bracelet"]},{"damage_healed":0.0,"max_hp_gain":0.0,"max_hp_loss":0.0,"gold_gain":0.0,"event_name":"N\u0027loth","player_choice":"Traded Relic","floor":27.0,"relics_lost":["King of Hearts"],"gold_loss":0.0,"damage_taken":0.0,"relics_obtained":["Nloth\u0027s Gift"]},{"cards_removed":["theDuelist:CastleWalls"],"damage_healed":0.0,"max_hp_gain":0.0,"max_hp_loss":0.0,"gold_gain":0.0,"event_name":"Beggar","player_choice":"Gave Gold","floor":29.0,"gold_loss":75.0,"damage_taken":0.0},{"damage_healed":0.0,"max_hp_gain":0.0,"max_hp_loss":4.0,"gold_gain":0.0,"event_name":"Winding Halls","player_choice":"Max HP","floor":36.0,"gold_loss":0.0,"damage_taken":0.0},{"damage_healed":0.0,"max_hp_gain":0.0,"max_hp_loss":0.0,"gold_gain":0.0,"event_name":"Tomb of the Nameless","player_choice":"Succumb - +25HP/Cursed Relic","duelist":true,"floor":37.0,"gold_loss":0.0,"damage_taken":0.0},{"power_reward":4.0,"total_magic_score":66.0,"gold_gain":0.0,"duelist":true,"damage_taken":0.0,"relics_obtained":[],"points":15.0,"max_hp_gain":10.0,"max_hp_loss":0.0,"spent_points":{"magic":4.0,"greed":0.0,"war":0.0,"power":4.0,"hunger":4.0},"event_name":"Nameless Tomb","hunger_reward":4.0,"floor":39.0,"gold_loss":0.0,"magic_reward":4.0,"cards_obtained":["theDuelist:Nameless:Power:ForbiddenLance","theDuelist:Nameless:Magic:SpiralSpearStrike"]},{"cards_removed":["theDuelist:ColdEnchanter"],"damage_healed":0.0,"max_hp_gain":0.0,"max_hp_loss":0.0,"gold_gain":0.0,"event_name":"Falling","player_choice":"Removed Power","floor":41.0,"gold_loss":0.0,"damage_taken":0.0}],"is_beta":false,"boss_relics":[{"not_picked":["Astrolabe","Inserter"],"picked":"Ooze Armor"},{"not_picked":["TwistedFunnel","Kintsugi"],"picked":"theDuelist:CardRewardRelicH"}],"items_purged_floors":[2,45],"is_endless":false,"potions_floor_spawned":[6,10,11,13,22,23,30,35],"killed_by":"Giant Head","ascension_level":0}}