{"host":"sh8ot41fo7a0kahq","time":1609673972,"event":{"mods":["ATMod(°¢èªMod)","BaseMod","Better Third Choice","Colored Powertips","Displayed Cursed Tome","Minty Spire (QoL Compilation)","Quick Restart","Spicy Shops","StSLib","UnlockEverythingMod","¡¾ÒÅÎï¿¨ÅÆ¡¿REMEMod"],"gold_per_floor":[113,113,113,38,51,85,85,95,144,161,161,174,202,221,221,324,324,340,212,223,242,256,256,256],"floor_reached":23,"playtime":1022,"items_purged":["Strike_R","Strike_R"],"score":336,"play_id":"ee696a17-e355-43a0-bf69-4a5fc0f670b8","local_time":"20210103193932","is_ascension_mode":true,"campfire_choices":[{"data":"Whirlwind","floor":7.0,"key":"SMITH"},{"data":"Exhume","floor":15.0,"key":"SMITH"}],"circlet_count":0,"master_deck":["Strike_R","Strike_R","Defend_R","Defend_R","Defend_R","Defend_R","Bash","AT_CaressingTears+1","Seek","Whirlwind+1","Exhume+1","AT_DrawKnifeCut","Bloodletting","Feed","Second Wind","Limit Break","Pommel Strike","Battle Trance"],"relics":["Burning Blood","AT_ATBox","REME_ComplimentaryCards","NeowsBlessing","Dream Catcher","Smiling Mask","AT_ArchangelStaff","StrikeDummy","Black Star","Happy Flower"],"acts_visited":["Exordium","TheCity"],"potions_floor_usage":[20,22,23],"damage_taken":[{"damage":0.0,"enemies":"Small Slimes","floor":1.0,"turns":1.0},{"damage":0.0,"enemies":"2 Louse","floor":5.0,"turns":2.0},{"damage":0.0,"enemies":"Lagavulin","floor":6.0,"turns":1.0},{"damage":2.0,"enemies":"Jaw Worm","floor":8.0,"turns":3.0},{"damage":1.0,"enemies":"Lots of Slimes","floor":10.0,"turns":2.0},{"damage":0.0,"enemies":"Gremlin Gang","floor":12.0,"turns":1.0},{"damage":24.0,"enemies":"Gremlin Nob","floor":13.0,"turns":3.0},{"damage":18.0,"enemies":"2 Fungi Beasts","floor":14.0,"turns":4.0},{"damage":44.0,"enemies":"Slime Boss","floor":16.0,"turns":9.0},{"damage":3,"enemies":"3 Byrds","floor":18,"turns":3},{"damage":16,"enemies":"2 Thieves","floor":20,"turns":3},{"damage":23,"enemies":"Chosen and Byrds","floor":21,"turns":5},{"damage":20,"enemies":"3 Cultists","floor":22,"turns":5},{"damage":76,"enemies":"Gremlin Leader","floor":23,"turns":5}],"seed_played":"1974134424815232192","potions_obtained":[{"floor":1.0,"key":"Energy Potion"},{"floor":8.0,"key":"Block Potion"},{"floor":12.0,"key":"SpeedPotion"},{"floor":20,"key":"Regen Potion"},{"floor":21,"key":"DuplicationPotion"}],"is_trial":false,"path_per_floor":["M","?","?","$","M","E","R","M","T","M","?","M","E","M","R","B",null,"M","$","M","M","M","E"],"character_chosen":"IRONCLAD","items_purchased":["Happy Flower"],"campfire_rested":0,"item_purchase_floors":[19],"current_hp_per_floor":[78,78,71,71,77,80,80,80,80,80,80,80,62,56,56,34,78,81,81,74,60,49,0,0],"gold":256,"neow_bonus":"THREE_ENEMY_KILL","is_daily":false,"chose_seed":false,"campfire_upgraded":2,"win_rate":0.0,"timestamp":1609673972,"path_taken":["M","?","?","$","M","E","R","M","T","M","?","M","E","M","R","BOSS","M","$","?","M","?","E"],"items_purchased_type":["Relic"],"build_version":"2020-12-22","purchased_purges":2,"victory":false,"max_hp_per_floor":[80,80,80,80,80,80,80,80,80,80,80,80,80,86,86,92,92,92,92,95,98,101,101,101],"card_choices":[{"not_picked":["Wild Strike","Shrug It Off"],"picked":"Whirlwind","floor":1.0},{"not_picked":["Flex","Flame Barrier","Iron Wave"],"picked":"SKIP","floor":5.0},{"not_picked":["Heavy Blade","AT_IchimonjiDouble"],"picked":"AT_DrawKnifeCut","floor":6.0},{"not_picked":["Anger","Body Slam"],"picked":"Bloodletting","floor":8.0},{"not_picked":["Body Slam","Pummel","AT_IchimonjiDouble"],"picked":"SKIP","floor":10.0},{"not_picked":["Warcry","Combust","Cleave"],"picked":"SKIP","floor":12.0},{"not_picked":["Dark Embrace","AT_DiedThrough"],"picked":"Feed","floor":13.0},{"not_picked":["Anger","Inflame"],"picked":"Second Wind","floor":14.0},{"not_picked":["Impervious","Bludgeon"],"picked":"Limit Break","floor":16.0},{"not_picked":["AT_IchimonjiDouble","Shrug It Off"],"picked":"Pommel Strike","floor":18},{"not_picked":["Warcry","Brutality","Clothesline+1"],"picked":"SKIP","floor":20},{"not_picked":["Entrench","Infernal Blade+1","Wild Strike"],"picked":"SKIP","floor":21},{"not_picked":["Dual Wield","AT_DiedThrough"],"picked":"Battle Trance","floor":22}],"player_experience":314738,"relics_obtained":[{"floor":6.0,"key":"Smiling Mask"},{"floor":9.0,"key":"AT_ArchangelStaff"},{"floor":13.0,"key":"StrikeDummy"}],"event_choices":[{"damage_healed":0.0,"max_hp_gain":0.0,"max_hp_loss":0.0,"gold_gain":0.0,"cards_transformed":["Strike_R"],"event_name":"Living Wall","player_choice":"Change","floor":2.0,"gold_loss":0.0,"damage_taken":0.0,"cards_obtained":["Exhume"]},{"damage_healed":0.0,"max_hp_gain":0.0,"max_hp_loss":0.0,"gold_gain":0.0,"event_name":"betterThird:BetterScrap","player_choice":"Relic ","floor":3.0,"gold_loss":0.0,"damage_taken":7.0,"cards_obtained":["AT_IrregularMenstruation"]},{"damage_healed":0.0,"max_hp_gain":0.0,"max_hp_loss":0.0,"gold_gain":0.0,"event_name":"Upgrade Shrine","player_choice":"Upgraded","floor":11.0,"gold_loss":0.0,"damage_taken":0.0,"cards_upgraded":["AT_CaressingTears"]}],"is_beta":false,"boss_relics":[{"not_picked":["Busted Crown","Pandora\u0027s Box"],"picked":"Black Star"}],"items_purged_floors":[4,19],"is_endless":false,"potions_floor_spawned":[1,8,12,13,16,20,21],"killed_by":"Gremlin Leader","ascension_level":7}}