{"host":"5yjvsohl6z99blyx","time":1609705002,"event":{"mods":["BaseMod","Better Altar","Better Match","Better Note","Better Sensory Stone","Better Skull","Better Third Choice","Better Vampires","BetterRewards","Colored Map","Colored Powertips","Defuse TimeMaze Blight","Downfall","Emptier Cage","Energized Spire","Highlight Path","Hubris","Minty Spire (QoL Compilation)","Permanent Neow","Quick Restart","Relic Filter","Replay The Spire","Shop Mod","StSLib","Transform Curses","Uncapped"],"gold_per_floor":[349,366,384,384,395,395,446,476,493,526,539,389,19,29,40,135,135,135,135,135,135],"floor_reached":19,"playtime":1697,"items_purged":[],"score":204,"play_id":"492431bc-6154-479e-b9e4-b4f46f5afa12","local_time":"20210103211642","is_ascension_mode":false,"campfire_choices":[{"floor":1,"key":"RECALL"},{"floor":6,"key":"REST"},{"floor":12,"key":"REST"},{"data":"Barricade","floor":18,"key":"SMITH"}],"circlet_count":0,"master_deck":["Apotheosis+1","hexamod:Strike","hexamod:Strike","hexamod:Strike","hexamod:Strike","hexamod:Defend","hexamod:Defend+1","hexamod:Defend+1","hexamod:Defend","hexamod:Sear","hexamod:Float","hexamod:GhostOfSpirePast","hexamod:EmpoweredFlame","Barricade+1","hexamod:FirstSeal","hexamod:GhostOfSpireFuture","hexamod:GhostflameBarrier","hexamod:AdvancingGuard","hexamod:FifthSeal","hexamod:SixthSeal","hexamod:TimeOfNeed"],"relics":["hexamod:SpiritBrand","War Paint","Tiny Chest","Dream Catcher","Pantograph","downfall:HeartBlessingGreen","downfall:HeartBlessingRed","Replay:Wax Seal","Frozen Eye","hubris:BlackHole"],"acts_visited":["Exordium","TheCity"],"potions_floor_usage":[10,14,16,19],"damage_taken":[{"damage":0,"enemies":"2 Louse","floor":2,"turns":3},{"damage":1,"enemies":"Jaw Worm","floor":3,"turns":4},{"damage":2,"enemies":"Small Slimes","floor":5,"turns":3},{"damage":13,"enemies":"3 Sentries","floor":8,"turns":10},{"damage":7,"enemies":"2 Fungi Beasts","floor":9,"turns":5},{"damage":3,"enemies":"Gremlin Nob","floor":10,"turns":7},{"damage":7,"enemies":"Blue Slaver","floor":11,"turns":5},{"damage":0,"enemies":"downfall:FleeingMerchant","floor":13,"turns":4},{"damage":3,"enemies":"Lots of Slimes","floor":14,"turns":8},{"damage":19,"enemies":"Gremlin Gang","floor":15,"turns":6},{"damage":68,"enemies":"downfall:Defect","floor":16,"turns":10},{"damage":74,"enemies":"Shell Parasite","floor":19,"turns":11}],"seed_played":"986395421468146703","potions_obtained":[{"floor":3,"key":"Doom Potion"},{"floor":8,"key":"ColorlessPotion"},{"floor":9,"key":"SpeedPotion"},{"floor":16,"key":"Adrenaline Potion"}],"is_trial":false,"path_per_floor":["R","M","M","?","M","R","T","E","M","E","M","R","$","M","M","B",null,"R_BF","M"],"character_chosen":"THE_SPIRIT","items_purchased":["Replay:Wax Seal","hexamod:FifthSeal","Frozen Eye"],"campfire_rested":2,"item_purchase_floors":[13,13,13],"current_hp_per_floor":[49,49,48,36,34,55,55,42,42,46,39,60,67,64,45,2,70,70,0,0,0],"gold":135,"neow_bonus":"TWO_FIFTY_GOLD","is_daily":false,"chose_seed":false,"campfire_upgraded":1,"win_rate":0.0,"timestamp":1609705002,"path_taken":["R","M","M","?","M","R","T","E","M","E","M","R","$","M","M","BOSS","R_BF","M"],"items_purchased_type":["Relic","Card","Relic"],"build_version":"2020-12-22","purchased_purges":0,"victory":false,"max_hp_per_floor":[70,70,70,70,70,70,70,70,70,70,70,70,70,70,70,70,70,70,70,70,70],"card_choices":[{"not_picked":["hexamod:AdvancingGuard","hexamod:Firestarter"],"picked":"hexamod:GhostOfSpirePast","floor":2},{"not_picked":["hexamod:NightmareStrike","hexamod:ThirdSeal"],"picked":"hexamod:EmpoweredFlame","floor":3},{"not_picked":["hexamod:BacktrackSmack","hexamod:SkipABeat","hexamod:BurningTouch"],"picked":"SKIP","floor":5},{"not_picked":["hexamod:SpectersWail","hexamod:EmpoweredFlame"],"picked":"hexamod:FirstSeal","floor":8},{"not_picked":["hexamod:GhostShield","hexamod:Hexaguard","hexamod:GhostOfSpirePast"],"picked":"SKIP","floor":9},{"not_picked":["hexamod:Firestarter","hexamod:GhostflameInferno"],"picked":"hexamod:GhostOfSpireFuture","floor":10},{"not_picked":["hexamod:Haunt","hexamod:GhostOfSpireFuture","hexamod:BurningTouch"],"picked":"SKIP","floor":11},{"not_picked":["hexamod:GhostLash","hexamod:ShieldOfDarkness"],"picked":"hexamod:GhostflameBarrier","floor":12},{"not_picked":["hexamod:Again","hexamod:CatchUp"],"picked":"hexamod:AdvancingGuard","floor":13},{"not_picked":["hexamod:SwordOfDarkness","hexamod:CrushingStance","hexamod:GhostShield"],"picked":"SKIP","floor":14},{"not_picked":["hexamod:DynamicBlow","hexamod:ChargedBarrage","hexamod:BacktrackSmack"],"picked":"SKIP","floor":15},{"not_picked":["hexamod:FirstSeal","hexamod:FourthSeal"],"picked":"hexamod:SixthSeal","floor":16},{"not_picked":["hexamod:FifthSeal","hexamod:EmpoweringStance"],"picked":"hexamod:TimeOfNeed","floor":16}],"player_experience":198557,"relics_obtained":[{"floor":7,"key":"Tiny Chest"},{"floor":8,"key":"Dream Catcher"},{"floor":10,"key":"Pantograph"}],"event_choices":[],"is_beta":false,"boss_relics":[{"not_picked":["Kintsugi","Empty Cage"],"picked":"hubris:BlackHole"}],"items_purged_floors":[],"is_endless":false,"potions_floor_spawned":[3,8,9,16],"killed_by":"Shell Parasite","ascension_level":0}}