{"host":"doxo6v3vhswwfk80","time":1609639996,"event":{"mods":["2.2 Compatiblity","AchievementEnabler","Act Like it!","BaseMod","Better Altar","Better Match","Better Note","Better Sensory Stone","Better Skull","Better Third Choice","Curses Come First","Hermit","Minty Spire (QoL Compilation)","Quick Restart","Relic Stats","Spicy Shops","StSLib","The Disciple","The Hierophant","The Marked","The Runesmith"],"gold_per_floor":[113,113,113,129,204,222,222,237,237,237,249,249,199,22,22,22,22],"floor_reached":16,"playtime":4737,"items_purged":["Defend_Br"],"score":90,"play_id":"7618f0eb-3ef9-46ca-ac47-ed7fb83334aa","local_time":"20210102201316","is_ascension_mode":false,"campfire_choices":[{"floor":7,"key":"REST"},{"floor":12,"key":"REST"},{"floor":15,"key":"REST"}],"circlet_count":0,"master_deck":["Strike_Br","Strike_Br","Strike_Br","Strike_Br","Defend_Br","Defend_Br","SecondHand","PatternShift","ExoVibe","LockedAnchor","ExoVibe","CrunchTime","LockedScales","LockedAnchor","HandsUpC","LockedPlans","Misterioso"],"relics":["Chronometer","IceCream?","InkBottle","Dream Catcher"],"acts_visited":["Exordium"],"potions_floor_usage":[],"damage_taken":[{"damage":8,"enemies":"Jaw Worm","floor":1,"turns":7},{"damage":0,"enemies":"Small Slimes","floor":4,"turns":6},{"damage":1,"enemies":"2 Louse","floor":6,"turns":6},{"damage":1,"enemies":"Blue Slaver","floor":8,"turns":6},{"damage":10,"enemies":"Exordium Thugs","floor":11,"turns":9},{"damage":79,"enemies":"Hexaghost","floor":16,"turns":9}],"seed_played":"6137087735600508735","potions_obtained":[{"floor":1,"key":"Explosive Potion"},{"floor":11,"key":"Strength Potion"}],"is_trial":false,"path_per_floor":["M","?","?","M","?","M","R","M","T","?","M","R","?","$","R","B"],"character_chosen":"CHRONO_CLASS","items_purchased":["HandsUpC","Tempo"],"campfire_rested":3,"item_purchase_floors":[14,14],"current_hp_per_floor":[63,63,68,68,57,56,76,75,75,63,53,75,75,75,76,0,0],"gold":22,"neow_bonus":"TEN_PERCENT_HP_BONUS","is_daily":false,"chose_seed":false,"campfire_upgraded":0,"win_rate":0.0,"timestamp":1609639996,"path_taken":["M","?","?","M","?","M","R","M","T","?","M","R","?","$","R","BOSS"],"items_purchased_type":["Card","Card"],"build_version":"2020-12-22","purchased_purges":1,"victory":false,"max_hp_per_floor":[71,71,76,76,76,76,76,76,76,76,76,76,76,76,76,76,76],"relic_stats":{"Dream Catcher":2,"counters":[6,43],"obtain_stats":[{"Dream Catcher":10,"Chronometer":0,"InkBottle":9,"IceCream?":2},{"Dream Catcher":4,"Chronometer":0,"InkBottle":4,"IceCream?":1},{"Dream Catcher":25,"Chronometer":0,"InkBottle":25,"IceCream?":7}],"InkBottle":[5]},"card_choices":[{"not_picked":["FormalWear","AlternateTimeline"],"picked":"ExoVibe","floor":1},{"not_picked":["Goo","LockedUrn"],"picked":"LockedAnchor","floor":4},{"not_picked":["AlternateTimeline","Backlash"],"picked":"ExoVibe","floor":6},{"not_picked":["Echoward","Parity"],"picked":"CrunchTime","floor":8},{"not_picked":["Tempo","Parity"],"picked":"LockedScales","floor":11},{"not_picked":["BackFourSeconds","WakeUpCall"],"picked":"LockedAnchor","floor":12},{"not_picked":["Engulf","LockedTurtyl"],"picked":"LockedPlans","floor":15}],"player_experience":113652,"relics_obtained":[{"floor":9,"key":"InkBottle"}],"event_choices":[{"damage_healed":0,"gold_gain":0,"player_choice":"Donut","damage_taken":0,"max_hp_gain":5,"max_hp_loss":0,"event_name":"Big Fish","floor":3,"gold_loss":0},{"damage_healed":0,"gold_gain":75,"player_choice":"Gold","damage_taken":11,"max_hp_gain":0,"max_hp_loss":0,"event_name":"betterThird:BetterGoop","floor":5,"gold_loss":0},{"damage_healed":0,"gold_gain":1,"player_choice":"Relic ","damage_taken":12,"max_hp_gain":0,"max_hp_loss":0,"event_name":"betterThird:BetterScrap","floor":10,"gold_loss":0,"cards_obtained":["Finisher"]},{"cards_removed":["Defend_Br"],"damage_healed":0,"gold_gain":0,"player_choice":"Card Removal","damage_taken":0,"max_hp_gain":0,"max_hp_loss":0,"event_name":"The Cleric","floor":13,"gold_loss":50}],"is_beta":false,"boss_relics":[],"items_purged_floors":[14],"is_endless":false,"potions_floor_spawned":[1,11],"killed_by":"Hexaghost","ascension_level":0}}