{"host":"ya062ahhhuj9au1o","time":1609650187,"event":{"mods":["BaseMod","Better Third Choice","Downfall","Filter the Spire","Hermit","Minty Spire (QoL Compilation)","Random Character Button","Robot Space Explorer","Somnambulant","StSLib","The Bug Knight","The Cursed","The Marked","The Servant 0.9.4"],"gold_per_floor":[110,110,110,110,110,110,142,161,161,178,178,21,21,39,39,137,137,156,156,3,21,33,33,51,51,103,103,118,137,137,52,52,150,150,168,0,50,50,70,70,16,42,42,52,52,71,91,91,91,91],"floor_reached":51,"playtime":3337,"items_purged":[],"score":1096,"play_id":"99181ba9-7862-4e5c-b70c-d84fd1ba47c5","local_time":"20210103000307","is_ascension_mode":true,"campfire_choices":[{"data":"RobotSpaceExplorer:Pulsar","floor":6.0,"key":"SMITH"},{"data":"RobotSpaceExplorer:Pulsar","floor":11.0,"key":"SMITH"},{"data":"RobotSpaceExplorer:Comet","floor":15.0,"key":"SMITH"},{"data":"RobotSpaceExplorer:FreezeRay","floor":23.0,"key":"SMITH"},{"data":"RobotSpaceExplorer:Blaster","floor":25.0,"key":"SMITH"},{"data":"RobotSpaceExplorer:Jetpack","floor":27.0,"key":"SMITH"},{"data":"RobotSpaceExplorer:Probe","floor":32.0,"key":"SMITH"},{"data":"RobotSpaceExplorer:ScrapToss","floor":40,"key":"SMITH"},{"floor":45,"key":"REST"},{"floor":49,"key":"REST"}],"circlet_count":0,"master_deck":["AscendersBane","RobotSpaceExplorer:Strike+1","RobotSpaceExplorer:Strike+1","RobotSpaceExplorer:Defend+1","RobotSpaceExplorer:Scan","RobotSpaceExplorer:MiniLasers+1","RobotSpaceExplorer:ToxicBomb+1","RobotSpaceExplorer:GlueShot+1","RobotSpaceExplorer:MetalStrike+1","RobotSpaceExplorer:Pulsar+1","RobotSpaceExplorer:Jetpack+1","RobotSpaceExplorer:Pulsar+1","RobotSpaceExplorer:Comet+1","RobotSpaceExplorer:GlueShot","RobotSpaceExplorer:Blaster+1","RobotSpaceExplorer:ScrapMissile","RobotSpaceExplorer:FreezeRay+1","RobotSpaceExplorer:ScrapMissile","RobotSpaceExplorer:JunkDive","RobotSpaceExplorer:RigExplosive+1","RobotSpaceExplorer:ScrapToss+1","RobotSpaceExplorer:LuckyStrike+1","RobotSpaceExplorer:StarLightning+1"],"relics":["Astrolabe","Blood Vial","Bag of Preparation","RobotSpaceExplorer:Reprocessor","Nloth\u0027s Gift","Anchor","Lantern","Regal Pillow","Philosopher\u0027s Stone","Red Mask","Unceasing Top","HornCleat","Sundial","Shovel"],"acts_visited":["Exordium","TheCity","TheBeyond"],"potions_floor_usage":[37,39,39,47,50],"damage_taken":[{"damage":0.0,"enemies":"Jaw Worm","floor":1.0,"turns":3.0},{"damage":10.0,"enemies":"3 Sentries","floor":7.0,"turns":4.0},{"damage":0.0,"enemies":"2 Louse","floor":8.0,"turns":2.0},{"damage":0.0,"enemies":"Small Slimes","floor":10.0,"turns":2.0},{"damage":0.0,"enemies":"Red Slaver","floor":14.0,"turns":3.0},{"damage":2.0,"enemies":"Hexaghost","floor":16.0,"turns":8.0},{"damage":0.0,"enemies":"Spheric Guardian","floor":18.0,"turns":4.0},{"damage":6.0,"enemies":"Shell Parasite","floor":21.0,"turns":4.0},{"damage":0.0,"enemies":"Centurion and Healer","floor":22.0,"turns":6.0},{"damage":2.0,"enemies":"3 Cultists","floor":24.0,"turns":4.0},{"damage":0.0,"enemies":"Cultist and Chosen","floor":28.0,"turns":4.0},{"damage":0.0,"enemies":"Centurion and Healer","floor":29.0,"turns":4.0},{"damage":0.0,"enemies":"Collector","floor":33.0,"turns":7.0},{"damage":0.0,"enemies":"Orb Walker","floor":35.0,"turns":2.0},{"damage":25,"enemies":"Mind Bloom Boss Battle","floor":37,"turns":5},{"damage":0,"enemies":"3 Shapes","floor":39,"turns":2},{"damage":32,"enemies":"Nemesis","floor":42,"turns":7},{"damage":0,"enemies":"Sphere and 2 Shapes","floor":44,"turns":3},{"damage":6,"enemies":"Spire Growth","floor":46,"turns":3},{"damage":5,"enemies":"Writhing Mass","floor":47,"turns":4},{"damage":40,"enemies":"Awakened One","floor":50,"turns":9}],"seed_played":"6935793806914889961","potions_obtained":[{"floor":7.0,"key":"champ:CounterPotion"},{"floor":10.0,"key":"Dexterity Potion"},{"floor":14.0,"key":"hexamod:EctoCoolerPotion"},{"floor":22.0,"key":"RobotSpaceExplorer:PlasmaFlask"}],"is_trial":false,"path_per_floor":["M","?","?","?","?","R","E","M","T","M","R","$","?","M","R","B",null,"M","?","$","M","M","R","M","R","T","R","M","M","?","?","R","B",null,"M","?","?","?","M","R","?","E","T","M","R","M","M","$","R","B",null],"character_chosen":"RobotSpaceExplorer","items_purchased":["RobotSpaceExplorer:Comet","Anchor"],"campfire_rested":2,"item_purchase_floors":[12,20],"current_hp_per_floor":[68,61,66,63,47,47,39,41,41,43,43,43,43,45,45,45,71,73,73,73,69,71,71,71,71,71,71,73,75,75,75,75,77,79,80,80,55,55,57,57,57,27,27,29,68,64,61,61,80,40],"gold":91,"neow_bonus":"BOSS_RELIC","is_daily":false,"chose_seed":false,"campfire_upgraded":8,"win_rate":0.0,"timestamp":1609650187,"path_taken":["M","?","?","?","?","R","E","M","T","M","R","$","?","M","R","BOSS","M","?","$","?","M","R","M","R","T","R","?","M","?","?","R","BOSS","M","?","?","?","M","R","?","E","T","M","R","M","?","?","R","BOSS"],"items_purchased_type":["Card","Relic"],"build_version":"2020-12-22","purchased_purges":0,"victory":true,"max_hp_per_floor":[75,75,80,80,80,80,80,80,80,80,80,80,80,80,80,80,80,80,80,80,80,80,80,80,80,80,80,80,80,80,80,80,80,80,80,80,80,80,80,80,80,80,80,80,80,80,80,80,80,80],"card_choices":[{"not_picked":["RobotSpaceExplorer:SlimeMissile","RobotSpaceExplorer:SelfCleaning"],"picked":"RobotSpaceExplorer:Pulsar","floor":1.0},{"not_picked":["RobotSpaceExplorer:ExhaustFan","RobotSpaceExplorer:ToxicBomb"],"picked":"RobotSpaceExplorer:Jetpack","floor":7.0},{"not_picked":["RobotSpaceExplorer:FrostMissile","RobotSpaceExplorer:SurgingStrike"],"picked":"RobotSpaceExplorer:Probe","floor":8.0},{"not_picked":["RobotSpaceExplorer:SlimeMissile","RobotSpaceExplorer:LuckyStrike"],"picked":"RobotSpaceExplorer:Pulsar","floor":10.0},{"not_picked":["RobotSpaceExplorer:ImprovisedAttack","RobotSpaceExplorer:FrostMissile"],"picked":"RobotSpaceExplorer:GlueShot","floor":14.0},{"not_picked":["RobotSpaceExplorer:Scanner","RobotSpaceExplorer:Exploration"],"picked":"RobotSpaceExplorer:Blaster","floor":16.0},{"not_picked":["RobotSpaceExplorer:LaserBurst","RobotSpaceExplorer:Probe"],"picked":"RobotSpaceExplorer:ScrapMissile","floor":18.0},{"not_picked":["RobotSpaceExplorer:IronShell","RobotSpaceExplorer:SurgingShield"],"picked":"RobotSpaceExplorer:FreezeRay","floor":21.0},{"not_picked":["RobotSpaceExplorer:ShockKick","RobotSpaceExplorer:PowerGlove"],"picked":"RobotSpaceExplorer:ScrapMissile","floor":22.0},{"not_picked":["RobotSpaceExplorer:BigMissile+1","RobotSpaceExplorer:SlimeMissile"],"picked":"RobotSpaceExplorer:JunkDive","floor":24.0},{"not_picked":["RobotSpaceExplorer:Ammunition","RobotSpaceExplorer:Blitz","RobotSpaceExplorer:ImprovisedAttack"],"picked":"SKIP","floor":28.0},{"not_picked":["RobotSpaceExplorer:Counterblock","RobotSpaceExplorer:FreezingShield","RobotSpaceExplorer:Reload+1"],"picked":"SKIP","floor":29.0},{"not_picked":["RobotSpaceExplorer:BlastShield","RobotSpaceExplorer:StunGrenade+1"],"picked":"RobotSpaceExplorer:RigExplosive+1","floor":35},{"not_picked":["RobotSpaceExplorer:StarDust","RobotSpaceExplorer:SurgingStrike+1"],"picked":"RobotSpaceExplorer:ScrapToss","floor":37},{"not_picked":["RobotSpaceExplorer:ShovelStrike+1","RobotSpaceExplorer:DoubleFind"],"picked":"RobotSpaceExplorer:LuckyStrike+1","floor":39},{"not_picked":["RobotSpaceExplorer:Arsenal","RobotSpaceExplorer:Scanner","RobotSpaceExplorer:StunGrenade"],"picked":"SKIP","floor":42},{"not_picked":["RobotSpaceExplorer:ShockKick+1","RobotSpaceExplorer:IronShell","RobotSpaceExplorer:SurgingShield"],"picked":"SKIP","floor":44},{"not_picked":["RobotSpaceExplorer:Scanner","RobotSpaceExplorer:Blaster"],"picked":"RobotSpaceExplorer:StarLightning+1","floor":46},{"not_picked":["RobotSpaceExplorer:SlimeMissile+1","RobotSpaceExplorer:MetalStrike+1","RobotSpaceExplorer:MiniBoosters+1"],"picked":"SKIP","floor":47}],"player_experience":1751455,"relics_obtained":[{"floor":7.0,"key":"Bag of Preparation"},{"floor":9.0,"key":"Whetstone"},{"floor":26.0,"key":"Lantern"},{"floor":37,"key":"Unceasing Top"},{"floor":42,"key":"Sundial"},{"floor":43,"key":"Shovel"}],"event_choices":[{"cards_removed":["RobotSpaceExplorer:Defend"],"damage_healed":0.0,"max_hp_gain":0.0,"max_hp_loss":0.0,"gold_gain":0.0,"event_name":"Golden Wing","player_choice":"Card Removal","floor":2.0,"gold_loss":0.0,"damage_taken":7.0},{"damage_healed":0.0,"max_hp_gain":5.0,"max_hp_loss":0.0,"gold_gain":0.0,"event_name":"Big Fish","player_choice":"Donut","floor":3.0,"gold_loss":0.0,"damage_taken":0.0},{"damage_healed":0.0,"max_hp_gain":0.0,"max_hp_loss":0.0,"gold_gain":0.0,"event_name":"betterThird:BetterScrap","player_choice":"Relic ","floor":4.0,"gold_loss":0.0,"damage_taken":3.0,"cards_obtained":["Offering"]},{"damage_healed":63.0,"max_hp_gain":0.0,"max_hp_loss":80.0,"gold_gain":0.0,"event_name":"betterThird:BetterShining","player_choice":"Upgrade","floor":5.0,"gold_loss":0.0,"damage_taken":16.0,"cards_upgraded":["RobotSpaceExplorer:Defend","RobotSpaceExplorer:MiniLasers"]},{"cards_removed":["RobotSpaceExplorer:Strike"],"damage_healed":0.0,"max_hp_gain":0.0,"max_hp_loss":0.0,"gold_gain":0.0,"event_name":"Living Wall","player_choice":"Forget","floor":13.0,"gold_loss":0.0,"damage_taken":0.0},{"damage_healed":0.0,"max_hp_gain":0.0,"max_hp_loss":0.0,"gold_gain":0.0,"event_name":"N\u0027loth","player_choice":"Traded Relic","floor":19.0,"relics_lost":["Whetstone"],"gold_loss":0.0,"damage_taken":0.0,"relics_obtained":["Nloth\u0027s Gift"]},{"damage_healed":0.0,"max_hp_gain":0.0,"max_hp_loss":0.0,"gold_gain":0.0,"event_name":"The Mausoleum","player_choice":"Ignored","floor":30.0,"gold_loss":0.0,"damage_taken":0.0},{"damage_healed":0.0,"max_hp_gain":0.0,"max_hp_loss":0.0,"gold_gain":0.0,"event_name":"Addict","player_choice":"Obtained Relic","floor":31.0,"gold_loss":85.0,"damage_taken":0.0,"relics_obtained":["Regal Pillow"]},{"damage_healed":0,"gold_gain":0,"player_choice":"Paid","damage_taken":0,"relics_obtained":["Red Mask"],"max_hp_gain":0,"max_hp_loss":0,"event_name":"Tomb of Lord Red Mask","floor":36,"gold_loss":168},{"damage_healed":0,"gold_gain":0,"player_choice":"Fight","damage_taken":0,"max_hp_gain":0,"max_hp_loss":0,"event_name":"MindBloom","floor":37,"gold_loss":0},{"cards_removed":["RobotSpaceExplorer:Probe"],"damage_healed":0,"gold_gain":0,"player_choice":"Removed Attack","damage_taken":0,"max_hp_gain":0,"max_hp_loss":0,"event_name":"Falling","floor":38,"gold_loss":0},{"damage_healed":0,"gold_gain":0,"player_choice":"Paid Gold","damage_taken":0,"relics_obtained":["HornCleat"],"max_hp_gain":0,"max_hp_loss":0,"event_name":"WeMeetAgain","floor":41,"gold_loss":54}],"is_beta":false,"boss_relics":[{"not_picked":["Black Star","SacredBark"],"picked":"RobotSpaceExplorer:Reprocessor"},{"not_picked":["Pandora\u0027s Box","Tiny House"],"picked":"Philosopher\u0027s Stone"}],"items_purged_floors":[],"is_endless":false,"potions_floor_spawned":[7,10,14,22,28,29,35,46],"ascension_level":11}}