{"host":"9n6i2vl93jt4o42q","time":1609697346,"event":{"mods":["BaseMod","Downfall","Minty Spire (QoL Compilation)","Relic Stats","StSLib"],"gold_per_floor":[99,119,131,131,131,160,160,218,49,49,199,231,81,114,130,130,130,130],"floor_reached":16,"playtime":2232,"items_purged":["champ:Strike"],"score":141,"play_id":"7b743139-eec5-45a4-9403-06276a07afc7","local_time":"20210103190906","is_ascension_mode":false,"campfire_choices":[{"data":"champ:Taunt","floor":1.0,"key":"SMITH"},{"floor":10,"key":"RECALL"},{"data":"champ:EndlessRage","floor":13,"key":"SMITH"}],"circlet_count":0,"master_deck":["champ:Strike","champ:Strike","champ:Strike","champ:Defend","champ:Defend","champ:Defend","champ:Defend","champ:Execute","champ:Taunt+1","champ:BerserkersShout","champ:FlashCut","champ:HeartStrike","champ:BringItOn","champ:RapidStrikes","champ:EndlessRage+1","Slimebound:Icky","champ:EnragedBash","champ:FlashCut"],"relics":["champ:ChampionCrown","downfall:ShatteredFragment","champ:LiftRelic","Pear","Meat on the Bone","Ancient Tea Set","Toy Ornithopter","downfall:HeartBlessingRed","downfall:HeartBlessingGreen","Juzu Bracelet"],"acts_visited":["Exordium"],"potions_floor_usage":[],"damage_taken":[{"damage":5.0,"enemies":"Cultist","floor":2.0,"turns":4.0},{"damage":17.0,"enemies":"Small Slimes","floor":3.0,"turns":5.0},{"damage":43.0,"enemies":"Gremlin Nob","floor":6.0,"turns":5.0},{"damage":29,"enemies":"3 Sentries","floor":8,"turns":6},{"damage":8,"enemies":"downfall:FleeingMerchant","floor":9,"turns":4},{"damage":29,"enemies":"3 Sentries","floor":12,"turns":5},{"damage":25,"enemies":"Gremlin Nob","floor":14,"turns":4},{"damage":0,"enemies":"Jaw Worm","floor":15,"turns":3},{"damage":65,"enemies":"downfall:Ironclad","floor":16,"turns":7}],"seed_played":"-5767333782248767242","potions_obtained":[{"floor":2.0,"key":"Ancient Potion"},{"floor":12,"key":"ColorlessPotion"},{"floor":14,"key":"SneckoOil"},{"floor":15,"key":"hexamod:EctoCoolerPotion"}],"is_trial":false,"path_per_floor":["R","M","M","?","?","E","T","?","$","R","?","E","R","E","M","B"],"character_chosen":"THE_CHAMP","items_purchased":["champ:EndlessRage"],"campfire_rested":0,"item_purchase_floors":[9],"current_hp_per_floor":[99,99,94,67,67,48,48,47,59,59,59,58,58,50,62,0,0,0],"gold":130,"neow_bonus":"TEN_PERCENT_HP_BONUS","is_daily":false,"chose_seed":false,"campfire_upgraded":2,"win_rate":0.0,"timestamp":1609697346,"path_taken":["R","M","M","?","?","E","T","?","$","R","?","E","R","E","M","BOSS"],"items_purchased_type":["Card"],"build_version":"2020-12-22","purchased_purges":1,"victory":false,"max_hp_per_floor":[99,99,99,99,99,109,109,109,109,109,109,109,109,109,109,109,109,109],"relic_stats":{"counters":[9,43],"Juzu Bracelet":0,"obtain_stats":[{"downfall:ShatteredFragment":4,"Pear":6,"downfall:HeartBlessingRed":13,"champ:LiftRelic":5,"champ:ChampionCrown":0,"downfall:HeartBlessingGreen":13,"Juzu Bracelet":14,"Ancient Tea Set":8,"Toy Ornithopter":12,"Meat on the Bone":7},{"downfall:ShatteredFragment":2,"Pear":3,"downfall:HeartBlessingRed":6,"champ:LiftRelic":2,"champ:ChampionCrown":0,"downfall:HeartBlessingGreen":6,"Juzu Bracelet":7,"Ancient Tea Set":3,"Toy Ornithopter":6,"Meat on the Bone":3},{"downfall:ShatteredFragment":9,"Pear":14,"downfall:HeartBlessingRed":29,"champ:LiftRelic":9,"champ:ChampionCrown":0,"downfall:HeartBlessingGreen":29,"Juzu Bracelet":33,"Ancient Tea Set":14,"Toy Ornithopter":29,"Meat on the Bone":14}],"Toy Ornithopter":0,"Meat on the Bone":60},"card_choices":[{"not_picked":["champ:ViciousMockery","champ:Haymaker"],"picked":"champ:BerserkersShout","floor":2.0},{"not_picked":["champ:TornadoPunch","champ:Backstep"],"picked":"champ:FlashCut","floor":3.0},{"not_picked":["champ:Shatter","champ:PreciseThrust"],"picked":"champ:HeartStrike","floor":6},{"not_picked":["champ:DefensiveStyle","champ:Devastate"],"picked":"champ:BringItOn","floor":8},{"not_picked":["champ:RecklessLeap","champ:HeartStrike"],"picked":"champ:RapidStrikes","floor":9},{"not_picked":["champ:PerfectedStrike","champ:BerserkersShout","champ:PreciseThrust"],"picked":"SKIP","floor":12},{"not_picked":["champ:CrownThrow","champ:TornadoPunch"],"picked":"champ:EnragedBash","floor":14},{"not_picked":["champ:DefensiveShout","champ:GutPunch"],"picked":"champ:FlashCut","floor":15}],"player_experience":2088880,"relics_obtained":[{"floor":6,"key":"Pear"},{"floor":7,"key":"Meat on the Bone"},{"floor":12,"key":"Toy Ornithopter"},{"floor":14,"key":"Juzu Bracelet"}],"event_choices":[],"is_beta":false,"boss_relics":[],"items_purged_floors":[9],"is_endless":false,"potions_floor_spawned":[2,12,14,15],"killed_by":"downfall:Ironclad","ascension_level":0}}