{"host":"Fun","time":1609632824,"event":{"mods":["BaseMod","Colored Map","Filter the Spire","Minty Spire (QoL Compilation)","Relic Stats","StSLib"],"gold_per_floor":[14,30,44,58,133,167,167,167,167,199,199,230,249,267,267,339,339,350,360,285,335,335,360,82,82,109,34,44,63,97,111,111,190,190,206,222,27,43,43,43,77,77,102,22,22,22,38,55,55,55],"floor_reached":51,"playtime":1796,"items_purged":["Perfected Strike","Strike_R"],"score":1346,"play_id":"23343ba3-d144-41d4-8b7e-753e997175ba","local_time":"20210102191344","is_ascension_mode":true,"campfire_choices":[{"data":"Bash","floor":8,"key":"SMITH"},{"data":"True Grit","floor":11,"key":"SMITH"},{"data":"Rupture","floor":15,"key":"SMITH"},{"floor":25,"key":"REST"},{"floor":32,"key":"REST"},{"data":"Apotheosis","floor":40,"key":"SMITH"},{"floor":42,"key":"REST"},{"data":"Barricade","floor":46,"key":"SMITH"},{"floor":49,"key":"REST"}],"circlet_count":0,"master_deck":["AscendersBane","Strike_R+1","Defend_R","Defend_R","Bash+1","Combust+1","Reckless Charge+1","Disarm","Shrug It Off","Disarm","True Grit+1","Disarm","Rupture+1","Limit Break","Impervious","Pummel","Feel No Pain","Shrug It Off","Entrench","Feel No Pain","Immolate","Ghostly Armor","Sword Boomerang","Heavy Blade","Barricade+1","Metallicize","Apotheosis+1","Inflame","Parasite","Good Instincts","Shrug It Off","Shrug It Off"],"relics":["Burning Blood","WarpedTongs","Mercury Hourglass","The Courier","Singing Bowl","Dream Catcher","Runic Pyramid","Charon\u0027s Ashes","Red Skull","Whetstone","StrikeDummy","Philosopher\u0027s Stone","MealTicket","Pen Nib"],"acts_visited":["Exordium","TheCity","TheBeyond"],"potions_floor_usage":[4,13,28,41,41,41,47,48],"damage_taken":[{"damage":9,"enemies":"Jaw Worm","floor":1,"turns":3},{"damage":0,"enemies":"2 Louse","floor":2,"turns":2},{"damage":0,"enemies":"Cultist","floor":3,"turns":3},{"damage":4,"enemies":"Gremlin Gang","floor":4,"turns":4},{"damage":25,"enemies":"3 Sentries","floor":6,"turns":5},{"damage":10,"enemies":"Gremlin Nob","floor":10,"turns":3},{"damage":23,"enemies":"Lagavulin","floor":12,"turns":6},{"damage":3,"enemies":"Looter","floor":13,"turns":4},{"damage":0,"enemies":"Large Slime","floor":14,"turns":4},{"damage":19,"enemies":"Hexaghost","floor":16,"turns":7},{"damage":4,"enemies":"3 Byrds","floor":18,"turns":4},{"damage":28,"enemies":"2 Thieves","floor":19,"turns":4},{"damage":34,"enemies":"Gremlin Leader","floor":23,"turns":9},{"damage":15,"enemies":"Snake Plant","floor":28,"turns":4},{"damage":0,"enemies":"Cultist and Chosen","floor":29,"turns":6},{"damage":3,"enemies":"Book of Stabbing","floor":30,"turns":9},{"damage":22,"enemies":"Sentry and Sphere","floor":31,"turns":5},{"damage":36,"enemies":"Automaton","floor":33,"turns":10},{"damage":0,"enemies":"3 Darklings","floor":35,"turns":6},{"damage":8,"enemies":"Orb Walker","floor":36,"turns":4},{"damage":26,"enemies":"Writhing Mass","floor":38,"turns":8},{"damage":41,"enemies":"Reptomancer","floor":41,"turns":5},{"damage":26,"enemies":"Sphere and 2 Shapes","floor":47,"turns":4},{"damage":39,"enemies":"4 Shapes","floor":48,"turns":5},{"damage":34,"enemies":"Awakened One","floor":50,"turns":14}],"seed_played":"-7945193873086442011","potions_obtained":[{"floor":3,"key":"Explosive Potion"},{"floor":6,"key":"BloodPotion"},{"floor":10,"key":"BloodPotion"},{"floor":13,"key":"LiquidMemories"},{"floor":28,"key":"Fire Potion"},{"floor":29,"key":"PowerPotion"},{"floor":38,"key":"EntropicBrew"},{"floor":41,"key":"LiquidBronze"}],"is_trial":false,"path_per_floor":["M","M","M","M","?","E","?","R","T","E","R","E","M","M","R","B",null,"M","M","?","?","?","E","$","R","T","?","M","M","E","M","R","B",null,"M","M","$","M","?","R","E","R","T","$","?","R","M","M","R","B",null],"character_chosen":"IRONCLAD","items_purchased":["Shrug It Off","Entrench","Red Skull","Apotheosis","Inflame"],"campfire_rested":4,"item_purchase_floors":[24,24,24,37,37],"current_hp_per_floor":[65,71,75,75,64,45,45,45,45,41,41,24,42,48,48,35,65,69,47,47,47,47,21,21,44,44,44,50,58,63,49,74,44,75,83,81,81,63,63,63,28,56,56,71,71,71,53,20,49,21],"gold":55,"neow_bonus":"TRANSFORM_TWO_CARDS","is_daily":false,"chose_seed":false,"campfire_upgraded":5,"win_rate":0.0,"timestamp":1609632824,"path_taken":["M","M","M","M","?","E","?","R","T","E","R","E","?","M","R","BOSS","M","?","?","?","?","E","$","R","T","?","M","?","E","M","R","BOSS","M","M","$","?","?","R","E","R","T","$","?","R","M","M","R","BOSS"],"items_purchased_type":["Card","Card","Relic","Card","Card"],"build_version":"2020-12-18","purchased_purges":2,"victory":true,"max_hp_per_floor":[75,75,75,75,75,75,75,75,75,75,75,75,75,75,75,75,75,77,77,77,77,77,79,79,79,79,79,79,81,83,85,85,85,85,87,87,87,89,89,89,89,91,91,91,91,91,93,93,95,95],"relic_stats":{"Dream Catcher":4,"Singing Bowl":20,"counters":[25,137],"MealTicket":15,"Charon\u0027s Ashes":[335],"Pen Nib":[2],"Whetstone":["Strike_R","Reckless Charge"],"obtain_stats":[{"Singing Bowl":10,"The Courier":9,"Charon\u0027s Ashes":23,"Pen Nib":43,"Whetstone":26,"Burning Blood":0,"WarpedTongs":0,"Mercury Hourglass":6,"Dream Catcher":12,"Philosopher\u0027s Stone":34,"MealTicket":41,"StrikeDummy":30,"Red Skull":24,"Runic Pyramid":17},{"Singing Bowl":6,"The Courier":5,"Charon\u0027s Ashes":13,"Pen Nib":22,"Whetstone":13,"Burning Blood":0,"WarpedTongs":0,"Mercury Hourglass":5,"Dream Catcher":7,"Philosopher\u0027s Stone":18,"MealTicket":22,"StrikeDummy":16,"Red Skull":13,"Runic Pyramid":10},{"Singing Bowl":20,"The Courier":17,"Charon\u0027s Ashes":57,"Pen Nib":114,"Whetstone":57,"Burning Blood":0,"WarpedTongs":0,"Mercury Hourglass":17,"Dream Catcher":26,"Philosopher\u0027s Stone":91,"MealTicket":114,"StrikeDummy":76,"Red Skull":57,"Runic Pyramid":40}],"Burning Blood":146,"WarpedTongs":[117],"Mercury Hourglass":[498]},"card_choices":[{"not_picked":["Sword Boomerang","Infernal Blade"],"picked":"Perfected Strike","floor":1},{"not_picked":["Headbutt","Sword Boomerang"],"picked":"Disarm","floor":2},{"not_picked":["Dropkick","Rage"],"picked":"Clothesline","floor":3},{"not_picked":["Headbutt","Heavy Blade"],"picked":"Shrug It Off","floor":4},{"not_picked":["Double Tap","Fire Breathing"],"picked":"Disarm","floor":6},{"not_picked":["Rampage","Wild Strike"],"picked":"True Grit","floor":10},{"not_picked":["Sever Soul","Heavy Blade"],"picked":"Disarm","floor":12},{"not_picked":["Headbutt","Havoc"],"picked":"Rupture","floor":13},{"not_picked":["Anger","Cleave"],"picked":"Limit Break","floor":14},{"not_picked":["Brutality","Berserk"],"picked":"Impervious","floor":16},{"not_picked":["Bloodletting","Power Through","Pommel Strike"],"picked":"Singing Bowl","floor":18},{"not_picked":["Flex","Headbutt+1"],"picked":"Pummel","floor":19},{"not_picked":["Second Wind","Flex","Cleave+1"],"picked":"Singing Bowl","floor":23},{"not_picked":["Headbutt","Dual Wield+1"],"picked":"Feel No Pain","floor":25},{"not_picked":["Anger","Flex"],"picked":"Sword Boomerang","floor":28},{"not_picked":["Whirlwind","True Grit","Dark Embrace"],"picked":"Singing Bowl","floor":29},{"not_picked":["Intimidate","Combust","Dropkick"],"picked":"Singing Bowl","floor":30},{"not_picked":["Anger","True Grit","Sword Boomerang"],"picked":"Singing Bowl","floor":31},{"not_picked":["Headbutt","Rupture"],"picked":"Heavy Blade","floor":32},{"not_picked":["Brutality","Berserk"],"picked":"Barricade","floor":33},{"not_picked":["Clothesline","Pommel Strike","Twin Strike"],"picked":"Singing Bowl","floor":35},{"not_picked":["Dropkick","Dual Wield"],"picked":"Metallicize","floor":36},{"not_picked":["Headbutt","Hemokinesis+1","Uppercut"],"picked":"Singing Bowl","floor":38},{"not_picked":["Trip","Blind"],"picked":"Good Instincts","floor":39},{"not_picked":["Feed","Wild Strike"],"picked":"Shrug It Off","floor":41},{"not_picked":["Twin Strike","Hemokinesis+1","Sword Boomerang"],"picked":"Singing Bowl","floor":42},{"not_picked":["Dark Embrace","Hemokinesis","Perfected Strike"],"picked":"Singing Bowl","floor":47},{"not_picked":["Power Through","Pommel Strike"],"picked":"Shrug It Off","floor":48},{"not_picked":["Searing Blow","Headbutt","Anger"],"picked":"Singing Bowl","floor":49}],"player_experience":132003,"relics_obtained":[{"floor":6,"key":"Mercury Hourglass"},{"floor":9,"key":"The Courier"},{"floor":10,"key":"Singing Bowl"},{"floor":12,"key":"Dream Catcher"},{"floor":23,"key":"Charon\u0027s Ashes"},{"floor":26,"key":"Whetstone"},{"floor":30,"key":"StrikeDummy"},{"floor":41,"key":"MealTicket"},{"floor":43,"key":"Pen Nib"}],"event_choices":[{"damage_healed":0,"gold_gain":75,"player_choice":"Gather Gold","damage_taken":11,"max_hp_gain":0,"max_hp_loss":0,"event_name":"World of Goop","floor":5,"gold_loss":0},{"damage_healed":0,"gold_gain":0,"player_choice":"Upgraded","damage_taken":0,"max_hp_gain":0,"max_hp_loss":0,"event_name":"Upgrade Shrine","floor":7,"gold_loss":0,"cards_upgraded":["Combust"]},{"cards_removed":["Strike_R"],"damage_healed":0,"gold_gain":0,"player_choice":"Gave Gold","damage_taken":0,"max_hp_gain":0,"max_hp_loss":0,"event_name":"Beggar","floor":20,"gold_loss":75},{"damage_healed":0,"gold_gain":50,"player_choice":"Stole From Cult","damage_taken":0,"max_hp_gain":0,"max_hp_loss":0,"event_name":"Nest","floor":21,"gold_loss":0},{"damage_healed":0,"gold_gain":0,"player_choice":"Read","damage_taken":0,"max_hp_gain":0,"max_hp_loss":0,"event_name":"The Library","floor":22,"gold_loss":0,"cards_obtained":["Feel No Pain"]},{"damage_healed":0,"gold_gain":0,"cards_transformed":["Strike_R","Strike_R"],"player_choice":"Transformed Cards","damage_taken":0,"max_hp_gain":0,"max_hp_loss":0,"event_name":"Designer","floor":27,"gold_loss":75,"cards_obtained":["Immolate","Ghostly Armor"]},{"damage_healed":0,"gold_gain":0,"player_choice":"Memory 1","damage_taken":0,"max_hp_gain":0,"max_hp_loss":0,"event_name":"SensoryStone","floor":39,"gold_loss":0},{"cards_removed":["Clothesline"],"damage_healed":0,"gold_gain":0,"player_choice":"Removed Attack","damage_taken":0,"max_hp_gain":0,"max_hp_loss":0,"event_name":"Falling","floor":45,"gold_loss":0}],"is_beta":true,"boss_relics":[{"not_picked":["Tiny House","Runic Cube"],"picked":"Runic Pyramid"},{"not_picked":["Black Star","SacredBark"],"picked":"Philosopher\u0027s Stone"}],"items_purged_floors":[24,44],"is_endless":false,"potions_floor_spawned":[3,6,10,13,16,18,28,29,33,38,41],"ascension_level":15}}