{"host":"uonldg9uriwfhjjx","time":1609640364,"event":{"mods":["AchievementEnabler","BaseMod","Minty Spire (QoL Compilation)","Relic Stats"],"gold_per_floor":[114,189,203,128,52,79,79,4,4,39,57,57,8,23,23,95,95,105,105,155,12,12,44,60,72,98,13,13,48,66,98,98,98,98],"floor_reached":33,"playtime":1014,"items_purged":["Strike_G"],"score":719,"play_id":"ab2cdd3d-14ac-4ab8-aaed-86fd05be54e4","local_time":"20210102211924","is_ascension_mode":true,"campfire_choices":[{"data":"Neutralize","floor":7,"key":"SMITH"},{"floor":12,"key":"REST"},{"data":"Blade Dance","floor":15,"key":"SMITH"},{"data":"Burst","floor":32,"key":"SMITH"}],"circlet_count":0,"master_deck":["AscendersBane","Defend_G","Defend_G","Defend_G","Defend_G","Survivor","Neutralize+1","Flying Knee","PiercingWail","Footwork","Flying Knee","Poisoned Stab","Blade Dance+1","Blade Dance","Burst+1","Bullet Time+1","Expertise+1","Backflip+1","Blade Dance","Adrenaline","Finisher","Cloak And Dagger","Finisher","Acrobatics","Backstab+1","Blur"],"relics":["Ring of the Snake","NeowsBlessing","Bag of Marbles","Paper Crane","Dream Catcher","Astrolabe","Orrery","MutagenicStrength","Ninja Scroll","Strawberry","Blue Candle","Bag of Preparation","The Courier"],"acts_visited":["Exordium","TheCity"],"potions_floor_usage":[16,16,16,16,29,33,33],"damage_taken":[{"damage":0,"enemies":"2 Louse","floor":1,"turns":1},{"damage":0,"enemies":"Small Slimes","floor":3,"turns":1},{"damage":0,"enemies":"3 Sentries","floor":6,"turns":2},{"damage":25,"enemies":"Gremlin Nob","floor":10,"turns":5},{"damage":5,"enemies":"Jaw Worm","floor":11,"turns":7},{"damage":0,"enemies":"Exordium Wildlife","floor":14,"turns":2},{"damage":36,"enemies":"Slime Boss","floor":16,"turns":14},{"damage":0,"enemies":"3 Byrds","floor":18,"turns":6},{"damage":0,"enemies":"Gremlin Leader","floor":23,"turns":5},{"damage":0,"enemies":"Spheric Guardian","floor":24,"turns":1},{"damage":0,"enemies":"Snake Plant","floor":25,"turns":2},{"damage":1,"enemies":"Book of Stabbing","floor":29,"turns":1},{"damage":0,"enemies":"Chosen and Byrds","floor":30,"turns":1},{"damage":2,"enemies":"Slavers","floor":31,"turns":2},{"damage":55,"enemies":"Champ","floor":33,"turns":9}],"seed_played":"1042045711286834800","potions_obtained":[{"floor":1,"key":"SkillPotion"},{"floor":3,"key":"EntropicBrew"},{"floor":23,"key":"DistilledChaos"},{"floor":25,"key":"SpeedPotion"},{"floor":31,"key":"FearPotion"}],"is_trial":false,"path_per_floor":["M","?","M","?","$","E","R","$","T","E","M","R","$","M","R","B",null,"M","$","?","$","?","E","M","M","T","?","?","E","M","E","R","B"],"character_chosen":"THE_SILENT","items_purchased":["Footwork","Blade Dance","Orrery"],"campfire_rested":1,"item_purchase_floors":[5,13,21],"current_hp_per_floor":[59,48,48,48,48,48,48,48,48,23,18,37,37,37,37,1,50,50,50,50,50,50,50,50,50,57,57,57,56,56,54,54,0,0],"gold":98,"neow_bonus":"THREE_ENEMY_KILL","is_daily":false,"chose_seed":false,"campfire_upgraded":3,"win_rate":0.0,"timestamp":1609640364,"path_taken":["M","?","M","?","?","E","R","$","T","E","?","R","$","M","R","BOSS","M","$","?","$","?","E","M","M","T","?","?","E","?","E","R","BOSS"],"items_purchased_type":["Card","Card","Relic"],"build_version":"2020-12-22","purchased_purges":1,"victory":false,"max_hp_per_floor":[66,66,66,66,66,66,66,66,66,66,66,66,66,66,66,66,66,66,66,66,66,66,66,66,66,73,73,73,73,73,73,73,73,73],"relic_stats":{"Dream Catcher":1,"counters":[15,59],"Astrolabe":["Bullet Time","Expertise","Backflip"],"Blue Candle":[1],"Bag of Preparation":[0],"obtain_stats":[{"NeowsBlessing":0,"Astrolabe":17,"Blue Candle":27,"The Courier":31,"Bag of Preparation":29,"Paper Crane":9,"Dream Catcher":10,"Ninja Scroll":23,"MutagenicStrength":22,"Strawberry":26,"Orrery":21,"Bag of Marbles":6,"Ring of the Snake":0},{"NeowsBlessing":0,"Astrolabe":7,"Blue Candle":11,"The Courier":14,"Bag of Preparation":12,"Paper Crane":3,"Dream Catcher":4,"Ninja Scroll":9,"MutagenicStrength":8,"Strawberry":11,"Orrery":8,"Bag of Marbles":3,"Ring of the Snake":0},{"NeowsBlessing":0,"Astrolabe":32,"Blue Candle":46,"The Courier":50,"Bag of Preparation":47,"Paper Crane":4,"Dream Catcher":9,"Ninja Scroll":43,"MutagenicStrength":38,"Strawberry":46,"Orrery":38,"Bag of Marbles":4,"Ring of the Snake":0}],"Ring of the Snake":[30]},"card_choices":[{"not_picked":["Expertise","Underhanded Strike"],"picked":"Flying Knee","floor":1},{"not_picked":["Dagger Throw","Flechettes"],"picked":"PiercingWail","floor":3},{"not_picked":["Bane","Night Terror"],"picked":"Flying Knee","floor":6},{"not_picked":["Noxious Fumes","Quick Slash","Dagger Throw"],"picked":"SKIP","floor":10},{"not_picked":["Bane","Dodge and Roll"],"picked":"Poisoned Stab","floor":11},{"not_picked":["Unload","Slice"],"picked":"Blade Dance","floor":14},{"not_picked":["Wraith Form v2","Glass Knife"],"picked":"Burst","floor":16},{"not_picked":["Underhanded Strike","Quick Slash","Expertise"],"picked":"SKIP","floor":18},{"not_picked":["Endless Agony","Bouncing Flask"],"picked":"Blade Dance","floor":21},{"not_picked":["Noxious Fumes","Catalyst"],"picked":"Adrenaline","floor":21},{"not_picked":["Deflect","Quick Slash"],"picked":"Finisher","floor":21},{"not_picked":["Deadly Poison","Dagger Throw"],"picked":"Cloak And Dagger","floor":21},{"not_picked":["Heel Hook","Eviscerate"],"picked":"Finisher","floor":23},{"not_picked":["Choke","Deflect"],"picked":"Acrobatics","floor":24},{"not_picked":["Poisoned Stab","Dodge and Roll","Sucker Punch"],"picked":"SKIP","floor":25},{"not_picked":["Quick Slash","Dodge and Roll"],"picked":"Backstab+1","floor":29},{"not_picked":["Predator+1","Choke"],"picked":"Blur","floor":30},{"not_picked":["Tools of the Trade","Quick Slash+1","Poisoned Stab+1"],"picked":"SKIP","floor":31}],"player_experience":707653,"relics_obtained":[{"floor":6,"key":"Bag of Marbles"},{"floor":9,"key":"Paper Crane"},{"floor":10,"key":"Dream Catcher"},{"floor":23,"key":"Ninja Scroll"},{"floor":26,"key":"Strawberry"},{"floor":29,"key":"Bag of Preparation"},{"floor":31,"key":"The Courier"}],"event_choices":[{"damage_healed":0,"gold_gain":75,"player_choice":"Gather Gold","damage_taken":11,"max_hp_gain":0,"max_hp_loss":0,"event_name":"World of Goop","floor":2,"gold_loss":0},{"cards_removed":["Strike_G"],"damage_healed":0,"gold_gain":0,"player_choice":"Card Removal","damage_taken":0,"max_hp_gain":0,"max_hp_loss":0,"event_name":"The Cleric","floor":4,"gold_loss":75},{"damage_healed":0,"gold_gain":50,"player_choice":"Stole From Cult","damage_taken":0,"max_hp_gain":0,"max_hp_loss":0,"event_name":"Nest","floor":20,"gold_loss":0},{"damage_healed":0,"gold_gain":0,"player_choice":"Inject Mutagens","damage_taken":0,"relics_obtained":["MutagenicStrength"],"max_hp_gain":0,"max_hp_loss":0,"event_name":"Drug Dealer","floor":22,"gold_loss":0},{"damage_healed":0,"gold_gain":0,"player_choice":"Obtained Relic","damage_taken":0,"relics_obtained":["Blue Candle"],"max_hp_gain":0,"max_hp_loss":0,"event_name":"Addict","floor":27,"gold_loss":85},{"cards_removed":["Strike_G"],"damage_healed":0,"gold_gain":0,"player_choice":"Offered Basic","damage_taken":0,"max_hp_gain":0,"max_hp_loss":0,"event_name":"Bonfire Elementals","floor":28,"gold_loss":0}],"is_beta":false,"boss_relics":[{"not_picked":["Ring of the Serpent","Calling Bell"],"picked":"Astrolabe"}],"items_purged_floors":[8],"is_endless":false,"potions_floor_spawned":[1,3,10,14,23,25,31],"killed_by":"Champ","ascension_level":15}}