{"host":"a2lvm7nbw6nkrc91","time":1609672948,"event":{"mods":["BaseMod","Friendly Minions","Hermit","Kiyohime£¨?ýï£©","Koishi","Marisa£¨Ùöéë¡¡Øª×âÞÞ£©","Minty Spire (QoL Compilation)","Prisma Mod","Replay The Spire","StSLib","Td1madao Mod","The Bug Knight","The Dragon Tamer"],"gold_per_floor":[118,193,212,6,181,181,216,229,281,300,130,80,90,43,43,148,148,167,167,122,122],"floor_reached":20,"playtime":462,"items_purged":["KiyohimeMod:Defend","Doubt"],"score":236,"play_id":"cd7492cb-b6b8-4d6b-a0d5-fceff49ad20a","local_time":"20210103202228","is_ascension_mode":true,"campfire_choices":[{"data":"KiyohimeMod:DragonVein","floor":6,"key":"SMITH"},{"data":"KiyohimeMod:HeroCreation","floor":15,"key":"SMITH"}],"circlet_count":0,"master_deck":["KiyohimeMod:Strike","KiyohimeMod:Strike+1","KiyohimeMod:Strike+1","KiyohimeMod:Strike","KiyohimeMod:Defend","KiyohimeMod:Defend","KiyohimeMod:Track","KiyohimeMod:FlameKiss","KiyohimeMod:Shapeshift","KiyohimeMod:SteelTraining","KiyohimeMod:AndSoTheShipConquers","KiyohimeMod:DragonVein+1","KiyohimeMod:Berserker","KiyohimeMod:RedBlackKey","KiyohimeMod:HeroCreation+1","KiyohimeMod:LimitedZeroOver","KiyohimeMod:DragonVein","KiyohimeMod:EatSoul","KiyohimeMod:Berserker","KiyohimeMod:Servant_Osakabehime","KiyohimeMod:RedBlackKey"],"relics":["KiyohimeMod:FireDragon","NeowsBlessing","Whetstone","Juzu Bracelet","Ring of Chaos","Enchiridion"],"acts_visited":["Exordium","TheCity"],"potions_floor_usage":[13,13,20,20],"damage_taken":[{"damage":0,"enemies":"Cultist","floor":1,"turns":1},{"damage":0,"enemies":"Jaw Worm","floor":3,"turns":1},{"damage":0,"enemies":"HollowMod:MossKnight","floor":7,"turns":1},{"damage":6,"enemies":"Small Slimes","floor":8,"turns":4},{"damage":0,"enemies":"Blue Slaver","floor":10,"turns":4},{"damage":2,"enemies":"Large Slime","floor":13,"turns":5},{"damage":15,"enemies":"Slime Boss","floor":16,"turns":8},{"damage":25,"enemies":"Chosen","floor":18,"turns":7},{"damage":21,"enemies":"2 Thieves","floor":20,"turns":2}],"seed_played":"-512915233649090682","potions_obtained":[{"floor":1,"key":"Explosive Potion"},{"floor":8,"key":"Explosive Potion"},{"floor":10,"key":"Energy Potion"},{"floor":16,"key":"Dexterity Potion"},{"floor":18,"key":"Weak Potion"}],"is_trial":false,"path_per_floor":["M","?","M","$","?","R","E","M","T","M","$","?","M","$","R","B",null,"M","?","M"],"character_chosen":"Kiyohime","items_purchased":["KiyohimeMod:DragonVein","KiyohimeMod:Berserker","KiyohimeMod:DragonVein","KiyohimeMod:Berserker"],"campfire_rested":0,"item_purchase_floors":[4,4,11,14],"current_hp_per_floor":[60,49,49,49,49,49,49,43,43,43,43,43,41,41,41,26,60,35,19,0,0],"gold":122,"neow_bonus":"THREE_ENEMY_KILL","is_daily":false,"chose_seed":false,"campfire_upgraded":2,"win_rate":0.0,"timestamp":1609672948,"path_taken":["M","?","M","$","?","R","E","M","T","M","$","?","M","?","R","BOSS","M","?","M"],"items_purchased_type":["Card","Card","Card","Card"],"build_version":"2020-12-22","purchased_purges":2,"victory":false,"max_hp_per_floor":[60,60,60,60,60,60,60,60,60,60,60,60,60,60,60,60,60,60,60,60,60],"card_choices":[{"not_picked":["KiyohimeMod:BeastOfBillows","KiyohimeMod:WaterTurn"],"picked":"KiyohimeMod:SteelTraining","floor":1},{"not_picked":["KiyohimeMod:GreenBlackKey","KiyohimeMod:RedBlackKey"],"picked":"KiyohimeMod:AndSoTheShipConquers","floor":3},{"not_picked":["KiyohimeMod:EatSoul","KiyohimeMod:Berserker"],"picked":"KiyohimeMod:RedBlackKey","floor":7},{"not_picked":["KiyohimeMod:Preemptive","KiyohimeMod:RedBlackKey"],"picked":"KiyohimeMod:HeroCreation","floor":8},{"not_picked":["KiyohimeMod:EatSoul","KiyohimeMod:RealityMarble"],"picked":"KiyohimeMod:LimitedZeroOver","floor":10},{"not_picked":["KiyohimeMod:FirstPremonition","KiyohimeMod:SteelTraining"],"picked":"KiyohimeMod:EatSoul","floor":13},{"not_picked":["KiyohimeMod:Destruction","KiyohimeMod:MagicCrystal"],"picked":"KiyohimeMod:Servant_Osakabehime","floor":16},{"not_picked":["KiyohimeMod:BeastOfBillows+1","KiyohimeMod:DivineConstruct"],"picked":"KiyohimeMod:RedBlackKey","floor":18}],"player_experience":521008,"relics_obtained":[{"floor":7,"key":"Whetstone"},{"floor":9,"key":"Juzu Bracelet"},{"floor":19,"key":"Enchiridion"}],"event_choices":[{"damage_healed":0,"gold_gain":75,"player_choice":"Gather Gold","damage_taken":11,"max_hp_gain":0,"max_hp_loss":0,"event_name":"World of Goop","floor":2,"gold_loss":0},{"damage_healed":0,"gold_gain":175,"player_choice":"AGREE","damage_taken":0,"max_hp_gain":0,"max_hp_loss":0,"event_name":"Liars Game","floor":5,"gold_loss":0,"cards_obtained":["Doubt"]},{"cards_removed":["KiyohimeMod:Defend"],"damage_healed":0,"gold_gain":0,"player_choice":"Card Removal","damage_taken":0,"max_hp_gain":0,"max_hp_loss":0,"event_name":"The Cleric","floor":12,"gold_loss":50},{"damage_healed":0,"gold_gain":0,"player_choice":"Obtained Book","damage_taken":16,"max_hp_gain":0,"max_hp_loss":0,"event_name":"Cursed Tome","floor":19,"gold_loss":0}],"is_beta":false,"boss_relics":[{"not_picked":["Replay:Wanted Poster","Replay:Drink Me"],"picked":"Ring of Chaos"}],"items_purged_floors":[4,11],"is_endless":false,"potions_floor_spawned":[1,8,10,16,18],"killed_by":"2 Thieves","ascension_level":4}}