{"host":"52m1o8iwwagurbjs","time":1609637615,"event":{"mods":["AchievementEnabler","BaseMod","Bestiary","Colored Powertips","GifTheSpireLib","Minty Spire (QoL Compilation)","Quick Restart","RNG Fix","Relic Stats","StSLib"],"gold_per_floor":[111,127,29,29,29,29,54,70,70,70,70,21,37,37,37,134,184,198,211,66,79,94,125,47,79,79,79,105,105,105,5,5,103,103,123,123,0,0,13,13,59,18,18,18,18,51,51,3,3,3],"floor_reached":51,"playtime":1307,"items_purged":["Strike_G","Strike_G"],"score":830,"play_id":"f38e8740-fa89-424d-a74d-cca4bb8b60f4","local_time":"20210102203335","is_ascension_mode":false,"campfire_choices":[{"data":"Crippling Poison","floor":10.0,"key":"SMITH"},{"data":"Bouncing Flask","floor":15.0,"key":"SMITH"},{"data":"Noxious Fumes","floor":27.0,"key":"SMITH"},{"data":"Catalyst","floor":32.0,"key":"SMITH"},{"floor":40,"key":"REST"},{"data":"Well Laid Plans","floor":45,"key":"SMITH"},{"data":"Catalyst","floor":47,"key":"SMITH"},{"floor":49,"key":"REST"}],"circlet_count":0,"master_deck":["Defend_G+1","Defend_G","Defend_G","Defend_G","Defend_G","Survivor","Neutralize","Deadly Poison","Cloak And Dagger","Crippling Poison+1","Bane","Finisher","Crippling Poison","Blade Dance","Bouncing Flask+1","Night Terror","Acrobatics","Noxious Fumes+1","All Out Attack","Leg Sweep","PiercingWail","Cloak And Dagger","Catalyst+1","Ghostly","Ghostly","Ghostly","Ghostly","Ghostly","Deadly Poison+1","Well Laid Plans+1","Catalyst+1"],"relics":["Ring of the Snake","NeowsBlessing","Pantograph","Tiny Chest","Tiny House","StrikeDummy","Turnip","Singing Bowl","Akabeko","SlaversCollar","WingedGreaves","Red Mask","Boot","HornCleat","InkBottle"],"acts_visited":[],"potions_floor_usage":[50,50],"damage_taken":[{"damage":0.0,"enemies":"Jaw Worm","floor":1.0,"turns":1.0},{"damage":0.0,"enemies":"2 Louse","floor":2.0,"turns":1.0},{"damage":0.0,"enemies":"3 Sentries","floor":7.0,"turns":1.0},{"damage":0.0,"enemies":"Small Slimes","floor":8.0,"turns":3.0},{"damage":0.0,"enemies":"Exordium Wildlife","floor":13.0,"turns":2.0},{"damage":1.0,"enemies":"The Guardian","floor":16.0,"turns":8.0},{"damage":10.0,"enemies":"2 Thieves","floor":18.0,"turns":4.0},{"damage":2.0,"enemies":"Chosen","floor":19.0,"turns":5.0},{"damage":10.0,"enemies":"Snecko","floor":21.0,"turns":5.0},{"damage":6.0,"enemies":"3 Cultists","floor":22.0,"turns":4.0},{"damage":34.0,"enemies":"Slavers","floor":23.0,"turns":6.0},{"damage":0.0,"enemies":"Gremlin Leader","floor":25.0,"turns":5.0},{"damage":26.0,"enemies":"Collector","floor":33.0,"turns":9.0},{"damage":13,"enemies":"3 Darklings","floor":35,"turns":7},{"damage":20,"enemies":"3 Shapes","floor":39,"turns":6},{"damage":3,"enemies":"Giant Head","floor":46,"turns":8},{"damage":25,"enemies":"Time Eater","floor":50,"turns":7}],"seed_played":"3203695489270037548","potions_obtained":[{"floor":7.0,"key":"SkillPotion"},{"floor":8.0,"key":"SpeedPotion"},{"floor":16.0,"key":"SpeedPotion"},{"floor":18.0,"key":"Regen Potion"},{"floor":19.0,"key":"Energy Potion"},{"floor":21.0,"key":"Weak Potion"},{"floor":39,"key":"Energy Potion"},{"floor":46,"key":"FearPotion"}],"is_trial":false,"path_per_floor":["M","M","$","?","$","?","E","M","T","R","?","$","M","?","R","B",null,"M","M","$","M","M","E","$","E","T","R","T","?","?","$","R","B",null,"M","T","?","$","M","R","T","$","T","?","R","E","R","$","R","B",null],"character_chosen":"THE_SILENT","items_purchased":["Crippling Poison","Bane","Blade Dance","Noxious Fumes","PiercingWail","Explosive Potion","Well Laid Plans","AttackPotion"],"campfire_rested":2,"item_purchase_floors":[3,3,12,20,24,24,42,48],"current_hp_per_floor":[70,70,70,70,70,63,63,63,63,63,63,63,63,68,68,74,80,70,80,80,70,64,30,30,30,30,30,30,30,30,30,30,16,42,29,29,29,29,11,24,24,24,24,24,24,21,21,21,34,19],"gold":3,"neow_bonus":"THREE_ENEMY_KILL","is_daily":false,"chose_seed":false,"campfire_upgraded":6,"win_rate":0.0,"timestamp":1609637615,"path_taken":["M","M","$","?","$","?","E","M","T","R","?","?","M","?","R","BOSS","M","M","$","M","M","E","$","E","T","R","?","?","?","?","R","BOSS","M","?","?","?","?","R","?","?","T","?","R","E","R","$","R","BOSS"],"items_purchased_type":["Card","Card","Card","Card","Card","Potion","Card","Potion"],"build_version":"2020-12-22","purchased_purges":2,"victory":true,"max_hp_per_floor":[70,70,70,70,70,70,70,70,70,70,70,70,70,75,75,75,80,80,80,80,80,80,80,80,80,80,80,80,80,40,40,40,42,42,42,42,42,42,44,44,44,44,44,44,44,44,44,44,44,44],"relic_stats":{"Singing Bowl":2,"counters":[4,28],"Pantograph":10,"Tiny Chest":2,"Turnip":[0],"Boot":[10],"obtain_stats":[{"Tiny House":0,"NeowsBlessing":0,"Singing Bowl":0,"Boot":41,"Akabeko":0,"SlaversCollar":0,"HornCleat":43,"Pantograph":0,"Tiny Chest":0,"Turnip":0,"WingedGreaves":36,"Red Mask":37,"StrikeDummy":0,"InkBottle":46,"Ring of the Snake":0},{"Tiny House":0,"NeowsBlessing":0,"Singing Bowl":0,"Boot":2,"Akabeko":0,"SlaversCollar":0,"HornCleat":2,"Pantograph":0,"Tiny Chest":0,"Turnip":0,"WingedGreaves":1,"Red Mask":1,"StrikeDummy":0,"InkBottle":3,"Ring of the Snake":0},{"Tiny House":0,"NeowsBlessing":0,"Singing Bowl":0,"Boot":13,"Akabeko":0,"SlaversCollar":0,"HornCleat":13,"Pantograph":0,"Tiny Chest":0,"Turnip":0,"WingedGreaves":7,"Red Mask":7,"StrikeDummy":0,"InkBottle":21,"Ring of the Snake":0}],"InkBottle":[2],"Ring of the Snake":[8]},"card_choices":[{"not_picked":["Dodge and Roll","Blade Dance"],"picked":"Deadly Poison","floor":1.0},{"not_picked":["Caltrops","Tactician"],"picked":"Cloak And Dagger","floor":2.0},{"not_picked":["Choke","Setup"],"picked":"Finisher","floor":7.0},{"not_picked":["Flechettes","Acrobatics"],"picked":"Crippling Poison","floor":8.0},{"not_picked":["A Thousand Cuts","Deadly Poison"],"picked":"Bouncing Flask","floor":13.0},{"not_picked":["Phantasmal Killer","Envenom"],"picked":"Night Terror","floor":16.0},{"not_picked":["Escape Plan","Sucker Punch"],"picked":"Acrobatics","floor":17.0},{"not_picked":["Flying Knee","Poisoned Stab","Dagger Throw"],"picked":"SKIP","floor":18.0},{"not_picked":["Endless Agony","Deadly Poison","Sucker Punch"],"picked":"SKIP","floor":19.0},{"not_picked":["Slice+1","Heel Hook"],"picked":"All Out Attack","floor":21.0},{"not_picked":["Poisoned Stab","Underhanded Strike","Tactician"],"picked":"SKIP","floor":22.0},{"not_picked":["Deflect","Outmaneuver"],"picked":"Leg Sweep","floor":23.0},{"not_picked":["Finisher","Choke"],"picked":"Cloak And Dagger","floor":25.0},{"not_picked":["Storm of Steel","Envenom","Malaise"],"picked":"Singing Bowl","floor":33.0},{"not_picked":["PiercingWail","All Out Attack"],"picked":"Deadly Poison+1","floor":35},{"not_picked":["Dash","PiercingWail","Sucker Punch"],"picked":"Singing Bowl","floor":39},{"not_picked":["Poisoned Stab","PiercingWail+1"],"picked":"Catalyst","floor":46}],"player_experience":1089818,"relics_obtained":[{"floor":7.0,"key":"Pantograph"},{"floor":9.0,"key":"Tiny Chest"},{"floor":23.0,"key":"StrikeDummy"},{"floor":25.0,"key":"Turnip"},{"floor":26.0,"key":"Singing Bowl"},{"floor":28.0,"key":"Akabeko"},{"floor":36,"key":"WingedGreaves"},{"floor":41,"key":"Boot"},{"floor":43,"key":"HornCleat"},{"floor":46,"key":"InkBottle"}],"event_choices":[{"cards_removed":["Strike_G"],"damage_healed":0.0,"max_hp_gain":0.0,"max_hp_loss":0.0,"gold_gain":0.0,"event_name":"Living Wall","player_choice":"Forget","floor":4.0,"gold_loss":0.0,"damage_taken":0.0},{"cards_removed":["Strike_G"],"damage_healed":0.0,"max_hp_gain":0.0,"max_hp_loss":0.0,"gold_gain":0.0,"event_name":"Golden Wing","player_choice":"Card Removal","floor":6.0,"gold_loss":0.0,"damage_taken":7.0},{"damage_healed":0.0,"max_hp_gain":0.0,"max_hp_loss":0.0,"gold_gain":0.0,"event_name":"Liars Game","player_choice":"Ignored","floor":11.0,"gold_loss":0.0,"damage_taken":0.0},{"damage_healed":0.0,"max_hp_gain":5.0,"max_hp_loss":0.0,"gold_gain":0.0,"event_name":"Big Fish","player_choice":"Donut","floor":14.0,"gold_loss":0.0,"damage_taken":0.0},{"damage_healed":0.0,"max_hp_gain":0.0,"max_hp_loss":0.0,"gold_gain":0.0,"event_name":"The Library","player_choice":"Read","floor":29.0,"gold_loss":0.0,"damage_taken":0.0,"cards_obtained":["Catalyst"]},{"damage_healed":0.0,"max_hp_gain":0.0,"max_hp_loss":40.0,"gold_gain":0.0,"event_name":"Ghosts","player_choice":"Became a Ghost","floor":30.0,"gold_loss":0.0,"damage_taken":0.0,"cards_obtained":["Ghostly","Ghostly","Ghostly","Ghostly","Ghostly"]},{"damage_healed":0,"gold_gain":0,"player_choice":"Paid","damage_taken":0,"relics_obtained":["Red Mask"],"max_hp_gain":0,"max_hp_loss":0,"event_name":"Tomb of Lord Red Mask","floor":37,"gold_loss":123},{"cards_removed":["Strike_G"],"damage_healed":0,"gold_gain":0,"player_choice":"Removed Attack","damage_taken":0,"max_hp_gain":0,"max_hp_loss":0,"event_name":"Falling","floor":44,"gold_loss":0}],"is_beta":false,"boss_relics":[{"not_picked":["Busted Crown","Philosopher\u0027s Stone"],"picked":"Tiny House"},{"not_picked":["Runic Dome","Empty Cage"],"picked":"SlaversCollar"}],"items_purged_floors":[20,31],"is_endless":false,"potions_floor_spawned":[7,8,16,18,19,21,39,46],"ascension_level":0}}