{"host":"1rf9pknejqhzkc4o","time":1609634496,"event":{"mods":["BaseMod","Better Altar","Better Match","Better Note","Better Sensory Stone","Better Skull","Better Third Choice","Colored Map","Colored Powertips","Communication Mod","Minty Spire (QoL Compilation)","Quick Restart","RNG Fix","Rare Cards Sparkle","Relic Stats","StSLib"],"gold_per_floor":[115,115,130,130,58,58,78,78,102,102,102,102,112,130,130,234,234,249,174,224,244,244,244,277,376,403,403,403],"floor_reached":27,"playtime":714,"items_purged":[],"score":219,"play_id":"3a6f1cfd-35b6-4750-afb1-52aadd202b7b","local_time":"20210103034136","is_ascension_mode":false,"campfire_choices":[{"data":"Turbo","floor":6.0,"key":"SMITH"},{"data":"Static Discharge","floor":10.0,"key":"SMITH"},{"data":"Static Discharge","floor":12.0,"key":"SMITH"},{"data":"Redo","floor":15,"key":"SMITH"},{"data":"Reboot","floor":23,"key":"SMITH"}],"circlet_count":0,"master_deck":["Strike_B","Strike_B","Strike_B","Strike_B","Defend_B","Defend_B","Defend_B","Defend_B","Zap+1","Dualcast","Turbo+1","Static Discharge+1","Static Discharge+1","Double Energy+1","Steam","Redo+1","Reboot+1","BootSequence","Steam+1","Auto Shields"],"relics":["Cracked Core","MealTicket","Nuclear Battery","Gremlin Horn","Lantern"],"acts_visited":["Exordium","TheCity"],"potions_floor_usage":[16,16,16,24],"damage_taken":[{"damage":11.0,"enemies":"2 Louse","floor":1.0,"turns":2.0},{"damage":0.0,"enemies":"Cultist","floor":3.0,"turns":4.0},{"damage":6.0,"enemies":"Small Slimes","floor":7.0,"turns":2.0},{"damage":10,"enemies":"Looter","floor":13,"turns":2},{"damage":8,"enemies":"2 Fungi Beasts","floor":14,"turns":3},{"damage":34,"enemies":"The Guardian","floor":16,"turns":6},{"damage":14,"enemies":"Spheric Guardian","floor":18,"turns":3},{"damage":17,"enemies":"Shell Parasite","floor":21,"turns":4},{"damage":20,"enemies":"Slavers","floor":24,"turns":5},{"damage":24,"enemies":"Sentry and Sphere","floor":27,"turns":4}],"seed_played":"-6346359099300731945","potions_obtained":[{"floor":2.0,"key":"AttackPotion"},{"floor":2.0,"key":"Weak Potion"},{"floor":2.0,"key":"CultistPotion"},{"floor":16,"key":"SkillPotion"}],"is_trial":false,"path_per_floor":["M","?","M","$","$","R","M","?","T","R","$","R","M","M","R","B",null,"M","?","?","M","?","R","E","?","T","M"],"character_chosen":"DEFECT","items_purchased":["Static Discharge"],"campfire_rested":0,"item_purchase_floors":[5],"current_hp_per_floor":[64,64,64,64,64,64,58,58,58,58,73,73,63,55,55,21,75,61,61,61,44,44,44,24,24,24,0,0],"gold":403,"neow_bonus":"UPGRADE_CARD","is_daily":false,"chose_seed":false,"campfire_upgraded":5,"win_rate":0.0,"timestamp":1609634496,"path_taken":["M","?","M","?","$","R","M","?","T","R","$","R","?","M","R","BOSS","M","?","?","?","?","R","E","?","T","M"],"items_purchased_type":["Card"],"build_version":"2020-12-22","purchased_purges":0,"victory":false,"max_hp_per_floor":[75,75,75,75,75,75,75,75,75,75,75,75,75,75,75,75,75,75,75,75,75,75,75,75,75,75,75,75],"relic_stats":{"Gremlin Horn":[1,1],"counters":[10,35],"MealTicket":15,"obtain_stats":[{"Lantern":26,"Gremlin Horn":24,"MealTicket":9,"Cracked Core":0,"Nuclear Battery":17},{"Lantern":9,"Gremlin Horn":9,"MealTicket":3,"Cracked Core":0,"Nuclear Battery":6},{"Lantern":31,"Gremlin Horn":31,"MealTicket":8,"Cracked Core":0,"Nuclear Battery":19}]},"card_choices":[{"not_picked":["Genetic Algorithm","Barrage"],"picked":"Turbo","floor":1.0},{"not_picked":["Rip and Tear","Streamline"],"picked":"Static Discharge","floor":3.0},{"not_picked":["Defragment","Doom and Gloom"],"picked":"Double Energy","floor":7.0},{"not_picked":["Gash","Sweeping Beam"],"picked":"Steam","floor":13},{"not_picked":["Consume","Storm"],"picked":"Redo","floor":14},{"not_picked":["Rainbow","Core Surge"],"picked":"Reboot","floor":16},{"not_picked":["Hologram","Steam"],"picked":"BootSequence","floor":18},{"not_picked":["Streamline","Leap"],"picked":"Stack","floor":19},{"not_picked":["Streamline","Recycle"],"picked":"Steam+1","floor":21},{"not_picked":["Streamline","Thunder Strike"],"picked":"Auto Shields","floor":24}],"player_experience":161195,"relics_obtained":[{"floor":9.0,"key":"MealTicket"},{"floor":24,"key":"Gremlin Horn"},{"floor":26,"key":"Lantern"}],"event_choices":[{"damage_healed":0.0,"max_hp_gain":0.0,"max_hp_loss":0.0,"gold_gain":0.0,"event_name":"Lab","player_choice":"Got Potions","floor":2.0,"gold_loss":0.0,"damage_taken":0.0},{"damage_healed":0.0,"max_hp_gain":0.0,"max_hp_loss":0.0,"gold_gain":0.0,"event_name":"Living Wall","player_choice":"Grow","floor":8.0,"gold_loss":0.0,"damage_taken":0.0,"cards_upgraded":["Double Energy"]},{"damage_healed":0,"gold_gain":0,"player_choice":"1","damage_taken":0,"max_hp_gain":0,"max_hp_loss":0,"event_name":"betterMatch:BetterMatch","floor":19,"gold_loss":0,"cards_obtained":["betterMatch:CommonCard","betterMatch:ColorlessRareCard"]},{"damage_healed":0,"gold_gain":100,"player_choice":"Bet on Murderer","damage_taken":0,"max_hp_gain":0,"max_hp_loss":0,"event_name":"The Joust","floor":20,"gold_loss":50},{"cards_removed":["Stack"],"damage_healed":0,"gold_gain":0,"player_choice":"Card Removal","damage_taken":0,"max_hp_gain":0,"max_hp_loss":0,"event_name":"Wheel of Change","floor":22,"gold_loss":0},{"damage_healed":0,"gold_gain":99,"player_choice":"Steal","damage_taken":0,"max_hp_gain":0,"max_hp_loss":0,"event_name":"betterThird:BetterNest","floor":25,"gold_loss":0}],"is_beta":false,"boss_relics":[{"not_picked":["Astrolabe","Ectoplasm"],"picked":"Nuclear Battery"}],"items_purged_floors":[],"is_endless":false,"potions_floor_spawned":[7,14,16],"killed_by":"Sentry and Sphere","ascension_level":0}}