{"host":"w3q5ijqu8eoknil3","time":1609705864,"event":{"mods":["AchievementEnabler","BaseMod","Block Reminder","Colored Powertips","Minty Spire (QoL Compilation)","Quick Restart","Relic Stats","ojb\u0027s Better Paths Mod","ojb\u0027s Info Mod","slay the spire mod where everything is the same but ironclad has a cowboy hat"],"gold_per_floor":[116,116,133,150,170,200,200,200,200,226,226,238,203,203,203,277,277,288,288,288,22,35,35,35,35,81,91,91,91],"floor_reached":28,"playtime":830,"items_purged":["Defend_G"],"score":396,"play_id":"0b8d739e-9dc7-457a-9e37-c8cdd0b5eb33","local_time":"20210103203104","is_ascension_mode":true,"campfire_choices":[{"data":"Noxious Fumes","floor":7,"key":"SMITH"},{"data":"Adrenaline","floor":15,"key":"SMITH"},{"floor":23,"key":"REST"}],"circlet_count":0,"master_deck":["AscendersBane","Strike_G","Defend_G","Defend_G","Defend_G","Defend_G","Survivor","Neutralize","Noxious Fumes+1","Skewer","Sucker Punch","Crippling Poison","Adrenaline+1","Predator","Outmaneuver","Corpse Explosion","Adrenaline+1","Calculated Gamble+1","Corpse Explosion+1","Poisoned Stab","Caltrops","Blur+1","Deadly Poison"],"relics":["Sozu","Boot","Mercury Hourglass","Mummified Hand","Singing Bowl","Astrolabe","Nilry\u0027s Codex","OrangePellets","Nunchaku"],"acts_visited":["Exordium","TheCity"],"potions_floor_usage":[],"damage_taken":[{"damage":0,"enemies":"2 Louse","floor":1,"turns":3},{"damage":2,"enemies":"Cultist","floor":3,"turns":5},{"damage":2,"enemies":"Jaw Worm","floor":4,"turns":4},{"damage":3,"enemies":"Looter","floor":5,"turns":3},{"damage":16,"enemies":"3 Sentries","floor":6,"turns":6},{"damage":10,"enemies":"Lagavulin","floor":10,"turns":7},{"damage":0,"enemies":"Large Slime","floor":12,"turns":3},{"damage":26,"enemies":"Slime Boss","floor":16,"turns":9},{"damage":19,"enemies":"Spheric Guardian","floor":18,"turns":4},{"damage":0,"enemies":"3 Byrds","floor":22,"turns":2},{"damage":8,"enemies":"Snake Plant","floor":27,"turns":3},{"damage":30,"enemies":"Slavers","floor":28,"turns":2}],"seed_played":"-6610820414749051926","potions_obtained":[],"is_trial":false,"path_per_floor":["M","?","M","M","M","E","R","?","T","E","?","M","?","?","R","B",null,"M","?","?","$","M","R","$","?","T","M","E"],"character_chosen":"THE_SILENT","items_purchased":["OrangePellets","Caltrops"],"campfire_rested":1,"item_purchase_floors":[21,21],"current_hp_per_floor":[59,59,57,55,52,36,36,18,18,8,8,8,24,29,29,3,54,35,35,14,14,14,35,35,35,35,29,0,0],"gold":91,"neow_bonus":"BOSS_RELIC","is_daily":false,"chose_seed":false,"campfire_upgraded":2,"win_rate":0.0,"timestamp":1609705864,"path_taken":["M","?","?","M","?","E","R","?","T","E","?","M","?","?","R","BOSS","M","?","?","$","?","R","$","?","T","M","E"],"items_purchased_type":["Relic","Card"],"build_version":"2020-12-22","purchased_purges":1,"victory":false,"max_hp_per_floor":[66,66,66,66,66,66,66,66,66,66,66,66,66,71,71,71,71,71,71,71,71,71,71,71,71,71,73,73,73],"relic_stats":{"Sozu":4,"OrangePellets":[0],"Nunchaku":[0],"Singing Bowl":2,"counters":[12,51],"Mummified Hand":[6],"Astrolabe":["Adrenaline","Calculated Gamble","Corpse Explosion"],"Boot":[35],"obtain_stats":[{"Sozu":0,"OrangePellets":21,"Nunchaku":26,"Singing Bowl":10,"Mummified Hand":9,"Nilry\u0027s Codex":20,"Astrolabe":17,"Boot":6,"Ring of the Snake":0,"Mercury Hourglass":8},{"Sozu":0,"OrangePellets":9,"Nunchaku":10,"Singing Bowl":6,"Mummified Hand":5,"Nilry\u0027s Codex":9,"Astrolabe":8,"Boot":5,"Ring of the Snake":0,"Mercury Hourglass":5},{"Sozu":0,"OrangePellets":44,"Nunchaku":46,"Singing Bowl":28,"Mummified Hand":21,"Nilry\u0027s Codex":44,"Astrolabe":40,"Boot":21,"Ring of the Snake":0,"Mercury Hourglass":21}],"Mercury Hourglass":[115]},"card_choices":[{"not_picked":["Riddle With Holes","Bane"],"picked":"Noxious Fumes","floor":1},{"not_picked":["Cloak And Dagger","Underhanded Strike"],"picked":"Skewer","floor":3},{"not_picked":["Deflect","Acrobatics"],"picked":"Sucker Punch","floor":4},{"not_picked":["Deadly Poison","Finisher"],"picked":"Crippling Poison","floor":5},{"not_picked":["Finisher","Skewer"],"picked":"Adrenaline","floor":6},{"not_picked":["Slice","Dodge and Roll"],"picked":"Predator","floor":10},{"not_picked":["Blade Dance","Dodge and Roll"],"picked":"Outmaneuver","floor":12},{"not_picked":["Tools of the Trade","Malaise"],"picked":"Corpse Explosion","floor":16},{"not_picked":["Outmaneuver","Blade Dance"],"picked":"Poisoned Stab","floor":18},{"not_picked":["Underhanded Strike","Distraction"],"picked":"Blur+1","floor":22},{"not_picked":["Bane","Flying Knee","Cloak And Dagger"],"picked":"Singing Bowl","floor":27}],"player_experience":981109,"relics_obtained":[{"floor":6,"key":"Boot"},{"floor":9,"key":"Mummified Hand"},{"floor":10,"key":"Singing Bowl"},{"floor":20,"key":"Nilry\u0027s Codex"},{"floor":26,"key":"Nunchaku"}],"event_choices":[{"cards_removed":["Strike_G"],"damage_healed":0,"gold_gain":0,"player_choice":"Offered Basic","damage_taken":0,"max_hp_gain":0,"max_hp_loss":0,"event_name":"Bonfire Elementals","floor":2,"gold_loss":0},{"damage_healed":0,"gold_gain":0,"player_choice":"Success","damage_taken":18,"relics_obtained":["Mercury Hourglass"],"max_hp_gain":0,"max_hp_loss":0,"event_name":"Scrap Ooze","floor":8,"gold_loss":0},{"damage_healed":0,"gold_gain":0,"player_choice":"Ignored","damage_taken":0,"max_hp_gain":0,"max_hp_loss":0,"event_name":"Liars Game","floor":11,"gold_loss":0},{"damage_healed":16,"gold_gain":0,"player_choice":"Healed","damage_taken":0,"max_hp_gain":0,"max_hp_loss":0,"event_name":"The Cleric","floor":13,"gold_loss":35},{"damage_healed":0,"gold_gain":0,"player_choice":"Donut","damage_taken":0,"max_hp_gain":5,"max_hp_loss":0,"event_name":"Big Fish","floor":14,"gold_loss":0},{"damage_healed":0,"gold_gain":0,"player_choice":"Ignored","damage_taken":0,"max_hp_gain":0,"max_hp_loss":0,"event_name":"Ghosts","floor":19,"gold_loss":0},{"damage_healed":0,"gold_gain":0,"player_choice":"Obtained Book","damage_taken":21,"max_hp_gain":0,"max_hp_loss":0,"event_name":"Cursed Tome","floor":20,"gold_loss":0},{"damage_healed":0,"gold_gain":0,"player_choice":"1 cards matched","damage_taken":0,"max_hp_gain":0,"max_hp_loss":0,"event_name":"Match and Keep!","floor":25,"gold_loss":0,"cards_obtained":["Deadly Poison"]}],"is_beta":false,"boss_relics":[{"not_picked":["Calling Bell","Snecko Eye"],"picked":"Astrolabe"}],"items_purged_floors":[21],"is_endless":false,"potions_floor_spawned":[1,5,16,22],"killed_by":"Slavers","ascension_level":15}}