{"host":"2hea6pl5vmah38iy","time":1609675037,"event":{"mods":["AchievementEnabler","BaseMod","Colored Map","DeckTracker","Keyboard Shortcuts","Minty Spire (QoL Compilation)","Rare Cards Sparkle","StSLib","SuperFastMode","everything is the same but u backflip on backflip"],"gold_per_floor":[20,32,46,1,14,14,47,68,92,192,210,210,210,235,235,235,235],"floor_reached":16,"playtime":578,"items_purged":[],"score":187,"play_id":"4894f78f-9e93-4886-b729-7bf3aab783bd","local_time":"20210103205717","is_ascension_mode":true,"campfire_choices":[{"data":"Eruption","floor":6.0,"key":"SMITH"},{"data":"MentalFortress","floor":13.0,"key":"SMITH"},{"data":"CrushJoints","floor":15.0,"key":"SMITH"}],"circlet_count":0,"master_deck":["AscendersBane","Strike_P","Strike_P","Strike_P","Strike_P","Defend_P","Defend_P","Defend_P","Defend_P","Eruption+1","Vigilance","SashWhip","CrushJoints+1","FearNoEvil","FollowUp","MentalFortress+1","JustLucky"],"relics":["PureWater","Lizard Tail","MealTicket","Odd Mushroom","Blood Vial","Vajra"],"acts_visited":["Exordium"],"potions_floor_usage":[16,16],"damage_taken":[{"damage":0.0,"enemies":"Cultist","floor":1.0,"turns":3.0},{"damage":3.0,"enemies":"Jaw Worm","floor":2.0,"turns":6.0},{"damage":0.0,"enemies":"Small Slimes","floor":3.0,"turns":2.0},{"damage":9.0,"enemies":"Red Slaver","floor":5.0,"turns":3.0},{"damage":27.0,"enemies":"Lagavulin","floor":7.0,"turns":7.0},{"damage":23.0,"enemies":"The Mushroom Lair","floor":8.0,"turns":3.0},{"damage":0.0,"enemies":"Large Slime","floor":11.0,"turns":4.0},{"damage":10.0,"enemies":"Gremlin Nob","floor":14.0,"turns":4.0},{"damage":30,"enemies":"The Guardian","floor":16,"turns":7}],"seed_played":"8840357999001794593","potions_obtained":[{"floor":2.0,"key":"PowerPotion"},{"floor":11.0,"key":"SkillPotion"},{"floor":14.0,"key":"GamblersBrew"}],"is_trial":false,"path_per_floor":["M","M","M","$","M","R","E","?","T","?","M","?","R","E","R","B"],"character_chosen":"WATCHER","items_purchased":["FollowUp"],"campfire_rested":0,"item_purchase_floors":[4],"current_hp_per_floor":[61,58,58,58,49,49,22,34,34,34,36,41,41,33,33,5,5],"gold":235,"neow_bonus":"ONE_RARE_RELIC","is_daily":false,"chose_seed":false,"campfire_upgraded":3,"win_rate":0.0,"timestamp":1609675037,"path_taken":["M","M","M","?","?","R","E","?","T","?","?","?","R","E","R","BOSS"],"items_purchased_type":["Card"],"build_version":"2020-12-22","purchased_purges":0,"victory":false,"max_hp_per_floor":[68,68,68,68,68,68,68,68,68,68,68,73,73,73,73,73,73],"card_choices":[{"not_picked":["Meditate","EmptyFist"],"picked":"SashWhip","floor":1.0},{"not_picked":["Crescendo","Evaluate"],"picked":"CrushJoints","floor":2.0},{"not_picked":["Consecrate","Perseverance"],"picked":"FearNoEvil","floor":3.0},{"not_picked":["Evaluate","WreathOfFlame","Prostrate"],"picked":"SKIP","floor":5.0},{"not_picked":["ThirdEye","Indignation"],"picked":"MentalFortress","floor":7.0},{"not_picked":["MentalFortress","Pray","Evaluate"],"picked":"SKIP","floor":11.0},{"not_picked":["Fasting2","CutThroughFate"],"picked":"JustLucky","floor":14.0}],"player_experience":458006,"relics_obtained":[{"floor":7.0,"key":"MealTicket"},{"floor":8.0,"key":"Odd Mushroom"},{"floor":9.0,"key":"Blood Vial"},{"floor":14.0,"key":"Vajra"}],"event_choices":[{"damage_healed":0.0,"max_hp_gain":0.0,"max_hp_loss":0.0,"gold_gain":0.0,"event_name":"Mushrooms","player_choice":"Fought Mushrooms","floor":8.0,"gold_loss":0.0,"damage_taken":0.0},{"damage_healed":0.0,"max_hp_gain":0.0,"max_hp_loss":0.0,"gold_gain":100.0,"event_name":"Golden Shrine","player_choice":"Pray","floor":10.0,"gold_loss":0.0,"damage_taken":0.0},{"damage_healed":0.0,"max_hp_gain":5.0,"max_hp_loss":0.0,"gold_gain":0.0,"event_name":"Big Fish","player_choice":"Donut","floor":12.0,"gold_loss":0.0,"damage_taken":0.0}],"is_beta":false,"boss_relics":[],"items_purged_floors":[],"is_endless":false,"potions_floor_spawned":[2,11,14],"killed_by":"The Guardian","ascension_level":14}}