{"host":"tzyzz5n7hg2ni9q2","time":1609662753,"event":{"mods":["BaseMod","Minty Spire (QoL Compilation)","Quick Restart"],"gold_per_floor":[47,117,117,129,143,158,185,360,42,69,69,87,119,119,137,137,239,239,205,19,19,37,37,37,71,71,71,71,71,85,3,3,3,3,3],"floor_reached":33,"playtime":968,"items_purged":["Doubt"],"score":423,"play_id":"ac752ef6-c5d0-4516-9c06-589f623367bc","local_time":"20210103093233","is_ascension_mode":true,"campfire_choices":[{"floor":13,"key":"REST"},{"data":"Body Slam","floor":15,"key":"SMITH"},{"data":"Whirlwind","floor":23,"key":"SMITH"},{"data":"Uppercut","floor":28,"key":"SMITH"},{"data":"Metallicize","floor":32,"key":"SMITH"}],"circlet_count":0,"master_deck":["AscendersBane","Strike_R+1","Strike_R+1","Strike_R+1","Defend_R+1","Defend_R+1","Defend_R+1","Defend_R+1","Bash","Battle Trance","Heavy Blade","Body Slam+1","Bloodletting","Uppercut+1","Flame Barrier+1","Juggernaut","True Grit+1","Feed","Rupture+1","Whirlwind+1","Metallicize+1"],"relics":["Burning Blood","NeowsBlessing","Whetstone","Toxic Egg 2","Art of War","Bronze Scales","Empty Cage","Happy Flower","MutagenicStrength","Boot","HornCleat"],"acts_visited":["Exordium","TheCity"],"potions_floor_usage":[12],"damage_taken":[{"damage":0,"enemies":"Small Slimes","floor":1,"turns":1},{"damage":0,"enemies":"2 Louse","floor":3,"turns":1},{"damage":0,"enemies":"Cultist","floor":4,"turns":1},{"damage":2,"enemies":"Looter","floor":5,"turns":4},{"damage":51,"enemies":"3 Sentries","floor":6,"turns":12},{"damage":14,"enemies":"Large Slime","floor":11,"turns":6},{"damage":13,"enemies":"Gremlin Nob","floor":12,"turns":4},{"damage":7,"enemies":"2 Fungi Beasts","floor":14,"turns":3},{"damage":19,"enemies":"Hexaghost","floor":16,"turns":9},{"damage":22,"enemies":"2 Thieves","floor":18,"turns":5},{"damage":0,"enemies":"3 Byrds","floor":21,"turns":3},{"damage":44,"enemies":"Gremlin Leader","floor":24,"turns":6},{"damage":11,"enemies":"Shelled Parasite and Fungi","floor":29,"turns":6},{"damage":65,"enemies":"Champ","floor":33,"turns":12}],"seed_played":"5143610040626441352","potions_obtained":[{"floor":1,"key":"HeartOfIron"},{"floor":3,"key":"SpeedPotion"},{"floor":11,"key":"Dexterity Potion"},{"floor":14,"key":"SmokeBomb"}],"is_trial":false,"path_per_floor":["M","?","M","M","M","E","?","$","T","?","M","E","R","M","R","B",null,"M","$","?","M","?","R","E","?","T","?","R","M","$","$","R","B"],"character_chosen":"IRONCLAD","items_purchased":["Toxic Egg 2","Happy Flower","Whirlwind","Metallicize"],"campfire_rested":1,"item_purchase_floors":[8,19,19,30],"current_hp_per_floor":[8,78,83,85,85,85,40,40,40,40,40,32,25,50,49,49,36,73,57,57,57,63,63,63,25,25,25,53,53,48,48,48,48,0,0],"gold":3,"neow_bonus":"THREE_ENEMY_KILL","is_daily":false,"chose_seed":false,"campfire_upgraded":4,"win_rate":0.0,"timestamp":1609662753,"path_taken":["M","?","M","M","M","E","?","$","T","?","?","E","R","M","R","BOSS","M","$","?","M","?","R","E","?","T","?","R","M","?","$","R","BOSS"],"items_purchased_type":["Relic","Relic","Card","Card"],"build_version":"2020-12-22","purchased_purges":1,"victory":false,"max_hp_per_floor":[113,80,85,85,85,85,85,85,85,85,85,85,85,85,85,85,85,85,85,85,85,85,85,85,85,85,85,85,85,85,85,85,85,85,85],"card_choices":[{"not_picked":["Rampage","Clash"],"picked":"Battle Trance","floor":1},{"not_picked":["Warcry","Thunderclap"],"picked":"Heavy Blade","floor":3},{"not_picked":["Flex","Thunderclap"],"picked":"Body Slam","floor":4},{"not_picked":["Anger","Second Wind"],"picked":"Bloodletting","floor":5},{"not_picked":["Iron Wave","Rampage"],"picked":"Uppercut","floor":6},{"not_picked":["Infernal Blade+1","Iron Wave"],"picked":"Flame Barrier+1","floor":11},{"not_picked":["Hemokinesis","Feel No Pain"],"picked":"Juggernaut","floor":12},{"not_picked":["Heavy Blade","Cleave"],"picked":"True Grit+1","floor":14},{"not_picked":["Brutality","Immolate"],"picked":"Feed","floor":16},{"not_picked":["Clash","Clothesline+1"],"picked":"Rupture+1","floor":18},{"not_picked":["Heavy Blade","Bloodletting+1","Iron Wave+1"],"picked":"SKIP","floor":21},{"not_picked":["Power Through+1","Burning Pact+1","Body Slam"],"picked":"SKIP","floor":24},{"not_picked":["Blood for Blood","Uppercut","Clothesline"],"picked":"SKIP","floor":29}],"player_experience":234803,"relics_obtained":[{"floor":6,"key":"Whetstone"},{"floor":9,"key":"Art of War"},{"floor":12,"key":"Bronze Scales"},{"floor":24,"key":"Boot"},{"floor":26,"key":"HornCleat"}],"event_choices":[{"damage_healed":0,"gold_gain":0,"player_choice":"Donut","damage_taken":0,"max_hp_gain":5,"max_hp_loss":0,"event_name":"Big Fish","floor":2,"gold_loss":0},{"damage_healed":0,"gold_gain":175,"player_choice":"AGREE","damage_taken":0,"max_hp_gain":0,"max_hp_loss":0,"event_name":"Liars Game","floor":7,"gold_loss":0,"cards_obtained":["Doubt"]},{"damage_healed":0,"gold_gain":0,"player_choice":"Bought 0 Potions","damage_taken":0,"max_hp_gain":0,"max_hp_loss":0,"event_name":"The Woman in Blue","floor":10,"gold_loss":0},{"damage_healed":0,"gold_gain":0,"player_choice":"Inject Mutagens","damage_taken":0,"relics_obtained":["MutagenicStrength"],"max_hp_gain":0,"max_hp_loss":0,"event_name":"Drug Dealer","floor":20,"gold_loss":0},{"damage_healed":0,"gold_gain":0,"player_choice":"Ignored","damage_taken":0,"max_hp_gain":0,"max_hp_loss":0,"event_name":"Ghosts","floor":22,"gold_loss":0},{"damage_healed":0,"gold_gain":0,"player_choice":"Simplicity","damage_taken":0,"max_hp_gain":0,"max_hp_loss":0,"event_name":"Back to Basics","floor":25,"gold_loss":0,"cards_upgraded":["Strike_R","Defend_R","Defend_R","Defend_R","Defend_R"]},{"damage_healed":28,"gold_gain":0,"player_choice":"Heal","damage_taken":0,"max_hp_gain":0,"max_hp_loss":0,"event_name":"The Library","floor":27,"gold_loss":0}],"is_beta":false,"boss_relics":[{"not_picked":["Calling Bell","Fusion Hammer"],"picked":"Empty Cage"}],"items_purged_floors":[8],"is_endless":false,"potions_floor_spawned":[1,3,11,14,18,29],"killed_by":"Champ","ascension_level":11}}