{"host":"pcquhoparyuqwqhn","time":1609643560,"event":{"mods":["Act Like it!","BaseMod","Better Note","Better Third Choice","Colored Map","Colored Powertips","Hermit","Luminous","Minty Spire (QoL Compilation)","Permanent Neow","Relic Stats","Shop Mod","Spicy Shops","StSLib","The Clintock","The Druid","The Hierophant","The Necromancer"],"gold_per_floor":[109,129,129,0,18,18,46,61,61,61,75,75,96,21,21,121,121,141,157,157,169,25,25,54,64,64,64,64,64],"floor_reached":28,"playtime":1336,"items_purged":[],"score":263,"play_id":"2b0e2682-6b6a-4639-a0b9-502ac06e2257","local_time":"20210103041240","is_ascension_mode":false,"campfire_choices":[{"data":"Luminous:Balance_Death_Scythe","floor":6,"key":"SMITH"},{"data":"Luminous:Lunar_Tide_Luminous","floor":15,"key":"SMITH"},{"data":"Luminous:Armageddon_Luminous","floor":23,"key":"SMITH"},{"data":"Luminous:Lania_Blessing_Luminous","floor":27,"key":"SMITH"}],"circlet_count":0,"master_deck":["Luminous:Light_Flash_Shower","Luminous:Light_Flash_Shower","Luminous:Dark_Abyssal_Drop+1","Luminous:Dark_Abyssal_Drop","Luminous:Dark_Abyssal_Drop+1","Luminous:Defend_Luminous","Luminous:Defend_Luminous","Luminous:Defend_Luminous","Luminous:Defend_Luminous","Luminous:Switch_Luminous","Luminous:Dark_Raid","Luminous:Balance_Death_Scythe+1","Enlightenment","Luminous:Concentrate_Luminous","Luminous:Dark_Apocalypse","Luminous:Lunar_Tide_Luminous+1","Luminous:Dark_Pressure_Void","Luminous:Mana_Well_Luminous","Luminous:Dark_Moonlight_Spear","Luminous:Dark_Pressure_Void","Luminous:Dark_Crescendo_Luminous","Luminous:Armageddon_Luminous+1","Luminous:Light_Wash_Luminous","Luminous:Balance_Death_Scythe","Luminous:Light_Glare","Luminous:Lania_Blessing_Luminous+1","Luminous:Dark_Raid","Injury"],"relics":["Luminous:MirrorRelic","Mango","Whetstone","Oddly Smooth Stone","Odd Mushroom","Orrery","Cursed Key","Medical Kit","White Beast Statue","Pantograph"],"acts_visited":["Exordium","TheCity"],"potions_floor_usage":[13,21,21,21,28],"damage_taken":[{"damage":4,"enemies":"2 Louse","floor":1,"turns":4},{"damage":0,"enemies":"Small Slimes","floor":2,"turns":4},{"damage":9,"enemies":"Jaw Worm","floor":5,"turns":4},{"damage":29,"enemies":"Lagavulin","floor":7,"turns":8},{"damage":5,"enemies":"Lots of Slimes","floor":8,"turns":3},{"damage":6,"enemies":"Gremlin Gang","floor":11,"turns":2},{"damage":0,"enemies":"The Mushroom Lair","floor":13,"turns":1},{"damage":17,"enemies":"Hexaghost","floor":16,"turns":8},{"damage":0,"enemies":"3 Byrds","floor":18,"turns":2},{"damage":10,"enemies":"2 Thieves","floor":19,"turns":3},{"damage":9,"enemies":"Snecko","floor":21,"turns":4},{"damage":65,"enemies":"Gremlin Leader","floor":24,"turns":8},{"damage":9,"enemies":"Centurion and Healer","floor":25,"turns":7},{"damage":20,"enemies":"Slavers","floor":28,"turns":3}],"seed_played":"3829922667785137303","potions_obtained":[{"floor":5,"key":"SmokeBomb"},{"floor":11,"key":"Strength Potion"},{"floor":13,"key":"GamblersBrew"},{"floor":16,"key":"BlessingOfTheForge"},{"floor":18,"key":"Explosive Potion"},{"floor":25,"key":"Swift Potion"}],"is_trial":false,"path_per_floor":["M","M","?","?","M","R","E","M","T","?","M","$","?","$","R","B",null,"M","M","?","M","$","R","E","M","T","R","E"],"character_chosen":"LuminousClass","items_purchased":["Orrery","Medical Kit"],"campfire_rested":0,"item_purchase_floors":[14,22],"current_hp_per_floor":[78,78,83,89,80,80,51,46,46,39,33,33,33,33,33,16,93,93,83,83,74,74,74,9,15,15,15,0,0],"gold":64,"neow_bonus":"ONE_RARE_RELIC","is_daily":false,"chose_seed":false,"campfire_upgraded":4,"win_rate":0.0,"timestamp":1609643560,"path_taken":["M","M","?","?","M","R","E","M","T","?","M","$","?","$","R","BOSS","M","M","?","M","$","R","E","?","T","R","E"],"items_purchased_type":["Relic","Relic"],"build_version":"2020-12-22","purchased_purges":0,"victory":false,"max_hp_per_floor":[82,82,87,93,93,93,93,93,93,93,93,93,93,93,93,93,93,93,93,93,93,93,93,93,93,93,93,93,93],"relic_stats":{"counters":[14,61],"Pantograph":0,"Whetstone":["Luminous:Dark_Abyssal_Drop","Luminous:Dark_Abyssal_Drop"],"Cursed Key":1,"Medical Kit":[0],"obtain_stats":[{"Pantograph":26,"Oddly Smooth Stone":9,"Orrery":14,"Mango":0,"Luminous:MirrorRelic":0,"Whetstone":7,"Odd Mushroom":13,"Cursed Key":17,"Medical Kit":22,"White Beast Statue":24},{"Pantograph":13,"Oddly Smooth Stone":5,"Orrery":7,"Mango":0,"Luminous:MirrorRelic":0,"Whetstone":4,"Odd Mushroom":7,"Cursed Key":8,"Medical Kit":11,"White Beast Statue":12},{"Pantograph":58,"Oddly Smooth Stone":23,"Orrery":26,"Mango":0,"Luminous:MirrorRelic":0,"Whetstone":20,"Odd Mushroom":26,"Cursed Key":34,"Medical Kit":43,"White Beast Statue":51}]},"card_choices":[{"not_picked":["Luminous:Light_Disperse","Luminous:Mana_Overload_Luminous"],"picked":"Luminous:Dark_Raid","floor":1},{"not_picked":["Luminous:Light_Wash_Luminous","Luminous:Concentrate_Luminous"],"picked":"Luminous:Balance_Death_Scythe","floor":2},{"not_picked":["Luminous:Blinding_Pillar_Luminous","Luminous:Darkness_Mastery_Luminous"],"picked":"Luminous:Concentrate_Luminous","floor":5},{"not_picked":["Luminous:Dusk_Guard_Luminous","Luminous:Date_of_Light_Luminous"],"picked":"Luminous:Dark_Apocalypse","floor":7},{"not_picked":["Luminous:Abyss_Heart_Luminous","Luminous:Lights_Protection_Luminous"],"picked":"Luminous:Lunar_Tide_Luminous","floor":8},{"not_picked":["Luminous:Blinding_Pillar_Luminous","Luminous:Light_Disperse"],"picked":"Luminous:Dark_Pressure_Void","floor":11},{"not_picked":["Luminous:Light_Wash_Luminous","Luminous:Sympathy_Luminous"],"picked":"Luminous:Mana_Well_Luminous","floor":13},{"not_picked":["Luminous:Light_Sylvan_Lance","Luminous:Magic_Accelerate_Luminous"],"picked":"Luminous:Dark_Moonlight_Spear","floor":14},{"not_picked":["Luminous:Light_Glare","Luminous:Accumulation_Luminous"],"picked":"Luminous:Dark_Pressure_Void","floor":14},{"not_picked":["Luminous:Dark_Raid","Luminous:Dark_Dim_Erosion"],"picked":"Luminous:Dark_Crescendo_Luminous","floor":14},{"not_picked":["Luminous:Dark_Crescendo_Luminous","Luminous:Date_of_Light_Luminous"],"picked":"Luminous:Armageddon_Luminous","floor":16},{"not_picked":["Luminous:Blinding_Pillar_Luminous","Luminous:Dark_Dim_Erosion+1"],"picked":"Luminous:Light_Wash_Luminous","floor":18},{"not_picked":["Luminous:Light_Disperse","Luminous:Blinding_Pillar_Luminous"],"picked":"Luminous:Balance_Death_Scythe","floor":19},{"not_picked":["Luminous:Blinding_Pillar_Luminous","Luminous:Dark_Dim_Erosion"],"picked":"Luminous:Light_Glare","floor":21},{"not_picked":["Luminous:Accumulation_Luminous+1","Luminous:Equalize_Luminous"],"picked":"Luminous:Lania_Blessing_Luminous","floor":24},{"not_picked":["Luminous:Concentrate_Luminous","Luminous:Light_Sylvan_Lance+1"],"picked":"Luminous:Dark_Raid","floor":25}],"player_experience":830735,"relics_obtained":[{"floor":7,"key":"Whetstone"},{"floor":9,"key":"Oddly Smooth Stone"},{"floor":13,"key":"Odd Mushroom"},{"floor":24,"key":"White Beast Statue"},{"floor":26,"key":"Pantograph"}],"event_choices":[{"damage_healed":0,"gold_gain":0,"player_choice":"Donut","damage_taken":0,"max_hp_gain":5,"max_hp_loss":0,"event_name":"Big Fish","floor":3,"gold_loss":0},{"damage_healed":0,"gold_gain":0,"player_choice":"RENOUNCE","damage_taken":129,"max_hp_gain":0,"max_hp_loss":0,"event_name":"betterThird:BetterSerpent","floor":4,"gold_loss":129,"cards_obtained":["Enlightenment"]},{"cards_removed":["Luminous:Light_Flash_Shower"],"damage_healed":0,"gold_gain":0,"player_choice":"Card Removal","damage_taken":7,"max_hp_gain":0,"max_hp_loss":0,"event_name":"Golden Wing","floor":10,"gold_loss":0},{"damage_healed":0,"gold_gain":0,"player_choice":"Fought Mushrooms","damage_taken":0,"max_hp_gain":0,"max_hp_loss":0,"event_name":"Mushrooms","floor":13,"gold_loss":0},{"cards_removed":["Luminous:Light_Flash_Shower"],"damage_healed":0,"gold_gain":0,"player_choice":"Give","damage_taken":0,"max_hp_gain":0,"max_hp_loss":0,"event_name":"betterNote:BetterNote","floor":20,"gold_loss":0,"cards_obtained":["None"]}],"is_beta":false,"boss_relics":[{"not_picked":["Runic Pyramid","Coffee Dripper"],"picked":"Cursed Key"}],"items_purged_floors":[],"is_endless":false,"potions_floor_spawned":[5,11,13,16,18,25],"killed_by":"Slavers","ascension_level":0}}