{"host":"yekvm0llnambltim","time":1609652781,"event":{"mods":["Act Like it!","BaseMod","CapriCore","Challenge The Spire","Minty Spire (QoL Compilation)","MostiFishMod","Quick Restart","Relic Stats","Replay The Spire","Spicy Shops","StSLib","Waifu the Spire","¡¾ÒÅÎï¿¨ÅÆ¡¿REMEMod"],"gold_per_floor":[111,127,127,146,157,157,157],"floor_reached":6,"playtime":143,"items_purged":[],"score":76,"play_id":"763dd772-cdd6-4ef3-90aa-aa9793e2b016","local_time":"20210103134621","is_ascension_mode":true,"campfire_choices":[],"circlet_count":0,"master_deck":["AscendersBane","Strike_B","Strike_B","Strike_B","Defend_B","Defend_B","Defend_B","Defend_B","Zap","Dualcast","MostiFishMod:SpreadingSpore","MostiFishMod:Culaccino","Doom and Gloom","Ball Lightning","Leap"],"relics":["Cracked Core","DaveBox","REME_ComplimentaryCards","OriginationStaff","SynthV:TestCard"],"acts_visited":["Exordium"],"potions_floor_usage":[],"damage_taken":[{"damage":7,"enemies":"Small Slimes","floor":1,"turns":3},{"damage":13,"enemies":"Cultist","floor":2,"turns":5},{"damage":7,"enemies":"2 Louse","floor":4,"turns":2},{"damage":27,"enemies":"Large Slime","floor":5,"turns":6},{"damage":0,"enemies":"Replay:BlueRogue","floor":6,"turns":1}],"seed_played":"5158243248270990917","potions_obtained":[],"is_trial":false,"path_per_floor":["M","M","?","M","M","E"],"character_chosen":"DEFECT","items_purchased":[],"campfire_rested":0,"item_purchase_floors":[],"current_hp_per_floor":[60,52,52,45,29,29,29],"gold":157,"neow_bonus":"ONE_RANDOM_RARE_CARD","is_daily":false,"chose_seed":false,"campfire_upgraded":0,"win_rate":0.0,"timestamp":1609652781,"path_taken":["M","M","?","M","M","E"],"items_purchased_type":[],"build_version":"2020-12-22","purchased_purges":0,"victory":false,"max_hp_per_floor":[71,71,71,71,71,71,71],"relic_stats":{"counters":[5,17],"obtain_stats":[{"SynthV:TestCard":1,"DaveBox":0,"OriginationStaff":0,"Cracked Core":0,"REME_ComplimentaryCards":0},{"SynthV:TestCard":1,"DaveBox":0,"OriginationStaff":0,"Cracked Core":0,"REME_ComplimentaryCards":0},{"SynthV:TestCard":3,"DaveBox":0,"OriginationStaff":0,"Cracked Core":0,"REME_ComplimentaryCards":0}]},"card_choices":[{"not_picked":["Beam Cell","Chaos"],"picked":"Doom and Gloom","floor":1},{"not_picked":["Blizzard","Leap","Cold Snap","Go for the Eyes"],"picked":"Ball Lightning","floor":2},{"not_picked":["ReplayTheSpireMod:Repulse","Sweeping Beam","MostiFishMod:Impulse","Rebound"],"picked":"Leap","floor":4},{"not_picked":["Barrage","Heatsinks","Steam","Aggregate","ReplaySolidLightProjector"],"picked":"SKIP","floor":5}],"player_experience":300938,"relics_obtained":[{"floor":1,"key":"SynthV:TestCard"}],"event_choices":[{"cards_removed":["Strike_B"],"damage_healed":0,"gold_gain":0,"player_choice":"Purged","damage_taken":0,"max_hp_gain":0,"max_hp_loss":0,"event_name":"Purifier","floor":3,"gold_loss":0}],"is_beta":false,"boss_relics":[],"items_purged_floors":[],"is_endless":false,"potions_floor_spawned":[],"killed_by":"Replay:BlueRogue","ascension_level":20}}