{"host":"0jile2yd1dg679g0","time":1609634852,"event":{"mods":["AchievementEnabler","Act Like it!","BaseMod","Better Third Choice","Colored Map","Colored Powertips","Gensokyo","Hermit","Luminous","Marisa????????","Minty Spire (QoL Compilation)","Random Character Button","Spicy Shops","StSLib","The Servant 0.9.4","Transform Curses","Waifu the Spire"],"gold_per_floor":[110,110,75,91,105,105,123,123,123,123,133,11,43,43,43,172,172,191,191,209,209,225,225,249,249,249,7,23,48,48,63,63,189,252,267,21,0,15,348,348,383,383,383],"floor_reached":42,"playtime":3454,"items_purged":["Parasite"],"score":560,"play_id":"9121be4e-a9ef-4b97-8998-1c8fac637f8b","local_time":"20210102194732","is_ascension_mode":true,"campfire_choices":[{"data":"True Grit","floor":6.0,"key":"SMITH"},{"data":"Dark Embrace","floor":8.0,"key":"SMITH"},{"data":"Inflame","floor":10.0,"key":"SMITH"},{"floor":15.0,"key":"REST"},{"data":"Ghostly","floor":23.0,"key":"SMITH"},{"data":"Inflame","floor":25.0,"key":"SMITH"},{"data":"Ghostly","floor":30,"key":"SMITH"},{"data":"Ghostly","floor":32,"key":"SMITH"},{"data":"Demon Form","floor":40,"key":"SMITH"}],"circlet_count":0,"master_deck":["Strike_R","Strike_R","Strike_R","Strike_R","Defend_R","Defend_R","Defend_R","Defend_R","Bash","Dark Embrace+1","True Grit+1","Twin Strike","Inflame+1","Immolate","Heavy Blade+1","Immolate","Battle Trance","Ghostly+1","Ghostly+1","Ghostly+1","Ghostly","Ghostly","Heavy Blade+1","Heavy Blade","Inflame+1","Spot Weakness","Anger+1","Sword Boomerang+1","Seeing Red+1","Demon Form+1","Flame Barrier","Armaments+1","Wild Strike+1","Metallicize"],"relics":["Burning Blood","NeowsBlessing","The Courier","Vajra","StoneCalendar","Cursed Key","Molten Egg 2","Medical Kit","Tiny House","Shuriken","Red Mask","Frozen Egg 2"],"acts_visited":["Exordium","TheCity","TheBeyond"],"potions_floor_usage":[31,31,31,33,42,42,42],"damage_taken":[{"damage":0.0,"enemies":"2 Louse","floor":1.0,"turns":1.0},{"damage":0.0,"enemies":"Jaw Worm","floor":4.0,"turns":1.0},{"damage":0.0,"enemies":"Cultist","floor":5.0,"turns":1.0},{"damage":2.0,"enemies":"3 Louse","floor":7.0,"turns":4.0},{"damage":8.0,"enemies":"Blue Slaver","floor":11.0,"turns":4.0},{"damage":25.0,"enemies":"3 Sentries","floor":13.0,"turns":5.0},{"damage":56.0,"enemies":"Slime Boss","floor":16.0,"turns":7.0},{"damage":6.0,"enemies":"Spheric Guardian","floor":18.0,"turns":3.0},{"damage":4.0,"enemies":"Chosen","floor":20.0,"turns":5.0},{"damage":3.0,"enemies":"Snake Plant","floor":22.0,"turns":4.0},{"damage":3.0,"enemies":"Shelled Parasite and Fungi","floor":24.0,"turns":4.0},{"damage":4,"enemies":"3 Cultists","floor":28,"turns":4},{"damage":3,"enemies":"Snake Plant","floor":29,"turns":3},{"damage":11,"enemies":"Sentry and Sphere","floor":31,"turns":4},{"damage":56,"enemies":"Collector","floor":33,"turns":8},{"damage":4,"enemies":"3 Darklings","floor":35,"turns":3},{"damage":0,"enemies":"3 Shapes","floor":38,"turns":3},{"damage":36,"enemies":"Nemesis","floor":41,"turns":5},{"damage":20,"enemies":"Writhing Mass","floor":42,"turns":4}],"seed_played":"3000443117643854502","potions_obtained":[{"floor":1.0,"key":"GamblersBrew"},{"floor":13.0,"key":"EntropicBrew"},{"floor":16.0,"key":"PowerPotion"},{"floor":18.0,"key":"Block Potion"},{"floor":21.0,"key":"DistilledChaos"},{"floor":29,"key":"Strength Potion"},{"floor":31,"key":"Block Potion"},{"floor":33,"key":"Dexterity Potion"},{"floor":34,"key":"Explosive Potion"}],"is_trial":false,"path_per_floor":["M","?","?","M","M","R","M","R","T","R","M","$","E","?","R","B",null,"M","?","M","?","M","R","M","R","T","$","M","M","R","M","R","B",null,"M","$","?","M","?","R","E","M"],"character_chosen":"IRONCLAD","items_purchased":["Vajra","Medical Kit","Spot Weakness","Shuriken","Wild Strike+1"],"campfire_rested":1,"item_purchase_floors":[12,27,27,36,36],"current_hp_per_floor":[80,73,80,80,80,80,80,80,80,80,78,78,59,39,63,13,63,63,40,40,40,40,40,40,40,40,37,37,37,37,32,32,17,37,39,39,39,42,42,42,12,0,0],"gold":383,"neow_bonus":"THREE_ENEMY_KILL","is_daily":false,"chose_seed":false,"campfire_upgraded":8,"win_rate":0.0,"timestamp":1609634852,"path_taken":["M","?","?","?","M","R","?","R","T","R","M","$","E","?","R","BOSS","M","?","M","?","M","R","M","R","T","$","M","?","R","M","R","BOSS","M","$","?","M","?","R","E","M"],"items_purchased_type":["Relic","Relic","Card","Relic","Card"],"build_version":"2020-12-22","purchased_purges":1,"victory":false,"max_hp_per_floor":[80,80,80,80,80,80,80,80,80,80,80,80,80,80,80,80,80,80,40,40,40,40,40,40,40,40,37,37,37,37,37,37,37,42,42,42,42,42,42,42,42,42,42],"card_choices":[{"not_picked":["Disarm","Shrug It Off"],"picked":"Dark Embrace","floor":1.0},{"not_picked":["Rampage","Heavy Blade"],"picked":"True Grit","floor":4.0},{"not_picked":["True Grit","Shrug It Off"],"picked":"Twin Strike","floor":5.0},{"not_picked":["Body Slam","Sentinel"],"picked":"Inflame","floor":7.0},{"not_picked":["True Grit","Clothesline"],"picked":"Immolate","floor":11.0},{"not_picked":["Warcry","Body Slam"],"picked":"Heavy Blade","floor":13.0},{"not_picked":["Berserk","Double Tap"],"picked":"Immolate","floor":16.0},{"not_picked":["Bloodletting","Entrench+1"],"picked":"Battle Trance","floor":18.0},{"not_picked":["Blood for Blood","Cleave+1"],"picked":"Heavy Blade+1","floor":20.0},{"not_picked":["Wild Strike","Body Slam"],"picked":"Heavy Blade","floor":22.0},{"not_picked":["Sword Boomerang+1","Whirlwind"],"picked":"Inflame","floor":24.0},{"not_picked":["Shrug It Off+1","Thunderclap+1"],"picked":"Anger+1","floor":28},{"not_picked":["Corruption","Body Slam+1"],"picked":"Sword Boomerang+1","floor":29},{"not_picked":["Body Slam+1","Cleave+1"],"picked":"Seeing Red+1","floor":31},{"not_picked":["Reaper+1","Limit Break"],"picked":"Demon Form","floor":33},{"not_picked":["Perfected Strike+1","Clothesline+1"],"picked":"Flame Barrier","floor":34},{"not_picked":["Dual Wield+1","Combust+1"],"picked":"Armaments+1","floor":35},{"not_picked":["Shrug It Off","Clash+1"],"picked":"Metallicize","floor":38},{"not_picked":["Pommel Strike+1","Sentinel","True Grit"],"picked":"SKIP","floor":41}],"player_experience":225930,"relics_obtained":[{"floor":9.0,"key":"The Courier"},{"floor":13.0,"key":"StoneCalendar"},{"floor":26.0,"key":"Molten Egg 2"},{"floor":41,"key":"Frozen Egg 2"}],"event_choices":[{"cards_removed":["Strike_R"],"damage_healed":0.0,"max_hp_gain":0.0,"max_hp_loss":0.0,"gold_gain":0.0,"event_name":"Golden Wing","player_choice":"Card Removal","floor":2.0,"gold_loss":0.0,"damage_taken":7.0},{"damage_healed":20.0,"max_hp_gain":0.0,"max_hp_loss":0.0,"gold_gain":0.0,"event_name":"The Cleric","player_choice":"Healed","floor":3.0,"gold_loss":35.0,"damage_taken":0.0},{"damage_healed":0.0,"max_hp_gain":0.0,"max_hp_loss":0.0,"gold_gain":0.0,"event_name":"Golden Idol","player_choice":"Take Damage","floor":14.0,"gold_loss":0.0,"damage_taken":20.0,"relics_obtained":["Golden Idol"]},{"damage_healed":0.0,"max_hp_gain":0.0,"max_hp_loss":40.0,"gold_gain":0.0,"event_name":"Ghosts","player_choice":"Became a Ghost","floor":19.0,"gold_loss":0.0,"damage_taken":0.0,"cards_obtained":["Ghostly","Ghostly","Ghostly","Ghostly","Ghostly"]},{"damage_healed":0.0,"max_hp_gain":0.0,"max_hp_loss":0.0,"gold_gain":0.0,"event_name":"Lab","player_choice":"Got Potions","floor":21.0,"gold_loss":0.0,"damage_taken":0.0},{"damage_healed":0,"gold_gain":0,"player_choice":"Paid","damage_taken":0,"relics_obtained":["Red Mask"],"max_hp_gain":0,"max_hp_loss":0,"event_name":"Tomb of Lord Red Mask","floor":37,"gold_loss":21},{"damage_healed":0,"gold_gain":333,"player_choice":"Gave Idol","damage_taken":0,"max_hp_gain":0,"max_hp_loss":0,"event_name":"The Moai Head","floor":39,"relics_lost":["Golden Idol"],"gold_loss":0}],"is_beta":false,"boss_relics":[{"not_picked":["Calling Bell","Black Star"],"picked":"Cursed Key"},{"not_picked":["Velvet Choker","Fusion Hammer"],"picked":"Tiny House"}],"items_purged_floors":[27],"is_endless":false,"potions_floor_spawned":[1,13,16,18,22,29,31,33,35],"killed_by":"Writhing Mass","ascension_level":5}}