{"host":"8u7tvcybuv0u72fd","time":1609652370,"event":{"mods":["BaseMod","BetterRewards","Colored Map","Colored Powertips","Minty Spire (QoL Compilation)","Quick Restart","Shop Mod"],"gold_per_floor":[118,118,193,163,177,188,221,285,312,69,81,81,81,100,100,201,201,221,221,221,276,293,293,323,83,129,141,16,16,16,51,51,148,148,164,174,174,174,184,184,203,203,203,2,2,17,17,49,49,49,49,49,49,75,75,75],"floor_reached":55,"playtime":2622,"items_purged":["Strike_R","Strike_R","Decay"],"score":981,"play_id":"800b2e50-aa01-4a6d-aa0a-04df083789a8","local_time":"20210103003930","is_ascension_mode":false,"campfire_choices":[{"data":"Body Slam","floor":13.0,"key":"SMITH"},{"data":"Uppercut","floor":15.0,"key":"SMITH"},{"data":"Bash","floor":29.0,"key":"SMITH"},{"data":"Shrug It Off","floor":32.0,"key":"SMITH"},{"data":"Bludgeon","floor":40.0,"key":"SMITH"},{"data":"Clash","floor":45,"key":"SMITH"},{"data":"Defend_R","floor":47,"key":"SMITH"},{"floor":49,"key":"RECALL"},{"data":"Defend_R","floor":52,"key":"SMITH"}],"circlet_count":0,"master_deck":["Strike_R","Strike_R","Strike_R","Defend_R","Defend_R+1","Defend_R+1","Bash+1","Body Slam+1","Clash+1","Battle Trance","Shrug It Off+1","Uppercut+1","Headbutt","Bludgeon+1","True Grit"],"relics":["Burning Blood","HornCleat","TungstenRod","Letter Opener","Akabeko","Cursed Key","Bag of Preparation","Sundial","Pantograph","PreservedInsect","Busted Crown","MerchantsRug","Ice Cream","Kunai","Mercury Hourglass"],"acts_visited":["Exordium","TheCity","TheBeyond","TheEnding"],"potions_floor_usage":[55,55],"damage_taken":[{"damage":5.0,"enemies":"Jaw Worm","floor":1.0,"turns":3.0},{"damage":1.0,"enemies":"2 Louse","floor":5.0,"turns":3.0},{"damage":0.0,"enemies":"Cultist","floor":6.0,"turns":3.0},{"damage":25.0,"enemies":"Lagavulin","floor":7.0,"turns":6.0},{"damage":1.0,"enemies":"Blue Slaver","floor":11.0,"turns":2.0},{"damage":0.0,"enemies":"3 Louse","floor":14.0,"turns":2.0},{"damage":6.0,"enemies":"Hexaghost","floor":16.0,"turns":9.0},{"damage":8.0,"enemies":"2 Thieves","floor":18.0,"turns":3.0},{"damage":5.0,"enemies":"Shell Parasite","floor":22.0,"turns":2.0},{"damage":14.0,"enemies":"Gremlin Leader","floor":24.0,"turns":5.0},{"damage":0.0,"enemies":"Snecko","floor":27.0,"turns":3.0},{"damage":11.0,"enemies":"Slavers","floor":31.0,"turns":5.0},{"damage":28.0,"enemies":"Automaton","floor":33.0,"turns":11.0},{"damage":5.0,"enemies":"Orb Walker","floor":35.0,"turns":2.0},{"damage":5.0,"enemies":"3 Shapes","floor":36.0,"turns":2.0},{"damage":5.0,"enemies":"Sphere and 2 Shapes","floor":39.0,"turns":3.0},{"damage":8.0,"enemies":"Writhing Mass","floor":41.0,"turns":2.0},{"damage":9,"enemies":"3 Darklings","floor":46,"turns":5},{"damage":14,"enemies":"Reptomancer","floor":48,"turns":5},{"damage":52,"enemies":"Time Eater","floor":50,"turns":9},{"damage":0,"enemies":"Shield and Spear","floor":54,"turns":4},{"damage":116,"enemies":"The Heart","floor":55,"turns":8}],"seed_played":"8801571202271540953","potions_obtained":[{"floor":1.0,"key":"BloodPotion"},{"floor":4.0,"key":"FearPotion"},{"floor":5.0,"key":"SteroidPotion"},{"floor":7.0,"key":"AttackPotion"},{"floor":18.0,"key":"Fruit Juice"},{"floor":36.0,"key":"SteroidPotion"},{"floor":46,"key":"EssenceOfSteel"}],"is_trial":false,"path_per_floor":["M","?","?","?","M","M","E","?","T","$","M","?","R","M","R","B",null,"M","$","?","T","M","?","E","$","T","M","$","R","?","E","R","B",null,"M","M","?","?","M","R","M","?","T","$","R","M","R","E","R","B",null,"R","$","E","B"],"character_chosen":"IRONCLAD","items_purchased":["HornCleat","Body Slam","Letter Opener","Regen Potion","Akabeko","Pantograph","MerchantsRug","Ice Cream"],"campfire_rested":0,"item_purchase_floors":[0,0,0,0,10,25,44,44],"current_hp_per_floor":[49,54,44,44,66,72,53,53,53,53,58,58,58,64,64,64,85,88,88,88,88,89,77,69,69,69,75,90,90,90,85,85,68,90,90,90,90,90,90,90,88,100,100,100,100,97,97,89,89,54,100,100,100,100,0,0],"gold":75,"neow_bonus":"","is_daily":false,"chose_seed":false,"campfire_upgraded":8,"win_rate":0.0,"timestamp":1609652370,"path_taken":["M","?","?","?","M","?","E","?","T","$","M","?","R","M","R","BOSS","M","$","?","?","M","?","E","$","T","M","?","R","?","E","R","BOSS","M","?","?","?","M","R","?","?","T","$","R","M","R","E","R","BOSS","R","$","E","BOSS"],"items_purchased_type":["Relic","Card","Relic","Potion","Relic","Relic","Relic","Relic"],"build_version":"2020-12-22","purchased_purges":3,"victory":false,"max_hp_per_floor":[80,85,85,85,85,85,85,85,85,85,85,85,85,85,85,85,85,90,90,90,90,90,90,90,90,90,90,90,90,90,90,90,90,90,90,90,90,90,90,90,90,100,100,100,100,100,100,100,100,100,100,100,100,100,100,100],"card_choices":[{"not_picked":["Rage","Rampage"],"picked":"Clash","floor":1.0},{"not_picked":["Sentinel","Shockwave"],"picked":"Battle Trance","floor":5.0},{"not_picked":["Infernal Blade","Power Through","Ghostly Armor"],"picked":"SKIP","floor":6.0},{"not_picked":["Havoc","Rage","Pommel Strike"],"picked":"SKIP","floor":7.0},{"not_picked":["Clothesline","Wild Strike"],"picked":"Shrug It Off","floor":11.0},{"not_picked":["Clash","Spot Weakness"],"picked":"Uppercut","floor":14.0},{"not_picked":["Impervious","Reaper"],"picked":"Offering","floor":16.0},{"not_picked":["Sword Boomerang","Twin Strike","Searing Blow"],"picked":"SKIP","floor":18.0},{"not_picked":["Dual Wield","Havoc","Iron Wave"],"picked":"SKIP","floor":22.0},{"not_picked":["Second Wind","Dark Embrace","Heavy Blade"],"picked":"SKIP","floor":24.0},{"not_picked":["Iron Wave","Shrug It Off+1","Heavy Blade"],"picked":"SKIP","floor":27.0},{"not_picked":["Cleave+1","Feel No Pain","Evolve"],"picked":"SKIP","floor":31.0},{"not_picked":["Corruption","Exhume"],"picked":"Bludgeon","floor":33.0},{"not_picked":["Infernal Blade+1"],"picked":"SKIP","floor":35.0},{"not_picked":["Clash+1"],"picked":"SKIP","floor":36.0},{"not_picked":["Combust"],"picked":"SKIP","floor":39.0},{"not_picked":["Ghostly Armor+1"],"picked":"SKIP","floor":41.0},{"not_picked":["Reckless Charge+1"],"picked":"SKIP","floor":46},{"not_picked":["Wild Strike"],"picked":"SKIP","floor":48},{"not_picked":[],"picked":"True Grit","floor":54}],"player_experience":1250621,"relics_obtained":[{"floor":7.0,"key":"Dream Catcher"},{"floor":21.0,"key":"Bag of Preparation"},{"floor":23.0,"key":"Nilry\u0027s Codex"},{"floor":24.0,"key":"Sundial"},{"floor":26.0,"key":"MealTicket"},{"floor":30.0,"key":"Dead Branch"},{"floor":31.0,"key":"PreservedInsect"},{"floor":48,"key":"Kunai"},{"floor":54,"key":"Mercury Hourglass"}],"event_choices":[{"damage_healed":0.0,"max_hp_gain":5.0,"max_hp_loss":0.0,"gold_gain":0.0,"event_name":"Big Fish","player_choice":"Donut","floor":2.0,"gold_loss":0.0,"damage_taken":0.0},{"damage_healed":0.0,"max_hp_gain":0.0,"max_hp_loss":0.0,"gold_gain":75.0,"event_name":"World of Goop","player_choice":"Gather Gold","floor":3.0,"gold_loss":0.0,"damage_taken":11.0},{"damage_healed":0.0,"max_hp_gain":0.0,"max_hp_loss":0.0,"gold_gain":0.0,"event_name":"The Woman in Blue","player_choice":"Bought 2 Potions","floor":4.0,"gold_loss":0.0,"damage_taken":0.0},{"damage_healed":0.0,"max_hp_gain":0.0,"max_hp_loss":0.0,"gold_gain":64.0,"event_name":"Golden Wing","player_choice":"Gained Gold","floor":8.0,"gold_loss":0.0,"damage_taken":0.0},{"damage_healed":0.0,"max_hp_gain":0.0,"max_hp_loss":0.0,"gold_gain":0.0,"event_name":"Liars Game","player_choice":"Ignored","floor":12.0,"gold_loss":0.0,"damage_taken":0.0},{"damage_healed":0.0,"max_hp_gain":0.0,"max_hp_loss":0.0,"gold_gain":0.0,"event_name":"The Library","player_choice":"Read","floor":20.0,"gold_loss":0.0,"damage_taken":0.0,"cards_obtained":["Headbutt"]},{"damage_healed":0.0,"max_hp_gain":0.0,"max_hp_loss":0.0,"gold_gain":0.0,"event_name":"Cursed Tome","player_choice":"Obtained Book","floor":23.0,"gold_loss":0.0,"damage_taken":16.0},{"damage_healed":0.0,"max_hp_gain":0.0,"max_hp_loss":0.0,"gold_gain":0.0,"event_name":"Wheel of Change","player_choice":"Relic","floor":30.0,"gold_loss":0.0,"damage_taken":0.0},{"cards_removed":["Defend_R"],"damage_healed":0.0,"max_hp_gain":0.0,"max_hp_loss":0.0,"gold_gain":0.0,"event_name":"Falling","player_choice":"Removed Skill","floor":37.0,"gold_loss":0.0,"damage_taken":0.0},{"cards_removed":["Pain"],"damage_healed":0.0,"max_hp_gain":0.0,"max_hp_loss":0.0,"gold_gain":0.0,"event_name":"Purifier","player_choice":"Purged","floor":38.0,"gold_loss":0.0,"damage_taken":0.0},{"cards_removed":["Offering"],"damage_healed":2.0,"max_hp_gain":10.0,"max_hp_loss":0.0,"gold_gain":0.0,"event_name":"Bonfire Elementals","player_choice":"Offered Rare","floor":42.0,"gold_loss":0.0,"damage_taken":0.0}],"is_beta":false,"boss_relics":[{"not_picked":["Runic Pyramid","Ectoplasm"],"picked":"Cursed Key"},{"not_picked":["SlaversCollar","Astrolabe"],"picked":"Busted Crown"}],"items_purged_floors":[0,10,28],"is_endless":false,"potions_floor_spawned":[1,5,7,14,18,36,46],"killed_by":"The Heart","ascension_level":0}}