{"host":"j61pjxqytd94o6ng","time":1609640688,"event":{"mods":["BaseMod","Bestiary","Colored Map","Colored Powertips","Curses Come First","Minty Spire (QoL Compilation)","StSLib"],"gold_per_floor":[13,13,31,5,26,26,44,82,82,82,82,105,105,143,143,143,143],"floor_reached":16,"playtime":1170,"items_purged":[],"score":193,"play_id":"05872e5e-11dc-4747-945d-a8e0fdb7516e","local_time":"20210102192448","is_ascension_mode":true,"campfire_choices":[{"floor":6.0,"key":"REST"},{"data":"Noxious Fumes","floor":10.0,"key":"SMITH"},{"data":"Die Die Die","floor":13,"key":"SMITH"},{"data":"Calculated Gamble","floor":15,"key":"SMITH"}],"circlet_count":0,"master_deck":["AscendersBane","Strike_G","Strike_G","Strike_G","Strike_G","Strike_G","Defend_G","Defend_G","Defend_G","Defend_G","Defend_G","Survivor","Neutralize","PiercingWail","Calculated Gamble+1","PiercingWail","Noxious Fumes+1","Distraction","Reflex","Die Die Die+1","Reflex"],"relics":["Ring of the Snake","Calipers","Golden Idol","Meat on the Bone","White Beast Statue","Pear"],"acts_visited":["Exordium"],"potions_floor_usage":[14],"damage_taken":[{"damage":0.0,"enemies":"Jaw Worm","floor":1.0,"turns":6.0},{"damage":0.0,"enemies":"Small Slimes","floor":3.0,"turns":4.0},{"damage":0.0,"enemies":"2 Louse","floor":5.0,"turns":3.0},{"damage":0.0,"enemies":"Exordium Wildlife","floor":7.0,"turns":4.0},{"damage":21.0,"enemies":"Lagavulin","floor":8.0,"turns":9.0},{"damage":14,"enemies":"Gremlin Gang","floor":12,"turns":7},{"damage":32,"enemies":"Gremlin Nob","floor":14,"turns":5},{"damage":33,"enemies":"Slime Boss","floor":16,"turns":3}],"seed_played":"-8993739795633869410","potions_obtained":[{"floor":3.0,"key":"LiquidMemories"},{"floor":7.0,"key":"Strength Potion"},{"floor":12,"key":"Block Potion"},{"floor":14,"key":"SmokeBomb"}],"is_trial":false,"path_per_floor":["M","?","M","$","M","R","M","E","T","R","?","M","R","E","R","B"],"character_chosen":"THE_SILENT","items_purchased":["PiercingWail"],"campfire_rested":1,"item_purchase_floors":[4],"current_hp_per_floor":[59,36,36,36,36,55,55,34,34,34,39,37,37,27,27,0,0],"gold":143,"neow_bonus":"ONE_RARE_RELIC","is_daily":false,"chose_seed":false,"campfire_upgraded":3,"win_rate":0.0,"timestamp":1609640688,"path_taken":["M","?","M","$","M","R","M","E","T","R","?","M","R","E","R","BOSS"],"items_purchased_type":["Card"],"build_version":"2020-12-22","purchased_purges":0,"victory":false,"max_hp_per_floor":[66,66,66,66,66,66,66,66,66,66,71,71,71,81,81,81,81],"card_choices":[{"not_picked":["Dagger Spray","Dodge and Roll"],"picked":"PiercingWail","floor":1.0},{"not_picked":["Infinite Blades","Blade Dance"],"picked":"Calculated Gamble","floor":3.0},{"not_picked":["Prepared","Dagger Throw"],"picked":"Noxious Fumes","floor":5.0},{"not_picked":["Accuracy","Choke"],"picked":"Distraction","floor":7.0},{"not_picked":["Cloak And Dagger","Escape Plan"],"picked":"Reflex","floor":8.0},{"not_picked":["Sucker Punch","Bane"],"picked":"Die Die Die","floor":12},{"not_picked":["Quick Slash","Bane"],"picked":"Reflex","floor":14}],"player_experience":478185,"relics_obtained":[{"floor":8.0,"key":"Meat on the Bone"},{"floor":9.0,"key":"White Beast Statue"},{"floor":14,"key":"Pear"}],"event_choices":[{"damage_healed":0.0,"max_hp_gain":0.0,"max_hp_loss":0.0,"gold_gain":0.0,"event_name":"Golden Idol","player_choice":"Take Damage","floor":2.0,"gold_loss":0.0,"damage_taken":23.0,"relics_obtained":["Golden Idol"]},{"damage_healed":0.0,"max_hp_gain":5.0,"max_hp_loss":0.0,"gold_gain":0.0,"event_name":"Big Fish","player_choice":"Donut","floor":11.0,"gold_loss":0.0,"damage_taken":0.0}],"is_beta":false,"boss_relics":[],"items_purged_floors":[],"is_endless":false,"potions_floor_spawned":[3,7,12,14],"killed_by":"Slime Boss","ascension_level":15}}