{"host":"rolltorest","time":1609716212,"event":{"mods":["BaseMod","Minty Spire (QoL Compilation)","Relic Stats","Slay the Relics Exporter","StSLib","The Marked"],"gold_per_floor":[119,119,134,134,134,160,160,37,37,55,81,256,256,272,272,377,377,396,412,428,9,9,9,9],"floor_reached":23,"playtime":767,"items_purged":["theMarked:Strike","theMarked:Strike"],"score":199,"play_id":"497c9b93-caa3-446e-b55c-40255320816b","local_time":"20210103152332","is_ascension_mode":false,"campfire_choices":[{"data":"theMarked:RepellingDischarge","floor":7,"key":"SMITH"},{"data":"theMarked:WardOff","floor":15,"key":"SMITH"}],"circlet_count":0,"master_deck":["theMarked:Strike","theMarked:Strike+1","theMarked:Defend","theMarked:Defend","theMarked:Defend","theMarked:Defend+1","theMarked:SoldierOfQuellstein+1","theMarked:ResourceFulStrike","theMarked:RepellingDischarge+1","theMarked:Parkour","theMarked:ReduceFriction","theMarked:WardOff+1","theMarked:ThrowWeapon","theMarked:ChainLightning+1","theMarked:KeepCalmAndFightOn+1","theMarked:BanishingStrike","theMarked:SummonStrength"],"relics":["theMarked:ArtifactOfAir","Incense Burner","Happy Flower","Mango","Darkstone Periapt","Bottled Flame","theMarked:SpiritSword","OrangePellets"],"acts_visited":["Exordium","TheCity"],"potions_floor_usage":[11,23],"damage_taken":[{"damage":1,"enemies":"Jaw Worm","floor":1,"turns":4},{"damage":0,"enemies":"2 Louse","floor":3,"turns":2},{"damage":15,"enemies":"Gremlin Nob","floor":6,"turns":4},{"damage":0,"enemies":"Cultist","floor":10,"turns":3},{"damage":8,"enemies":"Lagavulin","floor":11,"turns":6},{"damage":0,"enemies":"Looter","floor":14,"turns":3},{"damage":28,"enemies":"Hexaghost","floor":16,"turns":12},{"damage":2,"enemies":"Shell Parasite","floor":18,"turns":5},{"damage":12,"enemies":"2 Thieves","floor":19,"turns":4},{"damage":33,"enemies":"Shelled Parasite and Fungi","floor":20,"turns":6},{"damage":37,"enemies":"Slavers","floor":23,"turns":4}],"seed_played":"3174553750262864079","potions_obtained":[{"floor":1,"key":"Swift Potion"},{"floor":6,"key":"CultistPotion"},{"floor":10,"key":"FearPotion"},{"floor":11,"key":"SteroidPotion"},{"floor":18,"key":"EssenceOfSteel"}],"is_trial":false,"path_per_floor":["M","?","M","?","?","E","R","$","T","M","E","?","?","M","R","B",null,"M","M","M","$","?","E"],"character_chosen":"THE_DEFAULT","items_purchased":["theMarked:Parkour","theMarked:BanishingStrike","OrangePellets","theMarked:SummonStrength"],"campfire_rested":0,"item_purchase_floors":[8,21,21,21],"current_hp_per_floor":[62,49,49,49,49,48,48,48,48,48,40,46,46,46,46,18,83,81,69,36,36,36,0,0],"gold":9,"neow_bonus":"ONE_RARE_RELIC","is_daily":false,"chose_seed":false,"campfire_upgraded":2,"win_rate":0.0,"timestamp":1609716212,"path_taken":["M","?","M","?","?","E","R","$","T","?","E","?","?","M","R","BOSS","M","M","M","$","?","E"],"items_purchased_type":["Card","Card","Relic","Card"],"build_version":"2020-12-18","purchased_purges":2,"victory":false,"max_hp_per_floor":[63,63,63,63,63,77,77,77,77,77,77,83,83,83,83,83,83,83,83,83,83,83,83,83],"relic_stats":{"Darkstone Periapt":6,"OrangePellets":[1],"Happy Flower":[15],"counters":[11,53],"obtain_stats":[{"Darkstone Periapt":9,"theMarked:ArtifactOfAir":0,"OrangePellets":21,"Bottled Flame":11,"Happy Flower":5,"Mango":6,"theMarked:SpiritSword":17,"Incense Burner":0},{"Darkstone Periapt":3,"theMarked:ArtifactOfAir":0,"OrangePellets":10,"Bottled Flame":5,"Happy Flower":2,"Mango":3,"theMarked:SpiritSword":7,"Incense Burner":0},{"Darkstone Periapt":10,"theMarked:ArtifactOfAir":0,"OrangePellets":49,"Bottled Flame":19,"Happy Flower":6,"Mango":10,"theMarked:SpiritSword":34,"Incense Burner":0}]},"card_choices":[{"not_picked":["theMarked:AttractMetal","theMarked:Aftermath"],"picked":"theMarked:ResourceFulStrike","floor":1},{"not_picked":["theMarked:ResourceFulStrike","theMarked:ElectricStrings","theMarked:TakeCover"],"picked":"SKIP","floor":3},{"not_picked":["theMarked:TakeCover","theMarked:ElectricStrings"],"picked":"theMarked:RepellingDischarge","floor":6},{"not_picked":["theMarked:MysticalArsenal","theMarked:Frustration","theMarked:Indomitable"],"picked":"SKIP","floor":10},{"not_picked":["theMarked:RepellingDischarge","theMarked:Indomitable"],"picked":"theMarked:ReduceFriction","floor":11},{"not_picked":["theMarked:TwofoldDefense","theMarked:WastefulDefense"],"picked":"theMarked:WardOff","floor":14},{"not_picked":["theMarked:FavorableWinds","theMarked:DispelDoubt"],"picked":"theMarked:ThrowWeapon","floor":16},{"not_picked":["theMarked:Aftermath","theMarked:WastefulDefense"],"picked":"theMarked:ChainLightning+1","floor":18},{"not_picked":["theMarked:Static","theMarked:RepellingDischarge","theMarked:WastefulDefense"],"picked":"SKIP","floor":19},{"not_picked":["theMarked:MaelstromOfLightning","theMarked:ElectricStrings"],"picked":"theMarked:KeepCalmAndFightOn+1","floor":20}],"player_experience":1719581,"relics_obtained":[{"floor":6,"key":"Mango"},{"floor":9,"key":"Darkstone Periapt"},{"floor":11,"key":"Bottled Flame"}],"event_choices":[{"damage_healed":0,"gold_gain":0,"player_choice":"Entered Light","damage_taken":13,"max_hp_gain":0,"max_hp_loss":0,"event_name":"Shining Light","floor":2,"gold_loss":0,"cards_upgraded":["theMarked:Strike","theMarked:Defend"]},{"damage_healed":0,"gold_gain":0,"player_choice":"Grow","damage_taken":0,"max_hp_gain":0,"max_hp_loss":0,"event_name":"Living Wall","floor":4,"gold_loss":0,"cards_upgraded":["theMarked:SoldierOfQuellstein"]},{"damage_healed":0,"gold_gain":0,"player_choice":"Gave Potion","damage_taken":0,"relics_obtained":["Happy Flower"],"max_hp_gain":0,"max_hp_loss":0,"event_name":"WeMeetAgain","floor":5,"gold_loss":0},{"damage_healed":0,"gold_gain":175,"player_choice":"AGREE","damage_taken":0,"max_hp_gain":0,"max_hp_loss":0,"event_name":"Liars Game","floor":12,"gold_loss":0,"cards_obtained":["Doubt"]},{"cards_removed":["Doubt"],"damage_healed":0,"gold_gain":0,"player_choice":"Purged","damage_taken":0,"max_hp_gain":0,"max_hp_loss":0,"event_name":"Purifier","floor":13,"gold_loss":0},{"cards_removed":["theMarked:Strike"],"damage_healed":0,"gold_gain":0,"player_choice":"Purged","damage_taken":0,"max_hp_gain":0,"max_hp_loss":0,"event_name":"Purifier","floor":22,"gold_loss":0}],"is_beta":true,"boss_relics":[{"not_picked":["Fusion Hammer","Runic Pyramid"],"picked":"theMarked:SpiritSword"}],"items_purged_floors":[8,21],"is_endless":false,"potions_floor_spawned":[1,6,10,11,18],"killed_by":"Slavers","ascension_level":0}}