{"host":"w5vfr18i2ft1pzo2","time":1609661320,"event":{"mods":["Act Like it!","Aspiration","Bartender","BaseMod","Better Third Choice","BetterRewards","Colored Map","Colored Powertips","Conspire","Curses Come First","DNKmod","Defuse TimeMaze Blight","Dota2Spire","Energized Spire","Evolution","Force Act Four","Friendly Minions","Gensokyo","GifTheSpireLib","Gold Saver","Halation","Hubris","Hyrulean Relics","Infinite Spire","Jedi Mod","Magitek Elite","Marisa????????","Minty Spire (QoL Compilation)","MostiFishMod","Prisma Mod","Remilia??????","Replay The Spire","SacredBarkPlus","Small Relic Pack","Spicy Shops","Spikes Relics","StSLib","Stuff the Spire","Synergy Search","The Blue Laboratory","The Construct","The Servant 0.9.4","Trackpad","Treasure Hunter","Uncapped","Wandering Minibosses","Yakumo Yukari mod","noobMod","vexMod","??????REMEMod"],"gold_per_floor":[739,781,781,781,792,827,827,857,857,857,316,316,316,72,72,170,170,185,185,202,218,218,252,252,267,267,281,281,316,347,360,360,462,462,479,491,491,505,505,536,552,552,552,552,552,599,599,629,629,629,629,629,629,664,664],"floor_reached":56,"playtime":2804,"items_purged":["Defend_MRS","Defend_MRS","Regret","Injury","Defend_MRS","Defend_MRS","Strike_MRS"],"score":1678,"play_id":"6a501f43-da11-4508-821a-dcf3d8b056fc","local_time":"20210103160840","is_ascension_mode":false,"campfire_choices":[{"floor":7.0,"key":"RECALL"},{"data":"MachineGunSpark","floor":10.0,"key":"SMITH"},{"data":"MilkyWay","floor":12.0,"key":"SMITH"},{"data":"MeteoricShower","floor":12.0,"key":"SMITH"},{"data":"Acceleration","floor":15.0,"key":"SMITH"},{"data":"Singularity","floor":15.0,"key":"SMITH"},{"data":"MilkyWay","floor":28.0,"key":"SMITH"},{"data":"MysteriousBeam","floor":28.0,"key":"SMITH"},{"data":"MagicChant","floor":32.0,"key":"SMITH"},{"data":"MysteriousBeam","floor":32.0,"key":"SMITH"},{"data":"Flash of Steel","floor":42,"key":"SMITH"},{"data":"Acceleration","floor":42,"key":"SMITH"},{"data":"ManaRampage","floor":47,"key":"SMITH"},{"data":"TH:DeckOfManyThings","floor":47,"key":"SMITH"},{"data":"IllusionStar","floor":49,"key":"SMITH"},{"data":"MysteriousBeam","floor":49,"key":"SMITH"},{"data":"Acceleration","floor":52,"key":"SMITH"},{"data":"ShootTheMoon","floor":52,"key":"SMITH"}],"circlet_count":0,"master_deck":["Strike_MRS","Strike_MRS","Strike_MRS","MasterSpark","UpSweep","MeteoricShower+1","MilkyWay+1","Singularity+1","ShootTheMoon+1","TH:BikiniMail","Acceleration+1","TH:BikiniMail","MachineGunSpark+1","TH:ArmorSpikes","MagicChant+1","TH:CursedSword","CasketOfStar+1","MysteriousBeam+1","UltimateShortwave","LuminesStrike+1","TH:BikiniMail","MachineGunSpark","MilkyWay+1","GravityBeat+1","TH:DeckOfManyThings+1","Acceleration+1","EventHorizon+1","TH:BikiniMail","MysteriousBeam+1","MagicChant+1","TH:DeckOfManyThings","CasketOfStar+1","Acceleration+1","PowerUp+1","EnergyFlow+1","Acceleration+1","ManaRampage+1","MysteriousBeam+1","TH:TreasureMap","IllusionStar+1","GravityBeat+1","TH:DeckOfManyThings+1","FollowUp","OortCloud+1","AbsoluteMagnitude+1","hubris:Insight+1","Acceleration+1","TH:BikiniMail+1","StarDustReverie+1","EarthLightRay+1","TH:CursedSword+1","MysteriousBeam+1"],"relics":["MiniHakkero","EVO:Axolotl","DaveBox","ice","REME_ComplimentaryCards","NeowsBlessing","OrangePellets","SynthV:TestCard","Frozen Egg 2","jedi:shrinkray","StuffTheSpire:HeavyRock","ReplayTheSpireMod:TigerMarble","Replay:Arrowhead","halation:PinkSoulGem","Dream Catcher","Philosopher\u0027s Stone","wanderingMiniBosses:Inkheart","hubris:EvacipatedBox","conspire:TopHat","Rawhide","aspiration:PocketMushroom","Protect_Vest","Civilization","DiscerningMonocle","halation:Sosunser","infinitespire:PuzzleCube","ReplayFunnel","halation:KoshaPiece","hubris:Towel","conspire:DecoderRing","Golden Egg","BargainBundle","StuffTheSpire:RubySignet","hubris:TinFlute","Mythril_Glove","StuffTheSpire:PointBlank","Letter Opener","SynthV","infinitespire:Lucky Rock","Replay:Multitool","halation:Jellyphish","Lizard Tail","Dota2Spire:MaskOfMadness","halation:PromiseList"],"acts_visited":[],"potions_floor_usage":[33,33,33,33,33,33,46],"damage_taken":[{"damage":0.0,"enemies":"Cultist","floor":1.0,"turns":1.0},{"damage":2.0,"enemies":"conspire:RoseBush","floor":2.0,"turns":1.0},{"damage":0.0,"enemies":"infinitespire:Voidling","floor":5.0,"turns":1.0},{"damage":8.0,"enemies":"Lagavulin","floor":6.0,"turns":4.0},{"damage":15.0,"enemies":"3 Sentries","floor":8.0,"turns":5.0},{"damage":35.0,"enemies":"The Guardian","floor":16.0,"turns":7.0},{"damage":9.0,"enemies":"Spheric Guardian","floor":18.0,"turns":3.0},{"damage":14.0,"enemies":"Shell Parasite","floor":20.0,"turns":6.0},{"damage":8.0,"enemies":"Centurion and Healer","floor":21.0,"turns":5.0},{"damage":0.0,"enemies":"Book of Stabbing","floor":23.0,"turns":1.0},{"damage":0.0,"enemies":"conspire:HollyBat","floor":25.0,"turns":3.0},{"damage":0.0,"enemies":"Cultist and Chosen","floor":27.0,"turns":2.0},{"damage":0.0,"enemies":"conspire:MimicChest","floor":29.0,"turns":2.0},{"damage":8.0,"enemies":"conspire:SneckoGhost","floor":30.0,"turns":3.0},{"damage":0.0,"enemies":"Centurion and Healer","floor":31.0,"turns":2.0},{"damage":0,"enemies":"hubris:MusketHawk","floor":33,"turns":2},{"damage":4,"enemies":"3 Shapes","floor":35,"turns":1},{"damage":0,"enemies":"3 Darklings","floor":36,"turns":1},{"damage":0,"enemies":"Spire Growth","floor":38,"turns":1},{"damage":0,"enemies":"Giant Head","floor":40,"turns":1},{"damage":3,"enemies":"Sphere and 2 Shapes","floor":41,"turns":1},{"damage":0,"enemies":"Writhing Mass","floor":46,"turns":1},{"damage":0,"enemies":"Nemesis","floor":48,"turns":1},{"damage":0,"enemies":"Time Eater","floor":50,"turns":2},{"damage":0,"enemies":"Shield and Spear","floor":54,"turns":1},{"damage":31,"enemies":"The Heart","floor":55,"turns":3}],"seed_played":"6676498336565980546","potions_obtained":[{"floor":5.0,"key":"Swift Potion"},{"floor":16.0,"key":"Dota2Spire:Clarity"},{"floor":20.0,"key":"blueLaboratory:NullPotion"},{"floor":21.0,"key":"Adrenaline Potion"},{"floor":27.0,"key":"FearPotion"},{"floor":31.0,"key":"Cursed Concoction"},{"floor":33,"key":"Regen Potion"},{"floor":35,"key":"blueLaboratory:BottledHope"},{"floor":36,"key":"Dota2Spire:Clarity"},{"floor":38,"key":"DistilledChaos"},{"floor":41,"key":"jedi:mysterypotion"},{"floor":54,"key":"blueLaboratory:TrueEctoplasm"}],"is_trial":false,"path_per_floor":["M","M","?","?","M","E","R","E","T","R","$","R","?","$","R","B",null,"M","?","M","M","$","E","?","M","T","M","R","?","E","M","R_BF","B",null,"M","M","$","M","?","E","M","R","T","?","$","M","R","E","R","B",null,"R","$","E","B",null],"character_chosen":"MARISA","items_purchased":["MagicChant+1","Fruit Juice","Replay:Arrowhead","Dream Catcher","hubris:EvacipatedBox","halation:Sosunser","infinitespire:PuzzleCube","ReplayFunnel","halation:KoshaPiece","Flash of Steel","EnergyFlow+1","Acceleration","ManaRampage","BargainBundle","StuffTheSpire:RubySignet","hubris:TinFlute","Mythril_Glove","StuffTheSpire:PointBlank","OortCloud+1","AbsoluteMagnitude","hubris:Insight","REME_GoldPotion","SynthV","infinitespire:Lucky Rock","Replay:Multitool","halation:Jellyphish","Lizard Tail","Dota2Spire:MaskOfMadness","EarthLightRay+1","Swift Potion","AttackPotion","BottledSpark"],"campfire_rested":0,"item_purchase_floors":[11,11,11,14,22,37,37,37,37,37,37,37,37,45,45,45,45,45,45,45,45,45,53,53,53,53,53,53,53,53,53,53],"current_hp_per_floor":[75,73,73,73,73,73,73,58,58,58,63,63,63,63,63,28,80,71,71,57,49,18,18,18,18,18,18,18,18,10,13,13,16,86,88,104,104,117,117,131,145,145,145,145,145,163,163,182,182,202,205,205,205,227,227],"gold":664,"neow_bonus":"THREE_ENEMY_KILL","is_daily":false,"chose_seed":false,"campfire_upgraded":17,"win_rate":0.0,"timestamp":1609661320,"path_taken":["M","M","?","?","M","E","R","E","T","R","$","R","?","$","R","BOSS","M","?","M","?","?","E","?","M","T","?","R","?","E","M","R_BF","BOSS","M","M","$","M","?","E","M","R","T","?","$","M","R","E","R","BOSS","R","$","E","BOSS"],"items_purchased_type":["Card","Potion","Relic","Relic","Relic","Relic","Relic","Relic","Relic","Card","Card","Card","Card","Relic","Relic","Relic","Relic","Relic","Card","Card","Card","Potion","Relic","Relic","Relic","Relic","Relic","Relic","Card","Potion","Potion","Potion"],"build_version":"2020-12-22","purchased_purges":7,"victory":true,"max_hp_per_floor":[75,75,75,75,75,75,75,75,75,75,80,80,80,80,80,80,80,80,80,80,80,80,80,80,80,80,80,80,80,80,83,83,86,86,92,104,104,117,117,131,148,148,148,148,148,166,166,185,185,205,205,205,205,227,250],"card_choices":[{"not_picked":["DoubleSpark","SporeBomb"],"picked":"MilkyWay","floor":1.0},{"not_picked":["RefractionSpark","MachineGunSpark","MysteriousBeam","ChargingUp"],"picked":"Singularity","floor":2.0},{"not_picked":["Robbery","UnstableBomb","SuperNova+1","IllusionStar"],"picked":"ShootTheMoon","floor":5.0},{"not_picked":["TH:EnergyPotion","TH:CopperCoins","TH:ArmorSpikes"],"picked":"TH:BikiniMail","floor":6.0},{"not_picked":["SprinkleStarSeal","ChargingUp","6A","UnstableBomb"],"picked":"Acceleration","floor":6.0},{"not_picked":["TH:TreasureMap","TH:Mimic","TH:PixieDust"],"picked":"TH:BikiniMail","floor":8.0},{"not_picked":["EnergyRecoil","AsteroidBelt","WitchLeyline","ShootTheMoon"],"picked":"MachineGunSpark","floor":8.0},{"not_picked":["TH:CopperCoins","TH:Mimic","TH:PixieDust"],"picked":"TH:ArmorSpikes","floor":9.0},{"not_picked":["TH:BikiniMail","TH:EnergyPotion","TH:ArmorSpikes"],"picked":"TH:CursedSword","floor":16.0},{"not_picked":["JA","EscapeVelocity+1","SuperNova+1","MillisecondPulsars+1"],"picked":"CasketOfStar+1","floor":16.0},{"not_picked":["SporeBomb","EarthLightRay","ShootingEcho","GalacticHalo"],"picked":"MysteriousBeam","floor":18.0},{"not_picked":["WitchOfGreed+1","GasGiant","MachineGunSpark","AsteroidBelt+1"],"picked":"UltimateShortwave","floor":20.0},{"not_picked":["DeepEcoloBomb","AsteroidBelt","WitchLeyline","MilkyWay"],"picked":"LuminesStrike+1","floor":21.0},{"not_picked":["TH:PixieDust","TH:CopperCoins","TH:ArmorSpikes"],"picked":"TH:BikiniMail","floor":23.0},{"not_picked":["ManaConvection","StarlightTyphoon","ChargeUpSpray","DC"],"picked":"MachineGunSpark","floor":23.0},{"not_picked":["FinalSpark","ChargingUp","EarthLightRay+1","OortCloud+1"],"picked":"GravityBeat+1","floor":25.0},{"not_picked":["TH:PixieDust","TH:ElvenBoots","TH:ArmorSpikes"],"picked":"TH:DeckOfManyThings","floor":26.0},{"not_picked":["DC","BlazeAway","WitchOfGreed+1","MilkyWay"],"picked":"Acceleration+1","floor":27.0},{"not_picked":["IllusionStar","DoubleSpark","DarkSpark+1","WitchLeyline+1"],"picked":"EventHorizon+1","floor":29.0},{"not_picked":["TH:Mimic","TH:PixieDust","TH:TreasureMap"],"picked":"TH:BikiniMail","floor":30.0},{"not_picked":["LuminesStrike","MilkyWay","SuperPerseids+1","MeteoricShower+1"],"picked":"MysteriousBeam","floor":30.0},{"not_picked":["NonDirectionalLaser","ManaConvection","OrrerysSun+1","ChargeUpSpray"],"picked":"MagicChant","floor":31.0},{"not_picked":["TH:ArmorSpikes","TH:BikiniMail","TH:CursedSword"],"picked":"TH:DeckOfManyThings","floor":33},{"not_picked":["BinaryStars","JA","BigCrunch","SuperNova+1"],"picked":"CasketOfStar+1","floor":33},{"not_picked":["Orbital+1","ShootingEcho","LuminesStrike+1","UnstableBomb"],"picked":"Acceleration","floor":35},{"not_picked":["DragonMeteor+1","6A","MysteriousBeam+1","ShootingEcho"],"picked":"PowerUp+1","floor":36},{"not_picked":["SporeBomb","ManaConvection","DarkSpark","DoubleSpark"],"picked":"MysteriousBeam","floor":38},{"not_picked":["TH:Mimic","TH:PixieDust","TH:CopperCoins"],"picked":"TH:TreasureMap","floor":40},{"not_picked":["WitchLeyline+1","MysteriousBeam","EventHorizon+1","AsteroidBelt"],"picked":"IllusionStar","floor":40},{"not_picked":["MysteriousBeam+1","WitchOfGreed+1","ShootTheMoon+1","StarBarrage+1"],"picked":"GravityBeat+1","floor":41},{"not_picked":["TH:PixieDust","TH:CursedSword","TH:Mimic"],"picked":"TH:DeckOfManyThings","floor":43},{"not_picked":["Robbery","DC","NonDirectionalLaser","LuminesStrike+1"],"picked":"Acceleration+1","floor":46},{"not_picked":["TH:CopperCoins","TH:CursedSword","TH:PixieDust"],"picked":"TH:BikiniMail","floor":48},{"not_picked":["DC","IllusionStar+1","GravityBeat+1","6A"],"picked":"StarDustReverie","floor":48},{"not_picked":["TH:BikiniMail","TH:ArmorSpikes","TH:TreasureMap"],"picked":"TH:CursedSword","floor":54},{"not_picked":["NonDirectionalLaser","WitchLeyline+1","FairyDestructionRay+1","StarBarrage+1"],"picked":"MysteriousBeam+1","floor":54}],"player_experience":186833,"relics_obtained":[{"floor":1.0,"key":"SynthV:TestCard"},{"floor":6.0,"key":"StuffTheSpire:HeavyRock"},{"floor":8.0,"key":"ReplayTheSpireMod:TigerMarble"},{"floor":21.0,"key":"wanderingMiniBosses:Inkheart"},{"floor":23.0,"key":"conspire:TopHat"},{"floor":23.0,"key":"Rawhide"},{"floor":26.0,"key":"aspiration:PocketMushroom"},{"floor":29.0,"key":"Protect_Vest"},{"floor":30.0,"key":"Civilization"},{"floor":40,"key":"conspire:DecoderRing"},{"floor":43,"key":"Golden Egg"},{"floor":48,"key":"Letter Opener"},{"floor":54,"key":"halation:PromiseList"}],"event_choices":[{"damage_healed":0.0,"max_hp_gain":0.0,"max_hp_loss":0.0,"gold_gain":0.0,"event_name":"Big Fish","player_choice":"Box","floor":4.0,"gold_loss":0.0,"damage_taken":0.0,"relics_obtained":["jedi:shrinkray"],"cards_obtained":["Regret"]},{"damage_healed":0.0,"max_hp_gain":0.0,"max_hp_loss":0.0,"gold_gain":0.0,"event_name":"Match and Keep!","player_choice":"0 cards matched","floor":19.0,"gold_loss":0.0,"damage_taken":0.0,"cards_obtained":[]},{"cards_removed":["Flash of Steel"],"damage_healed":0,"gold_gain":0,"player_choice":"Took Card","damage_taken":0,"max_hp_gain":0,"max_hp_loss":0,"event_name":"NoteForYourself","floor":44,"gold_loss":0,"cards_obtained":["FollowUp"]}],"is_beta":false,"boss_relics":[{"not_picked":["halation:PlatinumPhoenix","NightmareShop"],"picked":"Philosopher\u0027s Stone"},{"not_picked":["aspiration:RandomNobGenerator","halation:Yufonium","jedi:hotpepper"],"picked":"DiscerningMonocle"}],"items_purged_floors":[11,14,22,22,37,45,53],"is_endless":false,"potions_floor_spawned":[1,5,16,20,21,27,31,33,35,36,38,41,54],"ascension_level":0}}