{"host":"k6u7q08ihsmpx7o5","time":1609689453,"event":{"mods":["BaseMod","Bestiary","Minty Spire (QoL Compilation)","StSLib"],"gold_per_floor":[359,21,21,21,37,70,70,100,100,0,17,17,42,71,83,166,178,207,219,146,169,196,208,220,244,282,294,17,43,58,91,91,165,165,185,240,240,272,272,307,324,324,324,344,369,369,395,60,60,60,60,60,60,6,34,34,34],"floor_reached":56,"playtime":5888,"items_purged":["Doubt","Defend_G","Strike_G","Strike_G"],"score":2407,"play_id":"fe437cea-328b-408c-ab9a-73ba900b3e6d","local_time":"20210103165733","is_ascension_mode":true,"campfire_choices":[{"data":"Blade Dance","floor":7.0,"key":"SMITH"},{"data":"Neutralize","floor":12.0,"key":"SMITH"},{"data":"Footwork","floor":15.0,"key":"SMITH"},{"data":"Caltrops","floor":23.0,"key":"SMITH"},{"data":"Adrenaline","floor":27.0,"key":"SMITH"},{"data":"Footwork","floor":32.0,"key":"SMITH"},{"data":"Leg Sweep","floor":42.0,"key":"SMITH"},{"floor":46.0,"key":"RECALL"},{"data":"PiercingWail","floor":49.0,"key":"SMITH"},{"floor":53.0,"key":"REST"}],"circlet_count":0,"master_deck":["AscendersBane","Strike_G","Strike_G","Defend_G","Defend_G","Defend_G","Defend_G","Survivor","Neutralize+1","Dash","Leg Sweep+1","Blade Dance+1","Caltrops+1","Footwork+1","Adrenaline+1","Tactician","Footwork+1","Heel Hook","Footwork+1","Finisher+1","Phantasmal Killer","Blade Dance+1","Blade Dance+1","Grand Finale","PiercingWail+1","Noxious Fumes","Cloak And Dagger+1","Dagger Spray","PiercingWail","Envenom"],"relics":["Ring of the Snake","Sling","Matryoshka","Mummified Hand","Orichalcum","Vajra","MawBank","Runic Pyramid","Nilry\u0027s Codex","White Beast Statue","Akabeko","Bag of Marbles","Art of War","Blood Vial","Pen Nib","WristBlade","TungstenRod","Happy Flower","Centennial Puzzle","Bottled Flame","Bronze Scales","Thread and Needle"],"acts_visited":["TheCity","TheBeyond","TheEnding"],"potions_floor_usage":[56,56],"damage_taken":[{"damage":13.0,"enemies":"Cultist","floor":1.0,"turns":6.0},{"damage":0.0,"enemies":"Small Slimes","floor":5.0,"turns":3.0},{"damage":2.0,"enemies":"3 Sentries","floor":6.0,"turns":8.0},{"damage":17.0,"enemies":"Lagavulin","floor":8.0,"turns":9.0},{"damage":0.0,"enemies":"Jaw Worm","floor":11.0,"turns":3.0},{"damage":3.0,"enemies":"Gremlin Nob","floor":13.0,"turns":3.0},{"damage":0.0,"enemies":"Gremlin Gang","floor":14.0,"turns":4.0},{"damage":0.0,"enemies":"The Guardian","floor":16.0,"turns":14.0},{"damage":0.0,"enemies":"3 Byrds","floor":18.0,"turns":3.0},{"damage":2.0,"enemies":"Chosen","floor":21.0,"turns":6.0},{"damage":0.0,"enemies":"Snecko","floor":22.0,"turns":6.0},{"damage":0.0,"enemies":"Centurion and Healer","floor":25.0,"turns":6.0},{"damage":0.0,"enemies":"Book of Stabbing","floor":29.0,"turns":3.0},{"damage":0.0,"enemies":"Snake Plant","floor":30.0,"turns":2.0},{"damage":0.0,"enemies":"Gremlin Leader","floor":31.0,"turns":4.0},{"damage":0.0,"enemies":"Champ","floor":33.0,"turns":16.0},{"damage":0.0,"enemies":"Orb Walker","floor":35.0,"turns":2.0},{"damage":0.0,"enemies":"2 Orb Walkers","floor":36.0,"turns":1.0},{"damage":0.0,"enemies":"3 Shapes","floor":38.0,"turns":3.0},{"damage":0.0,"enemies":"Giant Head","floor":40.0,"turns":4.0},{"damage":9.0,"enemies":"Transient","floor":41.0,"turns":6.0},{"damage":0.0,"enemies":"Jaw Worm Horde","floor":44.0,"turns":2.0},{"damage":0.0,"enemies":"Reptomancer","floor":45.0,"turns":1.0},{"damage":0.0,"enemies":"Giant Head","floor":47.0,"turns":5.0},{"damage":10.0,"enemies":"Awakened One","floor":50.0,"turns":9.0},{"damage":37.0,"enemies":"Donu and Deca","floor":51.0,"turns":9.0},{"damage":44.0,"enemies":"Shield and Spear","floor":55.0,"turns":4.0},{"damage":48,"enemies":"The Heart","floor":56,"turns":2}],"seed_played":"1901554997279260270","potions_obtained":[{"floor":8.0,"key":"Energy Potion"},{"floor":11.0,"key":"AttackPotion"},{"floor":14.0,"key":"DuplicationPotion"},{"floor":16.0,"key":"Fruit Juice"},{"floor":21.0,"key":"BlessingOfTheForge"},{"floor":22.0,"key":"Strength Potion"},{"floor":29.0,"key":"SkillPotion"},{"floor":30.0,"key":"GamblersBrew"},{"floor":31.0,"key":"Fire Potion"},{"floor":33.0,"key":"SteroidPotion"},{"floor":35.0,"key":"DuplicationPotion"},{"floor":36.0,"key":"ColorlessPotion"},{"floor":38.0,"key":"LiquidBronze"},{"floor":41.0,"key":"BlessingOfTheForge"},{"floor":44.0,"key":"Dexterity Potion"}],"is_trial":false,"path_per_floor":["M","$","?","?","M","E","R","E","T","$","M","R","E","M","R","B",null,"M","?","?","M","M","R","?","M","T","R","$","E","M","E","R","B",null,"M","?","?","M","?","E","M","R","T","M","E","R","E","$","R","B","B",null,"R","$","E","B"],"character_chosen":"THE_SILENT","items_purchased":["Sling","Leg Sweep","Blade Dance","Art of War","Bronze Scales","Dagger Spray","PiercingWail"],"campfire_rested":1,"item_purchase_floors":[2,2,2,28,48,48,54],"current_hp_per_floor":[46,46,39,39,39,37,37,20,20,20,20,20,17,17,17,22,59,59,38,38,36,36,36,36,36,36,36,36,36,38,40,40,42,64,66,68,68,70,70,71,62,62,62,64,66,66,68,68,68,60,25,60,71,71,27,0,0],"gold":34,"neow_bonus":"TWO_FIFTY_GOLD","is_daily":false,"chose_seed":false,"campfire_upgraded":8,"win_rate":0.0,"timestamp":1609689453,"path_taken":["M","$","?","?","M","E","R","E","T","?","M","R","E","?","R","BOSS","M","?","?","M","M","R","?","M","T","R","$","E","?","E","R","BOSS","M","?","?","M","?","E","M","R","T","M","E","R","E","$","R","BOSS","BOSS","R","$","E","BOSS"],"items_purchased_type":["Relic","Card","Card","Relic","Relic","Card","Card"],"build_version":"2020-12-22","purchased_purges":4,"victory":false,"max_hp_per_floor":[66,66,66,66,66,66,66,66,66,66,66,66,66,66,66,71,71,71,71,71,71,71,71,71,71,71,71,71,71,71,71,71,71,71,71,71,71,71,71,71,71,71,71,71,71,71,71,71,71,71,71,71,71,71,71,71,71],"card_choices":[{"not_picked":["Cloak And Dagger","Deflect"],"picked":"Dash","floor":1.0},{"not_picked":["Calculated Gamble","Acrobatics","Deadly Poison"],"picked":"SKIP","floor":5.0},{"not_picked":["Cloak And Dagger","Sucker Punch","Calculated Gamble"],"picked":"SKIP","floor":6.0},{"not_picked":["Flying Knee","Crippling Poison","Underhanded Strike"],"picked":"SKIP","floor":8.0},{"not_picked":["Endless Agony","Blur","Caltrops"],"picked":"SKIP","floor":11.0},{"not_picked":["Endless Agony","Blur"],"picked":"Caltrops","floor":11.0},{"not_picked":["Deadly Poison","Dodge and Roll"],"picked":"Footwork","floor":13.0},{"not_picked":["Dash","All Out Attack","Dagger Throw"],"picked":"SKIP","floor":14.0},{"not_picked":["Grand Finale","Bullet Time"],"picked":"Adrenaline","floor":16.0},{"not_picked":["Dodge and Roll","Cloak And Dagger"],"picked":"Tactician","floor":18.0},{"not_picked":["Leg Sweep","Slice"],"picked":"Footwork","floor":21.0},{"not_picked":["Blur","Quick Slash"],"picked":"Heel Hook","floor":22.0},{"not_picked":["Blade Dance","Footwork"],"picked":"Finisher+1","floor":25.0},{"not_picked":["Bouncing Flask","Bane"],"picked":"Heel Hook","floor":29.0},{"not_picked":["Deflect","Flying Knee","Endless Agony"],"picked":"SKIP","floor":30.0},{"not_picked":["Choke","Dash","Backflip"],"picked":"SKIP","floor":31.0},{"not_picked":["Glass Knife","Burst"],"picked":"Phantasmal Killer","floor":33.0},{"not_picked":["Distraction","Slice"],"picked":"Blade Dance+1","floor":35.0},{"not_picked":["Backstab","Deadly Poison"],"picked":"Blade Dance+1","floor":36.0},{"not_picked":["Blur","Well Laid Plans","Bane"],"picked":"SKIP","floor":38.0},{"not_picked":["Dagger Throw+1","Poisoned Stab+1"],"picked":"Grand Finale","floor":40.0},{"not_picked":["Dagger Spray","Deadly Poison"],"picked":"PiercingWail","floor":41.0},{"not_picked":["Sucker Punch+1","Slice"],"picked":"Noxious Fumes","floor":44.0},{"not_picked":["Riddle With Holes","Deflect","Dagger Throw"],"picked":"SKIP","floor":45.0},{"not_picked":["Leg Sweep+1","Choke"],"picked":"Cloak And Dagger+1","floor":47.0},{"not_picked":["Dagger Spray","Calculated Gamble"],"picked":"Envenom","floor":55.0}],"player_experience":1943422,"relics_obtained":[{"floor":6.0,"key":"Matryoshka"},{"floor":8.0,"key":"Mummified Hand"},{"floor":9.0,"key":"Orichalcum"},{"floor":9.0,"key":"Vajra"},{"floor":13.0,"key":"MawBank"},{"floor":19.0,"key":"Nilry\u0027s Codex"},{"floor":26.0,"key":"Akabeko"},{"floor":26.0,"key":"Bag of Marbles"},{"floor":29.0,"key":"Blood Vial"},{"floor":31.0,"key":"Pen Nib"},{"floor":36.0,"key":"TungstenRod"},{"floor":40.0,"key":"Happy Flower"},{"floor":45.0,"key":"Centennial Puzzle"},{"floor":47.0,"key":"Bottled Flame"},{"floor":55.0,"key":"Thread and Needle"}],"event_choices":[{"cards_removed":["Strike_G"],"damage_healed":0.0,"max_hp_gain":0.0,"max_hp_loss":0.0,"gold_gain":0.0,"event_name":"Golden Wing","player_choice":"Card Removal","floor":3.0,"gold_loss":0.0,"damage_taken":7.0},{"damage_healed":0.0,"max_hp_gain":0.0,"max_hp_loss":0.0,"gold_gain":0.0,"event_name":"Liars Game","player_choice":"Ignored","floor":4.0,"gold_loss":0.0,"damage_taken":0.0},{"damage_healed":0.0,"max_hp_gain":0.0,"max_hp_loss":0.0,"gold_gain":0.0,"event_name":"Cursed Tome","player_choice":"Obtained Book","floor":19.0,"gold_loss":0.0,"damage_taken":21.0},{"damage_healed":0.0,"max_hp_gain":0.0,"max_hp_loss":0.0,"gold_gain":0.0,"event_name":"Addict","player_choice":"Obtained Relic","floor":20.0,"gold_loss":85.0,"damage_taken":0.0,"relics_obtained":["White Beast Statue"]},{"damage_healed":0.0,"max_hp_gain":0.0,"max_hp_loss":0.0,"gold_gain":0.0,"event_name":"Duplicator","player_choice":"Copied","floor":24.0,"gold_loss":0.0,"damage_taken":0.0,"cards_obtained":["Footwork"]},{"damage_healed":0.0,"max_hp_gain":0.0,"max_hp_loss":0.0,"gold_gain":0.0,"event_name":"Mysterious Sphere","player_choice":"Fight","floor":36.0,"gold_loss":0.0,"damage_taken":0.0},{"cards_removed":["Heel Hook"],"damage_healed":0.0,"max_hp_gain":0.0,"max_hp_loss":0.0,"gold_gain":0.0,"event_name":"Falling","player_choice":"Removed Attack","floor":37.0,"gold_loss":0.0,"damage_taken":0.0},{"damage_healed":0.0,"max_hp_gain":0.0,"max_hp_loss":0.0,"gold_gain":0.0,"event_name":"Tomb of Lord Red Mask","player_choice":"Ignored","floor":39.0,"gold_loss":0.0,"damage_taken":0.0}],"is_beta":false,"boss_relics":[{"not_picked":["Empty Cage","Sozu"],"picked":"Runic Pyramid"},{"not_picked":["Cursed Key","Runic Dome"],"picked":"WristBlade"}],"items_purged_floors":[2,10,28,48],"is_endless":false,"potions_floor_spawned":[8,11,14,16,21,22,25,29,30,31,33,35,36,38,40,41,44,45,47,55],"killed_by":"The Heart","ascension_level":20}}