{"host":"6ko66ogg91i6g7xq","time":1609716449,"event":{"mods":["AchievementEnabler","Act Like it!","BaseMod","Colored Map","Colored Powertips","Downfall","Hermit","Minty Spire (QoL Compilation)","Quick Restart","Relic Stats","StSLib","The Jungle","everything is the same but u backflip on backflip"],"gold_per_floor":[118,118,137,62,62,62,87,103,171,171,189,189,189,189,189,292,292,261,271,271,271,271,301,301,301,301,301,5,5,25,55,55,160,160,173,105,154,4,20,52,0,26,26,26,50,50,62,62,62,62,62,62,62,95,95],"floor_reached":56,"playtime":1627,"items_purged":[],"score":1386,"play_id":"c7efafc5-5fe2-46fb-9a7a-bf98e21e4bbf","local_time":"20210103182729","is_ascension_mode":true,"campfire_choices":[{"floor":6,"key":"RECALL"},{"data":"Catalyst","floor":12,"key":"SMITH"},{"data":"Noxious Fumes","floor":15,"key":"SMITH"},{"data":"Noxious Fumes","floor":24,"key":"SMITH"},{"floor":29,"key":"REST"},{"data":"1","floor":32,"key":"LIFT"},{"floor":44,"key":"REST"},{"floor":46,"key":"REST"},{"floor":49,"key":"REST"},{"data":"Sadistic Nature","floor":52,"key":"SMITH"}],"circlet_count":0,"master_deck":["Strike_G+1","Strike_G+1","Strike_G+1","Strike_G+1","Strike_G+1","Defend_G+1","Defend_G+1","Defend_G+1","Defend_G+1","Defend_G+1","Survivor","Neutralize","Deadly Poison","Leg Sweep","Noxious Fumes+1","Catalyst+1","Blur","Glass Knife+1","Poisoned Stab+1","Dodge and Roll+1","Noxious Fumes+1","Necronomicurse","Blur","Crippling Poison+1","Glass Knife+1","Noxious Fumes","Crippling Poison","Crippling Poison+1","Dash+1","Sadistic Nature+1","Master of Strategy+1","Catalyst+1"],"relics":["Ring of the Snake","NeowsBlessing","Toy Ornithopter","Anchor","Paper Crane","Molten Egg 2","SlaversCollar","Ice Cream","Necronomicon","Pantograph","TwistedFunnel","Oddly Smooth Stone","Girya","WristBlade","FossilizedHelix","Lantern","Nunchaku","Red Mask","Vajra","Toxic Egg 2","Pen Nib","Mango"],"acts_visited":["Exordium","TheCity","TheBeyond","TheEnding"],"potions_floor_usage":[31,37,37,40,55,55],"damage_taken":[{"damage":0,"enemies":"Small Slimes","floor":1,"turns":1},{"damage":0,"enemies":"Jaw Worm","floor":3,"turns":1},{"damage":0,"enemies":"3 Sentries","floor":7,"turns":1},{"damage":1,"enemies":"Cultist","floor":8,"turns":4},{"damage":0,"enemies":"Looter","floor":11,"turns":4},{"damage":8,"enemies":"The Guardian","floor":16,"turns":10},{"damage":16,"enemies":"2 Thieves","floor":18,"turns":5},{"damage":2,"enemies":"Spheric Guardian","floor":19,"turns":5},{"damage":8,"enemies":"Book of Stabbing","floor":23,"turns":5},{"damage":0,"enemies":"Snecko","floor":30,"turns":2},{"damage":0,"enemies":"Gremlin Leader","floor":31,"turns":5},{"damage":25,"enemies":"Collector","floor":33,"turns":8},{"damage":0,"enemies":"Orb Walker","floor":35,"turns":3},{"damage":11,"enemies":"2 Orb Walkers","floor":37,"turns":4},{"damage":0,"enemies":"3 Darklings","floor":39,"turns":5},{"damage":45,"enemies":"Reptomancer","floor":40,"turns":7},{"damage":0,"enemies":"Giant Head","floor":42,"turns":7},{"damage":1,"enemies":"Maw","floor":47,"turns":5},{"damage":35,"enemies":"Time Eater","floor":50,"turns":11},{"damage":26,"enemies":"Shield and Spear","floor":54,"turns":5},{"damage":24,"enemies":"The Heart","floor":55,"turns":9}],"seed_played":"962855415539817632","potions_obtained":[{"floor":7,"key":"Dexterity Potion"},{"floor":8,"key":"Energy Potion"},{"floor":30,"key":"Explosive Potion"},{"floor":31,"key":"Dexterity Potion"},{"floor":35,"key":"Energy Potion"},{"floor":39,"key":"CultistPotion"},{"floor":42,"key":"Poison Potion"},{"floor":54,"key":"Explosive Potion"}],"is_trial":false,"path_per_floor":["M","?","M","$","?","R","E","M","T","?","M","R","?","?","R","B",null,"M","M","?","T","?","E","R","?","T","?","$","R","M","E","R","B",null,"M","$","?","$","M","E","?","E","T","R","T","R","M","?","R","B",null,"R","$","E","B",null],"character_chosen":"THE_SILENT","items_purchased":["Noxious Fumes","TwistedFunnel","Oddly Smooth Stone","Noxious Fumes","Lantern"],"campfire_rested":4,"item_purchase_floors":[4,28,28,36,38],"current_hp_per_floor":[70,67,67,67,67,67,67,66,66,66,66,66,66,66,66,58,70,54,52,52,52,52,44,44,28,28,28,28,49,49,54,54,45,70,70,70,59,59,59,19,19,19,19,40,40,61,60,50,70,35,70,70,70,58,60],"gold":95,"neow_bonus":"THREE_ENEMY_KILL","is_daily":false,"chose_seed":false,"campfire_upgraded":4,"win_rate":0.0,"timestamp":1609716449,"path_taken":["M","?","M","$","?","R","E","M","T","?","?","R","?","?","R","BOSS","M","?","?","?","?","E","R","?","T","?","$","R","M","E","R","BOSS","M","$","?","$","M","E","?","E","T","R","?","R","M","?","R","BOSS","R","$","E","BOSS"],"items_purchased_type":["Card","Relic","Relic","Card","Relic"],"build_version":"2020-12-22","purchased_purges":0,"victory":true,"max_hp_per_floor":[70,70,70,70,70,70,70,70,70,70,70,70,70,70,70,70,70,70,70,70,70,70,70,70,70,70,70,70,70,70,70,70,70,70,70,70,70,70,70,70,70,70,70,70,70,70,70,70,70,70,70,70,70,84,84],"relic_stats":{"Nunchaku":[4],"counters":[21,107],"Pantograph":41,"Pen Nib":[3],"Necronomicon":[4],"obtain_stats":[{"Ice Cream":23,"TwistedFunnel":28,"Girya":31,"Lantern":38,"NeowsBlessing":0,"Oddly Smooth Stone":28,"Vajra":42,"Mango":54,"Pen Nib":45,"Paper Crane":9,"SlaversCollar":17,"Anchor":7,"Nunchaku":40,"WristBlade":34,"Pantograph":26,"Molten Egg 2":14,"Necronomicon":25,"Red Mask":41,"Toxic Egg 2":43,"Toy Ornithopter":2,"FossilizedHelix":37,"Ring of the Snake":0},{"Ice Cream":9,"TwistedFunnel":9,"Girya":11,"Lantern":14,"NeowsBlessing":0,"Oddly Smooth Stone":9,"Vajra":17,"Mango":20,"Pen Nib":17,"Paper Crane":4,"SlaversCollar":6,"Anchor":3,"Nunchaku":16,"WristBlade":12,"Pantograph":9,"Molten Egg 2":5,"Necronomicon":9,"Red Mask":16,"Toxic Egg 2":17,"Toy Ornithopter":1,"FossilizedHelix":14,"Ring of the Snake":0},{"Ice Cream":36,"TwistedFunnel":36,"Girya":43,"Lantern":58,"NeowsBlessing":0,"Oddly Smooth Stone":36,"Vajra":77,"Mango":98,"Pen Nib":77,"Paper Crane":7,"SlaversCollar":21,"Anchor":3,"Nunchaku":70,"WristBlade":51,"Pantograph":36,"Molten Egg 2":11,"Necronomicon":36,"Red Mask":70,"Toxic Egg 2":77,"Toy Ornithopter":1,"FossilizedHelix":58,"Ring of the Snake":0}],"Toy Ornithopter":11,"Ring of the Snake":[42]},"card_choices":[{"not_picked":["Deflect","Sucker Punch"],"picked":"Deadly Poison","floor":1},{"not_picked":["Outmaneuver","Finisher"],"picked":"Leg Sweep","floor":3},{"not_picked":["Escape Plan","Deflect"],"picked":"Catalyst","floor":7},{"not_picked":["PiercingWail","Outmaneuver","Finisher"],"picked":"SKIP","floor":8},{"not_picked":["Endless Agony","All Out Attack"],"picked":"Blur","floor":11},{"not_picked":["Die Die Die+1","Doppelganger"],"picked":"Glass Knife+1","floor":16},{"not_picked":["Cloak And Dagger+1","Underhanded Strike+1"],"picked":"Poisoned Stab+1","floor":18},{"not_picked":["Prepared","Eviscerate+1"],"picked":"Dodge and Roll+1","floor":19},{"not_picked":["Deflect","Setup"],"picked":"Noxious Fumes","floor":23},{"not_picked":["Blade Dance","Accuracy"],"picked":"Blur","floor":30},{"not_picked":["Acrobatics+1","Dagger Spray+1"],"picked":"Crippling Poison+1","floor":31},{"not_picked":["Die Die Die+1","Tools of the Trade"],"picked":"Glass Knife+1","floor":33},{"not_picked":["Acrobatics+1","Underhanded Strike+1","Prepared+1"],"picked":"SKIP","floor":35},{"not_picked":["Poisoned Stab+1","Expertise"],"picked":"Crippling Poison","floor":39},{"not_picked":["Choke+1","Envenom"],"picked":"Crippling Poison+1","floor":40},{"not_picked":["Cloak And Dagger","Poisoned Stab+1"],"picked":"Dash+1","floor":42},{"not_picked":["Outmaneuver+1","Setup+1","Flying Knee+1"],"picked":"SKIP","floor":47},{"not_picked":["expansioncontent:Hexaburn+1","expansioncontent:Sear+1"],"picked":"Sadistic Nature","floor":48},{"not_picked":["expansioncontent:Corrupt+1","expansioncontent:Sear+1"],"picked":"Master of Strategy+1","floor":48},{"not_picked":["Setup+1","Bane+1"],"picked":"Catalyst+1","floor":54}],"player_experience":249021,"relics_obtained":[{"floor":7,"key":"Anchor"},{"floor":9,"key":"Paper Crane"},{"floor":23,"key":"Ice Cream"},{"floor":25,"key":"Necronomicon"},{"floor":26,"key":"Pantograph"},{"floor":31,"key":"Girya"},{"floor":37,"key":"FossilizedHelix"},{"floor":40,"key":"Nunchaku"},{"floor":42,"key":"Vajra"},{"floor":43,"key":"Toxic Egg 2"},{"floor":45,"key":"Pen Nib"},{"floor":54,"key":"Mango"}],"event_choices":[{"damage_healed":0,"gold_gain":0,"player_choice":"Success","damage_taken":3,"relics_obtained":["Toy Ornithopter"],"max_hp_gain":0,"max_hp_loss":0,"event_name":"Scrap Ooze","floor":2,"gold_loss":0},{"damage_healed":0,"gold_gain":0,"player_choice":"Leave","damage_taken":0,"max_hp_gain":0,"max_hp_loss":0,"event_name":"The Cleric","floor":5,"gold_loss":0},{"damage_healed":0,"gold_gain":0,"player_choice":"Ignored","damage_taken":0,"max_hp_gain":0,"max_hp_loss":0,"event_name":"NoteForYourself","floor":10,"gold_loss":0},{"damage_healed":0,"gold_gain":0,"player_choice":"Ignored","damage_taken":0,"max_hp_gain":0,"max_hp_loss":0,"event_name":"Golden Wing","floor":13,"gold_loss":0},{"damage_healed":0,"gold_gain":0,"player_choice":"Gave Potion","damage_taken":0,"relics_obtained":["Molten Egg 2"],"max_hp_gain":0,"max_hp_loss":0,"event_name":"WeMeetAgain","floor":14,"gold_loss":0},{"damage_healed":0,"gold_gain":0,"player_choice":"Simplicity","damage_taken":0,"max_hp_gain":0,"max_hp_loss":0,"event_name":"Back to Basics","floor":22,"gold_loss":0,"cards_upgraded":["Strike_G","Strike_G","Strike_G","Strike_G","Strike_G","Defend_G","Defend_G","Defend_G","Defend_G","Defend_G"]},{"damage_healed":0,"gold_gain":0,"player_choice":"Obtained Book","damage_taken":16,"max_hp_gain":0,"max_hp_loss":0,"event_name":"Cursed Tome","floor":25,"gold_loss":0},{"damage_healed":0,"gold_gain":0,"player_choice":"Ignored","damage_taken":0,"max_hp_gain":0,"max_hp_loss":0,"event_name":"Ghosts","floor":27,"gold_loss":0},{"damage_healed":0,"gold_gain":0,"player_choice":"Fight","damage_taken":0,"max_hp_gain":0,"max_hp_loss":0,"event_name":"Mysterious Sphere","floor":37,"gold_loss":0},{"damage_healed":0,"gold_gain":0,"player_choice":"Paid","damage_taken":0,"relics_obtained":["Red Mask"],"max_hp_gain":0,"max_hp_loss":0,"event_name":"Tomb of Lord Red Mask","floor":41,"gold_loss":52},{"damage_healed":0,"gold_gain":0,"player_choice":"Memory 3","damage_taken":10,"max_hp_gain":0,"max_hp_loss":0,"event_name":"SensoryStone","floor":48,"gold_loss":0}],"is_beta":false,"boss_relics":[{"not_picked":["Busted Crown","Tiny House"],"picked":"SlaversCollar"},{"not_picked":["Pandora\u0027s Box","Runic Pyramid"],"picked":"WristBlade"}],"items_purged_floors":[],"is_endless":false,"potions_floor_spawned":[7,8,30,31,35,39,42,54],"ascension_level":1}}