{"host":"qgrlfjrqk9z96gfi","time":1609706760,"event":{"mods":["BaseMod","Block Reminder","Colored Map","DeckTracker","Minty Spire (QoL Compilation)"],"gold_per_floor":[109,126,51,61,72,72,89,89,89,89,50,50,80,80,80,157,157,167,167,167,167],"floor_reached":20,"playtime":613,"items_purged":["Pain"],"score":344,"play_id":"e37d8409-2a78-4d80-bc25-4b9661cd6d77","local_time":"20210103104600","is_ascension_mode":true,"campfire_choices":[{"floor":6.0,"key":"REST"},{"floor":8.0,"key":"REST"},{"data":"Accuracy","floor":12.0,"key":"SMITH"},{"data":"Finisher","floor":15.0,"key":"SMITH"}],"circlet_count":0,"master_deck":["AscendersBane","Strike_G+1","Strike_G+1","Strike_G+1","Strike_G+1","Strike_G+1","Defend_G+1","Defend_G+1","Defend_G+1","Defend_G+1","Defend_G+1","Survivor","Neutralize","Blade Dance","Finisher+1","Blur","Dagger Throw","Blade Dance","Accuracy+1","Burst+1","Parasite","After Image","Cloak And Dagger+1"],"relics":["Ring of the Snake","Torii","Matryoshka","Toxic Egg 2","WristBlade"],"acts_visited":["Exordium","TheCity"],"potions_floor_usage":[20],"damage_taken":[{"damage":6.0,"enemies":"2 Louse","floor":1.0,"turns":5.0},{"damage":5.0,"enemies":"Small Slimes","floor":2.0,"turns":4.0},{"damage":1.0,"enemies":"Cultist","floor":4.0,"turns":3.0},{"damage":38.0,"enemies":"Large Slime","floor":5.0,"turns":8.0},{"damage":19.0,"enemies":"Exordium Wildlife","floor":7.0,"turns":4.0},{"damage":3.0,"enemies":"3 Sentries","floor":13.0,"turns":7.0},{"damage":60.0,"enemies":"The Guardian","floor":16.0,"turns":15.0},{"damage":30.0,"enemies":"3 Byrds","floor":18.0,"turns":5.0},{"damage":26,"enemies":"Chosen","floor":20,"turns":5}],"seed_played":"-1391777936610852111","potions_obtained":[{"floor":4.0,"key":"SkillPotion"},{"floor":7.0,"key":"Fruit Juice"},{"floor":16.0,"key":"Dexterity Potion"}],"is_trial":false,"path_per_floor":["M","M","$","M","M","R","M","R","T","?","$","R","E","?","R","B",null,"M","?","M"],"character_chosen":"THE_SILENT","items_purchased":["Accuracy"],"campfire_rested":2,"item_purchase_floors":[11],"current_hp_per_floor":[53,48,48,47,9,28,14,35,35,58,58,58,55,71,71,11,56,26,26,0,0],"gold":167,"neow_bonus":"ONE_RARE_RELIC","is_daily":false,"chose_seed":false,"campfire_upgraded":2,"win_rate":0.0,"timestamp":1609706760,"path_taken":["M","M","$","M","M","R","M","R","T","?","$","R","E","?","R","BOSS","M","?","M"],"items_purchased_type":["Card"],"build_version":"2020-12-22","purchased_purges":1,"victory":false,"max_hp_per_floor":[66,66,66,66,66,66,71,71,71,71,71,71,71,71,71,71,71,71,71,71,71],"card_choices":[{"not_picked":["Prepared","Backflip"],"picked":"Blade Dance","floor":1.0},{"not_picked":["Blade Dance","Acrobatics"],"picked":"Finisher","floor":2.0},{"not_picked":["Acrobatics","Sucker Punch"],"picked":"Blur","floor":4.0},{"not_picked":["Expertise","Sucker Punch"],"picked":"Dagger Throw","floor":5.0},{"not_picked":["Prepared","Well Laid Plans"],"picked":"Blade Dance","floor":7.0},{"not_picked":["Flying Knee","Underhanded Strike"],"picked":"Burst+1","floor":13.0},{"not_picked":["Unload","Phantasmal Killer+1"],"picked":"After Image","floor":16.0},{"not_picked":["Predator","Quick Slash"],"picked":"Cloak And Dagger+1","floor":18.0}],"player_experience":962574,"relics_obtained":[{"floor":9.0,"key":"Matryoshka"},{"floor":13.0,"key":"Toxic Egg 2"}],"event_choices":[{"damage_healed":23.0,"max_hp_gain":0.0,"max_hp_loss":0.0,"gold_gain":0.0,"event_name":"Big Fish","player_choice":"Banana","floor":10.0,"gold_loss":0.0,"damage_taken":0.0},{"damage_healed":17.0,"max_hp_gain":0.0,"max_hp_loss":0.0,"gold_gain":0.0,"event_name":"Mushrooms","player_choice":"Healed and dodged fight","floor":14.0,"gold_loss":0.0,"damage_taken":0.0,"cards_obtained":["Parasite"]},{"damage_healed":0.0,"max_hp_gain":0.0,"max_hp_loss":0.0,"gold_gain":0.0,"event_name":"Back to Basics","player_choice":"Simplicity","floor":19.0,"gold_loss":0.0,"damage_taken":0.0,"cards_upgraded":["Strike_G","Strike_G","Strike_G","Strike_G","Strike_G","Defend_G","Defend_G","Defend_G","Defend_G","Defend_G"]}],"is_beta":false,"boss_relics":[{"not_picked":["Calling Bell","Astrolabe"],"picked":"WristBlade"}],"items_purged_floors":[3],"is_endless":false,"potions_floor_spawned":[4,7,16],"killed_by":"Chosen","ascension_level":20}}