{"host":"zig6x0mxqzam82fb","time":1609699890,"event":{"mods":["BaseMod","Block Reminder","Colored Map","Colored Powertips","Marisa????????","Minty Spire (QoL Compilation)","Relic Stats","StSLib","The Cursed","The Marked","Waifu the Spire"],"gold_per_floor":[118,118,118,134,209,209,245,263,263,263,287,287,322,337,337,457,457,472,472,485,127,142,142,142,142,142,175,175,196,229,249,249,372,372,397,463,56,79,97,97,130,155,155,155,188,188,203,536,536,536],"floor_reached":51,"playtime":3693,"items_purged":["theMarked:Strike"],"score":1024,"play_id":"b3c71614-1eb1-4292-bbda-f11b31aaa60d","local_time":"20210103135130","is_ascension_mode":true,"campfire_choices":[{"data":"theMarked:SoldierOfQuellstein","floor":6,"key":"SMITH"},{"data":"theMarked:HeritageOfTheMarked","floor":10,"key":"SMITH"},{"floor":12,"key":"REST"},{"floor":15,"key":"REST"},{"floor":23,"key":"REST"},{"floor":25,"key":"REST"},{"floor":28,"key":"REST"},{"floor":32,"key":"REST"},{"floor":40,"key":"REST"},{"floor":44,"key":"REST"},{"floor":49,"key":"REST"}],"circlet_count":0,"master_deck":["theMarked:SoldierOfQuellstein+1","theMarked:WardOff","theMarked:HeritageOfTheMarked+1","theMarked:Static","theMarked:Overcharge","theMarked:BindingBlade","theMarked:ContemptForTheProud+1","theMarked:Seal","theMarked:Vacuum+1","theMarked:ReduceFriction","theMarked:RepellingDischarge+1","theMarked:MuscleMemory+1","theMarked:HeightenedSenses+1","theMarked:WastefulDefense","theMarked:BanishingStrike+1","theMarked:EnhanceMovement","theMarked:SwordAndMagic+1","theMarked:Abjuration+1","theMarked:ChainLightning+1","theMarked:ChannelForce","theMarked:Abjuration+1","theMarked:Levitate","theMarked:WastefulDefense","theMarked:Seal","theMarked:ElementalBlade","theMarked:Seal","theMarked:PowerFlow+1","theMarked:WastefulDefense","theMarked:HeritageOfTheMarked+1","theMarked:BanishingWave+1","theMarked:Indomitable+1","theMarked:RepellingDischarge+1","theMarked:SummonStrength+1","theMarked:Overcharge","Apotheosis","theMarked:AttractMetal"],"relics":["theMarked:ArtifactOfAir","Letter Opener","Frozen Egg 2","Molten Egg 2","White Beast Statue","Fusion Hammer","Blue Candle","Boot","Enchiridion","Bottled Flame","Mercury Hourglass","Toy Ornithopter","Pandora\u0027s Box","CatCart","Mango","Smiling Mask","Pantograph","HornCleat"],"acts_visited":["Exordium","TheCity","TheBeyond"],"potions_floor_usage":[16,22,22,27,30,30,33,33,36,45,47,50,50],"damage_taken":[{"damage":1,"enemies":"Cultist","floor":1,"turns":4},{"damage":0,"enemies":"Jaw Worm","floor":4,"turns":4},{"damage":12,"enemies":"Lagavulin","floor":7,"turns":7},{"damage":0,"enemies":"Small Slimes","floor":8,"turns":3},{"damage":16,"enemies":"Exordium Thugs","floor":11,"turns":5},{"damage":22,"enemies":"3 Sentries","floor":13,"turns":7},{"damage":0,"enemies":"Large Slime","floor":14,"turns":4},{"damage":31,"enemies":"The Guardian","floor":16,"turns":8},{"damage":14,"enemies":"Shell Parasite","floor":18,"turns":3},{"damage":4,"enemies":"3 Byrds","floor":20,"turns":3},{"damage":23,"enemies":"Snake Plant","floor":22,"turns":4},{"damage":30,"enemies":"Slavers","floor":27,"turns":4},{"damage":0,"enemies":"Centurion and Healer","floor":29,"turns":4},{"damage":0,"enemies":"Gremlin Leader","floor":30,"turns":4},{"damage":0,"enemies":"Snecko","floor":31,"turns":3},{"damage":28,"enemies":"Champ","floor":33,"turns":7},{"damage":0,"enemies":"Orb Walker","floor":35,"turns":2},{"damage":7,"enemies":"Orin","floor":36,"turns":5},{"damage":0,"enemies":"3 Shapes","floor":38,"turns":3},{"damage":12,"enemies":"Spire Growth","floor":39,"turns":3},{"damage":10,"enemies":"Nemesis","floor":41,"turns":5},{"damage":0,"enemies":"4 Shapes","floor":42,"turns":3},{"damage":67,"enemies":"Giant Head","floor":45,"turns":7},{"damage":11,"enemies":"Writhing Mass","floor":47,"turns":3},{"damage":100,"enemies":"Awakened One","floor":50,"turns":7}],"seed_played":"-2056164194529761096","potions_obtained":[{"floor":11,"key":"Weak Potion"},{"floor":13,"key":"SkillPotion"},{"floor":14,"key":"Swift Potion"},{"floor":16,"key":"Block Potion"},{"floor":20,"key":"LiquidBronze"},{"floor":22,"key":"PowerPotion"},{"floor":27,"key":"Dexterity Potion"},{"floor":29,"key":"SpeedPotion"},{"floor":30,"key":"SteroidPotion"},{"floor":31,"key":"PowerPotion"},{"floor":33,"key":"AttackPotion"},{"floor":35,"key":"Weak Potion"},{"floor":36,"key":"ColorlessPotion"},{"floor":38,"key":"ColorlessPotion"},{"floor":45,"key":"theMarked:ChargePotion"},{"floor":47,"key":"BlessingOfTheForge"}],"is_trial":false,"path_per_floor":["M","T","?","M","?","R","E","M","T","R","M","R","E","M","R","B",null,"M","?","M","$","M","R","?","R","T","E","R","M","E","M","R","B",null,"M","?","$","M","M","R","E","M","T","R","E","?","M","?","R","B",null],"character_chosen":"THE_DEFAULT","items_purchased":["theMarked:MuscleMemory+1","Boot","Mango","theMarked:HeritageOfTheMarked+1","theMarked:BanishingWave+1"],"campfire_rested":9,"item_purchase_floors":[21,21,37,37,37],"current_hp_per_floor":[69,69,69,69,58,58,46,46,46,46,30,51,29,29,50,19,58,44,44,40,40,17,38,22,43,43,13,34,34,34,34,55,37,63,63,61,75,75,63,85,75,75,75,85,21,21,15,15,40,56],"gold":536,"neow_bonus":"TEN_PERCENT_HP_BONUS","is_daily":false,"chose_seed":false,"campfire_upgraded":2,"win_rate":0.0,"timestamp":1609699890,"path_taken":["M","?","?","M","?","R","E","?","T","R","M","R","E","M","R","BOSS","M","?","M","$","?","R","?","R","T","E","R","M","E","M","R","BOSS","M","?","$","M","M","R","E","M","T","R","E","?","M","?","R","BOSS"],"items_purchased_type":["Card","Relic","Relic","Card","Card"],"build_version":"2020-12-22","purchased_purges":1,"victory":true,"max_hp_per_floor":[77,77,71,71,71,71,71,71,71,71,71,71,71,71,71,71,71,71,71,71,71,71,71,71,71,71,71,71,71,71,71,71,71,71,71,71,85,85,85,85,85,85,85,85,85,85,85,85,85,85],"relic_stats":{"counters":[25,109],"Blue Candle":[0],"Pantograph":25,"Pandora\u0027s Box":["theMarked:ChainLightning","theMarked:ChannelForce","theMarked:Abjuration","theMarked:Levitate","theMarked:WastefulDefense","theMarked:Seal","theMarked:ElementalBlade","theMarked:Seal"],"Letter Opener":[330],"Boot":[34],"Smiling Mask":0,"obtain_stats":[{"Golden Idol":3,"Blue Candle":19,"Enchiridion":24,"Mango":37,"Letter Opener":2,"Frozen Egg 2":7,"Boot":21,"Smiling Mask":41,"White Beast Statue":13,"Mercury Hourglass":27,"theMarked:ArtifactOfAir":0,"Bottled Flame":26,"HornCleat":45,"Pantograph":43,"Molten Egg 2":9,"Pandora\u0027s Box":34,"Fusion Hammer":17,"CatCart":36,"Toy Ornithopter":30},{"Golden Idol":1,"Blue Candle":9,"Enchiridion":11,"Mango":18,"Letter Opener":1,"Frozen Egg 2":3,"Boot":10,"Smiling Mask":21,"White Beast Statue":6,"Mercury Hourglass":12,"theMarked:ArtifactOfAir":0,"Bottled Flame":11,"HornCleat":23,"Pantograph":22,"Molten Egg 2":4,"Pandora\u0027s Box":16,"Fusion Hammer":8,"CatCart":18,"Toy Ornithopter":14},{"Golden Idol":4,"Blue Candle":44,"Enchiridion":51,"Mango":80,"Letter Opener":4,"Frozen Egg 2":15,"Boot":47,"Smiling Mask":89,"White Beast Statue":29,"Mercury Hourglass":55,"theMarked:ArtifactOfAir":0,"Bottled Flame":51,"HornCleat":99,"Pantograph":92,"Molten Egg 2":18,"Pandora\u0027s Box":73,"Fusion Hammer":41,"CatCart":80,"Toy Ornithopter":63}],"Toy Ornithopter":33,"Mercury Hourglass":[241]},"card_choices":[{"not_picked":["theMarked:Improvise","theMarked:RepellingDischarge"],"picked":"theMarked:WardOff","floor":1},{"not_picked":["theMarked:LightningStrikesTwice","theMarked:WastefulDefense"],"picked":"theMarked:HeritageOfTheMarked","floor":4},{"not_picked":["theMarked:ChainLightning","theMarked:ElectricStrings"],"picked":"theMarked:Static","floor":7},{"not_picked":["theMarked:Aftermath","theMarked:LightningStrikesTwice"],"picked":"theMarked:Overcharge","floor":8},{"not_picked":["theMarked:ElementalBlade","theMarked:MysticalArsenal+1"],"picked":"theMarked:BindingBlade","floor":11},{"not_picked":["theMarked:Generate","theMarked:ChainLightning+1"],"picked":"theMarked:ContemptForTheProud+1","floor":13},{"not_picked":["theMarked:BanishingStrike+1","theMarked:ParalyzingBlade"],"picked":"theMarked:Seal","floor":14},{"not_picked":["theMarked:ThrowWeapon+1","theMarked:MagicAdept+1"],"picked":"theMarked:Vacuum+1","floor":16},{"not_picked":["theMarked:WastefulAttack+1","theMarked:ElectricStrings+1"],"picked":"theMarked:ReduceFriction","floor":18},{"not_picked":["theMarked:DeterminationOfTheMarked+1","theMarked:HeightenedSenses"],"picked":"theMarked:RepellingDischarge+1","floor":20},{"not_picked":["theMarked:Frustration+1","theMarked:RepellingDischarge"],"picked":"theMarked:HeightenedSenses+1","floor":22},{"not_picked":["theMarked:ShockingTouch+1","theMarked:Parkour+1"],"picked":"theMarked:WastefulDefense","floor":27},{"not_picked":["theMarked:EmpowerWeapon","theMarked:RogueSparks+1"],"picked":"theMarked:BanishingStrike+1","floor":29},{"not_picked":["theMarked:WastefulAttack+1","theMarked:ResourceFulStrike+1"],"picked":"theMarked:EnhanceMovement","floor":30},{"not_picked":["theMarked:Challenge","theMarked:ResourceFulStrike+1"],"picked":"theMarked:SwordAndMagic+1","floor":31},{"not_picked":["theMarked:Vacuum+1","theMarked:MuscleMemory+1"],"picked":"theMarked:Abjuration+1","floor":33},{"not_picked":["theMarked:TunnelVision+1","theMarked:EmpowerWeapon+1"],"picked":"theMarked:PowerFlow+1","floor":35},{"not_picked":["theMarked:ResourceFulStrike+1","theMarked:Frustration+1"],"picked":"theMarked:WastefulDefense","floor":36},{"not_picked":["theMarked:RepellingDischarge","theMarked:Frustration+1"],"picked":"theMarked:Indomitable+1","floor":38},{"not_picked":["theMarked:Static","theMarked:LightningStrikesTwice+1"],"picked":"theMarked:RepellingDischarge+1","floor":39},{"not_picked":["theMarked:Overcharge+1","theMarked:Seal+1"],"picked":"theMarked:SummonStrength+1","floor":41},{"not_picked":["theMarked:Improvise","theMarked:WastefulAttack+1","theMarked:Indomitable+1"],"picked":"SKIP","floor":42},{"not_picked":["theMarked:PowerFlow+1","theMarked:BanishingWave+1"],"picked":"theMarked:Overcharge","floor":45},{"not_picked":["Madness","Forethought"],"picked":"Apotheosis","floor":46},{"not_picked":["theMarked:Reabsorb+1","theMarked:ChainLightning+1"],"picked":"theMarked:AttractMetal","floor":47}],"player_experience":435974,"relics_obtained":[{"floor":2,"key":"Letter Opener"},{"floor":7,"key":"Frozen Egg 2"},{"floor":9,"key":"Molten Egg 2"},{"floor":13,"key":"White Beast Statue"},{"floor":24,"key":"Enchiridion"},{"floor":26,"key":"Bottled Flame"},{"floor":27,"key":"Mercury Hourglass"},{"floor":30,"key":"Toy Ornithopter"},{"floor":36,"key":"CatCart"},{"floor":41,"key":"Smiling Mask"},{"floor":43,"key":"Pantograph"},{"floor":45,"key":"HornCleat"}],"event_choices":[{"damage_healed":0,"gold_gain":0,"player_choice":"Lose Max HP","damage_taken":0,"relics_obtained":["Golden Idol"],"max_hp_gain":0,"max_hp_loss":6,"event_name":"Golden Idol","floor":3,"gold_loss":0},{"damage_healed":0,"gold_gain":75,"player_choice":"Gather Gold","damage_taken":11,"max_hp_gain":0,"max_hp_loss":0,"event_name":"World of Goop","floor":5,"gold_loss":0},{"damage_healed":0,"gold_gain":0,"player_choice":"Gave Potion","damage_taken":0,"relics_obtained":["Blue Candle"],"max_hp_gain":0,"max_hp_loss":0,"event_name":"WeMeetAgain","floor":19,"gold_loss":0},{"damage_healed":0,"gold_gain":0,"player_choice":"Obtained Book","damage_taken":16,"max_hp_gain":0,"max_hp_loss":0,"event_name":"Cursed Tome","floor":24,"gold_loss":0},{"damage_healed":0,"gold_gain":0,"player_choice":"Fight","damage_taken":0,"max_hp_gain":0,"max_hp_loss":0,"event_name":"OrinTheCat","floor":36,"gold_loss":0},{"damage_healed":0,"gold_gain":0,"player_choice":"Memory 1","damage_taken":0,"max_hp_gain":0,"max_hp_loss":0,"event_name":"SensoryStone","floor":46,"gold_loss":0},{"damage_healed":0,"gold_gain":333,"player_choice":"Gave Idol","damage_taken":0,"max_hp_gain":0,"max_hp_loss":0,"event_name":"The Moai Head","floor":48,"relics_lost":["Golden Idol"],"gold_loss":0}],"is_beta":false,"boss_relics":[{"not_picked":["Busted Crown","Runic Dome"],"picked":"Fusion Hammer"},{"not_picked":["Snecko Eye","Philosopher\u0027s Stone"],"picked":"Pandora\u0027s Box"}],"items_purged_floors":[21],"is_endless":false,"potions_floor_spawned":[11,13,14,16,18,20,22,27,29,30,31,33,35,36,38,39,41,42,45,47],"ascension_level":6}}