{"host":"hzhtv7n0nkrnil9f","time":1609689783,"event":{"mods":["AchievementEnabler","BaseMod","Colored Map","Minty Spire (QoL Compilation)","Permanent Neow","Quick Restart"],"gold_per_floor":[115,115,135,135,135,135,166,91,91,125,135,135,135,149,149,253,253,271,286,286,297,352,380,380,390,390,390,436,436,159,177,177,278,278,319,365,261,261,275,330,330,392,392,317,386,421,421,421,421,421],"floor_reached":51,"playtime":6754,"items_purged":["Strike_P","Strike_P","Defend_P","Defend_P"],"score":1029,"play_id":"54478d54-186d-4086-953e-0c6d4e6cd5ea","local_time":"20210103170303","is_ascension_mode":true,"campfire_choices":[{"data":"Eruption","floor":6.0,"key":"SMITH"},{"data":"Wish","floor":13.0,"key":"SMITH"},{"data":"Worship","floor":15.0,"key":"SMITH"},{"data":"DevaForm","floor":24,"key":"SMITH"},{"data":"Vault","floor":27,"key":"SMITH"},{"data":"Halt","floor":32,"key":"SMITH"},{"data":"Fasting2","floor":41,"key":"SMITH"},{"data":"Wish","floor":49,"key":"SMITH"}],"circlet_count":0,"master_deck":["Eruption+1","Vigilance","SandsOfTime","SashWhip","Adaptation","Wish+1","Tantrum","Worship+1","Vault+1","Halt+1","DeceiveReality+1","DevaForm+1","Vault","Blasphemy","MentalFortress+1","Fasting2+1","Madness","Madness","Wish+1","Master of Strategy","Vault+1"],"relics":["PureWater","Anchor","Sundial","Toy Ornithopter","Singing Bowl","Runic Pyramid","Red Mask","Centennial Puzzle","Bottled Tornado","Membership Card","SlaversCollar","Damaru","Lantern","Bottled Flame","InkBottle"],"acts_visited":["Exordium","TheCity","TheBeyond"],"potions_floor_usage":[21,22,23],"damage_taken":[{"damage":0.0,"enemies":"Small Slimes","floor":1.0,"turns":2.0},{"damage":0.0,"enemies":"Cultist","floor":3.0,"turns":4.0},{"damage":21.0,"enemies":"3 Sentries","floor":7.0,"turns":6.0},{"damage":0.0,"enemies":"Gremlin Nob","floor":10.0,"turns":5.0},{"damage":0.0,"enemies":"Jaw Worm","floor":11.0,"turns":3.0},{"damage":0.0,"enemies":"Exordium Wildlife","floor":14.0,"turns":4.0},{"damage":17,"enemies":"Slime Boss","floor":16,"turns":7},{"damage":1,"enemies":"2 Thieves","floor":18,"turns":5},{"damage":0,"enemies":"Spheric Guardian","floor":19,"turns":3},{"damage":0,"enemies":"Centurion and Healer","floor":21,"turns":6},{"damage":4,"enemies":"Masked Bandits","floor":22,"turns":4},{"damage":9,"enemies":"Gremlin Leader","floor":23,"turns":6},{"damage":0,"enemies":"Shelled Parasite and Fungi","floor":25,"turns":4},{"damage":3,"enemies":"Snake Plant","floor":28,"turns":4},{"damage":0,"enemies":"Snecko","floor":31,"turns":5},{"damage":0,"enemies":"Champ","floor":33,"turns":9},{"damage":0,"enemies":"Orb Walker","floor":35,"turns":5},{"damage":0,"enemies":"3 Darklings","floor":36,"turns":6},{"damage":1,"enemies":"Writhing Mass","floor":39,"turns":7},{"damage":0,"enemies":"Giant Head","floor":40,"turns":6},{"damage":0,"enemies":"Nemesis","floor":42,"turns":5},{"damage":6,"enemies":"Jaw Worm Horde","floor":45,"turns":5},{"damage":0,"enemies":"Reptomancer","floor":46,"turns":5},{"damage":0,"enemies":"Awakened One","floor":50,"turns":8}],"seed_played":"168709052719658762","potions_obtained":[{"floor":10.0,"key":"SpeedPotion"},{"floor":14.0,"key":"SpeedPotion"},{"floor":16,"key":"LiquidMemories"},{"floor":18,"key":"FairyPotion"},{"floor":22,"key":"BlessingOfTheForge"},{"floor":28,"key":"StancePotion"},{"floor":36,"key":"BottledMiracle"},{"floor":40,"key":"PowerPotion"},{"floor":42,"key":"Weak Potion"}],"is_trial":false,"path_per_floor":["M","?","M","?","T","R","E","$","T","E","M","?","R","M","R","B",null,"M","M","?","M","?","E","R","M","T","R","M","?","$","M","R","B",null,"M","M","$","?","M","E","R","E","T","$","M","E","?","?","R","B",null],"character_chosen":"WATCHER","items_purchased":["Membership Card","Vault","Fasting2"],"campfire_rested":0,"item_purchase_floors":[30,30,37],"current_hp_per_floor":[51,51,51,44,44,44,23,23,23,23,23,16,16,18,18,1,74,73,73,73,76,74,69,69,71,71,71,70,70,70,70,70,72,84,86,86,86,75,76,78,78,78,78,78,74,76,76,76,76,76],"gold":421,"neow_bonus":"TRANSFORM_TWO_CARDS","is_daily":false,"chose_seed":false,"campfire_upgraded":8,"win_rate":0.0,"timestamp":1609689783,"path_taken":["M","?","?","?","?","R","E","$","T","E","M","?","R","?","R","BOSS","M","M","?","?","?","E","R","M","T","R","M","?","$","M","R","BOSS","M","M","$","?","M","E","R","E","T","$","M","E","?","?","R","BOSS"],"items_purchased_type":["Relic","Card","Card"],"build_version":"2020-12-22","purchased_purges":4,"victory":true,"max_hp_per_floor":[72,72,72,72,72,72,72,72,72,72,72,72,72,74,74,74,74,74,74,74,76,78,78,78,80,80,80,82,82,82,82,82,84,84,86,86,86,86,88,90,90,90,90,90,92,94,94,94,94,94],"card_choices":[{"not_picked":["Halt","CrushJoints"],"picked":"Adaptation","floor":1.0},{"not_picked":["SandsOfTime","Evaluate","FlyingSleeves"],"picked":"SKIP","floor":3.0},{"not_picked":["Perseverance","SashWhip"],"picked":"Wish","floor":7.0},{"not_picked":["FlurryOfBlows","Halt"],"picked":"Tantrum","floor":10.0},{"not_picked":["ClearTheMind","Protect"],"picked":"Worship","floor":11.0},{"not_picked":["Weave","PathToVictory","LikeWater"],"picked":"Singing Bowl","floor":14.0},{"not_picked":["DeusExMachina","Wish"],"picked":"Vault","floor":16},{"not_picked":["Collect","Protect+1"],"picked":"Halt","floor":18},{"not_picked":["CrushJoints+1","Protect"],"picked":"DeceiveReality+1","floor":19},{"not_picked":["Consecrate+1","ThirdEye","FlyingSleeves"],"picked":"Singing Bowl","floor":21},{"not_picked":["Consecrate","Swivel+1","ReachHeaven+1"],"picked":"Singing Bowl","floor":22},{"not_picked":["FearNoEvil+1","Prostrate"],"picked":"DevaForm","floor":23},{"not_picked":["CutThroughFate","Prostrate","Collect"],"picked":"Singing Bowl","floor":25},{"not_picked":["BowlingBash","FlurryOfBlows","Protect"],"picked":"Singing Bowl","floor":28},{"not_picked":["CrushJoints+1","Evaluate"],"picked":"Blasphemy","floor":31},{"not_picked":["Alpha","Ragnarok","Scrawl"],"picked":"Singing Bowl","floor":33},{"not_picked":["JustLucky+1","Collect","CutThroughFate"],"picked":"Singing Bowl","floor":35},{"not_picked":["FlurryOfBlows","Consecrate"],"picked":"MentalFortress+1","floor":36},{"not_picked":["Halt","Conclude","Crescendo+1"],"picked":"Singing Bowl","floor":39},{"not_picked":["Vengeance+1","JustLucky+1","BattleHymn"],"picked":"Singing Bowl","floor":40},{"not_picked":["FlyingSleeves+1","SashWhip+1"],"picked":"Wish","floor":42},{"not_picked":["CrushJoints","BowlingBash+1","Prostrate"],"picked":"Singing Bowl","floor":45},{"not_picked":["JustLucky+1","Evaluate+1","Halt"],"picked":"Singing Bowl","floor":46},{"not_picked":["Impatience","Good Instincts"],"picked":"Master of Strategy","floor":47}],"player_experience":245740,"relics_obtained":[{"floor":7.0,"key":"Sundial"},{"floor":9.0,"key":"Toy Ornithopter"},{"floor":10.0,"key":"Singing Bowl"},{"floor":22,"key":"Red Mask"},{"floor":23,"key":"Centennial Puzzle"},{"floor":26,"key":"Bottled Tornado"},{"floor":40,"key":"Damaru"},{"floor":42,"key":"Lantern"},{"floor":43,"key":"Bottled Flame"},{"floor":46,"key":"InkBottle"}],"event_choices":[{"damage_healed":0.0,"max_hp_gain":0.0,"max_hp_loss":0.0,"gold_gain":0.0,"event_name":"The Woman in Blue","player_choice":"Bought 0 Potions","floor":2.0,"gold_loss":0.0,"damage_taken":0.0},{"damage_healed":0.0,"max_hp_gain":0.0,"max_hp_loss":0.0,"gold_gain":0.0,"event_name":"Scrap Ooze","player_choice":"Success","floor":4.0,"gold_loss":0.0,"damage_taken":7.0,"relics_obtained":["Anchor"]},{"cards_removed":["Defend_P"],"damage_healed":0.0,"max_hp_gain":0.0,"max_hp_loss":0.0,"gold_gain":0.0,"event_name":"Golden Wing","player_choice":"Card Removal","floor":12.0,"gold_loss":0.0,"damage_taken":7.0},{"cards_removed":["Defend_P"],"damage_healed":0,"gold_gain":0,"player_choice":"Purged","damage_taken":0,"max_hp_gain":0,"max_hp_loss":0,"event_name":"Purifier","floor":20,"gold_loss":0},{"damage_healed":0,"gold_gain":0,"player_choice":"Fought Bandits","damage_taken":0,"max_hp_gain":0,"max_hp_loss":0,"event_name":"Masked Bandits","floor":22,"gold_loss":0},{"damage_healed":0,"gold_gain":0,"player_choice":"Ignored","damage_taken":0,"max_hp_gain":0,"max_hp_loss":0,"event_name":"Ghosts","floor":29,"gold_loss":0},{"damage_healed":0,"gold_gain":0,"player_choice":"Embrace Madness","damage_taken":11,"max_hp_gain":0,"max_hp_loss":0,"event_name":"Winding Halls","floor":38,"gold_loss":0,"cards_obtained":["Madness","Madness"]},{"damage_healed":0,"gold_gain":0,"player_choice":"Memory 1","damage_taken":0,"max_hp_gain":0,"max_hp_loss":0,"event_name":"SensoryStone","floor":47,"gold_loss":0},{"damage_healed":0,"gold_gain":0,"player_choice":"Copied","damage_taken":0,"max_hp_gain":0,"max_hp_loss":0,"event_name":"Duplicator","floor":48,"gold_loss":0,"cards_obtained":["Vault"]}],"is_beta":false,"boss_relics":[{"not_picked":["Snecko Eye","Ectoplasm"],"picked":"Runic Pyramid"},{"not_picked":["Tiny House","Sozu"],"picked":"SlaversCollar"}],"items_purged_floors":[8,30,37,44],"is_endless":false,"potions_floor_spawned":[10,14,16,18,22,28,36,40,42],"ascension_level":2}}