{"host":"t7mx8yfj1no5p62f","time":1609681033,"event":{"mods":["BaseMod","Colored Map","Colored Powertips","Minty Spire (QoL Compilation)","Relic Stats","StSLib"],"gold_per_floor":[112,126,126,142,156,184,184,184,237,237,237,258,297,345,345,345,345],"floor_reached":16,"playtime":471,"items_purged":[],"score":220,"play_id":"6f97aecf-1720-404c-9085-2f188aee91c5","local_time":"20210103083713","is_ascension_mode":true,"campfire_choices":[{"data":"Bash","floor":8,"key":"SMITH"},{"data":"Iron Wave","floor":11,"key":"SMITH"},{"data":"Feed","floor":15,"key":"SMITH"}],"circlet_count":0,"master_deck":["AscendersBane","Strike_R+1","Strike_R","Strike_R","Strike_R+1","Strike_R","Defend_R","Defend_R","Defend_R","Defend_R","Bash+1","Anger+1","Iron Wave+1","Thunderclap","Ghostly Armor","Feed+1","Power Through"],"relics":["Burning Blood","Tiny Chest","Meat on the Bone","Golden Idol","Whetstone","Centennial Puzzle","Smiling Mask"],"acts_visited":["Exordium"],"potions_floor_usage":[5,13],"damage_taken":[{"damage":7.0,"enemies":"Small Slimes","floor":1.0,"turns":4.0},{"damage":6.0,"enemies":"2 Louse","floor":2.0,"turns":4.0},{"damage":4.0,"enemies":"Jaw Worm","floor":4.0,"turns":4.0},{"damage":0,"enemies":"3 Louse","floor":5,"turns":1},{"damage":46,"enemies":"Gremlin Nob","floor":6,"turns":5},{"damage":0,"enemies":"2 Fungi Beasts","floor":12,"turns":4},{"damage":12,"enemies":"3 Sentries","floor":13,"turns":8},{"damage":51,"enemies":"Slime Boss","floor":16,"turns":7}],"seed_played":"-8697068695396767601","potions_obtained":[{"floor":1.0,"key":"Explosive Potion"},{"floor":6,"key":"BlessingOfTheForge"}],"is_trial":false,"path_per_floor":["M","M","?","M","M","E","?","R","T","?","R","M","E","T","R","B"],"character_chosen":"IRONCLAD","items_purchased":[],"campfire_rested":0,"item_purchase_floors":[],"current_hp_per_floor":[67,67,72,74,80,40,12,12,12,12,12,30,39,39,39,0,0],"gold":345,"neow_bonus":"RANDOM_COMMON_RELIC","is_daily":false,"chose_seed":false,"campfire_upgraded":3,"win_rate":0.0,"timestamp":1609681033,"path_taken":["M","M","?","M","M","E","?","R","T","?","R","M","E","?","R","BOSS"],"items_purchased_type":[],"build_version":"2020-12-22","purchased_purges":0,"victory":false,"max_hp_per_floor":[75,75,80,80,80,80,80,80,80,80,80,80,83,83,83,83,83],"relic_stats":{"Centennial Puzzle":[3],"counters":[8,37],"Golden Idol":12,"Tiny Chest":1,"Whetstone":["Strike_R","Strike_R"],"Smiling Mask":0,"obtain_stats":[{"Centennial Puzzle":13,"Golden Idol":7,"Tiny Chest":0,"Whetstone":9,"Smiling Mask":14,"Burning Blood":0,"Meat on the Bone":6},{"Centennial Puzzle":7,"Golden Idol":5,"Tiny Chest":0,"Whetstone":5,"Smiling Mask":7,"Burning Blood":0,"Meat on the Bone":5},{"Centennial Puzzle":30,"Golden Idol":18,"Tiny Chest":0,"Whetstone":18,"Smiling Mask":30,"Burning Blood":0,"Meat on the Bone":18}],"Burning Blood":42,"Meat on the Bone":24},"card_choices":[{"not_picked":["Pummel","Rampage"],"picked":"Anger","floor":1.0},{"not_picked":["Headbutt","Ghostly Armor"],"picked":"Iron Wave","floor":2.0},{"not_picked":["Bloodletting","Headbutt","Heavy Blade"],"picked":"SKIP","floor":4.0},{"not_picked":["Shrug It Off","Wild Strike"],"picked":"Thunderclap","floor":5},{"not_picked":["Perfected Strike","Warcry"],"picked":"Ghostly Armor","floor":6},{"not_picked":["Pommel Strike","Flex"],"picked":"Feed","floor":12},{"not_picked":["Iron Wave","Metallicize"],"picked":"Power Through","floor":13}],"player_experience":1649789,"relics_obtained":[{"floor":6,"key":"Meat on the Bone"},{"floor":9,"key":"Whetstone"},{"floor":13,"key":"Centennial Puzzle"},{"floor":14,"key":"Smiling Mask"}],"event_choices":[{"damage_healed":0.0,"max_hp_gain":5.0,"max_hp_loss":0.0,"gold_gain":0.0,"event_name":"Big Fish","player_choice":"Donut","floor":3.0,"gold_loss":0.0,"damage_taken":0.0},{"damage_healed":0,"gold_gain":0,"player_choice":"Take Damage","damage_taken":28,"relics_obtained":["Golden Idol"],"max_hp_gain":0,"max_hp_loss":0,"event_name":"Golden Idol","floor":7,"gold_loss":0},{"damage_healed":0,"gold_gain":0,"player_choice":"Grow","damage_taken":0,"max_hp_gain":0,"max_hp_loss":0,"event_name":"Living Wall","floor":10,"gold_loss":0,"cards_upgraded":["Anger"]}],"is_beta":false,"boss_relics":[],"items_purged_floors":[],"is_endless":false,"potions_floor_spawned":[1,6],"killed_by":"Slime Boss","ascension_level":20}}