{"host":"7gewg82ormp6yt4e","time":1609669415,"event":{"mods":["BaseMod","Block Reminder","Colored Map","Colored Powertips","DeckTracker","Highlight Path","Minty Spire (QoL Compilation)","Relic Stats","StSLib"],"gold_per_floor":[114,131,131,131,147,182,182,14,14,28,28,28,28,0,0,72,72,91,91,106,106,106],"floor_reached":21,"playtime":895,"items_purged":[],"score":354,"play_id":"0da67225-53f8-4676-aad0-31bc7d50fbbf","local_time":"20210103192335","is_ascension_mode":true,"campfire_choices":[{"floor":7,"key":"REST"},{"data":"Defragment","floor":11,"key":"SMITH"},{"data":"Defragment","floor":13,"key":"SMITH"},{"data":"Chrysalis","floor":15,"key":"SMITH"}],"circlet_count":0,"master_deck":["AscendersBane","Strike_B","Defend_B","Defend_B","Defend_B","Defend_B","Zap","Dualcast","Chrysalis+1","Genetic Algorithm","Lockon","Chaos","Zap","Defragment+1","Defragment+1","Coolheaded","Parasite","Conserve Battery","Echo Form","Gash+1","Redo+1","Scrape+1","Beam Cell+1","Chill","Electrodynamics"],"relics":["Cracked Core","Sundial","Toolbox","Shuriken","Astrolabe"],"acts_visited":["Exordium","TheCity"],"potions_floor_usage":[10],"damage_taken":[{"damage":5,"enemies":"Small Slimes","floor":1,"turns":3},{"damage":1,"enemies":"Cultist","floor":2,"turns":4},{"damage":16,"enemies":"Jaw Worm","floor":5,"turns":4},{"damage":32,"enemies":"3 Sentries","floor":6,"turns":8},{"damage":8,"enemies":"3 Louse","floor":10,"turns":3},{"damage":15,"enemies":"Hexaghost","floor":16,"turns":9},{"damage":27,"enemies":"Chosen","floor":18,"turns":5},{"damage":14,"enemies":"Shell Parasite","floor":20,"turns":6}],"seed_played":"-5334791871259379953","potions_obtained":[{"floor":6,"key":"Fire Potion"},{"floor":10,"key":"GamblersBrew"},{"floor":20,"key":"BlessingOfTheForge"}],"is_trial":false,"path_per_floor":["M","M","?","$","M","E","R","$","T","M","R","?","R","$","R","B",null,"M","?","M","?"],"character_chosen":"DEFECT","items_purchased":["Toolbox","Conserve Battery"],"campfire_rested":1,"item_purchase_floors":[8,14],"current_hp_per_floor":[59,58,58,58,42,10,29,29,29,21,21,37,37,37,37,22,54,27,27,13,0,0],"gold":106,"neow_bonus":"RANDOM_COLORLESS_2","is_daily":false,"chose_seed":false,"campfire_upgraded":3,"win_rate":0.0,"timestamp":1609669415,"path_taken":["M","M","?","?","?","E","R","$","T","M","R","?","R","?","R","BOSS","M","?","M","?"],"items_purchased_type":["Relic","Card"],"build_version":"2020-12-22","purchased_purges":0,"victory":false,"max_hp_per_floor":[64,64,64,64,64,64,64,64,64,64,64,64,64,64,64,64,64,64,64,64,69,69],"relic_stats":{"counters":[8,42],"Sundial":[2],"Shuriken":[1],"Astrolabe":["Gash","Redo","Scrape"],"obtain_stats":[{"Sundial":6,"Shuriken":9,"Astrolabe":17,"Toolbox":8,"Cracked Core":0},{"Sundial":4,"Shuriken":4,"Astrolabe":6,"Toolbox":4,"Cracked Core":0},{"Sundial":19,"Shuriken":19,"Astrolabe":31,"Toolbox":19,"Cracked Core":0}]},"card_choices":[{"not_picked":["Secret Weapon","Secret Technique"],"picked":"Chrysalis","floor":0},{"not_picked":["Redo","Steam"],"picked":"Genetic Algorithm","floor":1},{"not_picked":["Heatsinks","Redo"],"picked":"Lockon","floor":2},{"not_picked":["Streamline","Skim"],"picked":"Defragment","floor":5},{"not_picked":["Stack","Recycle"],"picked":"Defragment","floor":6},{"not_picked":["Genetic Algorithm","Capacitor"],"picked":"Coolheaded","floor":10},{"not_picked":["Electrodynamics","Buffer"],"picked":"Echo Form","floor":16},{"not_picked":["Sunder","Stack"],"picked":"Beam Cell+1","floor":18},{"not_picked":["Sweeping Beam","Ball Lightning"],"picked":"Electrodynamics","floor":20}],"player_experience":2450375,"relics_obtained":[{"floor":6,"key":"Sundial"},{"floor":9,"key":"Shuriken"}],"event_choices":[{"damage_healed":0,"gold_gain":0,"player_choice":"2 cards matched","damage_taken":0,"max_hp_gain":0,"max_hp_loss":0,"event_name":"Match and Keep!","floor":3,"gold_loss":0,"cards_obtained":["Chaos","Zap"]},{"damage_healed":16,"gold_gain":0,"player_choice":"Healed and dodged fight","damage_taken":0,"max_hp_gain":0,"max_hp_loss":0,"event_name":"Mushrooms","floor":12,"gold_loss":0,"cards_obtained":["Parasite"]},{"damage_healed":0,"gold_gain":0,"player_choice":"Read","damage_taken":0,"max_hp_gain":0,"max_hp_loss":0,"event_name":"The Library","floor":19,"gold_loss":0,"cards_obtained":["Chill"]},{"damage_healed":0,"gold_gain":0,"player_choice":"Shed Blood","damage_taken":22,"max_hp_gain":5,"max_hp_loss":0,"event_name":"Forgotten Altar","floor":21,"gold_loss":0}],"is_beta":false,"boss_relics":[{"not_picked":["Ectoplasm","Runic Dome"],"picked":"Astrolabe"}],"items_purged_floors":[],"is_endless":false,"potions_floor_spawned":[6,10,20],"ascension_level":20}}