{"host":"KYO","time":1609639203,"event":{"mods":["BaseMod","BetterRewards","Minty Spire (QoL Compilation)","Shop Mod","StSLib","SuperFastMode","[IsaacMod]ÒÔÈö¼âËþ"],"gold_per_floor":[110,110,129,145,155,187,187,212,291,291,304,304,332,349,349,426,426,441,741,811,861,881,912,945,945,945,979,979,991,1022,1022,1022,1099,1099,1114,1134,1134,1151,1151,1183,1251,1284,1284,1318,1343,1343,1377,1377,1377,1377,1377,1377,1377,1410,1410],"floor_reached":56,"playtime":1537,"items_purged":["Defend_P","Defend_P","Strike_P","Defend_P","Strike_P","Defend_P","BettingIsNotGood","Strike_P","Strike_P","Eruption","Vigilance","Omniscience+1","DeceiveReality+1","InnerPeace+1","DevaForm","JustLucky","Omniscience+1","WreathOfFlame+1","JustLucky","EmptyBody+1","Study+1","Worship+1","ClearTheMind+1","Worship+1","ClearTheMind+1"],"score":4017,"play_id":"5729e01c-c295-4b1a-9f1d-e372f2cdec80","local_time":"20210103100003","is_ascension_mode":true,"campfire_choices":[{"data":"1","floor":10,"key":"LIFT"},{"floor":15,"key":"RECALL"},{"data":"2","floor":25,"key":"LIFT"},{"data":"3","floor":28,"key":"LIFT"},{"floor":32,"key":"DIG"},{"floor":49,"key":"DIG"},{"floor":52,"key":"DIG"}],"circlet_count":34,"master_deck":["AscendersBane","Flash of Steel+1","Prostrate+1","Flash of Steel+1"],"relics":["PureWater","HushsDoor","BloodDonationMachine","SteamSale","BelialBook","DoctorsRemote","MerchantsRug","Membership Card","Blue Candle","Sling","Oddly Smooth Stone","NineVolt","Darkstone Periapt","Sundial","PunchingBag","Du-Vu Doll","Chaos","EdensBlessing","Toxic Egg 2","Incubus","Bag of Marbles","MealTicket","Bird Faced Urn","Torii","SacredBark","Bronze Scales","Orrery","ClockworkSouvenir","YumHeart","PreservedInsect","Runic Pyramid","HornCleat","MyShadow","Meat on the Bone","Orichalcum","Anchor","DeathBook","SalivaCoin","Nunchaku","Pantograph","CaptainsWheel","InkBottle","VioletLotus","Toy Ornithopter","Frozen Egg 2","Leech","GuppysPaw","D6","Mango","Akabeko","Diplopia","Centennial Puzzle","Letter Opener","HolyWater","TungstenRod","Gremlin Horn","Void","Lantern","Black Star","Lee\u0027s Waffle","Art of War","War Paint","Potion Belt","Cauldron","WingedGreaves","Damaru","Ice Cream","Melange","Happy Flower","JudasShadow","Omamori","Shovel","Frozen Eye","Question Card","Tiny House","GnawedLeaf","Bag of Preparation","PillsDrop","MagicMushroom","Boot","Busted Crown","Molten Egg 2","Ancient Tea Set","Strawberry","TheAbacus","Regal Pillow","Chemical X","White Beast Statue","Matryoshka","Unceasing Top","TuHaoJin","CloakClasp","DeadEye","Thread and Needle","HowToJump","Yang","Shuriken","PrismaticShard","NineLifeCat","BFFS","Bottled Flame","Girya","Tiny Chest","Pocketwatch","OrangePellets","Mummified Hand","BookofShadows","Eternal Feather","GuppysTail","Turnip","Prayer Wheel","StoneCalendar","TheBattery","Gambling Chip","Whetstone","BlankCard","MegaBlast","UnicornStump","Bottled Lightning","Strange Spoon","Circlet","SlaversCollar","GuppysHead","Juzu Bracelet","GuppysCollar","GuppysHairball","SharpPlug"],"acts_visited":["Exordium","TheCity","TheBeyond","TheEnding"],"potions_floor_usage":[55],"damage_taken":[{"damage":0.0,"enemies":"Small Slimes","floor":1.0,"turns":1.0},{"damage":0,"enemies":"Jaw Worm","floor":3,"turns":1},{"damage":0,"enemies":"Cultist","floor":4,"turns":1},{"damage":0,"enemies":"Blue Slaver","floor":5,"turns":1},{"damage":0,"enemies":"Gremlin Nob","floor":6,"turns":1},{"damage":0,"enemies":"3 Sentries","floor":8,"turns":1},{"damage":0,"enemies":"2 Fungi Beasts","floor":11,"turns":1},{"damage":0,"enemies":"Lagavulin","floor":13,"turns":1},{"damage":0,"enemies":"Looter","floor":14,"turns":1},{"damage":0,"enemies":"Hexaghost","floor":16,"turns":1},{"damage":0,"enemies":"2 Thieves","floor":18,"turns":1},{"damage":0,"enemies":"Chosen","floor":22,"turns":1},{"damage":0,"enemies":"Gremlin Leader","floor":23,"turns":1},{"damage":0,"enemies":"Book of Stabbing","floor":24,"turns":1},{"damage":0,"enemies":"Gremlin Leader","floor":27,"turns":1},{"damage":0,"enemies":"Snake Plant","floor":29,"turns":1},{"damage":0,"enemies":"Book of Stabbing","floor":30,"turns":1},{"damage":0,"enemies":"Automaton","floor":33,"turns":1},{"damage":0,"enemies":"3 Shapes","floor":35,"turns":1},{"damage":0,"enemies":"Orb Walker","floor":36,"turns":1},{"damage":0,"enemies":"Jaw Worm Horde","floor":38,"turns":1},{"damage":0,"enemies":"Giant Head","floor":40,"turns":1},{"damage":0,"enemies":"Nemesis","floor":42,"turns":1},{"damage":0,"enemies":"Giant Head","floor":44,"turns":1},{"damage":0,"enemies":"Reptomancer","floor":45,"turns":1},{"damage":0,"enemies":"Giant Head","floor":47,"turns":1},{"damage":0,"enemies":"Donu and Deca","floor":50,"turns":1},{"damage":0,"enemies":"Shield and Spear","floor":54,"turns":1},{"damage":0,"enemies":"The Heart","floor":55,"turns":3}],"seed_played":"-7758469438819381456","potions_obtained":[{"floor":0.0,"key":"FairyPotion"},{"floor":0.0,"key":"FairyPotion"},{"floor":0.0,"key":"EntropicBrew"},{"floor":0.0,"key":"ColorlessPotion"},{"floor":0.0,"key":"FairyPotion"},{"floor":0.0,"key":"FairyPotion"},{"floor":0.0,"key":"EntropicBrew"},{"floor":0.0,"key":"ColorlessPotion"},{"floor":0.0,"key":"SpeedPotion"},{"floor":0.0,"key":"SneckoOil"},{"floor":1.0,"key":"DuplicationPotion"},{"floor":11,"key":"SteroidPotion"},{"floor":24,"key":"DuplicationPotion"},{"floor":29,"key":"DistilledChaos"},{"floor":30,"key":"Ancient Potion"}],"is_trial":false,"path_per_floor":["M","?","M","M","M","E","?","E","T","R","M","$","E","M","R","B",null,"M","?","T","?","M","E","E","R","T","E","R","M","E","$","R","B",null,"M","M","$","M","?","E","T","E","T","E","E","?","E","$","R","B",null,"R","$","E","B",null],"character_chosen":"WATCHER","items_purchased":["SteamSale","BelialBook","DoctorsRemote","Flash of Steel","MerchantsRug","Membership Card","Blue Candle","Sling","Oddly Smooth Stone","NineVolt","Darkstone Periapt","Sundial","PunchingBag","Du-Vu Doll","Chaos","EdensBlessing","Toxic Egg 2","Incubus","Bag of Marbles","Prostrate+1","MealTicket","Bird Faced Urn","Torii","SacredBark","Bronze Scales","Orrery","ClockworkSouvenir","YumHeart","PreservedInsect","Runic Pyramid","HornCleat","MyShadow","Meat on the Bone","Orichalcum","Anchor","DeathBook","SalivaCoin","Nunchaku","Pantograph","CaptainsWheel","InkBottle","VioletLotus","Toy Ornithopter","Frozen Egg 2","Leech","GuppysPaw","D6","Mango","Akabeko","Diplopia","Centennial Puzzle","Letter Opener","Flash of Steel","HolyWater","TungstenRod","Gremlin Horn","Void","Lantern","Black Star","Lee\u0027s Waffle","Art of War","War Paint","Potion Belt","Cauldron","WingedGreaves","Damaru","Ice Cream","Melange","Happy Flower","JudasShadow","Omamori","Shovel","Frozen Eye","Question Card","Tiny House","GnawedLeaf","Bag of Preparation","PillsDrop","MagicMushroom","Boot","Busted Crown","Molten Egg 2","Ancient Tea Set","Strawberry","TheAbacus","Regal Pillow","Chemical X","White Beast Statue","Matryoshka","BookOfRevelations","Unceasing Top","TuHaoJin","CloakClasp","DeadEye","Thread and Needle","HowToJump","Yang","Shuriken","PrismaticShard","NineLifeCat","BFFS","Bottled Flame","Girya","Tiny Chest","Pocketwatch","OrangePellets","Mummified Hand","BookofShadows","Eternal Feather","GuppysTail","Turnip","Prayer Wheel","SatanicBible","StoneCalendar","TheBattery","Gambling Chip","Whetstone","BlankCard","MegaBlast","UnicornStump","Bottled Lightning","Strange Spoon","GuppysCollar","GuppysHairball","SharpPlug"],"campfire_rested":0,"item_purchase_floors":[0,0,0,0,0,0,0,0,0,0,0,0,0,0,0,0,0,0,0,0,0,0,0,0,0,0,0,0,0,0,0,0,0,0,0,0,0,0,0,0,0,0,0,0,0,0,0,0,0,0,0,0,0,0,0,0,0,0,0,0,0,0,0,0,0,0,0,0,0,0,0,0,0,0,0,0,0,0,0,0,0,0,0,0,0,0,0,0,0,0,0,0,0,0,0,0,0,0,0,0,0,0,0,0,0,0,0,0,0,0,0,0,0,0,0,0,0,0,0,0,0,0,34,34,34],"current_hp_per_floor":[27,27,27,27,27,37,37,47,52,52,47,47,57,57,57,57,57,57,57,67,67,67,77,87,87,92,97,97,97,102,102,107,107,76,76,79,79,79,79,89,94,104,109,119,129,129,139,139,144,144,144,149,149,162,162],"gold":1410,"neow_bonus":"","is_daily":false,"chose_seed":false,"campfire_upgraded":0,"win_rate":0.0,"timestamp":1609639203,"path_taken":["M","?","M","M","M","E","?","E","T","R","M","$","E","M","R","BOSS","M","?","?","?","M","E","E","R","T","E","R","?","E","$","R","BOSS","M","M","$","M","?","E","?","E","T","E","E","?","E","$","R","BOSS","R","$","E","BOSS"],"items_purchased_type":["Relic","Relic","Relic","Card","Relic","Relic","Relic","Relic","Relic","Relic","Relic","Relic","Relic","Relic","Card","Relic","Relic","Relic","Relic","Card","Relic","Relic","Relic","Relic","Relic","Relic","Relic","Relic","Relic","Relic","Relic","Relic","Relic","Relic","Relic","Relic","Relic","Relic","Relic","Relic","Relic","Relic","Relic","Relic","Relic","Relic","Relic","Relic","Relic","Relic","Relic","Relic","Card","Relic","Relic","Relic","Card","Relic","Relic","Relic","Relic","Relic","Relic","Relic","Relic","Relic","Relic","Relic","Relic","Relic","Relic","Relic","Relic","Relic","Relic","Relic","Relic","Relic","Relic","Relic","Relic","Relic","Relic","Relic","Relic","Relic","Relic","Relic","Relic","Relic","Relic","Relic","Relic","Relic","Relic","Relic","Relic","Relic","Relic","Relic","Relic","Relic","Relic","Relic","Relic","Relic","Relic","Relic","Relic","Relic","Relic","Relic","Relic","Relic","Relic","Relic","Relic","Relic","Relic","Relic","Relic","Relic","Relic","Relic","Relic"],"build_version":"2020-12-18","purchased_purges":25,"victory":true,"max_hp_per_floor":[27,27,27,27,27,37,37,47,52,52,47,47,57,57,57,57,57,57,57,67,67,67,77,87,87,92,97,97,97,102,102,107,107,76,76,79,79,79,79,89,94,104,109,119,129,129,139,139,144,144,144,149,149,162,162],"card_choices":[{"not_picked":[],"picked":"BettingIsNotGood","floor":0.0},{"not_picked":["SashWhip","JustLucky"],"picked":"InnerPeace+1","floor":0.0},{"not_picked":["Blasphemy+1","ClearTheMind+1"],"picked":"Omniscience+1","floor":0.0},{"not_picked":["Worship+1","Tantrum"],"picked":"DevaForm","floor":0.0},{"not_picked":["EmptyBody+1","WreathOfFlame+1"],"picked":"JustLucky","floor":0.0},{"not_picked":["Consecrate","EmptyBody+1"],"picked":"DeceiveReality+1","floor":0.0},{"not_picked":["Blasphemy+1","Omniscience+1"],"picked":"ClearTheMind+1","floor":0.0},{"not_picked":["DevaForm","Tantrum"],"picked":"Worship+1","floor":0.0},{"not_picked":["WreathOfFlame+1","JustLucky"],"picked":"EmptyBody+1","floor":0.0},{"not_picked":["SashWhip","Halt+1"],"picked":"Omniscience+1","floor":0.0},{"not_picked":["InnerPeace+1","SashWhip"],"picked":"JustLucky","floor":0.0},{"not_picked":["DevaForm","Tantrum"],"picked":"Worship+1","floor":0.0},{"not_picked":["EmptyBody+1","JustLucky"],"picked":"WreathOfFlame+1","floor":0.0},{"not_picked":["Wireheading+1","LikeWater+1","Weave"],"picked":"Study+1","floor":0.0},{"not_picked":["Blasphemy+1","Omniscience+1"],"picked":"ClearTheMind+1","floor":0.0},{"not_picked":["True Grit+1","Skewer+1"],"picked":"SKIP","floor":1.0},{"not_picked":["Heavy Blade+1","PathToVictory+1"],"picked":"SKIP","floor":1.0},{"not_picked":["Leap+1","Sunder+1"],"picked":"SKIP","floor":3},{"not_picked":["Prostrate+1","Backflip+1"],"picked":"SKIP","floor":3},{"not_picked":["Cloak And Dagger+1","Headbutt+1"],"picked":"SKIP","floor":4},{"not_picked":["Deep Breath+1","Streamline+1"],"picked":"SKIP","floor":4},{"not_picked":["Crescendo+1","MasterReality+1"],"picked":"SKIP","floor":5},{"not_picked":["Reflex+1","Streamline+1"],"picked":"SKIP","floor":5},{"not_picked":["PathToVictory+1","Cleave+1"],"picked":"SKIP","floor":6},{"not_picked":["ElectricPowerLearning+1","Iron Wave+1"],"picked":"SKIP","floor":8},{"not_picked":["Reckless Charge+1","Shockwave+1"],"picked":"SKIP","floor":11},{"not_picked":["Flying Knee+1","Headbutt+1"],"picked":"SKIP","floor":11},{"not_picked":["MentalFortress+1","Thunderclap+1"],"picked":"SKIP","floor":13},{"not_picked":["Fusion+1","JustLucky+1"],"picked":"SKIP","floor":14},{"not_picked":["FlurryOfBlows+1","FlyingSleeves+1"],"picked":"SKIP","floor":14},{"not_picked":["Halt+1","Clash+1"],"picked":"SKIP","floor":18},{"not_picked":["Body Slam+1","Finisher+1"],"picked":"SKIP","floor":18},{"not_picked":["Slice+1","Outmaneuver+1"],"picked":"SKIP","floor":22},{"not_picked":["EmptyFist+1","Leg Sweep+1"],"picked":"SKIP","floor":22},{"not_picked":["Ghostly Armor+1","Wallop+1"],"picked":"SKIP","floor":23},{"not_picked":["Shockwave+1","Crescendo+1"],"picked":"SKIP","floor":24},{"not_picked":["Chrysalis+1","SashWhip+1"],"picked":"SKIP","floor":27},{"not_picked":["Auto Shields+1","Cleave+1"],"picked":"SKIP","floor":29},{"not_picked":["Heavy Blade+1","Cleave+1"],"picked":"SKIP","floor":29},{"not_picked":["Reprogram+1","Evaluate+1"],"picked":"SKIP","floor":30},{"not_picked":["Anger+1","Havoc+1"],"picked":"SKIP","floor":35},{"not_picked":["Wild Strike+1","Fan+1"],"picked":"SKIP","floor":35},{"not_picked":["Power Through+1","Deadly Poison+1"],"picked":"SKIP","floor":36},{"not_picked":["Cloak And Dagger+1","Second Wind+1"],"picked":"SKIP","floor":36},{"not_picked":["LikeWater+1","Heavy Blade+1"],"picked":"SKIP","floor":38},{"not_picked":["Master of Strategy+1","Acrobatics+1"],"picked":"SKIP","floor":38},{"not_picked":["Whirlwind+1","InnerPeace+1"],"picked":"SKIP","floor":40},{"not_picked":["True Grit+1","Inflame+1"],"picked":"SKIP","floor":42},{"not_picked":["Backstab+1","Flechettes+1"],"picked":"SKIP","floor":44},{"not_picked":["Beam Cell+1","Armaments+1"],"picked":"SKIP","floor":45},{"not_picked":["Sweeping Beam+1","Dodge and Roll+1"],"picked":"SKIP","floor":47},{"not_picked":["Indignation+1","Blur+1"],"picked":"SKIP","floor":54}],"player_experience":590164,"relics_obtained":[{"floor":6,"key":"Circlet"},{"floor":6,"key":"Circlet"},{"floor":8,"key":"Circlet"},{"floor":8,"key":"Circlet"},{"floor":9,"key":"Circlet"},{"floor":13,"key":"Circlet"},{"floor":13,"key":"Circlet"},{"floor":20,"key":"Circlet"},{"floor":20,"key":"Circlet"},{"floor":23,"key":"Circlet"},{"floor":23,"key":"Circlet"},{"floor":24,"key":"Circlet"},{"floor":24,"key":"Circlet"},{"floor":26,"key":"Circlet"},{"floor":27,"key":"Circlet"},{"floor":27,"key":"Circlet"},{"floor":30,"key":"GuppysHead"},{"floor":30,"key":"Circlet"},{"floor":32,"key":"Circlet"},{"floor":40,"key":"Circlet"},{"floor":40,"key":"Circlet"},{"floor":41,"key":"Circlet"},{"floor":42,"key":"Circlet"},{"floor":42,"key":"Circlet"},{"floor":43,"key":"Circlet"},{"floor":44,"key":"Circlet"},{"floor":44,"key":"Circlet"},{"floor":45,"key":"Circlet"},{"floor":45,"key":"Circlet"},{"floor":47,"key":"Circlet"},{"floor":47,"key":"Circlet"},{"floor":49,"key":"Circlet"},{"floor":52,"key":"Circlet"},{"floor":54,"key":"Circlet"},{"floor":54,"key":"Circlet"}],"event_choices":[{"damage_healed":0,"gold_gain":0,"player_choice":"Ignored","damage_taken":0,"max_hp_gain":0,"max_hp_loss":0,"event_name":"Golden Wing","floor":2,"gold_loss":0},{"damage_healed":0,"gold_gain":0,"player_choice":"Ignored","damage_taken":0,"max_hp_gain":0,"max_hp_loss":0,"event_name":"Shining Light","floor":7,"gold_loss":0},{"damage_healed":0,"gold_gain":50,"player_choice":"Stole From Cult","damage_taken":0,"max_hp_gain":0,"max_hp_loss":0,"event_name":"Nest","floor":21,"gold_loss":0},{"damage_healed":0,"gold_gain":0,"player_choice":"Ignored","damage_taken":0,"max_hp_gain":0,"max_hp_loss":0,"event_name":"Tomb of Lord Red Mask","floor":39,"gold_loss":0},{"damage_healed":0,"gold_gain":0,"player_choice":"Memory 1","damage_taken":0,"max_hp_gain":0,"max_hp_loss":0,"event_name":"SensoryStone","floor":46,"gold_loss":0}],"is_beta":true,"boss_relics":[{"not_picked":["Kunai","Dream Catcher"],"picked":"SlaversCollar"},{"not_picked":[]},{"not_picked":["Pen Nib","CeramicFish"],"picked":"Juzu Bracelet"},{"not_picked":[]}],"items_purged_floors":[0,0,0,0,0,0,0,0,0,0,0,0,0,0,0,0,0,0,0,0,0,12,12,12,31],"is_endless":false,"potions_floor_spawned":[1,3,4,5,11,14,16,18,22,24,29,30,33,35,36,38],"ascension_level":18}}