{"host":"c3lc60y5x60jlt1y","time":1609672810,"event":{"mods":["AchievementEnabler","BaseMod","Colored Map","Minty Spire (QoL Compilation)","Quick Restart","StSLib"],"gold_per_floor":[109,34,34,34,34,64,64,95,172,172,172],"floor_reached":10,"playtime":151,"items_purged":[],"score":244,"play_id":"f922c870-3b80-45f8-9566-d8ee13a5b2c1","local_time":"20210103132010","is_ascension_mode":true,"campfire_choices":[{"data":"Sucker Punch","floor":7,"key":"SMITH"}],"circlet_count":0,"master_deck":["AscendersBane","Strike_G","Strike_G","Strike_G","Strike_G","Defend_G","Defend_G","Defend_G","Defend_G","Survivor","Neutralize","Escape Plan","Catalyst","Sucker Punch+1","Dagger Throw"],"relics":["Ring of the Snake","NeowsBlessing","Strawberry","Incense Burner","The Courier","Blue Candle"],"acts_visited":["Exordium"],"potions_floor_usage":[],"damage_taken":[{"damage":0,"enemies":"Small Slimes","floor":1,"turns":1},{"damage":0,"enemies":"Gremlin Nob","floor":6,"turns":1},{"damage":0,"enemies":"3 Sentries","floor":8,"turns":1},{"damage":43,"enemies":"Gremlin Nob","floor":10,"turns":4}],"seed_played":"6164926362481422416","potions_obtained":[{"floor":6,"key":"Weak Potion"},{"floor":8,"key":"BlessingOfTheForge"}],"is_trial":false,"path_per_floor":["M","?","?","$","?","E","R","E","T","E"],"character_chosen":"THE_SILENT","items_purchased":[],"campfire_rested":0,"item_purchase_floors":[],"current_hp_per_floor":[59,59,59,59,40,40,40,40,40,0,0],"gold":172,"neow_bonus":"THREE_ENEMY_KILL","is_daily":false,"chose_seed":false,"campfire_upgraded":1,"win_rate":0.0,"timestamp":1609672810,"path_taken":["M","?","?","$","?","E","R","E","T","E"],"items_purchased_type":[],"build_version":"2020-12-22","purchased_purges":0,"victory":false,"max_hp_per_floor":[66,66,66,66,73,73,73,73,73,73,73],"card_choices":[{"not_picked":["Bane","Dodge and Roll"],"picked":"Escape Plan","floor":1},{"not_picked":["PiercingWail","Slice"],"picked":"Sucker Punch","floor":6},{"not_picked":["Dodge and Roll","Caltrops"],"picked":"Dagger Throw","floor":8}],"player_experience":7443720,"relics_obtained":[{"floor":6,"key":"Incense Burner"},{"floor":8,"key":"The Courier"},{"floor":9,"key":"Blue Candle"}],"event_choices":[{"cards_removed":["Strike_G"],"damage_healed":0,"gold_gain":0,"player_choice":"Card Removal","damage_taken":0,"max_hp_gain":0,"max_hp_loss":0,"event_name":"The Cleric","floor":2,"gold_loss":75},{"damage_healed":0,"gold_gain":0,"cards_transformed":["Defend_G"],"player_choice":"Change","damage_taken":0,"max_hp_gain":0,"max_hp_loss":0,"event_name":"Living Wall","floor":3,"gold_loss":0,"cards_obtained":["Catalyst"]},{"damage_healed":0,"gold_gain":0,"player_choice":"Success","damage_taken":26,"relics_obtained":["Strawberry"],"max_hp_gain":0,"max_hp_loss":0,"event_name":"Scrap Ooze","floor":5,"gold_loss":0}],"is_beta":false,"boss_relics":[],"items_purged_floors":[],"is_endless":false,"potions_floor_spawned":[6,8],"killed_by":"Gremlin Nob","ascension_level":20}}