{"host":"uyrebrj0204enqpc","time":1609637295,"event":{"mods":["Act Like it!","Bard","BaseMod","Block Reminder","Challenge The Spire","Colored Map","Colored Powertips","DeckTracker","Downfall","GifTheSpireLib","HexUI Lib","Highlight Path","Hubris","Infinite Spire","Minty Spire (QoL Compilation)","Pale of the Ancients","Quick Restart","Random Character Button","Relic Sorter","Relic Stats","Replay The Spire","Shop Mod","StSLib","The Blue Laboratory","The Bug Knight","The Cursed","The Jungle","The Marked","Wandering Minibosses"],"gold_per_floor":[117,117,132,145,145,145,157,157,183,212,212,241,288,320,320,415,415,427,169,169,189,189,189,224,35,35,49,83,83,101,131,131,131,131,131],"floor_reached":33,"playtime":1980,"items_purged":["TheCursedMod:Dregs"],"score":390,"play_id":"1c8cdbb6-bc1e-4e7b-bc15-28110363eeae","local_time":"20210102202815","is_ascension_mode":true,"campfire_choices":[{"data":"Guardian:TwinSlam","floor":6.0,"key":"SMITH"},{"data":"Guardian:ChargeCore","floor":8.0,"key":"SMITH"},{"data":"Guardian:Harden","floor":11.0,"key":"SMITH"},{"data":"Guardian:RefractedBeam","floor":15.0,"key":"SMITH"},{"data":"Guardian:Planning","floor":23.0,"key":"SMITH"},{"data":"Guardian:Emergency","floor":29.0,"key":"SMITH"},{"data":"Guardian:RefractedBeam+1","floor":32,"key":"SMITH"}],"circlet_count":0,"master_deck":["Guardian:CurlUp","Guardian:TwinSlam+1","Guardian:Harden+1","Guardian:ChargeCore+1","Guardian:EvasiveProtocol","Bandage Up+1","Guardian:PrismaticBarrier+1","Guardian:SphericShield+1","Guardian:RefractedBeam+2","Guardian:StasisField+1","Guardian:Planning+1","Guardian:TimeCapacitor+1","Guardian:Emergency+1","Guardian:ShieldCharger+1","Guardian:PrismaticBeam"],"relics":["Guardian:ModeShifter","PreservedInsect","Akabeko","infinitespire:Lychee Nut","Vajra","ReplayFunnel","Pandora\u0027s Box","Guardian:BottledStasis","Nunchaku","Guide Book","Blood Vial","War Paint"],"acts_visited":["TheCity"],"potions_floor_usage":[],"damage_taken":[{"damage":9.0,"enemies":"Jaw Worm","floor":1.0,"turns":4.0},{"damage":0.0,"enemies":"Cultist","floor":3.0,"turns":4.0},{"damage":2.0,"enemies":"Small Slimes","floor":4.0,"turns":3.0},{"damage":3.0,"enemies":"Red Slaver","floor":7.0,"turns":5.0},{"damage":0.0,"enemies":"3 Sentries","floor":10.0,"turns":4.0},{"damage":26.0,"enemies":"Gremlin Nob","floor":12.0,"turns":5.0},{"damage":4.0,"enemies":"3 Sentries","floor":14.0,"turns":7.0},{"damage":34.0,"enemies":"Hexaghost","floor":16.0,"turns":11.0},{"damage":23.0,"enemies":"Shell Parasite","floor":18.0,"turns":5.0},{"damage":8.0,"enemies":"Chosen","floor":21.0,"turns":3.0},{"damage":0.0,"enemies":"Book of Stabbing","floor":24.0,"turns":5.0},{"damage":0.0,"enemies":"Snake Plant","floor":27.0,"turns":2.0},{"damage":5.0,"enemies":"Slavers","floor":28.0,"turns":5.0},{"damage":0,"enemies":"Shelled Parasite and Fungi","floor":30,"turns":6},{"damage":5,"enemies":"Replay:Snechameleon","floor":31,"turns":5},{"damage":110,"enemies":"LordOfAnnihilation","floor":33,"turns":10}],"seed_played":"-118937529041505239","potions_obtained":[{"floor":3.0,"key":"blueLaboratory:AbyssPotion"},{"floor":7.0,"key":"blueLaboratory:NullPotion"},{"floor":14.0,"key":"AttackPotion"},{"floor":16.0,"key":"GamblersBrew"},{"floor":24.0,"key":"Block Potion"},{"floor":28.0,"key":"blueLaboratory:PhilterOfMotion"}],"is_trial":false,"path_per_floor":["M","?","M","M","?","R","M","R","T","E","R","E","T","E","R","B",null,"M","$","?","M","?","R","E","$","T","M","E","R","M","E","R","B"],"character_chosen":"GUARDIAN","items_purchased":["Guardian:Gem_Red","Guardian:BottledStasis","Guardian:Emergency","Guide Book"],"campfire_rested":0,"item_purchase_floors":[19,19,25,25],"current_hp_per_floor":[79,79,79,77,77,77,78,78,78,82,82,60,60,62,62,37,66,48,48,48,49,49,49,59,59,59,66,66,66,66,61,61,0,0,0],"gold":131,"neow_bonus":"TEN_PERCENT_HP_BONUS","is_daily":false,"chose_seed":false,"campfire_upgraded":7,"win_rate":0.0,"timestamp":1609637295,"path_taken":["M","?","M","?","?","R","?","R","T","E","R","E","?","E","R","BOSS","M","$","?","M","?","R","E","?","T","?","E","R","M","E","R","BOSS"],"items_purchased_type":["Card","Relic","Card","Relic"],"build_version":"2020-12-22","purchased_purges":1,"victory":false,"max_hp_per_floor":[88,88,88,88,88,88,88,88,88,88,88,66,66,66,66,66,66,66,66,66,66,66,66,66,66,66,66,66,66,66,66,66,66,66,66],"relic_stats":{"Blood Vial":2,"Nunchaku":[4],"counters":[16,84],"Pandora\u0027s Box":["Guardian:Emergency","Guardian:PolyBeam","Guardian:TimeCapacitor","Guardian:Gem_Blue","Guardian:ChargeCore","Guardian:Gem_Blue","Guardian:FastForward","Guardian:Gem_Green"],"PreservedInsect":202,"War Paint":["Guardian:PrismaticBarrier","Bandage Up"],"obtain_stats":[{"ReplayFunnel":14,"Blood Vial":28,"Guardian:BottledStasis":19,"Nunchaku":24,"infinitespire:Lychee Nut":12,"Guide Book":25,"Guardian:ModeShifter":0,"Vajra":13,"Pandora\u0027s Box":17,"PreservedInsect":9,"War Paint":31,"Akabeko":10},{"ReplayFunnel":7,"Blood Vial":13,"Guardian:BottledStasis":9,"Nunchaku":11,"infinitespire:Lychee Nut":6,"Guide Book":11,"Guardian:ModeShifter":0,"Vajra":6,"Pandora\u0027s Box":8,"PreservedInsect":4,"War Paint":15,"Akabeko":5},{"ReplayFunnel":32,"Blood Vial":63,"Guardian:BottledStasis":48,"Nunchaku":56,"infinitespire:Lychee Nut":25,"Guide Book":56,"Guardian:ModeShifter":0,"Vajra":25,"Pandora\u0027s Box":43,"PreservedInsect":16,"War Paint":74,"Akabeko":20}]},"card_choices":[{"not_picked":["Guardian:Suspension","Guardian:Recover"],"picked":"Guardian:Harden","floor":1.0},{"not_picked":["Guardian:Incinerate","Guardian:TemporalStrike"],"picked":"Guardian:ChargeCore","floor":3.0},{"not_picked":["Guardian:Clone","Guardian:Harden"],"picked":"Guardian:EvasiveProtocol","floor":4.0},{"not_picked":["Guardian:PiercingHide","Guardian:RollAttack"],"picked":"Guardian:PrismaticBarrier","floor":7.0},{"not_picked":["Guardian:RollAttack","Guardian:EvasiveProtocol"],"picked":"Guardian:SphericShield","floor":10.0},{"not_picked":["Guardian:Incinerate","Guardian:Gem_Red","Guardian:ConstructionForm"],"picked":"SKIP","floor":12.0},{"not_picked":["Guardian:ShieldSpikes","Guardian:VentSteam"],"picked":"Guardian:RefractedBeam","floor":14.0},{"not_picked":["Guardian:HyperBeam_Guardian","Guardian:FierceBash"],"picked":"Guardian:StasisField","floor":16.0},{"not_picked":["Guardian:TemporalShield","Guardian:TimeCapacitor"],"picked":"Guardian:Planning","floor":18.0},{"not_picked":["Guardian:ShieldSpikes+1","Guardian:TemporalShield+1","Guardian:PiercingHide"],"picked":"SKIP","floor":21.0},{"not_picked":["Guardian:TemporalStrike","Guardian:Emergency+1"],"picked":"Guardian:TimeCapacitor+1","floor":24.0},{"not_picked":["Guardian:Gem_Cyan","Guardian:Incinerate+1","Guardian:RollAttack"],"picked":"SKIP","floor":27.0},{"not_picked":["Guardian:MultiBeam+1","Guardian:RollAttack"],"picked":"Guardian:ShieldCharger+1","floor":28.0},{"not_picked":["Guardian:Gem_Lightblue","Guardian:VentSteam"],"picked":"Guardian:Gem_Orange","floor":30},{"not_picked":["Guardian:GuardianWhirl","Guardian:Harden+1"],"picked":"Guardian:PrismaticBeam","floor":31}],"player_experience":1026645,"relics_obtained":[{"floor":9.0,"key":"PreservedInsect"},{"floor":10.0,"key":"Akabeko"},{"floor":12.0,"key":"infinitespire:Lychee Nut"},{"floor":13.0,"key":"Vajra"},{"floor":14.0,"key":"ReplayFunnel"},{"floor":24.0,"key":"Nunchaku"},{"floor":28.0,"key":"Blood Vial"},{"floor":31,"key":"War Paint"}],"event_choices":[{"damage_healed":0.0,"max_hp_gain":0.0,"max_hp_loss":0.0,"gold_gain":0.0,"event_name":"Match and Keep!","player_choice":"3 cards matched","floor":5.0,"gold_loss":0.0,"damage_taken":0.0,"cards_obtained":["TheCursedMod:Dregs","Guardian:Gem_Red","Bandage Up"]},{"damage_healed":0.0,"max_hp_gain":0.0,"max_hp_loss":0.0,"gold_gain":0.0,"event_name":"Ghosts","player_choice":"Ignored","floor":20.0,"gold_loss":0.0,"damage_taken":0.0}],"is_beta":false,"boss_relics":[{"not_picked":["Painkiller Herb","Abe\u0027s Treasure"],"picked":"Pandora\u0027s Box"}],"items_purged_floors":[19],"is_endless":false,"potions_floor_spawned":[3,7,14,16,24,27,28],"killed_by":"LordOfAnnihilation","ascension_level":1}}