{"host":"l60rmjjsfi0fipmi","time":1609701254,"event":{"mods":["BaseMod","Colored Map","Highlight Path","Minty Spire (QoL Compilation)"],"gold_per_floor":[211,386,461,151,162,162,162,174,198,198,212,241,241,141,141,238,238,248,248,248,259,269,269,286,201,201,218,230,230,246,278,278,377,377,387,107,120,120,166,166,166,16,16,30,43,43,53,64,64,64],"floor_reached":51,"playtime":5394,"items_purged":["Strike_G","Strike_G","Strike_G","Strike_G"],"score":719,"play_id":"eb125a35-7d1f-437f-8aa3-251d1cb4ef34","local_time":"20210103141414","is_ascension_mode":false,"campfire_choices":[{"data":"Neutralize","floor":6,"key":"SMITH"},{"data":"Footwork","floor":10,"key":"SMITH"},{"data":"Leg Sweep","floor":13,"key":"SMITH"},{"data":"Noxious Fumes","floor":15,"key":"SMITH"},{"floor":23,"key":"REST"},{"floor":29,"key":"REST"},{"floor":32,"key":"REST"},{"floor":40,"key":"REST"},{"floor":49,"key":"REST"}],"circlet_count":0,"master_deck":["Defend_G","Defend_G","Defend_G","Defend_G","Survivor","Neutralize+1","Backstab","Doubt","Footwork+1","Quick Slash","Cloak And Dagger","Noxious Fumes+1","Leg Sweep+1","Wraith Form v2","PiercingWail","Crippling Poison","Deflect+1","Dodge and Roll","Corpse Explosion","Malaise","Well Laid Plans","Writhe","Parasite"],"relics":["Ring of the Serpent","Toolbox","Bag of Preparation","Strawberry","FossilizedHelix","Bottled Lightning","Ornamental Fan","Empty Cage","TwistedFunnel","Incense Burner","CaptainsWheel"],"acts_visited":["Exordium","TheCity","TheBeyond"],"potions_floor_usage":[16,22,22,31,33,39,39,50,50,50],"damage_taken":[{"damage":0,"enemies":"2 Louse","floor":1,"turns":4},{"damage":1,"enemies":"Small Slimes","floor":5,"turns":4},{"damage":0,"enemies":"Cultist","floor":8,"turns":4},{"damage":0,"enemies":"Blue Slaver","floor":11,"turns":3},{"damage":27,"enemies":"Gremlin Nob","floor":12,"turns":6},{"damage":15,"enemies":"Hexaghost","floor":16,"turns":13},{"damage":0,"enemies":"Shell Parasite","floor":18,"turns":10},{"damage":0,"enemies":"Spheric Guardian","floor":21,"turns":6},{"damage":46,"enemies":"Cultist and Chosen","floor":22,"turns":12},{"damage":3,"enemies":"Shelled Parasite and Fungi","floor":24,"turns":8},{"damage":5,"enemies":"Chosen and Byrds","floor":27,"turns":9},{"damage":10,"enemies":"Centurion and Healer","floor":28,"turns":8},{"damage":0,"enemies":"Snecko","floor":30,"turns":7},{"damage":6,"enemies":"Book of Stabbing","floor":31,"turns":7},{"damage":29,"enemies":"Champ","floor":33,"turns":19},{"damage":1,"enemies":"Orb Walker","floor":35,"turns":7},{"damage":3,"enemies":"3 Darklings","floor":37,"turns":7},{"damage":68,"enemies":"2 Orb Walkers","floor":39,"turns":8},{"damage":7,"enemies":"Maw","floor":44,"turns":12},{"damage":0,"enemies":"Spire Growth","floor":45,"turns":9},{"damage":7,"enemies":"4 Shapes","floor":47,"turns":4},{"damage":0,"enemies":"Writhing Mass","floor":48,"turns":10},{"damage":11,"enemies":"Time Eater","floor":50,"turns":17}],"seed_played":"5467346836533439930","potions_obtained":[{"floor":5,"key":"Fire Potion"},{"floor":8,"key":"DistilledChaos"},{"floor":11,"key":"AttackPotion"},{"floor":24,"key":"LiquidBronze"},{"floor":31,"key":"ColorlessPotion"},{"floor":33,"key":"Dexterity Potion"},{"floor":39,"key":"SteroidPotion"},{"floor":44,"key":"SteroidPotion"},{"floor":47,"key":"ColorlessPotion"}],"is_trial":false,"path_per_floor":["M","?","?","$","M","R","?","M","T","R","M","E","R","$","R","B",null,"M","?","?","M","M","R","M","?","T","M","M","R","M","E","R","B",null,"M","$","M","?","?","R","?","$","T","M","M","?","M","M","R","B",null],"character_chosen":"THE_SILENT","items_purchased":["Footwork","Toolbox","Quick Slash","TwistedFunnel"],"campfire_rested":5,"item_purchase_floors":[4,4,4,36],"current_hp_per_floor":[70,70,59,59,58,58,70,70,70,70,70,50,50,50,50,35,77,77,77,65,65,19,42,39,39,39,34,24,47,47,41,64,35,77,76,76,73,73,5,28,28,28,28,21,21,40,33,33,56,45],"gold":64,"neow_bonus":"HUNDRED_GOLD","is_daily":false,"chose_seed":false,"campfire_upgraded":4,"win_rate":0.0,"timestamp":1609701254,"path_taken":["M","?","?","$","M","R","?","M","T","R","M","E","R","$","R","BOSS","M","?","?","M","?","R","M","?","T","M","M","R","M","E","R","BOSS","M","$","M","?","?","R","?","$","T","M","M","?","?","M","R","BOSS"],"items_purchased_type":["Card","Relic","Card","Relic"],"build_version":"2020-12-22","purchased_purges":4,"victory":true,"max_hp_per_floor":[70,70,70,70,70,70,70,70,70,70,70,77,77,77,77,77,77,77,77,77,77,77,77,77,77,77,77,77,77,77,77,77,77,77,77,77,77,77,77,77,77,77,77,77,77,77,77,77,77,77],"card_choices":[{"not_picked":["PiercingWail","Dagger Throw"],"picked":"Backstab","floor":1},{"not_picked":["Acrobatics","Underhanded Strike","Catalyst"],"picked":"SKIP","floor":5},{"not_picked":["Acrobatics","Poisoned Stab"],"picked":"Cloak And Dagger","floor":8},{"not_picked":["Reflex","Escape Plan"],"picked":"Noxious Fumes","floor":11},{"not_picked":["Blade Dance","Finisher"],"picked":"Leg Sweep","floor":12},{"not_picked":["Venomology","Envenom"],"picked":"Wraith Form v2","floor":16},{"not_picked":["Blur","Outmaneuver"],"picked":"PiercingWail","floor":18},{"not_picked":["Outmaneuver+1","Dagger Spray"],"picked":"Deflect+1","floor":21},{"not_picked":["Underhanded Strike","Skewer","All Out Attack"],"picked":"SKIP","floor":22},{"not_picked":["Skewer","Outmaneuver+1","All Out Attack"],"picked":"SKIP","floor":24},{"not_picked":["Sucker Punch","Prepared","Infinite Blades"],"picked":"SKIP","floor":27},{"not_picked":["Cloak And Dagger","Poisoned Stab"],"picked":"Dodge and Roll","floor":28},{"not_picked":["Acrobatics","Underhanded Strike"],"picked":"Corpse Explosion","floor":30},{"not_picked":["All Out Attack","Cloak And Dagger","Reflex"],"picked":"SKIP","floor":31},{"not_picked":["Die Die Die","Doppelganger"],"picked":"Malaise","floor":33},{"not_picked":["Slice+1","Cloak And Dagger+1"],"picked":"Backflip+1","floor":35},{"not_picked":["Deflect","All Out Attack+1","Choke"],"picked":"SKIP","floor":37},{"not_picked":["Sucker Punch","Flying Knee+1"],"picked":"Well Laid Plans","floor":44},{"not_picked":["Finisher","Expertise+1","Acrobatics+1"],"picked":"SKIP","floor":45},{"not_picked":["Bane","Calculated Gamble+1","PiercingWail+1"],"picked":"SKIP","floor":47},{"not_picked":["Prepared","Dagger Throw+1","Blade Dance+1"],"picked":"SKIP","floor":48}],"player_experience":211939,"relics_obtained":[{"floor":9,"key":"Bag of Preparation"},{"floor":12,"key":"Strawberry"},{"floor":26,"key":"Bottled Lightning"},{"floor":31,"key":"Ornamental Fan"},{"floor":39,"key":"Incense Burner"},{"floor":43,"key":"CaptainsWheel"}],"event_choices":[{"damage_healed":0,"gold_gain":175,"player_choice":"AGREE","damage_taken":0,"max_hp_gain":0,"max_hp_loss":0,"event_name":"Liars Game","floor":2,"gold_loss":0,"cards_obtained":["Doubt"]},{"damage_healed":0,"gold_gain":75,"player_choice":"Gather Gold","damage_taken":11,"max_hp_gain":0,"max_hp_loss":0,"event_name":"World of Goop","floor":3,"gold_loss":0},{"damage_healed":23,"gold_gain":0,"player_choice":"Banana","damage_taken":0,"max_hp_gain":0,"max_hp_loss":0,"event_name":"Big Fish","floor":7,"gold_loss":0},{"damage_healed":0,"gold_gain":0,"player_choice":"Read","damage_taken":0,"max_hp_gain":0,"max_hp_loss":0,"event_name":"The Library","floor":19,"gold_loss":0,"cards_obtained":["Crippling Poison"]},{"damage_healed":0,"gold_gain":0,"player_choice":"POTION ","damage_taken":12,"max_hp_gain":0,"max_hp_loss":0,"event_name":"Knowing Skull","floor":20,"potions_obtained":["SkillPotion"],"gold_loss":0,"cards_obtained":[]},{"damage_healed":0,"gold_gain":0,"player_choice":"Obtained Relic","damage_taken":0,"relics_obtained":["FossilizedHelix"],"max_hp_gain":0,"max_hp_loss":0,"event_name":"Addict","floor":25,"gold_loss":85},{"cards_removed":["Backflip"],"damage_healed":0,"gold_gain":0,"player_choice":"Removed Skill","damage_taken":0,"max_hp_gain":0,"max_hp_loss":0,"event_name":"Falling","floor":38,"gold_loss":0},{"damage_healed":0,"gold_gain":0,"player_choice":"Fight","damage_taken":0,"max_hp_gain":0,"max_hp_loss":0,"event_name":"Mysterious Sphere","floor":39,"gold_loss":0},{"damage_healed":0,"gold_gain":0,"player_choice":"Ignored","damage_taken":0,"max_hp_gain":0,"max_hp_loss":0,"event_name":"Tomb of Lord Red Mask","floor":41,"gold_loss":0},{"damage_healed":19,"gold_gain":0,"player_choice":"Writhe","damage_taken":0,"max_hp_gain":0,"max_hp_loss":0,"event_name":"Winding Halls","floor":46,"gold_loss":0,"cards_obtained":["Writhe"]}],"is_beta":false,"boss_relics":[{"not_picked":["HoveringKite","Fusion Hammer"],"picked":"Ring of the Serpent"},{"not_picked":["Cursed Key","WristBlade"],"picked":"Empty Cage"}],"items_purged_floors":[4,14,36,42],"is_endless":false,"potions_floor_spawned":[5,8,11,21,24,31,33,39,44,47],"ascension_level":0}}