{"host":"mbpcepu6ztteuwhq","time":1609681584,"event":{"mods":["AchievementEnabler","BaseMod","Colored Map","Custom Start","DeckTracker","Minty Spire (QoL Compilation)","Rare Cards Sparkle","StSLib","everything is the same but u backflip on backflip"],"gold_per_floor":[118,98,116,116,127,127,27,27,54,54,84,98,118,193,193,193,193],"floor_reached":16,"playtime":431,"items_purged":["Strike_G"],"score":300,"play_id":"3fb0eea7-5434-49ae-bd76-74d4c3877116","local_time":"20210103224624","is_ascension_mode":true,"campfire_choices":[{"data":"Cloak And Dagger","floor":6.0,"key":"SMITH"},{"data":"Noxious Fumes","floor":8.0,"key":"SMITH"},{"data":"Dagger Spray","floor":10.0,"key":"SMITH"},{"floor":15.0,"key":"REST"}],"circlet_count":0,"master_deck":["AscendersBane","Strike_G","Strike_G","Strike_G","Defend_G","Defend_G","Defend_G","Defend_G","Survivor","Neutralize","Cloak And Dagger+1","Noxious Fumes+1","Dagger Spray+1","Flechettes","Venomology","Dagger Throw"],"relics":["Ring of the Snake","Omamori","Darkstone Periapt"],"acts_visited":["Exordium"],"potions_floor_usage":[16,16,16],"damage_taken":[{"damage":2.0,"enemies":"Small Slimes","floor":1.0,"turns":7.0},{"damage":0.0,"enemies":"Cultist","floor":3.0,"turns":4.0},{"damage":0.0,"enemies":"2 Louse","floor":5.0,"turns":3.0},{"damage":22.0,"enemies":"Lagavulin","floor":11.0,"turns":7.0},{"damage":0.0,"enemies":"Large Slime","floor":12.0,"turns":4.0},{"damage":5.0,"enemies":"Blue Slaver","floor":13.0,"turns":4.0},{"damage":13,"enemies":"Hexaghost","floor":16,"turns":9}],"seed_played":"5902259806427343113","potions_obtained":[{"floor":1.0,"key":"SteroidPotion"},{"floor":2.0,"key":"FearPotion"},{"floor":12.0,"key":"LiquidBronze"}],"is_trial":false,"path_per_floor":["M","?","M","?","M","R","$","R","T","R","E","M","M","?","R","B"],"character_chosen":"THE_SILENT","items_purchased":["Dagger Spray"],"campfire_rested":1,"item_purchase_floors":[7],"current_hp_per_floor":[42,42,42,42,42,42,42,42,42,42,20,20,15,4,23,10,10],"gold":193,"neow_bonus":"REMOVE_TWO","is_daily":false,"chose_seed":false,"campfire_upgraded":3,"win_rate":0.0,"timestamp":1609681584,"path_taken":["M","?","?","?","M","R","$","R","T","R","E","M","?","?","R","BOSS"],"items_purchased_type":["Card"],"build_version":"2020-12-22","purchased_purges":1,"victory":false,"max_hp_per_floor":[66,66,66,66,66,66,66,66,66,66,66,66,66,66,66,66,66],"card_choices":[{"not_picked":["Infinite Blades","Terror"],"picked":"Cloak And Dagger","floor":1.0},{"not_picked":["Deflect","Tactician"],"picked":"Noxious Fumes","floor":3.0},{"not_picked":["Acrobatics","Deflect","Prepared"],"picked":"SKIP","floor":5.0},{"not_picked":["Leg Sweep","Quick Slash"],"picked":"Flechettes","floor":11.0},{"not_picked":["Poisoned Stab","Acrobatics"],"picked":"Venomology","floor":12.0},{"not_picked":["Deflect","Dagger Throw","Flying Knee"],"picked":"SKIP","floor":13.0},{"not_picked":["Deflect","Flying Knee"],"picked":"Dagger Throw","floor":13.0}],"player_experience":3622,"relics_obtained":[{"floor":9.0,"key":"Omamori"},{"floor":11.0,"key":"Darkstone Periapt"}],"event_choices":[{"damage_healed":0.0,"max_hp_gain":0.0,"max_hp_loss":0.0,"gold_gain":0.0,"event_name":"The Woman in Blue","player_choice":"Bought 1 Potion","floor":2.0,"gold_loss":0.0,"damage_taken":0.0},{"damage_healed":0.0,"max_hp_gain":0.0,"max_hp_loss":0.0,"gold_gain":0.0,"event_name":"Match and Keep!","player_choice":"0 cards matched","floor":4.0,"gold_loss":0.0,"damage_taken":0.0,"cards_obtained":[]},{"damage_healed":0.0,"max_hp_gain":0.0,"max_hp_loss":0.0,"gold_gain":75.0,"event_name":"World of Goop","player_choice":"Gather Gold","floor":14.0,"gold_loss":0.0,"damage_taken":11.0}],"is_beta":false,"boss_relics":[],"items_purged_floors":[7],"is_endless":false,"potions_floor_spawned":[1,5,12,13],"killed_by":"Hexaghost","ascension_level":20}}