{"host":"zes78fzwct0uoxij","time":1609693186,"event":{"mods":["BaseMod","Minty Spire (QoL Compilation)"],"gold_per_floor":[111,111,126,126,201,201,239,257,257,257,286,286,310,329,329,450,450,464,464,464,484,503,538,538,556,579,598,608,641,641,660,660,660,660],"floor_reached":33,"playtime":2221,"items_purged":[],"score":289,"play_id":"e9eb059c-7daf-4c81-8a28-3a57ba30fa05","local_time":"20210103175946","is_ascension_mode":false,"campfire_choices":[{"data":"Ghostly Armor","floor":6.0,"key":"SMITH"},{"floor":12,"key":"REST"},{"data":"Rage","floor":15,"key":"SMITH"},{"data":"Bludgeon","floor":24,"key":"SMITH"},{"data":"Ghostly Armor","floor":32,"key":"SMITH"}],"circlet_count":0,"master_deck":["Strike_R","Strike_R","Strike_R","Defend_R","Defend_R","Defend_R","Defend_R","Bash","Ghostly Armor+1","Ghostly Armor","Pommel Strike","Cleave","Pommel Strike","Rage+1","Bludgeon+1","Headbutt","True Grit+1","Cleave","Reckless Charge+1","Ghostly Armor+1"],"relics":["Black Blood","Bloody Idol","Eternal Feather","Pantograph","Bronze Scales","Odd Mushroom","Akabeko","Self Forming Clay","Bag of Marbles","Ornamental Fan"],"acts_visited":["Exordium","TheCity"],"potions_floor_usage":[16,16,16],"damage_taken":[{"damage":7.0,"enemies":"2 Louse","floor":1.0,"turns":3.0},{"damage":3.0,"enemies":"Jaw Worm","floor":3.0,"turns":5.0},{"damage":25.0,"enemies":"3 Sentries","floor":7.0,"turns":17.0},{"damage":0.0,"enemies":"Small Slimes","floor":8.0,"turns":5.0},{"damage":16,"enemies":"The Mushroom Lair","floor":11,"turns":5},{"damage":0,"enemies":"3 Louse","floor":13,"turns":2},{"damage":1,"enemies":"Large Slime","floor":14,"turns":6},{"damage":44,"enemies":"The Guardian","floor":16,"turns":15},{"damage":17,"enemies":"Chosen","floor":18,"turns":5},{"damage":17,"enemies":"2 Thieves","floor":21,"turns":4},{"damage":16,"enemies":"Snake Plant","floor":22,"turns":4},{"damage":47,"enemies":"Slavers","floor":23,"turns":8},{"damage":23,"enemies":"Sentry and Sphere","floor":25,"turns":8},{"damage":4,"enemies":"Shelled Parasite and Fungi","floor":27,"turns":7},{"damage":16,"enemies":"Centurion and Healer","floor":28,"turns":6},{"damage":21,"enemies":"Book of Stabbing","floor":29,"turns":5},{"damage":0,"enemies":"Snecko","floor":31,"turns":6},{"damage":91,"enemies":"Collector","floor":33,"turns":9}],"seed_played":"734163294019467539","potions_obtained":[{"floor":1.0,"key":"Energy Potion"},{"floor":3.0,"key":"EntropicBrew"},{"floor":13,"key":"SteroidPotion"},{"floor":16,"key":"BloodPotion"},{"floor":21,"key":"SpeedPotion"}],"is_trial":false,"path_per_floor":["M","?","M","?","?","R","E","M","T","?","?","R","M","M","R","B",null,"M","?","?","M","M","E","R","M","T","M","M","E","?","M","R","B"],"character_chosen":"IRONCLAD","items_purchased":[],"campfire_rested":1,"item_purchase_floors":[],"current_hp_per_floor":[87,65,68,68,57,57,38,44,44,32,22,54,60,65,74,50,88,83,83,83,88,88,58,67,61,66,79,80,76,76,88,88,0,0],"gold":660,"neow_bonus":"TEN_PERCENT_HP_BONUS","is_daily":false,"chose_seed":false,"campfire_upgraded":4,"win_rate":0.0,"timestamp":1609693186,"path_taken":["M","?","M","?","?","R","E","M","T","?","?","R","M","M","R","BOSS","M","?","?","?","M","E","R","M","T","M","M","E","?","?","R","BOSS"],"items_purchased_type":[],"build_version":"2020-12-22","purchased_purges":0,"victory":false,"max_hp_per_floor":[88,88,88,88,88,88,88,88,88,88,88,88,88,88,88,88,88,88,88,88,88,88,88,88,88,88,88,88,88,88,88,88,88,88],"card_choices":[{"not_picked":["Second Wind","True Grit"],"picked":"Ghostly Armor","floor":1.0},{"not_picked":["Warcry","Combust"],"picked":"Ghostly Armor","floor":3.0},{"not_picked":["Intimidate","Perfected Strike"],"picked":"Pommel Strike","floor":7.0},{"not_picked":["Havoc","Anger"],"picked":"Cleave","floor":8},{"not_picked":["Searing Blow","Dropkick"],"picked":"Pommel Strike","floor":11},{"not_picked":["Shockwave","Clash"],"picked":"Rage","floor":13},{"not_picked":["True Grit","Sentinel","Pommel Strike"],"picked":"SKIP","floor":14},{"not_picked":["Feed","Corruption"],"picked":"Bludgeon","floor":16},{"not_picked":["Fire Breathing","Anger"],"picked":"Headbutt","floor":18},{"not_picked":["Warcry","Clash"],"picked":"True Grit+1","floor":21},{"not_picked":["Pommel Strike+1","Heavy Blade"],"picked":"Cleave","floor":22},{"not_picked":["Heavy Blade","Flex","Power Through"],"picked":"SKIP","floor":23},{"not_picked":["Clothesline+1","Power Through","Cleave"],"picked":"SKIP","floor":25},{"not_picked":["Dropkick","Warcry","Cleave+1"],"picked":"SKIP","floor":27},{"not_picked":["Havoc","Burning Pact"],"picked":"Reckless Charge+1","floor":28},{"not_picked":["Feed","Infernal Blade","Juggernaut"],"picked":"SKIP","floor":29},{"not_picked":["Flame Barrier+1","Headbutt","Shockwave"],"picked":"SKIP","floor":31}],"player_experience":577018,"relics_obtained":[{"floor":7.0,"key":"Eternal Feather"},{"floor":9,"key":"Pantograph"},{"floor":11,"key":"Odd Mushroom"},{"floor":23,"key":"Self Forming Clay"},{"floor":26,"key":"Bag of Marbles"},{"floor":29,"key":"Ornamental Fan"}],"event_choices":[{"damage_healed":0.0,"max_hp_gain":0.0,"max_hp_loss":0.0,"gold_gain":0.0,"event_name":"Golden Idol","player_choice":"Take Damage","floor":2.0,"gold_loss":0.0,"damage_taken":22.0,"relics_obtained":["Golden Idol"]},{"cards_removed":["Strike_R"],"damage_healed":0.0,"max_hp_gain":0.0,"max_hp_loss":0.0,"gold_gain":0.0,"event_name":"Living Wall","player_choice":"Forget","floor":4.0,"gold_loss":0.0,"damage_taken":0.0},{"damage_healed":0.0,"max_hp_gain":0.0,"max_hp_loss":0.0,"gold_gain":75.0,"event_name":"World of Goop","player_choice":"Gather Gold","floor":5.0,"gold_loss":0.0,"damage_taken":11.0},{"damage_healed":0,"gold_gain":0,"player_choice":"Success","damage_taken":12,"relics_obtained":["Bronze Scales"],"max_hp_gain":0,"max_hp_loss":0,"event_name":"Scrap Ooze","floor":10,"gold_loss":0},{"damage_healed":0,"gold_gain":0,"player_choice":"Fought Mushrooms","damage_taken":0,"max_hp_gain":0,"max_hp_loss":0,"event_name":"Mushrooms","floor":11,"gold_loss":0},{"damage_healed":0,"gold_gain":0,"player_choice":"Gave Idol","damage_taken":0,"relics_obtained":["Bloody Idol"],"max_hp_gain":0,"max_hp_loss":0,"event_name":"Forgotten Altar","floor":19,"relics_lost":["Golden Idol"],"gold_loss":0},{"damage_healed":0,"gold_gain":0,"player_choice":"Gave Potion","damage_taken":0,"relics_obtained":["Akabeko"],"max_hp_gain":0,"max_hp_loss":0,"event_name":"WeMeetAgain","floor":20,"gold_loss":0},{"damage_healed":0,"gold_gain":0,"cards_transformed":["Strike_R"],"player_choice":"Transformed","damage_taken":0,"max_hp_gain":0,"max_hp_loss":0,"event_name":"Transmorgrifier","floor":30,"gold_loss":0,"cards_obtained":["Ghostly Armor"]}],"is_beta":false,"boss_relics":[{"not_picked":["Calling Bell","Runic Dome"],"picked":"Black Blood"}],"items_purged_floors":[],"is_endless":false,"potions_floor_spawned":[1,3,13,16,21,22,27,29,31],"killed_by":"Collector","ascension_level":0}}