{"host":"enfgzo6yn4zdbao9","time":1609660493,"event":{"mods":["AchievementEnabler","BaseMod","Colored Powertips","Minty Spire (QoL Compilation)","Relic Stats","StSLib","slay the spire mod where everything is the same but ironclad has a cowboy hat"],"gold_per_floor":[116,129,129,144,160,160,174,203,203,203,76,96,96,128,128,229,229,244,93,123,142,142,71,71,141,141,151,151,183,202,202,202],"floor_reached":31,"playtime":2012,"items_purged":["Strike_P"],"score":395,"play_id":"4c09c881-b0e6-41a3-aa67-157deef67095","local_time":"20210102235453","is_ascension_mode":true,"campfire_choices":[{"data":"Tantrum","floor":6.0,"key":"SMITH"},{"floor":10.0,"key":"REST"},{"floor":15.0,"key":"REST"},{"floor":24,"key":"REST"},{"floor":28,"key":"REST"}],"circlet_count":0,"master_deck":["AscendersBane","Eruption","Vigilance","Tantrum+1","Wallop","FlyingSleeves","Indignation","SashWhip","EmptyFist+1","EmptyBody","Ragnarok+1","SashWhip+1","Judgement","DevaForm","Vault","LikeWater","Swivel","PathToVictory","Protect+1","Omniscience","Fasting2","FollowUp+1","MentalFortress","PathToVictory+1","LikeWater","BowlingBash+1","CrushJoints+1","Adaptation+1"],"relics":["Runic Pyramid","Potion Belt","Molten Egg 2","Odd Mushroom","Akabeko","Prayer Wheel","Pandora\u0027s Box","Red Mask","TeardropLocket","Ornamental Fan"],"acts_visited":["Exordium","TheCity"],"potions_floor_usage":[20,30,31],"damage_taken":[{"damage":0.0,"enemies":"Small Slimes","floor":1.0,"turns":2.0},{"damage":2.0,"enemies":"Jaw Worm","floor":2.0,"turns":3.0},{"damage":0.0,"enemies":"2 Louse","floor":4.0,"turns":3.0},{"damage":8.0,"enemies":"Blue Slaver","floor":5.0,"turns":3.0},{"damage":0.0,"enemies":"2 Fungi Beasts","floor":7.0,"turns":3.0},{"damage":7.0,"enemies":"3 Sentries","floor":8.0,"turns":4.0},{"damage":15.0,"enemies":"The Mushroom Lair","floor":12.0,"turns":3.0},{"damage":10.0,"enemies":"Lagavulin","floor":14.0,"turns":4.0},{"damage":25,"enemies":"The Guardian","floor":16,"turns":7},{"damage":0,"enemies":"Shell Parasite","floor":18,"turns":1},{"damage":12,"enemies":"Masked Bandits","floor":20,"turns":2},{"damage":18,"enemies":"Chosen","floor":21,"turns":3},{"damage":6,"enemies":"Centurion and Healer","floor":27,"turns":3},{"damage":19,"enemies":"Slavers","floor":29,"turns":3},{"damage":14,"enemies":"Shelled Parasite and Fungi","floor":30,"turns":2},{"damage":8,"enemies":"Snecko","floor":31,"turns":4}],"seed_played":"-9051283642559726657","potions_obtained":[{"floor":5.0,"key":"Dexterity Potion"},{"floor":7.0,"key":"Ancient Potion"},{"floor":12.0,"key":"Block Potion"},{"floor":14.0,"key":"Energy Potion"},{"floor":18,"key":"ColorlessPotion"},{"floor":21,"key":"ColorlessPotion"},{"floor":30,"key":"LiquidMemories"}],"is_trial":false,"path_per_floor":["M","M","?","M","M","R","M","E","T","R","$","?","?","E","R","B",null,"M","$","?","M","?","$","R","T","T","M","R","E","M","M"],"character_chosen":"WATCHER","items_purchased":["EmptyFist+1","Omniscience","MentalFortress"],"campfire_rested":4,"item_purchase_floors":[11,19,23],"current_hp_per_floor":[65,63,63,63,55,55,55,48,48,69,69,54,54,44,65,40,64,64,64,52,34,21,21,44,44,44,38,61,42,28,20,20],"gold":202,"neow_bonus":"BOSS_RELIC","is_daily":false,"chose_seed":false,"campfire_upgraded":1,"win_rate":0.0,"timestamp":1609660493,"path_taken":["M","M","?","M","M","R","M","E","T","R","$","?","?","E","R","BOSS","M","$","?","M","?","?","R","?","T","M","R","E","M","M"],"items_purchased_type":["Card","Card","Card"],"build_version":"2020-12-22","purchased_purges":1,"victory":false,"max_hp_per_floor":[72,72,72,72,72,72,72,72,72,72,72,72,72,72,72,72,72,72,72,72,72,77,77,77,77,77,77,77,77,77,77,77],"relic_stats":{"counters":[16,50],"Ornamental Fan":[0],"Prayer Wheel":4,"Pandora\u0027s Box":["SashWhip","Judgement","DevaForm","Vault","LikeWater","Swivel","PathToVictory"],"obtain_stats":[{"Potion Belt":8,"Ornamental Fan":29,"Molten Egg 2":9,"Prayer Wheel":14,"Pandora\u0027s Box":17,"Red Mask":20,"TeardropLocket":25,"PureWater":0,"Odd Mushroom":12,"Akabeko":13,"Runic Pyramid":0},{"Potion Belt":6,"Ornamental Fan":14,"Molten Egg 2":6,"Prayer Wheel":8,"Pandora\u0027s Box":9,"Red Mask":11,"TeardropLocket":12,"PureWater":0,"Odd Mushroom":7,"Akabeko":7,"Runic Pyramid":0},{"Potion Belt":18,"Ornamental Fan":44,"Molten Egg 2":18,"Prayer Wheel":25,"Pandora\u0027s Box":32,"Red Mask":35,"TeardropLocket":38,"PureWater":0,"Odd Mushroom":21,"Akabeko":21,"Runic Pyramid":0}]},"card_choices":[{"not_picked":["Prostrate","Crescendo"],"picked":"Tantrum","floor":1.0},{"not_picked":["CutThroughFate","Adaptation"],"picked":"Wallop","floor":2.0},{"not_picked":["FlurryOfBlows","EmptyBody"],"picked":"FlyingSleeves","floor":4.0},{"not_picked":["Vengeance","PathToVictory","Wallop"],"picked":"SKIP","floor":5.0},{"not_picked":["SignatureMove","PathToVictory"],"picked":"Indignation","floor":7.0},{"not_picked":["Devotion","JustLucky"],"picked":"SashWhip","floor":8.0},{"not_picked":["InnerPeace","Crescendo"],"picked":"EmptyBody","floor":12.0},{"not_picked":["ThirdEye","Pray","Worship"],"picked":"SKIP","floor":14.0},{"not_picked":["Wish","MasterReality"],"picked":"Ragnarok+1","floor":16},{"not_picked":["ReachHeaven+1","CrushJoints+1"],"picked":"Protect+1","floor":18},{"not_picked":["Conclude+1","Protect+1","FlurryOfBlows+1"],"picked":"SKIP","floor":18},{"not_picked":["Consecrate+1","CarveReality+1"],"picked":"Fasting2","floor":20},{"not_picked":["Judgement","PathToVictory"],"picked":"FollowUp+1","floor":21},{"not_picked":["FlurryOfBlows+1","Study","CutThroughFate+1"],"picked":"SKIP","floor":21},{"not_picked":["Sanctity","Evaluate"],"picked":"PathToVictory+1","floor":27},{"not_picked":["ThirdEye","FlurryOfBlows+1"],"picked":"LikeWater","floor":27},{"not_picked":["MasterReality","Nirvana+1"],"picked":"BowlingBash+1","floor":29},{"not_picked":["WreathOfFlame","Pray"],"picked":"CrushJoints+1","floor":30},{"not_picked":["BowlingBash+1","Wireheading"],"picked":"Adaptation+1","floor":30}],"player_experience":430087,"relics_obtained":[{"floor":8.0,"key":"Potion Belt"},{"floor":9.0,"key":"Molten Egg 2"},{"floor":12.0,"key":"Odd Mushroom"},{"floor":14.0,"key":"Prayer Wheel"},{"floor":20,"key":"Red Mask"},{"floor":25,"key":"TeardropLocket"},{"floor":29,"key":"Ornamental Fan"}],"event_choices":[{"damage_healed":0.0,"max_hp_gain":0.0,"max_hp_loss":0.0,"gold_gain":0.0,"event_name":"Liars Game","player_choice":"Ignored","floor":3.0,"gold_loss":0.0,"damage_taken":0.0},{"damage_healed":0.0,"max_hp_gain":0.0,"max_hp_loss":0.0,"gold_gain":0.0,"event_name":"Mushrooms","player_choice":"Fought Mushrooms","floor":12.0,"gold_loss":0.0,"damage_taken":0.0},{"damage_healed":0.0,"max_hp_gain":0.0,"max_hp_loss":0.0,"gold_gain":0.0,"event_name":"Dead Adventurer","player_choice":"Searched \u00271\u0027 times","floor":13.0,"gold_loss":0.0,"damage_taken":0.0,"relics_obtained":["Akabeko"]},{"damage_healed":0,"gold_gain":0,"player_choice":"Fought Bandits","damage_taken":0,"max_hp_gain":0,"max_hp_loss":0,"event_name":"Masked Bandits","floor":20,"gold_loss":0},{"damage_healed":0,"gold_gain":0,"player_choice":"Shed Blood","damage_taken":18,"max_hp_gain":5,"max_hp_loss":0,"event_name":"Forgotten Altar","floor":22,"gold_loss":0}],"is_beta":false,"boss_relics":[{"not_picked":["SacredBark","Fusion Hammer"],"picked":"Pandora\u0027s Box"}],"items_purged_floors":[11],"is_endless":false,"potions_floor_spawned":[5,7,12,14,18,21,30],"killed_by":"Snecko","ascension_level":10}}