{"host":"vmo6qas4tfa0p776","time":1609634074,"event":{"mods":["AchievementEnabler","BaseMod","Bestiary","Better Altar","Better Match","Better Note","Better Sensory Stone","Better Skull","Better Third Choice","Clawfect","Colored Map","Colored Powertips","Downfall","Googly Eyes","GungeonMod","Minty Spire (QoL Compilation)","Relic Stats","Robot Space Explorer","Spicy Shops","StSLib","Synergy Search","The Cursed","The Disciple","The Jungle","The Marked","Unceasing Turn Reminder","everything is the same but u backflip on backflip"],"gold_per_floor":[113,4,4,4,18,44,62,88,158,158,158,181,181,191,191,294,294,305,341,358,358,368,368,402,402,429,429,429,495,495,495,495],"floor_reached":31,"playtime":1648,"items_purged":[],"score":333,"play_id":"1e1727e2-3dfa-4142-9743-b1b8f5ccfd52","local_time":"20210102193434","is_ascension_mode":false,"campfire_choices":[{"floor":10,"key":"REST"},{"floor":15,"key":"REST"},{"floor":23,"key":"REST"},{"floor":25,"key":"REST"}],"circlet_count":0,"master_deck":["DemoMod:Strike_Huntress+1","DemoMod:Strike_Huntress","DemoMod:Defend_Huntress","DemoMod:Roll","DemoMod:ManualReload","DemoMod:RustySidearm","DemoMod:CrossBow","DemoMod:HuntsMan","DemoMod:RadGun","DemoMod:ShadowBullets","DemoMod:JK47+1","DemoMod:MegaHand","DemoMod:MachoBrace","DemoMod:FastSwitch","DemoMod:Ejector","DemoMod:GunslingerForm","DemoMod:FullFirepower","DemoMod:Desperate","DemoMod:BoxingGlove","DemoMod:HungryBullets+1","DemoMod:HighKaliber","DemoMod:ZorGun+1","DemoMod:FortunesFavor","DemoMod:AWP"],"relics":["DemoMod:Dog","NeowsBlessing","DemoMod:HoleyGrail","DemoMod:NanoMachines","Shuriken","TungstenRod","Black Star","DemoMod:AgedBell","Tiny Chest","Mummified Hand","DemoMod:WeirdEgg","theJungle:SpiritDisease","Regal Pillow","Whetstone"],"acts_visited":["Exordium","Exordium"],"potions_floor_usage":[13,13,14,16,19],"damage_taken":[{"damage":0,"enemies":"Jaw Worm","floor":1,"turns":1},{"damage":0,"enemies":"Small Slimes","floor":5,"turns":1},{"damage":0,"enemies":"Gremlin Nob","floor":6,"turns":1},{"damage":4,"enemies":"Cultist","floor":7,"turns":3},{"damage":36,"enemies":"Lagavulin","floor":8,"turns":7},{"damage":0,"enemies":"Looter","floor":12,"turns":3},{"damage":6,"enemies":"Exordium Wildlife","floor":14,"turns":3},{"damage":53,"enemies":"Slime Boss","floor":16,"turns":14},{"damage":16,"enemies":"Shell Parasite","floor":18,"turns":3},{"damage":23,"enemies":"theJungle:GiantWrat","floor":19,"turns":6},{"damage":11,"enemies":"theJungle:JungleHuntersEncounter","floor":20,"turns":7},{"damage":10,"enemies":"theJungle:2_Snecko_Cultists","floor":22,"turns":4},{"damage":12,"enemies":"theJungle:Cassacara","floor":24,"turns":6},{"damage":24,"enemies":"theJungle:2_Phrogs","floor":29,"turns":10},{"damage":18,"enemies":"Snake Plant","floor":31,"turns":1}],"seed_played":"-2509247411486758499","potions_obtained":[{"floor":8,"key":"SpeedPotion"},{"floor":12,"key":"ColorlessPotion"},{"floor":14,"key":"FearPotion"},{"floor":18,"key":"Strength Potion"},{"floor":29,"key":"ColorlessPotion"}],"is_trial":false,"path_per_floor":["M","$","?","?","M","E","M","E","T","R","?","M","$","M","R","B",null,"M","M","M","$","M","R","E","R","T","?","?","E","$","M"],"character_chosen":"HUNTRESS","items_purchased":["DemoMod:RadGun","DemoMod:ShadowBullets","TungstenRod"],"campfire_rested":4,"item_purchase_floors":[2,2,13],"current_hp_per_floor":[70,70,70,70,70,70,66,30,30,51,51,51,51,45,66,13,70,54,31,20,20,10,31,19,40,40,40,40,16,16,0,0],"gold":495,"neow_bonus":"THREE_ENEMY_KILL","is_daily":false,"chose_seed":false,"campfire_upgraded":0,"win_rate":0.0,"timestamp":1609634074,"path_taken":["M","$","?","?","?","E","M","E","T","R","?","M","?","?","R","BOSS","M","M","M","$","M","R","E","R","T","?","?","E","$","M"],"items_purchased_type":["Card","Card","Relic"],"build_version":"2020-12-22","purchased_purges":0,"victory":false,"max_hp_per_floor":[70,70,70,70,70,70,70,70,70,70,70,70,70,70,70,70,70,70,70,70,70,70,70,70,70,70,70,70,70,70,70,70],"relic_stats":{"Regal Pillow":0,"counters":[15,70],"Shuriken":[22],"Mummified Hand":[4],"Tiny Chest":0,"Black Star":2,"Whetstone":["DemoMod:Strike_Huntress","DemoMod:JK47"],"obtain_stats":[{"DemoMod:Armor":8,"Regal Pillow":29,"DemoMod:AgedBell":20,"DemoMod:Dog":0,"NeowsBlessing":0,"DemoMod:HoleyGrail":6,"DemoMod:WeirdEgg":26,"DemoMod:GlassGuonStoneRelic":7,"theJungle:SpiritDisease":28,"Whetstone":29,"Shuriken":9,"Mummified Hand":24,"DemoMod:NanoMachines":8,"Tiny Chest":24,"Black Star":17,"TungstenRod":13},{"DemoMod:Armor":5,"Regal Pillow":14,"DemoMod:AgedBell":11,"DemoMod:Dog":0,"NeowsBlessing":0,"DemoMod:HoleyGrail":3,"DemoMod:WeirdEgg":13,"DemoMod:GlassGuonStoneRelic":4,"theJungle:SpiritDisease":13,"Whetstone":14,"Shuriken":5,"Mummified Hand":13,"DemoMod:NanoMachines":5,"Tiny Chest":13,"Black Star":8,"TungstenRod":6},{"DemoMod:Armor":13,"Regal Pillow":69,"DemoMod:AgedBell":49,"DemoMod:Dog":0,"NeowsBlessing":0,"DemoMod:HoleyGrail":3,"DemoMod:WeirdEgg":59,"DemoMod:GlassGuonStoneRelic":6,"theJungle:SpiritDisease":59,"Whetstone":69,"Shuriken":13,"Mummified Hand":59,"DemoMod:NanoMachines":13,"Tiny Chest":59,"Black Star":33,"TungstenRod":16}],"TungstenRod":42},"card_choices":[{"not_picked":["DemoMod:SkilledReload","DemoMod:DoubleSwitch"],"picked":"DemoMod:HuntsMan","floor":1},{"not_picked":["DemoMod:GunShield","DemoMod:ProbeStrike"],"picked":"DemoMod:JK47","floor":5},{"not_picked":["DemoMod:HuntsMan","DemoMod:JK47"],"picked":"DemoMod:MegaHand","floor":6},{"not_picked":["DemoMod:Camera","DemoMod:GunstockTap"],"picked":"DemoMod:MachoBrace","floor":7},{"not_picked":["DemoMod:ZorGun","DemoMod:ProbeStrike"],"picked":"DemoMod:FastSwitch","floor":8},{"not_picked":["DemoMod:SAA","DemoMod:BoxingGlove"],"picked":"DemoMod:Ejector","floor":12},{"not_picked":["DemoMod:AC15","DemoMod:BattleInHaste"],"picked":"DemoMod:GunslingerForm","floor":14},{"not_picked":["DemoMod:BlackHoleGun","DemoMod:Desperate"],"picked":"DemoMod:FullFirepower","floor":16},{"not_picked":["DemoMod:DoubleVision","DemoMod:FightSabre"],"picked":"DemoMod:Desperate","floor":16},{"not_picked":["DemoMod:Ejector","DemoMod:HardPowerCard"],"picked":"DemoMod:BoxingGlove","floor":18},{"not_picked":["DemoMod:HardPowerCard","DemoMod:HuntsMan+1"],"picked":"DemoMod:HungryBullets+1","floor":19},{"not_picked":["DemoMod:SAA","DemoMod:AbyssalTentacle"],"picked":"DemoMod:HighKaliber","floor":20},{"not_picked":["DemoMod:BoxingGlove","DemoMod:FortunesFavor"],"picked":"DemoMod:ZorGun+1","floor":22},{"not_picked":["DemoMod:SAA+1","DemoMod:TripleGun"],"picked":"DemoMod:FortunesFavor","floor":24},{"not_picked":["DemoMod:BoxingGlove+1","DemoMod:MegaHand"],"picked":"DemoMod:AWP","floor":29}],"player_experience":242454,"relics_obtained":[{"floor":6,"key":"DemoMod:HoleyGrail"},{"floor":8,"key":"DemoMod:NanoMachines"},{"floor":9,"key":"Shuriken"},{"floor":20,"key":"DemoMod:AgedBell"},{"floor":24,"key":"Tiny Chest"},{"floor":24,"key":"Mummified Hand"},{"floor":26,"key":"DemoMod:WeirdEgg"},{"floor":29,"key":"Regal Pillow"},{"floor":29,"key":"Whetstone"}],"event_choices":[{"damage_healed":0,"gold_gain":0,"player_choice":"Ignored","damage_taken":0,"max_hp_gain":0,"max_hp_loss":0,"event_name":"Golden Wing","floor":3,"gold_loss":0},{"damage_healed":0,"gold_gain":0,"player_choice":"Full Heal","damage_taken":0,"max_hp_gain":0,"max_hp_loss":0,"event_name":"Wheel of Change","floor":4,"gold_loss":0},{"damage_healed":0,"gold_gain":0,"player_choice":"Ignored","damage_taken":0,"max_hp_gain":0,"max_hp_loss":0,"event_name":"betterNote:BetterNote","floor":27,"gold_loss":0,"cards_obtained":["Regret"]}],"is_beta":false,"boss_relics":[{"not_picked":["Empty Cage","Velvet Choker"],"picked":"Black Star"}],"items_purged_floors":[],"is_endless":false,"potions_floor_spawned":[8,12,14,18,29],"killed_by":"Snake Plant","ascension_level":0}}