{"host":"l84l8xigz5v5foa2","time":1609699063,"event":{"mods":["2.2 Compatiblity","AchievementEnabler","BaseMod","Better Note","Better Vampires","Card Filter","Colored Map","DeckTracker","Downfall","Gremlin Skip","Highlight Path","Keyboard Shortcuts","Minty Spire (QoL Compilation)","Permanent Neow","Quick Restart","Relic Filter","Relic Stats","StSLib","SuperFastMode","Transform Curses","Unknown Chances"],"gold_per_floor":[349,365,375,128,139,139,139,239,239,239,239,239,255,140,157,157,157,157],"floor_reached":16,"playtime":879,"items_purged":["hexamod:Defend","hexamod:Strike"],"score":180,"play_id":"5d6bc148-6d83-4800-a13a-149d90fc3927","local_time":"20210104033743","is_ascension_mode":true,"campfire_choices":[{"data":"hexamod:Float","floor":1.0,"key":"SMITH"},{"data":"hexamod:FastForward","floor":6,"key":"SMITH"},{"data":"hexamod:RetreatToShadows","floor":9,"key":"SMITH"},{"floor":11,"key":"RECALL"}],"circlet_count":0,"master_deck":["AscendersBane","hexamod:Strike","hexamod:Strike","hexamod:Defend","hexamod:Defend","hexamod:Defend","hexamod:Float+1","hexamod:InspiringFlames","hexamod:FastForward+1","hexamod:GhostOfSpirePast","hexamod:ThirdSeal","hexamod:GhostOfSpirePast","hexamod:StepThrough","hexamod:InspiringFlames","hexamod:HeatMetal+1","hexamod:RetreatToShadows+1","hexamod:SpectersWail","hexamod:FourthSeal","hexamod:StepThrough","hexamod:FifthSeal","hexamod:FirstSeal","hexamod:ShieldOfDarkness","hexamod:NecessarySacrifice"],"relics":["hexamod:SpiritBrand","Orrery","Mango"],"acts_visited":["Exordium"],"potions_floor_usage":[14,15],"damage_taken":[{"damage":1.0,"enemies":"Small Slimes","floor":2.0,"turns":4.0},{"damage":0.0,"enemies":"2 Louse","floor":3.0,"turns":3.0},{"damage":0.0,"enemies":"downfall:FleeingMerchant","floor":4.0,"turns":4.0},{"damage":5.0,"enemies":"Jaw Worm","floor":5.0,"turns":4.0},{"damage":18,"enemies":"downfall:Heads","floor":8,"turns":5},{"damage":0,"enemies":"Blue Slaver","floor":13,"turns":4},{"damage":0,"enemies":"downfall:FleeingMerchant","floor":14,"turns":4},{"damage":6,"enemies":"3 Louse","floor":15,"turns":3},{"damage":29,"enemies":"downfall:Defect","floor":16,"turns":6}],"seed_played":"1684749288769254114","potions_obtained":[{"floor":3.0,"key":"Guardian:BlockOnCardUsePotion"},{"floor":13,"key":"LiquidMemories"},{"floor":14,"key":"Fire Potion"},{"floor":15,"key":"hexamod:InfernoChargePotion"}],"is_trial":false,"path_per_floor":["R","M","M","$","M","R","T","?","R","?","R","?","M","$","M","B"],"character_chosen":"THE_SPIRIT","items_purchased":["Orrery"],"campfire_rested":0,"item_purchase_floors":[4],"current_hp_per_floor":[42,41,41,41,36,36,50,32,32,32,32,32,32,32,26,0,0,0],"gold":157,"neow_bonus":"TWO_FIFTY_GOLD","is_daily":false,"chose_seed":false,"campfire_upgraded":3,"win_rate":0.0,"timestamp":1609699063,"path_taken":["R","M","M","$","M","R","T","?","R","?","R","?","M","$","M","BOSS"],"items_purchased_type":["Relic"],"build_version":"2020-12-22","purchased_purges":2,"victory":false,"max_hp_per_floor":[63,63,63,63,63,63,77,77,77,77,77,77,77,77,77,77,77,77],"relic_stats":{"counters":[9,37],"obtain_stats":[{"Orrery":4,"Mango":7,"hexamod:SpiritBrand":0},{"Orrery":3,"Mango":4,"hexamod:SpiritBrand":0},{"Orrery":11,"Mango":15,"hexamod:SpiritBrand":0}]},"card_choices":[{"not_picked":["hexamod:GhostLash","hexamod:ShieldOfDarkness"],"picked":"hexamod:InspiringFlames","floor":2.0},{"not_picked":["hexamod:RainOfEmbers","hexamod:WildfireWeapon"],"picked":"hexamod:FastForward","floor":3.0},{"not_picked":["hexamod:SecondSeal","hexamod:Haunt"],"picked":"hexamod:GhostOfSpirePast","floor":4.0},{"not_picked":["hexamod:SoulSteal","hexamod:FastForward"],"picked":"hexamod:ThirdSeal","floor":4.0},{"not_picked":["hexamod:GhostShield","hexamod:FastForward"],"picked":"hexamod:GhostOfSpirePast","floor":4.0},{"not_picked":["hexamod:ExtraCrispy","hexamod:SpectersWail"],"picked":"hexamod:StepThrough","floor":4.0},{"not_picked":["hexamod:UnleashSpirits","hexamod:RainOfEmbers"],"picked":"hexamod:InspiringFlames","floor":4.0},{"not_picked":["hexamod:GhostLash","hexamod:RecurringNightmare"],"picked":"hexamod:HeatMetal","floor":5},{"not_picked":["hexamod:RetreatToShadows","hexamod:HauntingEcho"],"picked":"hexamod:SpectersWail","floor":8},{"not_picked":["hexamod:HexaLevel","hexamod:HauntingEcho"],"picked":"hexamod:StepThrough","floor":13},{"not_picked":["hexamod:Hexaguard","hexamod:NightmareStrike","hexamod:BacktrackSmack"],"picked":"SKIP","floor":13},{"not_picked":["hexamod:Hexaguard","hexamod:NightmareStrike","hexamod:BacktrackSmack"],"picked":"SKIP","floor":13},{"not_picked":["hexamod:Hexaguard","hexamod:NightmareStrike","hexamod:BacktrackSmack"],"picked":"SKIP","floor":13},{"not_picked":["hexamod:HauntingEcho","hexamod:ChargedBarrage"],"picked":"hexamod:FifthSeal","floor":14},{"not_picked":["hexamod:BacktrackSmack","hexamod:FastForward","hexamod:NightmareGuise"],"picked":"SKIP","floor":14},{"not_picked":["hexamod:FourthSeal","hexamod:ThirdSeal"],"picked":"hexamod:FirstSeal","floor":15},{"not_picked":["hexamod:SwordOfDarkness","hexamod:ExtraCrispy"],"picked":"hexamod:ShieldOfDarkness","floor":15},{"not_picked":["hexamod:ThermalTransfer","hexamod:FastForward"],"picked":"hexamod:NecessarySacrifice","floor":15}],"player_experience":2821243,"relics_obtained":[{"floor":7,"key":"Mango"}],"event_choices":[],"is_beta":false,"boss_relics":[],"items_purged_floors":[4,14],"is_endless":false,"potions_floor_spawned":[3],"killed_by":"downfall:Defect","ascension_level":20}}