{"host":"uonldg9uriwfhjjx","time":1609662962,"event":{"mods":["AchievementEnabler","BaseMod","Minty Spire (QoL Compilation)","Relic Stats"],"gold_per_floor":[117,117,136,151,226,226,255,265,265,265,265,265],"floor_reached":11,"playtime":269,"items_purged":[],"score":128,"play_id":"130ce2b1-d4e8-4e3c-8159-9b4394cb0ef8","local_time":"20210103033602","is_ascension_mode":true,"campfire_choices":[{"data":"Armaments","floor":6,"key":"SMITH"},{"data":"Pummel","floor":10,"key":"SMITH"}],"circlet_count":0,"master_deck":["AscendersBane","Strike_R","Strike_R","Strike_R","Strike_R","Strike_R","Defend_R","Defend_R","Defend_R","Defend_R","Bash+1","Shrug It Off","Pummel","Armaments+1","Pummel+1"],"relics":["Burning Blood","NeowsBlessing","MealTicket","InkBottle"],"acts_visited":["Exordium"],"potions_floor_usage":[7,8],"damage_taken":[{"damage":0,"enemies":"Cultist","floor":1,"turns":1},{"damage":0,"enemies":"Small Slimes","floor":3,"turns":2},{"damage":0,"enemies":"2 Louse","floor":4,"turns":1},{"damage":26,"enemies":"3 Sentries","floor":7,"turns":9},{"damage":16,"enemies":"Gremlin Gang","floor":8,"turns":8},{"damage":44,"enemies":"Lagavulin","floor":11,"turns":5}],"seed_played":"3245358358573635102","potions_obtained":[{"floor":1,"key":"CultistPotion"},{"floor":4,"key":"SkillPotion"}],"is_trial":false,"path_per_floor":["M","?","M","M","?","R","E","M","T","R","E"],"character_chosen":"IRONCLAD","items_purchased":[],"campfire_rested":0,"item_purchase_floors":[],"current_hp_per_floor":[74,74,75,75,64,64,44,34,34,34,0,0],"gold":265,"neow_bonus":"THREE_ENEMY_KILL","is_daily":false,"chose_seed":false,"campfire_upgraded":2,"win_rate":0.0,"timestamp":1609662962,"path_taken":["M","?","?","M","?","R","E","M","T","R","E"],"items_purchased_type":[],"build_version":"2020-12-22","purchased_purges":0,"victory":false,"max_hp_per_floor":[75,75,75,75,75,75,75,75,75,75,75,75],"relic_stats":{"counters":[6,26],"MealTicket":0,"obtain_stats":[{"NeowsBlessing":0,"MealTicket":7,"Burning Blood":0,"InkBottle":9},{"NeowsBlessing":0,"MealTicket":4,"Burning Blood":0,"InkBottle":5},{"NeowsBlessing":0,"MealTicket":13,"Burning Blood":0,"InkBottle":21}],"Burning Blood":19,"InkBottle":[1]},"card_choices":[{"not_picked":["Bloodletting","Ghostly Armor"],"picked":"Shrug It Off","floor":1},{"not_picked":["Second Wind","Thunderclap"],"picked":"Pummel","floor":3},{"not_picked":["Seeing Red","Heavy Blade"],"picked":"Armaments","floor":4},{"not_picked":["Body Slam","Clash","Metallicize"],"picked":"SKIP","floor":7},{"not_picked":["Perfected Strike","Feel No Pain"],"picked":"Pummel","floor":8}],"player_experience":716627,"relics_obtained":[{"floor":7,"key":"MealTicket"},{"floor":9,"key":"InkBottle"}],"event_choices":[{"damage_healed":0,"gold_gain":0,"player_choice":"Forge","damage_taken":0,"max_hp_gain":0,"max_hp_loss":0,"event_name":"Accursed Blacksmith","floor":2,"gold_loss":0,"cards_upgraded":["Bash"]},{"damage_healed":0,"gold_gain":75,"player_choice":"Gather Gold","damage_taken":11,"max_hp_gain":0,"max_hp_loss":0,"event_name":"World of Goop","floor":5,"gold_loss":0}],"is_beta":false,"boss_relics":[],"items_purged_floors":[],"is_endless":false,"potions_floor_spawned":[1,4],"killed_by":"Lagavulin","ascension_level":15}}