{"host":"r5d2dd2phecx262s","time":1609644651,"event":{"mods":["2.2 Compatiblity","AchievementEnabler","BaseMod","Curses Come First","Minty Spire (QoL Compilation)","StSLib"],"gold_per_floor":[118,144,159,84,234,268,268,286,286,299,184,195,195,212,212,289,289,244,244,244],"floor_reached":19,"playtime":655,"items_purged":["Regret"],"score":321,"play_id":"6c673182-8a87-4455-a7fe-2d3e8a2636e1","local_time":"20210103003051","is_ascension_mode":true,"campfire_choices":[{"floor":7,"key":"REST"},{"data":"Echo Form","floor":13,"key":"SMITH"},{"floor":15,"key":"REST"}],"circlet_count":0,"master_deck":["AscendersBane","Strike_B","Strike_B","Strike_B","Strike_B","Defend_B","Defend_B","Defend_B","Defend_B","Zap","Dualcast","Echo Form+1","Cold Snap","Loop","Doubt","Cold Snap","Gash","Glacier","Ball Lightning","Loop","Conserve Battery","Buffer","Redo"],"relics":["Cracked Core","Regal Pillow","Bronze Scales","Eternal Feather","Nuclear Battery"],"acts_visited":["Exordium","TheCity"],"potions_floor_usage":[6,16,16,19],"damage_taken":[{"damage":3,"enemies":"Cultist","floor":1,"turns":4},{"damage":4,"enemies":"Jaw Worm","floor":3,"turns":4},{"damage":41,"enemies":"Gremlin Nob","floor":6,"turns":5},{"damage":5,"enemies":"2 Louse","floor":8,"turns":2},{"damage":8,"enemies":"2 Fungi Beasts","floor":10,"turns":4},{"damage":0,"enemies":"Blue Slaver","floor":12,"turns":3},{"damage":26,"enemies":"Exordium Thugs","floor":14,"turns":5},{"damage":26,"enemies":"Hexaghost","floor":16,"turns":10},{"damage":51,"enemies":"2 Thieves","floor":18,"turns":5},{"damage":21,"enemies":"3 Byrds","floor":19,"turns":2}],"seed_played":"-422546030554876432","potions_obtained":[{"floor":1,"key":"SteroidPotion"},{"floor":8,"key":"ColorlessPotion"},{"floor":10,"key":"EssenceOfDarkness"},{"floor":16,"key":"ColorlessPotion"}],"is_trial":false,"path_per_floor":["M","T","M","$","?","E","R","M","T","M","$","M","R","M","R","B",null,"M","M"],"character_chosen":"DEFECT","items_purchased":["Glacier","Ball Lightning"],"campfire_rested":2,"item_purchase_floors":[11,11],"current_hp_per_floor":[61,61,57,57,57,16,52,47,47,39,39,39,51,25,71,45,65,14,0,0],"gold":244,"neow_bonus":"THREE_RARE_CARDS","is_daily":false,"chose_seed":false,"campfire_upgraded":1,"win_rate":0.0,"timestamp":1609644651,"path_taken":["M","?","M","$","?","E","R","M","T","M","$","M","R","M","R","BOSS","M","M"],"items_purchased_type":["Card","Card"],"build_version":"2020-12-22","purchased_purges":1,"victory":false,"max_hp_per_floor":[71,71,71,71,71,71,71,71,71,71,71,71,71,71,71,71,71,71,71,71],"card_choices":[{"not_picked":["Core Surge","Multi-Cast"],"picked":"Echo Form","floor":0},{"not_picked":["Tempest","Compile Driver"],"picked":"Cold Snap","floor":1},{"not_picked":["Conserve Battery","Cold Snap"],"picked":"Loop","floor":3},{"not_picked":["Gash","Stack"],"picked":"Cold Snap","floor":6},{"not_picked":["Melter","Streamline","Beam Cell"],"picked":"SKIP","floor":8},{"not_picked":["Amplify","Hello World"],"picked":"Gash","floor":10},{"not_picked":["Heatsinks","Cold Snap"],"picked":"Loop","floor":12},{"not_picked":["Compile Driver","Ball Lightning"],"picked":"Conserve Battery","floor":14},{"not_picked":["Reboot","Meteor Strike"],"picked":"Buffer","floor":16},{"not_picked":["Stack","Coolheaded+1"],"picked":"Redo","floor":18}],"player_experience":1571550,"relics_obtained":[{"floor":2,"key":"Regal Pillow"},{"floor":6,"key":"Bronze Scales"},{"floor":9,"key":"Eternal Feather"}],"event_choices":[{"damage_healed":0,"gold_gain":150,"player_choice":"AGREE","damage_taken":0,"max_hp_gain":0,"max_hp_loss":0,"event_name":"Liars Game","floor":5,"gold_loss":0,"cards_obtained":["Doubt"]}],"is_beta":false,"boss_relics":[{"not_picked":["Pandora\u0027s Box","Busted Crown"],"picked":"Nuclear Battery"}],"items_purged_floors":[4],"is_endless":false,"potions_floor_spawned":[1,8,10,12,16],"killed_by":"3 Byrds","ascension_level":18}}