{"host":"6dypmz777xraikqf","time":1609671391,"event":{"mods":["AchievementEnabler","BaseMod","BetterRewards","Colored Map","Colored Powertips","Downfall","Highlight Path","Hubris","Infinite Spire","Minty Spire (QoL Compilation)","Replay The Spire","StSLib"],"gold_per_floor":[117,44,55,74,94,94,112,112,189,215,229,244,191,219,219,315,315,332,343,58,74,74,108,140,171,231,243,255,267,279,291,303,410,422,449,461,25,25,25,60,94,114,185,205,224,337,357,127,127,127],"floor_reached":51,"playtime":3399,"items_purged":["Strike_G+1","Strike_G+1","hubris:Gluttony"],"score":1103,"play_id":"245ffb1b-2321-419b-bc93-c1a9605a9205","local_time":"20210103105631","is_ascension_mode":true,"campfire_choices":[{"data":"Infinite Blades","floor":6,"key":"SMITH"},{"data":"Infinite Blades","floor":8,"key":"SMITH"},{"floor":15,"key":"REST"},{"floor":27,"key":"REST"},{"data":"Adrenaline","floor":28,"key":"SMITH"},{"floor":32,"key":"REST"},{"data":"Wraith Form v2","floor":49,"key":"SMITH"}],"circlet_count":0,"master_deck":["Strike_G+1","Strike_G+2","Strike_G+1","Defend_G+1","Defend_G+1","Defend_G+1","Defend_G+1","Defend_G+1","Survivor+1","Neutralize+1","PiercingWail+1","Infinite Blades+1","Infinite Blades+1","Blade Dance+1","Slice+1","Hidden Blade+1","Endless Agony+1","Cloak And Dagger+1","Distraction+1","Adrenaline+1","Cloak And Dagger+1","Pot Of Greed+1","Pot Of Greed+1","Blur+1","Hidden Blade+1","Pot Of Greed+1","Backflip+1","Panache","ReplayTheSpireMod:The Works+1","Parasite","Wraith Form v2+1","Blade Dance+1","Quick Slash+1"],"relics":["WristBlade","infinitespire:Eraser","Simple Rune","ReplayFunnel","WingedGreaves","hubris:RunicObelisk","Grinning Jar","MawBank","Happy Flower","Nilry\u0027s Codex","Kunai","Cursed Key","Mark of the Bloom","Toolbox","hubris:Icosahedron","hubris:AncientText","Ancient Tea Set","infinitespire:EmpoweringShard"],"acts_visited":["Exordium","TheCity","TheBeyond"],"potions_floor_usage":[4,14,23,35,46,50,50,50],"damage_taken":[{"damage":3,"enemies":"Cultist","floor":1,"turns":5},{"damage":0,"enemies":"Jaw Worm","floor":3,"turns":4},{"damage":2,"enemies":"Small Slimes","floor":4,"turns":4},{"damage":4,"enemies":"Looter","floor":5,"turns":4},{"damage":2,"enemies":"Red Slaver","floor":7,"turns":3},{"damage":15,"enemies":"3 Sentries","floor":10,"turns":6},{"damage":0,"enemies":"Large Slime","floor":11,"turns":2},{"damage":0,"enemies":"Exordium Thugs","floor":12,"turns":3},{"damage":8,"enemies":"Gremlin Nob","floor":14,"turns":3},{"damage":8,"enemies":"Fading Forest","floor":16,"turns":11},{"damage":2,"enemies":"3 Byrds","floor":18,"turns":4},{"damage":12,"enemies":"Chosen","floor":19,"turns":4},{"damage":7,"enemies":"Shelled Parasite and Fungi","floor":21,"turns":4},{"damage":20,"enemies":"Slavers","floor":23,"turns":5},{"damage":1,"enemies":"Cultist and Chosen","floor":24,"turns":5},{"damage":5,"enemies":"Centurion and Healer","floor":25,"turns":5},{"damage":26,"enemies":"hubris:MusketHawk","floor":33,"turns":9},{"damage":7,"enemies":"3 Darklings","floor":35,"turns":3},{"damage":21,"enemies":"Nightmare","floor":40,"turns":7},{"damage":0,"enemies":"R_Hoarder","floor":41,"turns":4},{"damage":0,"enemies":"3 Shapes","floor":42,"turns":3},{"damage":0,"enemies":"3 Darklings","floor":44,"turns":3},{"damage":2,"enemies":"Writhing Mass","floor":45,"turns":5},{"damage":17,"enemies":"Jaw Worm Horde","floor":46,"turns":4},{"damage":3,"enemies":"4 Shapes","floor":47,"turns":4},{"damage":0,"enemies":"Awakened One","floor":50,"turns":8}],"seed_played":"1500070440975758324","potions_obtained":[{"floor":3,"key":"BlessingOfTheForge"},{"floor":4,"key":"Dexterity Potion"},{"floor":11,"key":"Block Potion"},{"floor":14,"key":"Strength Potion"},{"floor":18,"key":"ColorlessPotion"},{"floor":40,"key":"infinitespire:BlackPotion"}],"is_trial":false,"path_per_floor":["M","$","M","M","M","R","M","R","T","E","M","M","?","E","R","B",null,"M","M","$","M","$","E","M","M","T","R","R","?","$","T","R","B",null,"M","?","$","?","?","NM","E","M","T","M","M","M","M","$","R","B",null],"character_chosen":"THE_SILENT","items_purchased":["Infinite Blades","Cloak And Dagger","Grinning Jar","Panache","Toolbox","Doom Potion"],"campfire_rested":3,"item_purchase_floors":[2,20,20,37,37,48],"current_hp_per_floor":[67,67,67,65,61,61,59,59,59,44,44,44,44,36,57,63,70,68,56,56,49,49,29,28,23,23,44,44,28,28,28,49,23,70,63,63,63,63,63,42,42,42,42,42,40,23,20,20,20,20],"gold":127,"neow_bonus":"BOSS_RELIC","is_daily":false,"chose_seed":false,"campfire_upgraded":4,"win_rate":0.0,"timestamp":1609671391,"path_taken":["M","?","M","M","M","R","M","R","T","E","M","?","?","E","R","BOSS","M","M","$","M","?","E","M","?","T","R","R","?","$","?","R","BOSS","M","?","$","?","?","NM","E","M","T","M","?","M","M","$","R","BOSS"],"items_purchased_type":["Card","Card","Relic","Card","Relic","Potion"],"build_version":"2020-12-22","purchased_purges":3,"victory":true,"max_hp_per_floor":[70,70,70,70,70,70,70,70,70,70,70,70,70,70,70,70,70,70,70,70,70,70,70,70,70,70,70,70,70,70,70,70,70,70,70,70,70,70,70,70,70,70,70,70,70,70,70,70,70,70],"card_choices":[{"not_picked":["Dodge and Roll","PiercingWail","Calculated Gamble"],"picked":"SKIP","floor":1},{"not_picked":["Dodge and Roll","Calculated Gamble"],"picked":"PiercingWail","floor":1},{"not_picked":["Prepared","Dagger Spray"],"picked":"Infinite Blades","floor":3},{"not_picked":["Accuracy","ReplayTheSpireMod:Speed Training"],"picked":"Blade Dance","floor":4},{"not_picked":["Sucker Punch","Backflip"],"picked":"Slice","floor":5},{"not_picked":["ReplayTheSpireMod:Speed Training","Flying Knee","Dagger Throw"],"picked":"SKIP","floor":7},{"not_picked":["Outmaneuver","Deflect"],"picked":"Hidden Blade","floor":10},{"not_picked":["Riddle With Holes","A Thousand Cuts"],"picked":"Endless Agony","floor":11},{"not_picked":["Bane","Catalyst"],"picked":"Cloak And Dagger","floor":12},{"not_picked":["Die Die Die","Choke"],"picked":"Distraction","floor":14},{"not_picked":["infinitespire:Neurotoxin","Unload"],"picked":"Adrenaline","floor":16},{"not_picked":["PiercingWail","Dagger Throw+1","Predator"],"picked":"SKIP","floor":18},{"not_picked":["PiercingWail","Dodge and Roll","Bane+1"],"picked":"SKIP","floor":19},{"not_picked":["Reflex+1","Hidden Blade"],"picked":"Blur","floor":21},{"not_picked":["Bouncing Flask","Flying Knee","Deadly Poison"],"picked":"SKIP","floor":23},{"not_picked":["Underhanded Strike+1","Dagger Spray","Noxious Fumes"],"picked":"SKIP","floor":24},{"not_picked":["Flechettes","hubris:SlightOfHand"],"picked":"Hidden Blade","floor":25},{"not_picked":["Quick Slash","Sneak Up"],"picked":"Backflip+1","floor":35},{"not_picked":["Slice+1","Distraction+1"],"picked":"ReplayTheSpireMod:The Works+1","floor":40},{"not_picked":["ReplayTheSpireMod:Tripwire+1","Flying Knee+1","Reflex+1"],"picked":"SKIP","floor":41},{"not_picked":["Dagger Throw","Bane","Crippling Poison"],"picked":"SKIP","floor":42},{"not_picked":["Flying Knee","Dagger Throw","Draining Mist"],"picked":"SKIP","floor":44},{"not_picked":["Backflip","Dodge and Roll"],"picked":"Wraith Form v2","floor":45},{"not_picked":["Dagger Throw+1","Hidden Blade"],"picked":"Blade Dance+1","floor":46},{"not_picked":["Deadly Poison","PiercingWail"],"picked":"Quick Slash+1","floor":47}],"player_experience":85842,"relics_obtained":[{"floor":9,"key":"infinitespire:Eraser"},{"floor":10,"key":"Simple Rune"},{"floor":14,"key":"WingedGreaves"},{"floor":23,"key":"MawBank"},{"floor":26,"key":"Happy Flower"},{"floor":29,"key":"Nilry\u0027s Codex"},{"floor":31,"key":"Kunai"},{"floor":40,"key":"hubris:AncientText"},{"floor":41,"key":"Ancient Tea Set"},{"floor":43,"key":"infinitespire:EmpoweringShard"}],"event_choices":[{"damage_healed":0,"gold_gain":0,"player_choice":"Paid Gold","damage_taken":0,"relics_obtained":["ReplayFunnel"],"max_hp_gain":0,"max_hp_loss":0,"event_name":"WeMeetAgain","floor":13,"gold_loss":53},{"damage_healed":0,"gold_gain":0,"player_choice":"Obtained Book","damage_taken":16,"max_hp_gain":0,"max_hp_loss":0,"event_name":"Cursed Tome","floor":29,"gold_loss":0},{"damage_healed":0,"gold_gain":0,"player_choice":"Upgrade","damage_taken":0,"relics_obtained":["Mark of the Bloom"],"max_hp_gain":0,"max_hp_loss":0,"event_name":"MindBloom","floor":36,"gold_loss":0,"cards_upgraded":["Strike_G","Strike_G","Strike_G","Strike_G","Defend_G","Defend_G","Defend_G","Defend_G","Defend_G","Survivor","Neutralize","PiercingWail","Blade Dance","Slice","Hidden Blade","Endless Agony","Cloak And Dagger","Distraction","Cloak And Dagger","Pot Of Greed","Pot Of Greed","Blur","Hidden Blade","Pot Of Greed"]},{"damage_healed":7,"gold_gain":0,"player_choice":"Full Heal","damage_taken":0,"max_hp_gain":0,"max_hp_loss":0,"event_name":"Wheel of Change","floor":39,"gold_loss":0}],"is_beta":false,"boss_relics":[{"not_picked":["Coffee Dripper","ChewingGum"],"picked":"hubris:RunicObelisk"},{"not_picked":["Runic Dome","Pandora\u0027s Box"],"picked":"Cursed Key"}],"items_purged_floors":[20,37,48],"is_endless":false,"potions_floor_spawned":[3,4,11,14,18,23,24,25,33,40,42,45],"ascension_level":3}}