{"host":"sav7uxregyirlf69","time":1609640926,"event":{"mods":["AchievementEnabler","BaseMod","Colored Map","DeckTracker","Keyboard Shortcuts","Minty Spire (QoL Compilation)","READ ME - Guardian Mod","StSLib","SuperFastMode"],"gold_per_floor":[118,118,136,149,230,230,262,262,262,187,187,200,200,213,213,290,290,303,25,25,0,14,40,40,40,40],"floor_reached":25,"playtime":444,"items_purged":["Strike_G","Strike_G"],"score":438,"play_id":"e40fb131-e0b3-421c-bed8-68ffae008d81","local_time":"20210103112846","is_ascension_mode":true,"campfire_choices":[{"data":"Glass Knife","floor":6,"key":"SMITH"},{"data":"Concentrate","floor":8,"key":"SMITH"},{"data":"Bouncing Flask","floor":15,"key":"SMITH"}],"circlet_count":0,"master_deck":["AscendersBane","Defend_G","Defend_G","Defend_G","Defend_G","Defend_G","Survivor","Neutralize","Glass Knife+1","Finisher","Prepared","Poisoned Stab","Concentrate+1","Deflect","Bouncing Flask+1","Outmaneuver","Calculated Gamble","Catalyst","Well Laid Plans"],"relics":["Ring of the Snake","Ice Cream","Torii","Empty Cage","Orichalcum"],"acts_visited":["Exordium","TheCity"],"potions_floor_usage":[18,22,23,25],"damage_taken":[{"damage":0,"enemies":"2 Louse","floor":1,"turns":2},{"damage":0,"enemies":"Cultist","floor":3,"turns":2},{"damage":2,"enemies":"Jaw Worm","floor":4,"turns":4},{"damage":32,"enemies":"3 Sentries","floor":7,"turns":8},{"damage":1,"enemies":"Blue Slaver","floor":12,"turns":3},{"damage":0,"enemies":"2 Fungi Beasts","floor":14,"turns":2},{"damage":10,"enemies":"The Guardian","floor":16,"turns":11},{"damage":1,"enemies":"Chosen","floor":18,"turns":4},{"damage":1,"enemies":"3 Byrds","floor":22,"turns":5},{"damage":45,"enemies":"Book of Stabbing","floor":23,"turns":7},{"damage":73,"enemies":"Cultist and Chosen","floor":25,"turns":6}],"seed_played":"-7586006522677941183","potions_obtained":[{"floor":4,"key":"SneckoOil"},{"floor":12,"key":"Fire Potion"},{"floor":22,"key":"EssenceOfSteel"},{"floor":23,"key":"Block Potion"}],"is_trial":false,"path_per_floor":["M","?","M","M","T","R","E","R","T","$","?","M","?","M","R","B",null,"M","$","?","?","M","E","?","M"],"character_chosen":"THE_SILENT","items_purchased":["Catalyst","Well Laid Plans"],"campfire_rested":0,"item_purchase_floors":[19,19],"current_hp_per_floor":[59,59,59,57,57,57,25,25,25,25,25,24,24,24,24,14,49,48,48,48,48,47,2,70,0,0],"gold":40,"neow_bonus":"THREE_RARE_CARDS","is_daily":false,"chose_seed":false,"campfire_upgraded":3,"win_rate":0.0,"timestamp":1609640926,"path_taken":["M","?","?","?","?","R","E","R","T","$","?","M","?","M","R","BOSS","M","$","?","?","M","E","?","M"],"items_purchased_type":["Card","Card"],"build_version":"2020-12-22","purchased_purges":2,"victory":false,"max_hp_per_floor":[60,60,60,60,60,60,60,60,60,60,60,60,60,60,60,60,60,60,60,60,60,60,60,70,70,70],"card_choices":[{"not_picked":["Burst","A Thousand Cuts"],"picked":"Glass Knife","floor":0},{"not_picked":["PiercingWail","Slice","Caltrops"],"picked":"SKIP","floor":1},{"not_picked":["Flechettes","Riddle With Holes"],"picked":"Prepared","floor":3},{"not_picked":["Sucker Punch","PiercingWail"],"picked":"Poisoned Stab","floor":4},{"not_picked":["Calculated Gamble","Corpse Explosion"],"picked":"Concentrate","floor":7},{"not_picked":["Catalyst","Caltrops"],"picked":"Bouncing Flask","floor":12},{"not_picked":["Underhanded Strike","Masterful Stab"],"picked":"Outmaneuver","floor":14},{"not_picked":["Storm of Steel","Grand Finale"],"picked":"Wraith Form v2","floor":16},{"not_picked":["Blade Dance","Cloak And Dagger"],"picked":"Calculated Gamble","floor":18},{"not_picked":["Finisher","Masterful Stab","Cloak And Dagger"],"picked":"SKIP","floor":22},{"not_picked":["Cloak And Dagger","Dash","Endless Agony"],"picked":"SKIP","floor":23}],"player_experience":1114767,"relics_obtained":[{"floor":7,"key":"Ice Cream"},{"floor":9,"key":"Torii"},{"floor":23,"key":"Orichalcum"}],"event_choices":[{"damage_healed":0,"gold_gain":0,"player_choice":"1 cards matched","damage_taken":0,"max_hp_gain":0,"max_hp_loss":0,"event_name":"Match and Keep!","floor":2,"gold_loss":0,"cards_obtained":["Finisher"]},{"damage_healed":0,"gold_gain":0,"cards_transformed":["Strike_G"],"player_choice":"Change","damage_taken":0,"max_hp_gain":0,"max_hp_loss":0,"event_name":"Living Wall","floor":11,"gold_loss":0,"cards_obtained":["Deflect"]},{"damage_healed":0,"gold_gain":0,"player_choice":"Ignored","damage_taken":0,"max_hp_gain":0,"max_hp_loss":0,"event_name":"Liars Game","floor":13,"gold_loss":0},{"damage_healed":0,"gold_gain":0,"player_choice":"Ignored","damage_taken":0,"max_hp_gain":0,"max_hp_loss":0,"event_name":"The Mausoleum","floor":20,"gold_loss":0},{"damage_healed":0,"gold_gain":0,"player_choice":"Paid Fearfully","damage_taken":0,"max_hp_gain":0,"max_hp_loss":0,"event_name":"Masked Bandits","floor":21,"gold_loss":25},{"cards_removed":["Wraith Form v2"],"damage_healed":58,"gold_gain":0,"player_choice":"Offered Rare","damage_taken":0,"max_hp_gain":10,"max_hp_loss":0,"event_name":"Bonfire Elementals","floor":24,"gold_loss":0}],"is_beta":false,"boss_relics":[{"not_picked":["Velvet Choker","Fusion Hammer"],"picked":"Empty Cage"}],"items_purged_floors":[10,19],"is_endless":false,"potions_floor_spawned":[4,12,22,23],"killed_by":"Cultist and Chosen","ascension_level":20}}