{"host":"na09lpbrez4gbfiz","time":1609637488,"event":{"mods":["Act Like it!","BaseMod","BetterRewards","Colored Map","Colored Powertips","DeckTracker","Googly Eyes","Highlight Path","Minty Spire (QoL Compilation)","Quick Restart","Spicy Shops","StSLib","SuperFastMode","Synergy Search"],"gold_per_floor":[111,111,111,129,13,52,77,77,102,116,147,147,147,181,181,181,181],"floor_reached":16,"playtime":374,"items_purged":["Strike_R"],"score":213,"play_id":"f0d440b6-6d8b-41fe-93a4-563cbed932fa","local_time":"20210103023128","is_ascension_mode":true,"campfire_choices":[{"data":"Armaments","floor":8,"key":"SMITH"},{"data":"Inflame","floor":15,"key":"SMITH"}],"circlet_count":0,"master_deck":["AscendersBane","Strike_R","Strike_R","Strike_R","Defend_R","Defend_R","Defend_R","Defend_R","Bash","Armaments+1","Inflame+1","Shrug It Off","Cleave","Seeing Red","Regret","Hemokinesis"],"relics":["Burning Blood","NeowsBlessing","Golden Idol","Ancient Tea Set","Potion Belt","Strawberry","PreservedInsect","Meat on the Bone","Odd Mushroom"],"acts_visited":["Exordium"],"potions_floor_usage":[11,16,16],"damage_taken":[{"damage":0,"enemies":"2 Louse","floor":1,"turns":1},{"damage":0,"enemies":"Small Slimes","floor":4,"turns":1},{"damage":0,"enemies":"3 Sentries","floor":6,"turns":2},{"damage":1,"enemies":"Cultist","floor":7,"turns":4},{"damage":0,"enemies":"Blue Slaver","floor":10,"turns":6},{"damage":33,"enemies":"Lagavulin","floor":11,"turns":7},{"damage":14,"enemies":"The Mushroom Lair","floor":14,"turns":4},{"damage":55,"enemies":"The Guardian","floor":16,"turns":10}],"seed_played":"6817540016866062469","potions_obtained":[{"floor":1,"key":"Ancient Potion"},{"floor":4,"key":"FearPotion"},{"floor":6,"key":"SpeedPotion"},{"floor":10,"key":"Dexterity Potion"}],"is_trial":false,"path_per_floor":["M","?","?","M","$","E","M","R","T","M","E","?","T","?","R","B"],"character_chosen":"IRONCLAD","items_purchased":["Inflame"],"campfire_rested":0,"item_purchase_floors":[5],"current_hp_per_floor":[78,58,58,64,64,70,75,75,75,80,60,60,60,52,52,0,0],"gold":181,"neow_bonus":"THREE_ENEMY_KILL","is_daily":false,"chose_seed":false,"campfire_upgraded":2,"win_rate":0.0,"timestamp":1609637488,"path_taken":["M","?","?","M","$","E","M","R","T","M","E","?","?","?","R","BOSS"],"items_purchased_type":["Card"],"build_version":"2020-12-22","purchased_purges":1,"victory":false,"max_hp_per_floor":[80,80,80,80,80,80,80,80,80,80,87,87,87,87,87,87,87],"card_choices":[{"not_picked":["Dropkick","Shockwave","Blood for Blood"],"picked":"SKIP","floor":1},{"not_picked":["Clash","Bloodletting"],"picked":"Armaments","floor":4},{"not_picked":["Power Through","Headbutt","Warcry"],"picked":"SKIP","floor":6},{"not_picked":["Armaments","Sword Boomerang"],"picked":"Shrug It Off","floor":7},{"not_picked":["Pummel","Clothesline"],"picked":"Cleave","floor":10},{"not_picked":["Feel No Pain","Anger"],"picked":"Seeing Red","floor":11},{"not_picked":["Cleave","Dropkick"],"picked":"Hemokinesis","floor":14}],"player_experience":263135,"relics_obtained":[{"floor":6,"key":"Ancient Tea Set"},{"floor":9,"key":"Potion Belt"},{"floor":11,"key":"Strawberry"},{"floor":13,"key":"Meat on the Bone"},{"floor":14,"key":"Odd Mushroom"}],"event_choices":[{"damage_healed":0,"gold_gain":0,"player_choice":"Take Damage","damage_taken":20,"relics_obtained":["Golden Idol"],"max_hp_gain":0,"max_hp_loss":0,"event_name":"Golden Idol","floor":2,"gold_loss":0},{"cards_removed":["Strike_R"],"damage_healed":0,"gold_gain":0,"player_choice":"Forget","damage_taken":0,"max_hp_gain":0,"max_hp_loss":0,"event_name":"Living Wall","floor":3,"gold_loss":0},{"damage_healed":0,"gold_gain":0,"player_choice":"Box","damage_taken":0,"relics_obtained":["PreservedInsect"],"max_hp_gain":0,"max_hp_loss":0,"event_name":"Big Fish","floor":12,"gold_loss":0,"cards_obtained":["Regret"]},{"damage_healed":0,"gold_gain":0,"player_choice":"Fought Mushrooms","damage_taken":0,"max_hp_gain":0,"max_hp_loss":0,"event_name":"Mushrooms","floor":14,"gold_loss":0}],"is_beta":false,"boss_relics":[],"items_purged_floors":[5],"is_endless":false,"potions_floor_spawned":[1,4,6,10],"killed_by":"The Guardian","ascension_level":12}}