{"host":"axqzpfaj96olobtx","time":1609675082,"event":{"mods":["BaseMod","Colored Map","Colored Powertips","Minty Spire (QoL Compilation)","Relic Stats","StSLib"],"gold_per_floor":[110,123,135,84,84,119,119,148,148,148,180,196,45,10,10,108,108,124,124,143,43,55,55,87,87,87,117,117,127,127,145,145,245,245,263,263,281,281,19,19,46,46,46,81,100,115,130,130,130,130],"floor_reached":51,"playtime":1448,"items_purged":["Strike_R","Strike_R","Parasite"],"score":954,"play_id":"f2a5134d-e545-4e10-b366-5d2186bbdda8","local_time":"20210103115802","is_ascension_mode":true,"campfire_choices":[{"data":"Uppercut","floor":7,"key":"SMITH"},{"data":"1","floor":10,"key":"LIFT"},{"data":"2","floor":15,"key":"LIFT"},{"data":"3","floor":23,"key":"LIFT"},{"data":"Sword Boomerang","floor":32,"key":"SMITH"},{"data":"Feed","floor":40,"key":"SMITH"},{"data":"Double Tap","floor":49,"key":"SMITH"}],"circlet_count":0,"master_deck":["Strike_R","Defend_R","Defend_R","Defend_R","Defend_R","Bash","Uppercut+1","Headbutt","Sword Boomerang+1","Offering","Pommel Strike","Pommel Strike","Power Through","Double Tap+1","Battle Trance+1","Disarm","Corruption","Disarm","Feed+1","Metallicize","Demon Form","Shockwave","Clothesline","Clumsy","True Grit+1","PanicButton"],"relics":["Coffee Dripper","Happy Flower","Girya","Pear","Toy Ornithopter","Cursed Key","Incense Burner","Tiny Chest","Enchiridion","Red Skull","Runic Pyramid","Self Forming Clay","CaptainsWheel","Dream Catcher"],"acts_visited":["Exordium","TheCity","TheBeyond"],"potions_floor_usage":[6,8,16,24,27,41,44,50,50,50,50],"damage_taken":[{"damage":7,"enemies":"2 Louse","floor":1,"turns":3},{"damage":0,"enemies":"Small Slimes","floor":2,"turns":2},{"damage":0,"enemies":"Jaw Worm","floor":3,"turns":3},{"damage":16,"enemies":"Lagavulin","floor":6,"turns":6},{"damage":18,"enemies":"3 Sentries","floor":8,"turns":7},{"damage":0,"enemies":"Gremlin Nob","floor":11,"turns":2},{"damage":0,"enemies":"Red Slaver","floor":12,"turns":1},{"damage":26,"enemies":"Hexaghost","floor":16,"turns":5},{"damage":0,"enemies":"Chosen","floor":18,"turns":3},{"damage":0,"enemies":"Shell Parasite","floor":20,"turns":3},{"damage":7,"enemies":"Centurion and Healer","floor":22,"turns":4},{"damage":0,"enemies":"Gremlin Leader","floor":24,"turns":3},{"damage":31,"enemies":"Slavers","floor":27,"turns":3},{"damage":0,"enemies":"3 Cultists","floor":29,"turns":5},{"damage":0,"enemies":"Snecko","floor":31,"turns":2},{"damage":13,"enemies":"Automaton","floor":33,"turns":5},{"damage":6,"enemies":"Orb Walker","floor":35,"turns":2},{"damage":2,"enemies":"3 Shapes","floor":37,"turns":3},{"damage":6,"enemies":"Nemesis","floor":41,"turns":3},{"damage":6,"enemies":"Reptomancer","floor":44,"turns":5},{"damage":16,"enemies":"Jaw Worm Horde","floor":45,"turns":4},{"damage":1,"enemies":"4 Shapes","floor":46,"turns":3},{"damage":1,"enemies":"Sphere and 2 Shapes","floor":47,"turns":5},{"damage":11,"enemies":"Time Eater","floor":50,"turns":8}],"seed_played":"-2556148021160397567","potions_obtained":[{"floor":1,"key":"LiquidBronze"},{"floor":3,"key":"Fruit Juice"},{"floor":12,"key":"AttackPotion"},{"floor":22,"key":"EntropicBrew"},{"floor":24,"key":"ColorlessPotion"},{"floor":31,"key":"Energy Potion"},{"floor":33,"key":"SteroidPotion"},{"floor":41,"key":"SteroidPotion"},{"floor":44,"key":"Dexterity Potion"},{"floor":46,"key":"SteroidPotion"}],"is_trial":false,"path_per_floor":["M","M","M","$","?","E","R","E","T","R","E","M","$","?","R","B",null,"M","?","M","$","M","R","E","?","T","E","?","M","T","M","R","B",null,"M","?","M","T","$","R","E","?","T","E","M","M","M","?","R","B",null],"character_chosen":"IRONCLAD","items_purchased":["Fire Potion","LiquidBronze","Demon Form","Shockwave"],"campfire_rested":0,"item_purchase_floors":[4,13,39,39],"current_hp_per_floor":[73,73,73,73,73,57,57,39,49,49,49,49,49,71,71,55,95,95,95,95,95,88,88,93,74,74,48,32,32,32,32,32,19,100,97,97,98,98,98,98,96,96,96,99,87,90,93,93,93,102],"gold":130,"neow_bonus":"BOSS_RELIC","is_daily":false,"chose_seed":false,"campfire_upgraded":4,"win_rate":0.0,"timestamp":1609675082,"path_taken":["M","M","M","$","?","E","R","E","T","R","E","M","$","?","R","BOSS","M","?","M","$","?","R","E","?","T","E","?","M","?","M","R","BOSS","M","?","M","?","$","R","E","?","T","E","?","M","M","?","R","BOSS"],"items_purchased_type":["Potion","Potion","Card","Card"],"build_version":"2020-12-22","purchased_purges":3,"victory":true,"max_hp_per_floor":[80,80,80,80,80,80,80,80,90,90,90,90,90,90,90,95,95,95,95,95,95,95,95,95,100,100,100,100,100,100,100,100,100,100,103,98,101,101,98,98,102,102,102,106,110,114,118,118,118,118],"relic_stats":{"Dream Catcher":0,"Happy Flower":[25],"counters":[24,90],"Self Forming Clay":[21],"Tiny Chest":1,"Cursed Key":2,"obtain_stats":[{"Girya":8,"Pear":9,"Happy Flower":6,"Self Forming Clay":41,"Enchiridion":28,"Incense Burner":24,"Cursed Key":17,"Burning Blood":0,"CaptainsWheel":43,"Dream Catcher":44,"Tiny Chest":27,"Coffee Dripper":0,"Toy Ornithopter":11,"Red Skull":30,"Runic Pyramid":34},{"Girya":5,"Pear":5,"Happy Flower":4,"Self Forming Clay":19,"Enchiridion":13,"Incense Burner":12,"Cursed Key":8,"Burning Blood":0,"CaptainsWheel":19,"Dream Catcher":20,"Tiny Chest":13,"Coffee Dripper":0,"Toy Ornithopter":6,"Red Skull":14,"Runic Pyramid":16},{"Girya":21,"Pear":21,"Happy Flower":14,"Self Forming Clay":65,"Enchiridion":45,"Incense Burner":42,"Cursed Key":29,"Burning Blood":0,"CaptainsWheel":65,"Dream Catcher":70,"Tiny Chest":45,"Coffee Dripper":0,"Toy Ornithopter":23,"Red Skull":50,"Runic Pyramid":57}],"Toy Ornithopter":40},"card_choices":[{"not_picked":["Entrench","Twin Strike"],"picked":"Uppercut","floor":1},{"not_picked":["Flex","Bloodletting"],"picked":"Headbutt","floor":2},{"not_picked":["Iron Wave","Reckless Charge"],"picked":"Sword Boomerang","floor":3},{"not_picked":["True Grit","Twin Strike"],"picked":"Offering","floor":6},{"not_picked":["Clash","Pummel"],"picked":"Pommel Strike","floor":8},{"not_picked":["Sword Boomerang","Heavy Blade"],"picked":"Pommel Strike","floor":11},{"not_picked":["Inflame","Feel No Pain"],"picked":"Power Through","floor":12},{"not_picked":["Offering","Berserk"],"picked":"Double Tap","floor":16},{"not_picked":["Pommel Strike","Rupture"],"picked":"Battle Trance+1","floor":18},{"not_picked":["True Grit","Second Wind"],"picked":"Disarm","floor":20},{"not_picked":["Heavy Blade","Entrench","Warcry"],"picked":"SKIP","floor":22},{"not_picked":["Body Slam","Headbutt"],"picked":"Corruption","floor":24},{"not_picked":["Body Slam+1","Blood for Blood"],"picked":"Disarm","floor":27},{"not_picked":["Warcry","Armaments","Heavy Blade+1"],"picked":"SKIP","floor":29},{"not_picked":["Pommel Strike+1","Fire Breathing","Iron Wave+1"],"picked":"SKIP","floor":31},{"not_picked":["Barricade","Corruption"],"picked":"Feed","floor":33},{"not_picked":["Seeing Red+1","Carnage"],"picked":"Metallicize","floor":35},{"not_picked":["Sever Soul+1","Anger+1","Blood for Blood+1"],"picked":"SKIP","floor":37},{"not_picked":["Armaments+1","True Grit","Sword Boomerang+1"],"picked":"SKIP","floor":41},{"not_picked":["Armaments+1","True Grit","Sword Boomerang+1"],"picked":"SKIP","floor":41},{"not_picked":["Bludgeon","Perfected Strike","Clothesline"],"picked":"SKIP","floor":44},{"not_picked":["Uppercut+1","Clash+1"],"picked":"True Grit+1","floor":45},{"not_picked":["Thunderclap+1","Sever Soul+1","Rampage+1"],"picked":"SKIP","floor":46},{"not_picked":["Flex+1","Clash+1","Bludgeon"],"picked":"SKIP","floor":47},{"not_picked":["Swift Strike","Panacea"],"picked":"PanicButton","floor":48}],"player_experience":11346,"relics_obtained":[{"floor":6,"key":"Happy Flower"},{"floor":8,"key":"Girya"},{"floor":9,"key":"Pear"},{"floor":11,"key":"Toy Ornithopter"},{"floor":24,"key":"Incense Burner"},{"floor":27,"key":"Tiny Chest"},{"floor":28,"key":"Enchiridion"},{"floor":30,"key":"Red Skull"},{"floor":41,"key":"Self Forming Clay"},{"floor":43,"key":"CaptainsWheel"},{"floor":44,"key":"Dream Catcher"}],"event_choices":[{"damage_healed":0,"gold_gain":0,"player_choice":"Ignored","damage_taken":0,"max_hp_gain":0,"max_hp_loss":0,"event_name":"Liars Game","floor":5,"gold_loss":0},{"damage_healed":22,"gold_gain":0,"player_choice":"Healed","damage_taken":0,"max_hp_gain":0,"max_hp_loss":0,"event_name":"The Cleric","floor":14,"gold_loss":35},{"cards_removed":["Strike_R"],"damage_healed":0,"gold_gain":0,"player_choice":"Purged","damage_taken":0,"max_hp_gain":0,"max_hp_loss":0,"event_name":"Purifier","floor":19,"gold_loss":0},{"damage_healed":0,"gold_gain":0,"player_choice":"Shed Blood","damage_taken":24,"max_hp_gain":5,"max_hp_loss":0,"event_name":"Forgotten Altar","floor":25,"gold_loss":0},{"damage_healed":0,"gold_gain":0,"player_choice":"Obtained Book","damage_taken":16,"max_hp_gain":0,"max_hp_loss":0,"event_name":"Cursed Tome","floor":28,"gold_loss":0},{"damage_healed":0,"gold_gain":0,"player_choice":"Max HP","damage_taken":0,"max_hp_gain":0,"max_hp_loss":5,"event_name":"Winding Halls","floor":36,"gold_loss":0},{"damage_healed":0,"gold_gain":0,"cards_transformed":["Strike_R"],"player_choice":"Transformed","damage_taken":0,"max_hp_gain":0,"max_hp_loss":0,"event_name":"Transmorgrifier","floor":42,"gold_loss":0,"cards_obtained":["Clothesline"]},{"damage_healed":0,"gold_gain":0,"player_choice":"Memory 1","damage_taken":0,"max_hp_gain":0,"max_hp_loss":0,"event_name":"SensoryStone","floor":48,"gold_loss":0}],"is_beta":false,"boss_relics":[{"not_picked":["Velvet Choker","Mark of Pain"],"picked":"Cursed Key"},{"not_picked":["Fusion Hammer","Astrolabe"],"picked":"Runic Pyramid"}],"items_purged_floors":[13,21,39],"is_endless":false,"potions_floor_spawned":[1,3,12,22,24,31,33,41,44,46],"ascension_level":1}}