{"host":"m77rrhbqzv44va4v","time":1609681534,"event":{"mods":["AchievementEnabler","BaseMod","Colored Map","DeckTracker","Keyboard Shortcuts","Minty Spire (QoL Compilation)","StSLib","SuperFastMode","everything is the same but u backflip on backflip"],"gold_per_floor":[118,43,43,43,43,43,70,28,28,63,75,75,89,13,13,84,84,96,59,71,71,89,124,124,124],"floor_reached":24,"playtime":406,"items_purged":[],"score":594,"play_id":"5bde7e41-e609-4fe4-a8aa-5b3452849bc1","local_time":"20210103224534","is_ascension_mode":true,"campfire_choices":[{"floor":6.0,"key":"REST"},{"data":"Noxious Fumes","floor":12.0,"key":"SMITH"},{"data":"Footwork","floor":15.0,"key":"SMITH"}],"circlet_count":0,"master_deck":["AscendersBane","Strike_G","Strike_G","Strike_G","Strike_G","Defend_G+1","Defend_G","Defend_G","Defend_G","Survivor+1","Neutralize","Backflip","Flying Knee","Noxious Fumes+1","Bullet Time","Eviscerate+1","Footwork+1","Corpse Explosion","Catalyst","Dash+1","Riddle With Holes+1"],"relics":["Ring of the Snake","NeowsBlessing","Matryoshka","Bag of Preparation","Ancient Tea Set","Molten Egg 2","Gambling Chip","Runic Pyramid","Enchiridion","Pocketwatch"],"acts_visited":["Exordium","TheCity"],"potions_floor_usage":[],"damage_taken":[{"damage":0.0,"enemies":"Jaw Worm","floor":1.0,"turns":1.0},{"damage":0.0,"enemies":"Gremlin Nob","floor":7.0,"turns":1.0},{"damage":0.0,"enemies":"3 Sentries","floor":10.0,"turns":1.0},{"damage":0.0,"enemies":"2 Louse","floor":11.0,"turns":2.0},{"damage":0.0,"enemies":"Small Slimes","floor":13.0,"turns":3.0},{"damage":1.0,"enemies":"The Guardian","floor":16.0,"turns":9.0},{"damage":2.0,"enemies":"Spheric Guardian","floor":18.0,"turns":4.0},{"damage":0.0,"enemies":"3 Byrds","floor":20.0,"turns":2.0},{"damage":7,"enemies":"Shelled Parasite and Fungi","floor":22,"turns":3},{"damage":0,"enemies":"Slavers","floor":23,"turns":2},{"damage":27,"enemies":"Cultist and Chosen","floor":24,"turns":5}],"seed_played":"3830033490653868384","potions_obtained":[{"floor":7.0,"key":"LiquidBronze"},{"floor":10.0,"key":"DuplicationPotion"},{"floor":16.0,"key":"Swift Potion"},{"floor":22,"key":"CultistPotion"}],"is_trial":false,"path_per_floor":["M","?","?","?","?","R","E","$","T","E","M","R","M","$","R","B",null,"M","$","M","?","M","E","M"],"character_chosen":"THE_SILENT","items_purchased":["Noxious Fumes","Footwork","Catalyst"],"campfire_rested":1,"item_purchase_floors":[8,14,19],"current_hp_per_floor":[59,59,41,34,14,33,33,33,33,33,33,33,33,33,33,32,58,56,56,56,35,28,28,1,1],"gold":124,"neow_bonus":"THREE_ENEMY_KILL","is_daily":false,"chose_seed":false,"campfire_upgraded":2,"win_rate":0.0,"timestamp":1609681534,"path_taken":["M","?","?","?","?","R","E","$","T","E","M","R","M","?","R","BOSS","M","?","M","?","M","E","M"],"items_purchased_type":["Card","Card","Card"],"build_version":"2020-12-22","purchased_purges":0,"victory":false,"max_hp_per_floor":[66,66,66,66,66,66,66,66,66,66,66,66,66,66,66,66,66,66,66,66,66,66,66,66,66],"card_choices":[{"not_picked":["Blade Dance","Dagger Spray"],"picked":"Backflip","floor":1.0},{"not_picked":["Setup","Endless Agony"],"picked":"Flying Knee","floor":7.0},{"not_picked":["Quick Slash+1","Sucker Punch+1"],"picked":"Bullet Time","floor":10.0},{"not_picked":["Prepared","Slice+1","Sucker Punch+1"],"picked":"SKIP","floor":11.0},{"not_picked":["Poisoned Stab+1","Terror"],"picked":"Eviscerate+1","floor":13.0},{"not_picked":["Venomology","Adrenaline"],"picked":"Corpse Explosion","floor":16.0},{"not_picked":["Poisoned Stab+1","Flying Knee+1","Setup"],"picked":"SKIP","floor":18.0},{"not_picked":["Dagger Throw+1","Predator+1","Deadly Poison"],"picked":"SKIP","floor":20.0},{"not_picked":["Concentrate","Terror"],"picked":"Dash+1","floor":22},{"not_picked":["Poisoned Stab+1","Dagger Spray+1"],"picked":"Riddle With Holes+1","floor":23}],"player_experience":879910,"relics_obtained":[{"floor":7.0,"key":"Bag of Preparation"},{"floor":9.0,"key":"Ancient Tea Set"},{"floor":9.0,"key":"Molten Egg 2"},{"floor":10.0,"key":"Gambling Chip"},{"floor":21.0,"key":"Enchiridion"},{"floor":23,"key":"Pocketwatch"}],"event_choices":[{"cards_removed":["Defend_G"],"damage_healed":0.0,"max_hp_gain":0.0,"max_hp_loss":0.0,"gold_gain":0.0,"event_name":"The Cleric","player_choice":"Card Removal","floor":2.0,"gold_loss":75.0,"damage_taken":0.0},{"damage_healed":0.0,"max_hp_gain":0.0,"max_hp_loss":0.0,"gold_gain":0.0,"event_name":"Scrap Ooze","player_choice":"Success","floor":3.0,"gold_loss":0.0,"damage_taken":18.0,"relics_obtained":["Matryoshka"]},{"cards_removed":["Strike_G"],"damage_healed":0.0,"max_hp_gain":0.0,"max_hp_loss":0.0,"gold_gain":0.0,"event_name":"Golden Wing","player_choice":"Card Removal","floor":4.0,"gold_loss":0.0,"damage_taken":7.0},{"damage_healed":0.0,"max_hp_gain":0.0,"max_hp_loss":0.0,"gold_gain":0.0,"event_name":"Shining Light","player_choice":"Entered Light","floor":5.0,"gold_loss":0.0,"damage_taken":20.0,"cards_upgraded":["Survivor","Defend_G"]},{"damage_healed":0.0,"max_hp_gain":0.0,"max_hp_loss":0.0,"gold_gain":0.0,"event_name":"Cursed Tome","player_choice":"Obtained Book","floor":21.0,"gold_loss":0.0,"damage_taken":21.0}],"is_beta":false,"boss_relics":[{"not_picked":["Snecko Eye","Black Star"],"picked":"Runic Pyramid"}],"items_purged_floors":[],"is_endless":false,"potions_floor_spawned":[7,10,16,22,23],"killed_by":"Cultist and Chosen","ascension_level":20}}