{"host":"xjyie0ctswsml60g","time":1609633199,"event":{"mods":["AchievementEnabler","BaseMod","Colored Map","Minty Spire (QoL Compilation)","Quick Restart","SuperFastMode"],"gold_per_floor":[117,117,292,304,304,339,339,369,416,441,2,2,30,30,30,130,130,148,48,60,72,82,82,82],"floor_reached":23,"playtime":980,"items_purged":["Doubt","Strike_P"],"score":234,"play_id":"a93482b0-6816-4763-babe-f6576881372c","local_time":"20210103021959","is_ascension_mode":false,"campfire_choices":[{"floor":7.0,"key":"RECALL"},{"data":"PathToVictory","floor":12.0,"key":"SMITH"},{"data":"LikeWater","floor":15.0,"key":"SMITH"}],"circlet_count":0,"master_deck":["Strike_P","Strike_P+1","Strike_P+1","Defend_P","Defend_P","Defend_P","Defend_P","Eruption","Vigilance","PathToVictory+1","EmptyBody","LikeWater+1","Wish","Evaluate+1"],"relics":["PureWater","NeowsBlessing","Blood Vial","Matryoshka","Ancient Tea Set","Orichalcum","MealTicket","Whetstone","Thread and Needle","Omamori","Black Star"],"acts_visited":["Exordium","TheCity"],"potions_floor_usage":[20],"damage_taken":[{"damage":0.0,"enemies":"Cultist","floor":1.0,"turns":1.0},{"damage":0.0,"enemies":"Small Slimes","floor":4.0,"turns":1.0},{"damage":0.0,"enemies":"3 Sentries","floor":6.0,"turns":2.0},{"damage":56.0,"enemies":"Gremlin Nob","floor":8.0,"turns":4.0},{"damage":4.0,"enemies":"Lagavulin","floor":13.0,"turns":7.0},{"damage":0.0,"enemies":"Jaw Worm","floor":14.0,"turns":1.0},{"damage":37.0,"enemies":"Hexaghost","floor":16.0,"turns":11.0},{"damage":3.0,"enemies":"3 Byrds","floor":18.0,"turns":10.0},{"damage":0,"enemies":"Spheric Guardian","floor":20,"turns":6},{"damage":4,"enemies":"Centurion and Healer","floor":21,"turns":10},{"damage":14,"enemies":"Sentry and Sphere","floor":22,"turns":17},{"damage":65,"enemies":"Slavers","floor":23,"turns":4}],"seed_played":"-2541924201386320619","potions_obtained":[{"floor":4.0,"key":"LiquidBronze"},{"floor":6.0,"key":"PowerPotion"},{"floor":8.0,"key":"SmokeBomb"},{"floor":16.0,"key":"SpeedPotion"},{"floor":18.0,"key":"AttackPotion"}],"is_trial":false,"path_per_floor":["M","?","?","M","T","E","R","E","T","T","$","R","E","M","R","B",null,"M","$","M","M","M","E"],"character_chosen":"WATCHER","items_purchased":["LikeWater","Thread and Needle"],"campfire_rested":0,"item_purchase_floors":[11,11],"current_hp_per_floor":[72,77,77,77,77,77,77,21,21,21,36,36,34,36,36,1,77,74,77,77,73,61,0,0],"gold":82,"neow_bonus":"THREE_ENEMY_KILL","is_daily":false,"chose_seed":false,"campfire_upgraded":2,"win_rate":0.0,"timestamp":1609633199,"path_taken":["M","?","?","M","?","E","R","E","T","?","$","R","E","M","R","BOSS","M","$","M","M","M","E"],"items_purchased_type":["Card","Relic"],"build_version":"2020-12-22","purchased_purges":2,"victory":false,"max_hp_per_floor":[72,77,77,77,77,77,77,77,77,77,77,77,77,77,77,77,77,77,77,77,77,77,77,77],"card_choices":[{"not_picked":["Consecrate","ClearTheMind","Worship"],"picked":"SKIP","floor":1.0},{"not_picked":["CutThroughFate","Conclude"],"picked":"PathToVictory","floor":4.0},{"not_picked":["TalkToTheHand","EmptyFist","ClearTheMind"],"picked":"SKIP","floor":6.0},{"not_picked":["Wallop","Swivel"],"picked":"EmptyBody","floor":8.0},{"not_picked":["Conclude","Weave","Pray"],"picked":"SKIP","floor":13.0},{"not_picked":["ConjureBlade","SpiritShield"],"picked":"Wish","floor":16.0},{"not_picked":["FollowUp","CutThroughFate","Prostrate"],"picked":"SKIP","floor":18.0},{"not_picked":["CutThroughFate","CrushJoints+1"],"picked":"Evaluate+1","floor":20},{"not_picked":["Tantrum","CrushJoints+1","EmptyFist"],"picked":"SKIP","floor":21},{"not_picked":["Perseverance+1","WheelKick","CrushJoints+1"],"picked":"SKIP","floor":22}],"player_experience":493067,"relics_obtained":[{"floor":6.0,"key":"Blood Vial"},{"floor":8.0,"key":"Matryoshka"},{"floor":9.0,"key":"Ancient Tea Set"},{"floor":9.0,"key":"Orichalcum"},{"floor":10.0,"key":"MealTicket"},{"floor":10.0,"key":"Whetstone"},{"floor":13.0,"key":"Omamori"}],"event_choices":[{"damage_healed":0.0,"max_hp_gain":5.0,"max_hp_loss":0.0,"gold_gain":0.0,"event_name":"Big Fish","player_choice":"Donut","floor":2.0,"gold_loss":0.0,"damage_taken":0.0},{"damage_healed":0.0,"max_hp_gain":0.0,"max_hp_loss":0.0,"gold_gain":175.0,"event_name":"Liars Game","player_choice":"AGREE","floor":3.0,"gold_loss":0.0,"damage_taken":0.0,"cards_obtained":["Doubt"]}],"is_beta":false,"boss_relics":[{"not_picked":["Calling Bell","Ectoplasm"],"picked":"Black Star"}],"items_purged_floors":[11,19],"is_endless":false,"potions_floor_spawned":[4,6,8,16,18],"killed_by":"Slavers","ascension_level":0}}