{"host":"92108ef2q9tm8rod","time":1609636822,"event":{"mods":["BaseMod","Defuse TimeMaze Blight","Minty Spire (QoL Compilation)","StSLib","The Jungle"],"gold_per_floor":[109,122,122,138,156,156,156,175,175,191,191,191,191,205,205,336,336,356,376,476,81,97,97,112,128,128,159,159,199,199,233,233,361,361,381,714,764,764,776,808,808,837,863,863,892,447,176,193,193,193],"floor_reached":51,"playtime":2524,"items_purged":[],"score":1160,"play_id":"7b8c0ba4-34ce-49c0-8a80-5f54f57d0c26","local_time":"20210103012022","daily_mods":["SealedDeck","Colorless Cards","Heirloom","Flight"],"is_ascension_mode":false,"campfire_choices":[{"data":"Footwork","floor":6,"key":"SMITH"},{"data":"Noxious Fumes","floor":7,"key":"SMITH"},{"data":"Finesse","floor":12,"key":"SMITH"},{"data":"Blind","floor":13,"key":"SMITH"},{"floor":15,"key":"REST"},{"data":"Deflect","floor":23,"key":"SMITH"},{"data":"Deflect","floor":28,"key":"SMITH"},{"data":"Panache","floor":30,"key":"SMITH"},{"data":"Swift Strike","floor":32,"key":"SMITH"},{"floor":41,"key":"REST"},{"data":"Poisoned Stab","floor":44,"key":"SMITH"},{"data":"Backflip","floor":49,"key":"SMITH"}],"circlet_count":0,"master_deck":["Flash of Steel","Backflip+1","Deflect+1","Poisoned Stab+1","Blind+1","Deflect+1","Finesse+1","Bane","Noxious Fumes+1","Footwork+1","Panache+1","Dramatic Entrance+1","Swift Strike+1","Flash of Steel"],"relics":["Ring of the Snake","Gambling Chip","Letter Opener","HoveringKite","ClockworkSouvenir","Pear","Matryoshka","Question Card","Smiling Mask","Pen Nib","Tough Bandages","Art of War","Du-Vu Doll","Centennial Puzzle","Akabeko","Singing Bowl","Anchor","Bag of Marbles","Sling"],"acts_visited":["Exordium","Exordium","TheBeyond"],"potions_floor_usage":[16,18,29,33,37,40,40,40,50],"damage_taken":[{"damage":0,"enemies":"Jaw Worm","floor":1,"turns":3},{"damage":0,"enemies":"2 Louse","floor":2,"turns":2},{"damage":0,"enemies":"Cultist","floor":4,"turns":3},{"damage":1,"enemies":"Looter","floor":5,"turns":3},{"damage":0,"enemies":"Exordium Wildlife","floor":8,"turns":4},{"damage":0,"enemies":"2 Fungi Beasts","floor":10,"turns":3},{"damage":0,"enemies":"Looter","floor":14,"turns":2},{"damage":0,"enemies":"Hexaghost","floor":16,"turns":6},{"damage":0,"enemies":"theJungle:5_Spyders","floor":18,"turns":3},{"damage":0,"enemies":"theJungle:Flameango_and_Byrd","floor":19,"turns":3},{"damage":10,"enemies":"theJungle:2_Snecko_Cultists","floor":22,"turns":3},{"damage":0,"enemies":"theJungle:Lyon","floor":24,"turns":2},{"damage":0,"enemies":"theJungle:Snecko_Cultist_And_Trap","floor":25,"turns":3},{"damage":0,"enemies":"theJungle:MamaSnecko","floor":27,"turns":4},{"damage":0,"enemies":"theJungle:2_Phrogs","floor":29,"turns":3},{"damage":0,"enemies":"theJungle:Cassacara","floor":31,"turns":4},{"damage":0,"enemies":"theJungle:FunGuy","floor":33,"turns":5},{"damage":0,"enemies":"3 Shapes","floor":35,"turns":1},{"damage":0,"enemies":"Mind Bloom Boss Battle","floor":37,"turns":5},{"damage":0,"enemies":"3 Darklings","floor":39,"turns":2},{"damage":18,"enemies":"Nemesis","floor":40,"turns":7},{"damage":0,"enemies":"Reptomancer","floor":42,"turns":4},{"damage":0,"enemies":"Giant Head","floor":45,"turns":6},{"damage":0,"enemies":"Spire Growth","floor":48,"turns":3},{"damage":0,"enemies":"Awakened One","floor":50,"turns":10}],"seed_played":"-7040107521982518829","potions_obtained":[{"floor":1,"key":"Block Potion"},{"floor":5,"key":"Explosive Potion"},{"floor":8,"key":"SpeedPotion"},{"floor":10,"key":"Poison Potion"},{"floor":19,"key":"LiquidMemories"},{"floor":25,"key":"CultistPotion"},{"floor":31,"key":"Fire Potion"},{"floor":35,"key":"Fruit Juice"},{"floor":39,"key":"ColorlessPotion"},{"floor":48,"key":"LiquidMemories"}],"is_trial":true,"path_per_floor":["M","M","?","M","M","R","R","M","T","M","?","R","R","M","R","B",null,"M","M","?","$","M","R","M","M","T","E","R","E","R","E","R","B",null,"M","?","?","?","M","E","R","E","T","R","E","$","$","M","R","B",null],"character_chosen":"THE_SILENT","items_purchased":["ClockworkSouvenir","Pear","Anchor","Bag of Marbles","Sling","Energy Potion","DistilledChaos","Flash of Steel","SkillPotion"],"campfire_rested":2,"item_purchase_floors":[21,21,46,46,46,47,47,47,47],"current_hp_per_floor":[70,70,53,53,52,52,52,52,52,52,45,45,45,45,66,66,70,70,70,70,80,70,70,70,70,70,70,70,70,70,70,70,70,80,80,80,85,85,85,67,85,85,85,85,87,87,87,89,89,89],"gold":193,"neow_bonus":"","is_daily":false,"chose_seed":false,"campfire_upgraded":10,"win_rate":0.0,"timestamp":1609636822,"path_taken":["M","M","?","M","M","R","R","M","T","M","?","R","R","M","R","BOSS","M","M","?","$","?","R","M","M","T","E","R","E","R","E","R","BOSS","M","?","?","?","M","E","R","E","T","R","E","$","$","M","R","BOSS"],"items_purchased_type":["Relic","Relic","Relic","Relic","Relic","Potion","Potion","Card","Potion"],"build_version":"2020-12-22","purchased_purges":0,"victory":true,"max_hp_per_floor":[70,70,70,70,70,70,70,70,70,70,70,70,70,70,70,70,70,70,70,70,80,80,80,80,80,80,80,80,80,80,80,80,80,80,80,80,85,85,85,85,85,85,85,85,87,87,87,89,89,89],"card_choices":[{"not_picked":["Distraction","Sucker Punch","Accuracy"],"picked":"SKIP","floor":1},{"not_picked":["Trip","Jack Of All Trades"],"picked":"Footwork","floor":2},{"not_picked":["Outmaneuver","Prepared","Reflex"],"picked":"SKIP","floor":4},{"not_picked":["Distraction","Quick Slash","Mayhem"],"picked":"SKIP","floor":5},{"not_picked":["PiercingWail","Bane","All Out Attack"],"picked":"SKIP","floor":8},{"not_picked":["Quick Slash","Sucker Punch","Backflip"],"picked":"SKIP","floor":10},{"not_picked":["Jack Of All Trades","Dark Shackles","Bane"],"picked":"SKIP","floor":14},{"not_picked":["Apotheosis","Malaise"],"picked":"Panache","floor":16},{"not_picked":["Cloak And Dagger","Reflex"],"picked":"Dramatic Entrance+1","floor":18},{"not_picked":["Poisoned Stab","Reflex+1","Underhanded Strike"],"picked":"SKIP","floor":19},{"not_picked":["Flying Knee","Slice","Deadly Poison+1"],"picked":"SKIP","floor":22},{"not_picked":["PiercingWail","Deflect","Dodge and Roll"],"picked":"SKIP","floor":24},{"not_picked":["Panache","Tactician","Outmaneuver+1"],"picked":"SKIP","floor":25},{"not_picked":["Purity","Flechettes","Bane"],"picked":"SKIP","floor":27},{"not_picked":["Backflip","Poisoned Stab","Deflect"],"picked":"Swift Strike","floor":29},{"not_picked":["Unload","Dodge and Roll","Backflip","Apotheosis"],"picked":"SKIP","floor":31},{"not_picked":["Underhanded Strike+1","Dagger Throw","Calculated Gamble","Dagger Spray"],"picked":"SKIP","floor":35},{"not_picked":["Sucker Punch+1","Dagger Spray+1","Flechettes+1","Dodge and Roll"],"picked":"SKIP","floor":39},{"not_picked":["Sucker Punch+1","Dagger Spray+1","Flechettes+1","Dodge and Roll"],"picked":"SKIP","floor":39},{"not_picked":["Phantasmal Killer","Impatience","Finisher","Bullet Time"],"picked":"SKIP","floor":40},{"not_picked":["Dodge and Roll","Blade Dance","Quick Slash","Backflip+1"],"picked":"SKIP","floor":42},{"not_picked":["Caltrops+1","Reflex","Jack Of All Trades+1","Prepared"],"picked":"Singing Bowl","floor":45},{"not_picked":["Bane+1","Finisher+1","Accuracy","Concentrate+1"],"picked":"Singing Bowl","floor":48}],"player_experience":3233419,"relics_obtained":[{"floor":9,"key":"Letter Opener"},{"floor":26,"key":"Matryoshka"},{"floor":27,"key":"Question Card"},{"floor":29,"key":"Smiling Mask"},{"floor":31,"key":"Pen Nib"},{"floor":37,"key":"Tough Bandages"},{"floor":40,"key":"Art of War"},{"floor":42,"key":"Du-Vu Doll"},{"floor":43,"key":"Centennial Puzzle"},{"floor":43,"key":"Akabeko"},{"floor":45,"key":"Singing Bowl"}],"event_choices":[{"damage_healed":0,"gold_gain":0,"player_choice":"Take Damage","damage_taken":17,"relics_obtained":["Golden Idol"],"max_hp_gain":0,"max_hp_loss":0,"event_name":"Golden Idol","floor":3,"gold_loss":0},{"cards_removed":["Crippling Poison"],"damage_healed":0,"gold_gain":0,"player_choice":"Card Removal","damage_taken":7,"max_hp_gain":0,"max_hp_loss":0,"event_name":"Golden Wing","floor":11,"gold_loss":0},{"damage_healed":0,"gold_gain":100,"player_choice":"Pray","damage_taken":0,"max_hp_gain":0,"max_hp_loss":0,"event_name":"Golden Shrine","floor":20,"gold_loss":0},{"damage_healed":0,"gold_gain":333,"player_choice":"Gave Idol","damage_taken":0,"max_hp_gain":0,"max_hp_loss":0,"event_name":"The Moai Head","floor":36,"relics_lost":["Golden Idol"],"gold_loss":0},{"damage_healed":0,"gold_gain":0,"player_choice":"Fight","damage_taken":0,"max_hp_gain":0,"max_hp_loss":0,"event_name":"MindBloom","floor":37,"gold_loss":0},{"damage_healed":0,"gold_gain":0,"player_choice":"Ignored","damage_taken":0,"max_hp_gain":0,"max_hp_loss":0,"event_name":"Tomb of Lord Red Mask","floor":38,"gold_loss":0}],"is_beta":false,"boss_relics":[{"not_picked":["Cursed Key","Fusion Hammer"],"picked":"HoveringKite"},{"not_picked":["Coffee Dripper","Velvet Choker","Calling Bell"]}],"items_purged_floors":[],"is_endless":false,"potions_floor_spawned":[1,5,8,10,19,25,31,35,39,48],"ascension_level":0}}