{"host":"p6s16n2sj7zvsuor","time":1609680486,"event":{"mods":["BaseMod","Minty Spire (QoL Compilation)"],"gold_per_floor":[111,186,30,30,48,79,92,92,92,92,107,107,107,107,107,203,203,223,123,138,63,82,82,82],"floor_reached":23,"playtime":931,"items_purged":["Strike_G","Strike_G"],"score":278,"play_id":"77aacc8c-055d-4451-a29c-c103fcf89abd","local_time":"20210103152806","is_ascension_mode":true,"campfire_choices":[{"data":"Skewer","floor":8,"key":"SMITH"},{"data":"Neutralize","floor":10,"key":"SMITH"},{"data":"Blur","floor":12,"key":"SMITH"},{"data":"Survivor","floor":15,"key":"SMITH"}],"circlet_count":0,"master_deck":["Strike_G","Strike_G","Defend_G","Defend_G","Defend_G","Defend_G","Survivor+1","Neutralize+1","Blur+1","Enlightenment+1","Skewer+1","Blur+1","Outmaneuver+1","Burst","Outmaneuver+1"],"relics":["Ring of the Snake","NeowsBlessing","Turnip","Paper Crane","Fusion Hammer"],"acts_visited":["Exordium","TheCity"],"potions_floor_usage":[16,23,23],"damage_taken":[{"damage":0,"enemies":"2 Louse","floor":1,"turns":1},{"damage":0,"enemies":"Small Slimes","floor":5,"turns":1},{"damage":0,"enemies":"Lagavulin","floor":6,"turns":1},{"damage":2,"enemies":"Cultist","floor":7,"turns":5},{"damage":5,"enemies":"Large Slime","floor":11,"turns":7},{"damage":27,"enemies":"The Guardian","floor":16,"turns":21},{"damage":0,"enemies":"Shell Parasite","floor":18,"turns":9},{"damage":10,"enemies":"Chosen","floor":20,"turns":8},{"damage":11,"enemies":"Snake Plant","floor":22,"turns":9},{"damage":34,"enemies":"Gremlin Leader","floor":23,"turns":5}],"seed_played":"-3289788479843513819","potions_obtained":[{"floor":1,"key":"Block Potion"},{"floor":7,"key":"Ancient Potion"},{"floor":16,"key":"AttackPotion"},{"floor":22,"key":"PowerPotion"}],"is_trial":false,"path_per_floor":["M","?","$","?","M","E","M","R","T","R","M","R","?","?","R","B",null,"M","$","M","?","M","E"],"character_chosen":"THE_SILENT","items_purchased":["Enlightenment"],"campfire_rested":0,"item_purchase_floors":[3],"current_hp_per_floor":[63,52,52,52,52,52,50,50,50,50,45,45,31,31,31,4,54,54,54,44,44,33,0,0],"gold":82,"neow_bonus":"THREE_ENEMY_KILL","is_daily":false,"chose_seed":false,"campfire_upgraded":4,"win_rate":0.0,"timestamp":1609680486,"path_taken":["M","?","$","?","?","E","M","R","T","R","M","R","?","?","R","BOSS","M","$","?","?","M","E"],"items_purchased_type":["Card"],"build_version":"2020-12-22","purchased_purges":2,"victory":false,"max_hp_per_floor":[70,70,70,70,70,70,70,70,70,70,70,70,70,70,70,70,70,70,70,70,70,70,70,70],"card_choices":[{"not_picked":["Infinite Blades","Tactician"],"picked":"Blur","floor":1},{"not_picked":["PiercingWail","Dagger Throw"],"picked":"Skewer","floor":5},{"not_picked":["Cloak And Dagger","Acrobatics","Tactician"],"picked":"SKIP","floor":6},{"not_picked":["Slice","Masterful Stab"],"picked":"Blur","floor":7},{"not_picked":["Quick Slash","Finisher"],"picked":"Outmaneuver","floor":11},{"not_picked":["Grand Finale","After Image"],"picked":"Burst","floor":16},{"not_picked":["Blade Dance","PiercingWail","Dagger Throw"],"picked":"SKIP","floor":18},{"not_picked":["Slice","Dagger Throw","Finisher"],"picked":"SKIP","floor":20},{"not_picked":["Slice","Dagger Throw"],"picked":"Outmaneuver+1","floor":22}],"player_experience":778509,"relics_obtained":[{"floor":6,"key":"Turnip"},{"floor":9,"key":"Paper Crane"}],"event_choices":[{"damage_healed":0,"gold_gain":75,"player_choice":"Gather Gold","damage_taken":11,"max_hp_gain":0,"max_hp_loss":0,"event_name":"World of Goop","floor":2,"gold_loss":0},{"cards_removed":["Defend_G"],"damage_healed":0,"gold_gain":0,"player_choice":"Purged","damage_taken":0,"max_hp_gain":0,"max_hp_loss":0,"event_name":"Purifier","floor":4,"gold_loss":0},{"damage_healed":0,"gold_gain":0,"player_choice":"Entered Light","damage_taken":14,"max_hp_gain":0,"max_hp_loss":0,"event_name":"Shining Light","floor":13,"gold_loss":0,"cards_upgraded":["Outmaneuver","Enlightenment"]},{"damage_healed":0,"gold_gain":0,"player_choice":"Forge","damage_taken":0,"max_hp_gain":0,"max_hp_loss":0,"event_name":"Accursed Blacksmith","floor":14,"gold_loss":0,"cards_upgraded":["Blur"]},{"cards_removed":["Strike_G"],"damage_healed":0,"gold_gain":0,"player_choice":"Gave Gold","damage_taken":0,"max_hp_gain":0,"max_hp_loss":0,"event_name":"Beggar","floor":21,"gold_loss":75}],"is_beta":false,"boss_relics":[{"not_picked":["Tiny House","Cursed Key"],"picked":"Fusion Hammer"}],"items_purged_floors":[3,19],"is_endless":false,"potions_floor_spawned":[1,7,16,22],"killed_by":"Gremlin Leader","ascension_level":6}}