{"host":"na09lpbrez4gbfiz","time":1609639701,"event":{"mods":["Act Like it!","BaseMod","BetterRewards","Colored Map","Colored Powertips","DeckTracker","Googly Eyes","Highlight Path","Minty Spire (QoL Compilation)","Quick Restart","Spicy Shops","StSLib","SuperFastMode","Synergy Search"],"gold_per_floor":[117,183,183,81,81,81,102,141,188,188,202,223,223,267,267,267,267],"floor_reached":16,"playtime":496,"items_purged":["Injury"],"score":173,"play_id":"d82424d7-bc2a-43ed-bd09-caba58fba4f9","local_time":"20210103030821","is_ascension_mode":true,"campfire_choices":[{"data":"True Grit","floor":6,"key":"SMITH"},{"data":"Inflame","floor":10,"key":"SMITH"},{"data":"Demon Form","floor":13,"key":"SMITH"},{"floor":15,"key":"REST"}],"circlet_count":0,"master_deck":["AscendersBane","Bash","Sever Soul","Heavy Blade","Armaments","Reaper","Rage","Heavy Blade","Whirlwind","Inflame+1","Battle Trance","True Grit+1","Flex","Ghostly Armor","Flame Barrier","Demon Form+1","Seeing Red"],"relics":["Pandora\u0027s Box","Golden Idol","Torii","Smiling Mask","Pen Nib"],"acts_visited":["Exordium"],"potions_floor_usage":[8,14,14,16],"damage_taken":[{"damage":11,"enemies":"Jaw Worm","floor":1,"turns":3},{"damage":4,"enemies":"2 Louse","floor":7,"turns":2},{"damage":14,"enemies":"3 Sentries","floor":8,"turns":5},{"damage":10,"enemies":"Small Slimes","floor":11,"turns":3},{"damage":9,"enemies":"Exordium Thugs","floor":12,"turns":4},{"damage":23,"enemies":"Gremlin Nob","floor":14,"turns":5},{"damage":47,"enemies":"Slime Boss","floor":16,"turns":7}],"seed_played":"-6136843719407178468","potions_obtained":[{"floor":5,"key":"HeartOfIron"},{"floor":5,"key":"SpeedPotion"},{"floor":11,"key":"ColorlessPotion"},{"floor":14,"key":"FearPotion"}],"is_trial":false,"path_per_floor":["M","?","?","$","?","R","M","E","T","R","M","M","R","E","R","B"],"character_chosen":"IRONCLAD","items_purchased":["Flex"],"campfire_rested":1,"item_purchase_floors":[4],"current_hp_per_floor":[61,61,61,61,61,61,57,43,43,43,33,24,24,16,40,0,0],"gold":267,"neow_bonus":"BOSS_RELIC","is_daily":false,"chose_seed":false,"campfire_upgraded":3,"win_rate":0.0,"timestamp":1609639701,"path_taken":["M","?","?","$","?","R","M","E","T","R","?","M","R","E","R","BOSS"],"items_purchased_type":["Card"],"build_version":"2020-12-22","purchased_purges":1,"victory":false,"max_hp_per_floor":[80,80,80,80,80,80,80,80,80,80,80,80,80,80,80,80,80],"card_choices":[{"not_picked":["Perfected Strike","Fire Breathing"],"picked":"True Grit","floor":1},{"not_picked":["Headbutt","Iron Wave"],"picked":"Ghostly Armor","floor":7},{"not_picked":["Entrench","Rampage"],"picked":"Flame Barrier","floor":8},{"not_picked":["Wild Strike","Uppercut"],"picked":"Demon Form","floor":11},{"not_picked":["Inflame","Flex"],"picked":"Seeing Red","floor":12},{"not_picked":["Wild Strike","Clash","Dark Embrace"],"picked":"SKIP","floor":14}],"player_experience":263135,"relics_obtained":[{"floor":8,"key":"Torii"},{"floor":9,"key":"Smiling Mask"},{"floor":14,"key":"Pen Nib"}],"event_choices":[{"damage_healed":0,"gold_gain":66,"player_choice":"Gained Gold","damage_taken":0,"max_hp_gain":0,"max_hp_loss":0,"event_name":"Golden Wing","floor":2,"gold_loss":0},{"damage_healed":0,"gold_gain":0,"player_choice":"Take Wound","damage_taken":0,"relics_obtained":["Golden Idol"],"max_hp_gain":0,"max_hp_loss":0,"event_name":"Golden Idol","floor":3,"gold_loss":0,"cards_obtained":["Injury"]},{"damage_healed":0,"gold_gain":0,"player_choice":"Got Potions","damage_taken":0,"max_hp_gain":0,"max_hp_loss":0,"event_name":"Lab","floor":5,"gold_loss":0}],"is_beta":false,"boss_relics":[],"items_purged_floors":[4],"is_endless":false,"potions_floor_spawned":[7,11,14],"killed_by":"Slime Boss","ascension_level":12}}