{"host":"soyfmymeou4emntr","time":1609642384,"event":{"mods":["BaseMod","Minty Spire (QoL Compilation)","Relic Sorter","Relic Stats","StSLib"],"gold_per_floor":[117,132,132,146,162,162,190,190,190,244,277,277,15,15,15,86,86,100,60,60,71,84,112,112,137,160,160,160,160],"floor_reached":28,"playtime":7058,"items_purged":[],"score":582,"play_id":"423d75f3-7d71-4fc1-b15f-cdfa9306e677","local_time":"20210102195304","is_ascension_mode":true,"campfire_choices":[{"data":"Eruption","floor":6.0,"key":"SMITH"},{"data":"MentalFortress","floor":8.0,"key":"SMITH"},{"data":"MentalFortress","floor":15.0,"key":"SMITH"},{"data":"LikeWater","floor":24,"key":"SMITH"},{"data":"Crescendo","floor":27,"key":"SMITH"}],"circlet_count":0,"master_deck":["AscendersBane","Eruption+1","Vigilance+1","InnerPeace+1","ThirdEye+1","Collect+1","DevaForm+1","Pray","LessonLearned+1","MentalFortress+1","Judgement","Wireheading","Conclude+1","FlurryOfBlows","Halt+1","EmptyFist","SandsOfTime+1","MentalFortress+1","Halt","Scrawl+1","Weave","LikeWater+1","ReachHeaven","Crescendo+1","ClearTheMind"],"relics":["Pandora\u0027s Box","Yang","Sundial","MealTicket","Vajra","Lee\u0027s Waffle","Coffee Dripper","Blood Vial","Potion Belt"],"acts_visited":["Exordium","TheCity"],"potions_floor_usage":[23,25],"damage_taken":[{"damage":0.0,"enemies":"Jaw Worm","floor":1.0,"turns":3.0},{"damage":5.0,"enemies":"Small Slimes","floor":2.0,"turns":6.0},{"damage":0.0,"enemies":"2 Louse","floor":4.0,"turns":3.0},{"damage":5.0,"enemies":"Gremlin Gang","floor":5.0,"turns":2.0},{"damage":0.0,"enemies":"Lagavulin","floor":7.0,"turns":7.0},{"damage":28.0,"enemies":"3 Sentries","floor":11.0,"turns":6.0},{"damage":5.0,"enemies":"Slime Boss","floor":16.0,"turns":8.0},{"damage":0.0,"enemies":"Chosen","floor":18.0,"turns":3.0},{"damage":0.0,"enemies":"Shell Parasite","floor":20.0,"turns":1.0},{"damage":29.0,"enemies":"Snake Plant","floor":21.0,"turns":6.0},{"damage":2.0,"enemies":"Snecko","floor":22.0,"turns":6.0},{"damage":25,"enemies":"Slavers","floor":23,"turns":4},{"damage":4,"enemies":"Gremlin Leader","floor":25,"turns":3},{"damage":34,"enemies":"Shelled Parasite and Fungi","floor":28,"turns":2}],"seed_played":"1127844574762453769","potions_obtained":[{"floor":7.0,"key":"LiquidBronze"},{"floor":11.0,"key":"EntropicBrew"},{"floor":21.0,"key":"SpeedPotion"},{"floor":22.0,"key":"SneckoOil"}],"is_trial":false,"path_per_floor":["M","M","?","M","M","R","E","R","T","T","E","?","$","?","R","B",null,"M","$","M","M","M","E","R","E","T","R","M"],"character_chosen":"WATCHER","items_purchased":["Lee\u0027s Waffle","MentalFortress","Halt","LikeWater"],"campfire_rested":0,"item_purchase_floors":[13,13,13,19],"current_hp_per_floor":[61,56,61,61,56,56,56,56,56,56,28,28,80,80,80,75,79,79,80,80,51,49,24,24,20,20,20,0,0],"gold":160,"neow_bonus":"BOSS_RELIC","is_daily":false,"chose_seed":false,"campfire_upgraded":5,"win_rate":0.0,"timestamp":1609642384,"path_taken":["M","M","?","M","M","R","E","R","T","?","E","?","$","?","R","BOSS","M","$","?","M","M","E","R","E","T","R","M"],"items_purchased_type":["Relic","Card","Card","Card"],"build_version":"2020-12-22","purchased_purges":0,"victory":false,"max_hp_per_floor":[68,68,73,73,73,73,73,73,73,73,73,73,80,80,80,80,80,80,80,80,80,80,80,80,80,80,80,80,80],"relic_stats":{"Blood Vial":2,"Lee\u0027s Waffle":37,"counters":[14,60],"Sundial":[6],"Pandora\u0027s Box":["InnerPeace","ThirdEye","Collect","DevaForm","Pray","LessonLearned","MentalFortress","Judgement"],"Yang":[88],"MealTicket":16,"obtain_stats":[{"Blood Vial":25,"Potion Belt":26,"Lee\u0027s Waffle":13,"Sundial":9,"Vajra":11,"Pandora\u0027s Box":0,"Yang":7,"MealTicket":10,"Coffee Dripper":17,"PureWater":0},{"Blood Vial":13,"Potion Belt":13,"Lee\u0027s Waffle":6,"Sundial":5,"Vajra":6,"Pandora\u0027s Box":0,"Yang":5,"MealTicket":5,"Coffee Dripper":7,"PureWater":0},{"Blood Vial":58,"Potion Belt":58,"Lee\u0027s Waffle":27,"Sundial":21,"Vajra":27,"Pandora\u0027s Box":0,"Yang":21,"MealTicket":21,"Coffee Dripper":35,"PureWater":0}]},"card_choices":[{"not_picked":["PathToVictory","EmptyBody"],"picked":"Wireheading","floor":1.0},{"not_picked":["FlyingSleeves","BowlingBash"],"picked":"Conclude","floor":2.0},{"not_picked":["CarveReality","Meditate"],"picked":"FlurryOfBlows","floor":4.0},{"not_picked":["BowlingBash","PathToVictory"],"picked":"Halt","floor":5.0},{"not_picked":["MasterReality","PathToVictory"],"picked":"EmptyFist","floor":7.0},{"not_picked":["Consecrate","Crescendo"],"picked":"SandsOfTime","floor":11.0},{"not_picked":["Brilliance","Alpha"],"picked":"Scrawl","floor":16.0},{"not_picked":["Protect","ThirdEye"],"picked":"Weave","floor":18.0},{"not_picked":["Consecrate","CrushJoints","Halt"],"picked":"SKIP","floor":21.0},{"not_picked":["ForeignInfluence","FearNoEvil"],"picked":"ReachHeaven","floor":22.0},{"not_picked":["ClearTheMind","FollowUp"],"picked":"Crescendo","floor":23},{"not_picked":["Protect","JustLucky+1"],"picked":"ClearTheMind","floor":25}],"player_experience":2790608,"relics_obtained":[{"floor":7.0,"key":"Yang"},{"floor":9.0,"key":"Sundial"},{"floor":10.0,"key":"MealTicket"},{"floor":11.0,"key":"Vajra"},{"floor":25,"key":"Blood Vial"},{"floor":26,"key":"Potion Belt"}],"event_choices":[{"damage_healed":0.0,"max_hp_gain":5.0,"max_hp_loss":0.0,"gold_gain":0.0,"event_name":"Big Fish","player_choice":"Donut","floor":3.0,"gold_loss":0.0,"damage_taken":0.0},{"damage_healed":0.0,"max_hp_gain":0.0,"max_hp_loss":0.0,"gold_gain":0.0,"event_name":"Living Wall","player_choice":"Grow","floor":12.0,"gold_loss":0.0,"damage_taken":0.0,"cards_upgraded":["SandsOfTime"]},{"damage_healed":0.0,"max_hp_gain":0.0,"max_hp_loss":0.0,"gold_gain":0.0,"event_name":"Accursed Blacksmith","player_choice":"Forge","floor":14.0,"gold_loss":0.0,"damage_taken":0.0,"cards_upgraded":["DevaForm"]}],"is_beta":false,"boss_relics":[{"not_picked":["Ectoplasm","Busted Crown"],"picked":"Coffee Dripper"}],"items_purged_floors":[],"is_endless":false,"potions_floor_spawned":[7,11,16,18,21,22],"killed_by":"Shelled Parasite and Fungi","ascension_level":20}}