{"host":"2461dio7vetlq1z3","time":1609684220,"event":{"mods":["2.2 Compatiblity","AchievementEnabler","Aspiration","BaseMod","Better Third Choice","Friendly Minions","Minty Spire (QoL Compilation)","Relic Stats","Spicy Shops","StSLib","Waifu the Spire"],"gold_per_floor":[111,91,111,125,145,145,173,187,187,217,217,9,9,27,27,105,105,121,133,58,108,128,128,156,156,207,207,224,224],"floor_reached":28,"playtime":1285,"items_purged":["Strike_B"],"score":500,"play_id":"438f2845-5f97-4805-b326-83a989075ac5","local_time":"20210103153020","is_ascension_mode":true,"campfire_choices":[{"data":"Storm","floor":6,"key":"SMITH"},{"floor":11,"key":"REST"},{"floor":13,"key":"REST"},{"data":"Zap","floor":15,"key":"SMITH"},{"floor":23,"key":"REST"},{"data":"Beam Cell","floor":25,"key":"SMITH"},{"floor":27,"key":"REST"}],"circlet_count":0,"master_deck":["AscendersBane","Strike_B","Strike_B","Defend_B","Defend_B","Defend_B","Defend_B","Zap+1","Dualcast","Beam Cell+1","Storm+1","Hello World","Cold Snap","Beam Cell","Compile Driver","Seek","All For One","Beam Cell","Electrodynamics","Seek","PiercingWail","Sweeping Beam","Blur","Hologram"],"relics":["Cracked Core","Potion Belt","Kunai","Lantern","Prayer Wheel","aspiration:SilentSkillbook","Juzu Bracelet","Akabeko"],"acts_visited":["Exordium","TheCity"],"potions_floor_usage":[5,7,10,22,24],"damage_taken":[{"damage":4,"enemies":"Jaw Worm","floor":1,"turns":4},{"damage":0,"enemies":"Cultist","floor":3,"turns":3},{"damage":8,"enemies":"2 Louse","floor":4,"turns":3},{"damage":6,"enemies":"Lots of Slimes","floor":5,"turns":5},{"damage":18,"enemies":"Lagavulin","floor":7,"turns":5},{"damage":3,"enemies":"Exordium Wildlife","floor":8,"turns":3},{"damage":26,"enemies":"3 Sentries","floor":10,"turns":6},{"damage":5,"enemies":"Red Slaver","floor":14,"turns":3},{"damage":17,"enemies":"Hexaghost","floor":16,"turns":9},{"damage":0,"enemies":"Chosen","floor":18,"turns":3},{"damage":18,"enemies":"3 Byrds","floor":19,"turns":2},{"damage":26,"enemies":"Snecko","floor":22,"turns":7},{"damage":9,"enemies":"Gremlin Leader","floor":24,"turns":4},{"damage":36,"enemies":"Snake Plant","floor":28,"turns":4}],"seed_played":"-7432148782502698639","potions_obtained":[{"floor":1,"key":"PowerPotion"},{"floor":2,"key":"ColorlessPotion"},{"floor":5,"key":"Explosive Potion"},{"floor":10,"key":"SpeedPotion"},{"floor":14,"key":"Energy Potion"},{"floor":22,"key":"AttackPotion"},{"floor":28,"key":"GamblersBrew"}],"is_trial":false,"path_per_floor":["M","?","M","M","M","R","E","M","T","E","R","$","R","M","R","B",null,"M","M","?","?","M","R","E","R","T","R","M"],"character_chosen":"DEFECT","items_purchased":["Prayer Wheel"],"campfire_rested":4,"item_purchase_floors":[12],"current_hp_per_floor":[67,67,67,59,53,53,35,32,32,6,29,29,52,47,47,30,66,66,48,48,41,15,38,29,29,29,52,16,16],"gold":224,"neow_bonus":"TEN_PERCENT_HP_BONUS","is_daily":false,"chose_seed":false,"campfire_upgraded":3,"win_rate":0.0,"timestamp":1609684220,"path_taken":["M","?","M","?","M","R","E","M","T","E","R","$","R","M","R","BOSS","M","M","?","?","?","R","E","R","T","R","M"],"items_purchased_type":["Relic"],"build_version":"2020-12-22","purchased_purges":1,"victory":false,"max_hp_per_floor":[78,78,78,78,78,78,78,78,78,78,78,78,78,78,78,78,78,78,78,78,78,78,78,78,78,78,78,78,78],"relic_stats":{"counters":[14,61],"Prayer Wheel":5,"Juzu Bracelet":0,"Kunai":[18],"obtain_stats":[{"Potion Belt":7,"Lantern":10,"Prayer Wheel":12,"aspiration:SilentSkillbook":17,"Juzu Bracelet":24,"Kunai":9,"Cracked Core":0,"Akabeko":26},{"Potion Belt":5,"Lantern":7,"Prayer Wheel":7,"aspiration:SilentSkillbook":9,"Juzu Bracelet":13,"Kunai":6,"Cracked Core":0,"Akabeko":13},{"Potion Belt":20,"Lantern":29,"Prayer Wheel":29,"aspiration:SilentSkillbook":41,"Juzu Bracelet":57,"Kunai":23,"Cracked Core":0,"Akabeko":57}]},"card_choices":[{"not_picked":["Lockon","Stack"],"picked":"Beam Cell","floor":1},{"not_picked":["Aggregate","Go for the Eyes"],"picked":"Storm","floor":3},{"not_picked":["Hologram","Steam"],"picked":"Hello World","floor":4},{"not_picked":["Barrage","Turbo"],"picked":"Cold Snap","floor":5},{"not_picked":["Tempest","Coolheaded"],"picked":"Beam Cell","floor":7},{"not_picked":["Conserve Battery","Hologram"],"picked":"Compile Driver","floor":8},{"not_picked":["Sweeping Beam","Fusion"],"picked":"Seek","floor":10},{"not_picked":["Streamline","Beam Cell"],"picked":"All For One","floor":14},{"not_picked":["Redo","Compile Driver"],"picked":"Beam Cell","floor":14},{"not_picked":["Seek","Rainbow"],"picked":"Electrodynamics","floor":16},{"not_picked":["Conserve Battery","Poisoned Stab","Prepared"],"picked":"Seek","floor":18},{"not_picked":["Quick Slash","Coolheaded","Backflip"],"picked":"PiercingWail","floor":18},{"not_picked":["Quick Slash","Lockon","Terror"],"picked":"Sweeping Beam","floor":19},{"not_picked":["Underhanded Strike","Stack","Poisoned Stab","Hologram"],"picked":"SKIP","floor":19},{"not_picked":["Stack","Leap","Doom and Gloom"],"picked":"Blur","floor":22},{"not_picked":["Grand Finale","Rebound","Force Field","Redo"],"picked":"SKIP","floor":22},{"not_picked":["All Out Attack","Aggregate","Rebound"],"picked":"Hologram","floor":24}],"player_experience":1034332,"relics_obtained":[{"floor":7,"key":"Potion Belt"},{"floor":9,"key":"Kunai"},{"floor":10,"key":"Lantern"},{"floor":24,"key":"Juzu Bracelet"},{"floor":26,"key":"Akabeko"}],"event_choices":[{"damage_healed":0,"gold_gain":0,"player_choice":"Bought 1 Potion","damage_taken":0,"max_hp_gain":0,"max_hp_loss":0,"event_name":"The Woman in Blue","floor":2,"gold_loss":0},{"cards_removed":["Strike_B"],"damage_healed":0,"gold_gain":0,"player_choice":"Gave Gold","damage_taken":0,"max_hp_gain":0,"max_hp_loss":0,"event_name":"Beggar","floor":20,"gold_loss":75},{"damage_healed":0,"gold_gain":50,"player_choice":"Touch","damage_taken":7,"max_hp_gain":0,"max_hp_loss":0,"event_name":"FaceTrader","floor":21,"gold_loss":0}],"is_beta":false,"boss_relics":[{"not_picked":["Tiny House","Fusion Hammer"],"picked":"aspiration:SilentSkillbook"}],"items_purged_floors":[12],"is_endless":false,"potions_floor_spawned":[1,5,10,14,22,28],"killed_by":"Snake Plant","ascension_level":20}}