{"host":"cu7v2bzxqo9zajt2","time":1609681167,"event":{"mods":["Ascension Reborn","BaseMod","CapriCore","Hermit","HololiveMod","Koishi","Marisa£¨Ùöéë¡¡Øª×âÞÞ£©","Minty Spire (QoL Compilation)","Prisma Mod","Railgun Mod","StSLib","SuperFastMode","The Cursed","The Dragon Tamer","The Gatherer","The Immortal","WarShipGirlsR/??á´Ò³R mod"],"gold_per_floor":[129,79,254,107,107,107,161,239,310,415,454,199,265,140,140,140,140,140],"floor_reached":16,"playtime":696,"items_purged":["DTMod:ResonanceForm","Doubt","Gatherer:SealedBomb"],"score":181,"play_id":"27f6049c-8d86-41a5-a2b0-2ad2e7308b31","local_time":"20210103223927","daily_mods":["Draft","Heirloom","Time Dilation","Flight","DeadlyEvents","Midas","Night Terrors","Terminal"],"is_ascension_mode":true,"metric_token":1117,"campfire_choices":[{"floor":6.0,"key":"REST"},{"floor":15.0,"key":"REST"}],"circlet_count":0,"master_deck":["Demon Form","Wraith Form v2","Echo Form","DevaForm","Gatherer:BomberForm","Madness","Gatherer:Enchant","Gatherer:FlowerBeam","Gatherer:EnergyBasket","Gatherer:CollectorsShot","Gatherer:DrugPower","Gatherer:SaveValuables","Gatherer:TreeGrowth","Gatherer:Snatch","Gatherer:WoolGloves","Gatherer:EchoOfNature","Gatherer:AlchemyTrial","Gatherer:FragileHammer","Gatherer:MiningStrike","Gatherer:GlowingPlant","Gatherer:Shadow","Gatherer:Light","Gatherer:Pollute","Gatherer:RecoveryHerb","Gatherer:RecipeChange","Gatherer:SealedBomb","Gatherer:ScherryThrow","Gatherer:ScherryThrow","Gatherer:Liquidism"],"relics":["Gatherer:AlchemyBag","Ginger","Lantern","White Beast Statue","Regal Pillow","Happy Flower","Odd Mushroom"],"acts_visited":["Exordium"],"potions_floor_usage":[],"damage_taken":[{"damage":0.0,"enemies":"Small Slimes","floor":1.0,"turns":3.0},{"damage":12.0,"enemies":"Jaw Worm","floor":7.0,"turns":4.0},{"damage":12.0,"enemies":"Lagavulin","floor":8.0,"turns":5.0},{"damage":0.0,"enemies":"HollowMod:MossKnight","floor":10.0,"turns":6.0},{"damage":8.0,"enemies":"2 Louse","floor":11.0,"turns":2.0},{"damage":13.0,"enemies":"The Mushroom Lair","floor":13.0,"turns":4.0},{"damage":0,"enemies":"Hexaghost","floor":16,"turns":1}],"seed_played":"-6636844518309367263","potions_obtained":[{"floor":1.0,"key":"Dexterity Potion"},{"floor":5.0,"key":"AttackPotion"}],"is_trial":true,"path_per_floor":["M","?","?","$","?","R","M","E","T","E","M","$","?","$","R","B"],"character_chosen":"THE_GATHERER","items_purchased":["Gatherer:RecoveryHerb","Happy Flower"],"campfire_rested":2,"item_purchase_floors":[4,12],"current_hp_per_floor":[70,69,68,67,66,60,48,39,39,41,33,33,23,23,46,46,46,46],"gold":140,"neow_bonus":"","is_daily":false,"chose_seed":false,"campfire_upgraded":0,"win_rate":0.0,"timestamp":1609681167,"path_taken":["M","?","?","?","?","R","M","?","T","E","?","$","?","$","R","BOSS"],"items_purchased_type":["Card","Relic"],"build_version":"2020-12-22","purchased_purges":3,"victory":false,"max_hp_per_floor":[70,69,68,67,66,60,59,58,57,56,55,54,53,52,46,46,46,46],"card_choices":[{"not_picked":["Gatherer:WoolGloves","Gatherer:DrugPower"],"picked":"Gatherer:Enchant","floor":0.0},{"not_picked":["Gatherer:BambuSword","Gatherer:FeelingFine"],"picked":"Gatherer:FlowerBeam","floor":0.0},{"not_picked":["Gatherer:Duplicator","Gatherer:Liquidism"],"picked":"Gatherer:EnergyBasket","floor":0.0},{"not_picked":["Gatherer:BambuSword","Gatherer:CarefulStrike"],"picked":"Gatherer:CollectorsShot","floor":0.0},{"not_picked":["Gatherer:Convert","Gatherer:Polymorphism"],"picked":"Gatherer:DrugPower","floor":0.0},{"not_picked":["Gatherer:Transmute","Gatherer:FlowerPower"],"picked":"Gatherer:SaveValuables","floor":0.0},{"not_picked":["Gatherer:CollectorsShot","Gatherer:OddSpoils"],"picked":"Gatherer:SealedBomb","floor":0.0},{"not_picked":["Gatherer:Frenzy","Gatherer:UpgradeBag"],"picked":"Gatherer:TreeGrowth","floor":0.0},{"not_picked":["Gatherer:BambuSword","Gatherer:ScentOfRosmari"],"picked":"Gatherer:Snatch","floor":0.0},{"not_picked":["Gatherer:TacticalStrike","Gatherer:CarefulStrike"],"picked":"Gatherer:WoolGloves","floor":0.0},{"not_picked":["Gatherer:WoolGloves","Gatherer:TreeGrowth"],"picked":"Gatherer:EchoOfNature","floor":0.0},{"not_picked":["Gatherer:Liquidism","Gatherer:Nutrients"],"picked":"Gatherer:AlchemyTrial","floor":0.0},{"not_picked":["Gatherer:Snatch","Gatherer:PotentialSlash"],"picked":"Gatherer:FragileHammer","floor":0.0},{"not_picked":["Gatherer:EchoOfNature","Gatherer:ScrollOfWall"],"picked":"Gatherer:MiningStrike","floor":0.0},{"not_picked":["Gatherer:FeelingFine","Gatherer:BambuSword"],"picked":"Gatherer:GlowingPlant","floor":0.0},{"not_picked":["Gatherer:BambuSword","Gatherer:GatherMaterial"],"picked":"Gatherer:Pollute","floor":1.0},{"not_picked":["Gatherer:GatherMaterial","Gatherer:WitheringStrike"],"picked":"Gatherer:RecipeChange","floor":7.0},{"not_picked":["Gatherer:AromaProtection","Gatherer:PotentialSlash"],"picked":"Gatherer:SealedBomb","floor":8.0},{"not_picked":["Gatherer:SealedBomb","Gatherer:RecipeChange"],"picked":"Gatherer:ScherryThrow","floor":10.0},{"not_picked":["Gatherer:EchoOfNature","Gatherer:WitheringStrike"],"picked":"Gatherer:ScherryThrow","floor":11.0},{"not_picked":["Gatherer:Solidify","Gatherer:Duality"],"picked":"Gatherer:Liquidism","floor":13.0}],"player_experience":121543,"relics_obtained":[{"floor":8.0,"key":"Lantern"},{"floor":9.0,"key":"White Beast Statue"},{"floor":10.0,"key":"Regal Pillow"},{"floor":13.0,"key":"Odd Mushroom"}],"event_choices":[{"cards_removed":["TheRailgun:Level_6"],"damage_healed":0.0,"max_hp_gain":0.0,"max_hp_loss":0.0,"gold_gain":0.0,"event_name":"The Cleric","player_choice":"Card Removal","floor":2.0,"gold_loss":50.0,"damage_taken":0.0},{"damage_healed":0.0,"max_hp_gain":0.0,"max_hp_loss":0.0,"gold_gain":175.0,"event_name":"Liars Game","player_choice":"AGREE","floor":3.0,"gold_loss":0.0,"damage_taken":0.0,"cards_obtained":["Doubt"]},{"damage_healed":0.0,"max_hp_gain":0.0,"max_hp_loss":0.0,"gold_gain":0.0,"event_name":"Lab","player_choice":"Got Potions","floor":5.0,"gold_loss":0.0,"damage_taken":0.0},{"damage_healed":0.0,"max_hp_gain":0.0,"max_hp_loss":0.0,"gold_gain":0.0,"event_name":"Mushrooms","player_choice":"Fought Mushrooms","floor":13.0,"gold_loss":0.0,"damage_taken":0.0}],"is_beta":false,"boss_relics":[],"items_purged_floors":[4,12,14],"is_endless":true,"potions_floor_spawned":[1,8,10,11,13],"killed_by":"Hexaghost","ascension_level":0}}