{"host":"pgqkv8mh62pnrbci","time":1609654342,"event":{"mods":["2.2 Compatiblity","AchievementEnabler","BaseMod","Custom Start","DeckTracker","Minty Spire (QoL Compilation)","Replay The Spire","StSLib","SuperFastMode","¡¼?Úª?ø«¡½REMEMod"],"gold_per_floor":[114,124,124,40,40,40,53,81,105,119,119,131,131,149,149,226,226,239,47,57,57,71,71,71],"floor_reached":23,"playtime":1026,"items_purged":[],"score":523,"play_id":"492fbe6f-b1e9-4399-bf91-2b71f29c602f","local_time":"20210103151222","is_ascension_mode":true,"campfire_choices":[{"data":"Neutralize","floor":6.0,"key":"SMITH"},{"data":"Blade Dance","floor":11.0,"key":"SMITH"},{"data":"Infinite Blades","floor":13.0,"key":"SMITH"},{"data":"Noxious Fumes","floor":15.0,"key":"SMITH"}],"circlet_count":0,"master_deck":["Survivor","Defend_G","Defend_G","Defend_G","Defend_G","Defend_G","Blade Dance+1","Neutralize+1","Strike_G+1","Strike_G","Strike_G","Strike_G","Strike_G","Dark Embrace+1","Recycle+1","Blur","Concentrate","Neutralize","Infinite Blades+1","Noxious Fumes+1","Masterful Stab+1","Pot Of Greed","Pot Of Greed","ReplayTheSpireMod:Speed Training","Hidden Blade","REME_ShadowStrike","Pot Of Greed","Adrenaline","Acrobatics","Blade Dance","REME_GreenPollution","Concentrate","Tactician"],"relics":["Ring of the Snake","REME_ComplimentaryCards","Whetstone","Grinning Jar","ReplayTheSpireMod:DimensionalGlitch"],"acts_visited":["Exordium","TheCity"],"potions_floor_usage":[22,22],"damage_taken":[{"damage":1.0,"enemies":"Small Slimes","floor":1.0,"turns":5.0},{"damage":6.0,"enemies":"Cultist","floor":2.0,"turns":5.0},{"damage":12.0,"enemies":"2 Louse","floor":7.0,"turns":2.0},{"damage":2.0,"enemies":"Lagavulin","floor":8.0,"turns":7.0},{"damage":13.0,"enemies":"Lots of Slimes","floor":10.0,"turns":4.0},{"damage":5.0,"enemies":"Exordium Wildlife","floor":12.0,"turns":3.0},{"damage":2.0,"enemies":"2 Fungi Beasts","floor":14.0,"turns":3.0},{"damage":0.0,"enemies":"Slime Boss","floor":16.0,"turns":5.0},{"damage":25.0,"enemies":"3 Byrds","floor":18.0,"turns":4.0},{"damage":0.0,"enemies":"Chosen","floor":20.0,"turns":2.0},{"damage":21,"enemies":"Snecko","floor":22,"turns":4},{"damage":15,"enemies":"Slavers","floor":23,"turns":1}],"seed_played":"-5304905337183963064","potions_obtained":[{"floor":2.0,"key":"LiquidBronze"},{"floor":12.0,"key":"Elixir"},{"floor":14.0,"key":"AttackPotion"},{"floor":16.0,"key":"FearPotion"},{"floor":18.0,"key":"SneckoOil"},{"floor":20.0,"key":"Milkshake"},{"floor":21.0,"key":"SteroidPotion"}],"is_trial":true,"path_per_floor":["M","M","?","$","?","R","M","E","T","M","R","M","R","M","R","B",null,"M","$","M","?","M","E"],"character_chosen":"THE_SILENT","items_purchased":["Infinite Blades","Blade Dance","REME_GreenPollution","Concentrate"],"campfire_rested":0,"item_purchase_floors":[4,19,19,19],"current_hp_per_floor":[58,52,52,52,52,52,40,38,38,25,25,20,20,18,18,18,54,29,29,29,29,8,0,0],"gold":71,"neow_bonus":"","is_daily":false,"chose_seed":false,"campfire_upgraded":4,"win_rate":0.0,"timestamp":1609654342,"path_taken":["M","M","?","?","?","R","M","E","T","M","R","M","R","M","R","BOSS","M","$","?","?","M","E"],"items_purchased_type":["Card","Card","Card","Card"],"build_version":"2020-12-22","purchased_purges":0,"victory":false,"max_hp_per_floor":[66,66,66,66,66,66,66,66,66,66,66,66,66,66,66,66,66,66,66,66,66,66,66,66],"card_choices":[{"not_picked":["Quick Slash","Cloak And Dagger"],"picked":"Blur","floor":1.0},{"not_picked":["Fluid Movement","ReplayTheSpireMod:Exploit Weakness","Outmaneuver"],"picked":"SKIP","floor":2.0},{"not_picked":["Flying Knee","Backflip"],"picked":"Noxious Fumes","floor":7.0},{"not_picked":["ReplayTheSpireMod:Speed Training","Slice"],"picked":"Masterful Stab","floor":8.0},{"not_picked":["Underhanded Strike","Sucker Punch"],"picked":"ReplayTheSpireMod:Speed Training","floor":10.0},{"not_picked":["Predator","Heel Hook"],"picked":"Hidden Blade","floor":12.0},{"not_picked":["Sucker Punch","Concentrate"],"picked":"REME_ShadowStrike","floor":14.0},{"not_picked":["REME_SpectralBlade","Unload"],"picked":"Adrenaline","floor":16.0},{"not_picked":["Dodge and Roll","Outmaneuver"],"picked":"Acrobatics","floor":18.0},{"not_picked":["Bane","Choke","Acrobatics"],"picked":"SKIP","floor":20.0},{"not_picked":["Escape Plan","Acrobatics"],"picked":"Tactician","floor":22}],"player_experience":594546,"relics_obtained":[{"floor":8.0,"key":"Whetstone"},{"floor":9.0,"key":"Grinning Jar"}],"event_choices":[{"damage_healed":0.0,"max_hp_gain":0.0,"max_hp_loss":0.0,"gold_gain":0.0,"event_name":"Match and Keep!","player_choice":"2 cards matched","floor":3.0,"gold_loss":0.0,"damage_taken":0.0,"cards_obtained":["Concentrate","Neutralize"]},{"damage_healed":0.0,"max_hp_gain":0.0,"max_hp_loss":0.0,"gold_gain":0.0,"event_name":"Upgrade Shrine","player_choice":"Upgraded","floor":5.0,"gold_loss":0.0,"damage_taken":0.0,"cards_upgraded":["Recycle"]},{"damage_healed":0.0,"max_hp_gain":0.0,"max_hp_loss":0.0,"gold_gain":0.0,"event_name":"Lab","player_choice":"Got Potions","floor":21.0,"gold_loss":0.0,"damage_taken":0.0}],"is_beta":false,"boss_relics":[{"not_picked":["Ring of the Serpent","WristBlade"],"picked":"ReplayTheSpireMod:DimensionalGlitch"}],"items_purged_floors":[],"is_endless":false,"potions_floor_spawned":[2,12,14,16,18,20],"killed_by":"Slavers","ascension_level":19}}