{"host":"16bdbdkejmwbwkj8","time":1609688212,"event":{"mods":["BaseMod","Colored Map","Downfall","Minty Spire (QoL Compilation)","StSLib"],"gold_per_floor":[114,133,148,148,107,107,107,107,136,136,136,147,162,181,181,286,286,304,28,28,28,51,51,76,94,94,79,114,39,50,65,65,166,166,181,196,212,231,33,33,33],"floor_reached":40,"playtime":4264,"items_purged":[],"score":533,"play_id":"9d0f4848-3f0e-4d8c-842d-19425937764e","local_time":"20210103103652","is_ascension_mode":false,"campfire_choices":[{"data":"sneckomod:SnekBite","floor":8,"key":"SMITH"},{"floor":10,"key":"REST"},{"floor":15,"key":"REST"},{"data":"sneckomod:SnakeSap","floor":23,"key":"SMITH"},{"floor":29,"key":"DIG"},{"floor":32,"key":"REST"}],"circlet_count":0,"master_deck":["sneckomod:TailWhip","sneckomod:SnekBite+1","sneckomod:UnknownEthereal","sneckomod:UnknownWeak","sneckomod:UnknownClassBLUE","sneckomod:UnknownClassGREEN","sneckomod:SoulRoll","sneckomod:UnknownClassRED+1","sneckomod:UnknownRareSkill+1","sneckomod:SerpentIdol+1","sneckomod:MasterEye+1","sneckomod:SerpentIdol+1","sneckomod:MorePower+1","sneckomod:Unknown0Cost+1","sneckomod:WideSting+1","sneckomod:UnknownRareSkill+1","sneckomod:UnknownClassBLUE+1","sneckomod:UnknownBlock+1","sneckomod:UnknownClassGUARDIAN+1","sneckomod:UnknownClassSLIMEBOUND+1","sneckomod:UnknownRareAttack","sneckomod:Unknown3Cost+1","sneckomod:SnakeSap+1","sneckomod:UnknownUncommonPower+1","sneckomod:UnknownClassSLIMEBOUND+1","sneckomod:UnknownCommonAttack+1","sneckomod:UnknownClassGREEN+1","sneckomod:UnknownClassRED+1","sneckomod:SoulCleanse+1","sneckomod:SoulRoll+1","hexamod:FourthSeal","sneckomod:UnknownCommonAttack+1","sneckomod:UnknownRareAttack+1","sneckomod:MorePower+1","sneckomod:UnknownClassTHE_CHAMP_GRAY+1","sneckomod:Unknown1Cost+1","sneckomod:DiceBlock+1","sneckomod:UnknownUncommonSkill+1","sneckomod:Unknown1Cost+1","sneckomod:SnakeSap","sneckomod:UnknownRareSkill+1","sneckomod:UnknownStrength+1","sneckomod:SnekBeam","sneckomod:Unknown3Cost+1","sneckomod:Unknown0Cost+1","sneckomod:DiceBlock+1","sneckomod:Unknown+1","sneckomod:UnknownRareSkill+1","sneckomod:MasterEye+1","sneckomod:Nope+1","sneckomod:SnekBeam","sneckomod:SlitherStrike","sneckomod:QuickMove+1"],"relics":["sneckomod:SuperSneckoSoul","Anchor","downfall:BrokenWingStatue","Toxic Egg 2","Frozen Egg 2","Meat on the Bone","Centennial Puzzle","Gremlin Horn","Shovel","downfall:HeartBlessingBlue","sneckomod:UnknownEgg","Astrolabe"],"acts_visited":["Exordium","TheCity","TheBeyond"],"potions_floor_usage":[13,13,31,33,37,37,38],"damage_taken":[{"damage":8,"enemies":"2 Louse","floor":1,"turns":3},{"damage":6,"enemies":"Small Slimes","floor":2,"turns":5},{"damage":4,"enemies":"Cultist","floor":3,"turns":5},{"damage":0,"enemies":"downfall:FleeingMerchant","floor":5,"turns":4},{"damage":42,"enemies":"3 Sentries","floor":9,"turns":12},{"damage":4,"enemies":"Blue Slaver","floor":12,"turns":3},{"damage":0,"enemies":"Exordium Wildlife","floor":13,"turns":1},{"damage":8,"enemies":"2 Fungi Beasts","floor":14,"turns":4},{"damage":29,"enemies":"downfall:Watcher","floor":16,"turns":8},{"damage":30,"enemies":"Shell Parasite","floor":18,"turns":6},{"damage":0,"enemies":"downfall:FleeingMerchant","floor":19,"turns":4},{"damage":10,"enemies":"Centurion and Healer","floor":25,"turns":4},{"damage":28,"enemies":"downfall:FleeingMerchant","floor":27,"turns":4},{"damage":51,"enemies":"Book of Stabbing","floor":28,"turns":5},{"damage":0,"enemies":"Shelled Parasite and Fungi","floor":30,"turns":3},{"damage":28,"enemies":"Sentry and Sphere","floor":31,"turns":4},{"damage":82,"enemies":"downfall:Ironclad","floor":33,"turns":10},{"damage":56,"enemies":"3 Darklings","floor":35,"turns":7},{"damage":4,"enemies":"3 Shapes","floor":36,"turns":6},{"damage":29,"enemies":"Transient","floor":37,"turns":5},{"damage":26,"enemies":"4 Shapes","floor":38,"turns":8},{"damage":0,"enemies":"downfall:FleeingMerchant","floor":39,"turns":4},{"damage":68,"enemies":"Nemesis","floor":40,"turns":3}],"seed_played":"-5016968700762220490","potions_obtained":[{"floor":1,"key":"SpeedPotion"},{"floor":9,"key":"Fire Potion"},{"floor":12,"key":"ColorlessPotion"},{"floor":16,"key":"SpeedPotion"},{"floor":25,"key":"CultistPotion"},{"floor":30,"key":"DuplicationPotion"},{"floor":31,"key":"Regen Potion"},{"floor":33,"key":"SteroidPotion"},{"floor":36,"key":"DistilledChaos"},{"floor":37,"key":"AttackPotion"},{"floor":38,"key":"Fire Potion"}],"is_trial":false,"path_per_floor":["M","M","M","?","$","?","T","R","E","R","?","M","M","M","R","B",null,"M","$","?","?","T","R","T","M","?","$","E","R","M","M","R","B",null,"M","M","M","M","$","E"],"character_chosen":"THE_SNECKO","items_purchased":["sneckomod:SoulRoll","Meat on the Bone","sneckomod:SnekBeam","sneckomod:SlitherStrike","sneckomod:QuickMove+1"],"campfire_rested":3,"item_purchase_floors":[5,19,39,39,39],"current_hp_per_floor":[96,91,88,81,83,83,83,83,42,73,74,74,74,66,97,71,124,98,98,98,98,98,98,98,103,103,83,48,58,70,58,99,48,138,86,86,69,55,67,0,0],"gold":33,"neow_bonus":"TEN_PERCENT_HP_BONUS","is_daily":false,"chose_seed":false,"campfire_upgraded":2,"win_rate":0.0,"timestamp":1609688212,"path_taken":["M","M","M","?","$","?","T","R","E","R","?","M","M","?","R","BOSS","M","$","?","?","?","R","T","M","?","$","E","R","?","M","R","BOSS","M","M","M","M","$","E"],"items_purchased_type":["Card","Relic","Card","Card","Card"],"build_version":"2020-12-22","purchased_purges":0,"victory":false,"max_hp_per_floor":[100,101,102,102,104,104,104,104,105,105,106,106,106,106,106,106,124,124,124,124,124,124,124,124,124,124,124,128,138,138,138,138,138,138,138,138,138,138,138,138,138],"card_choices":[{"not_picked":["sneckomod:UnknownUncommonSkill","sneckomod:DiceBlock"],"picked":"sneckomod:UnknownCommonAttack","floor":1},{"not_picked":["sneckomod:UnknownClassPURPLE","sneckomod:IronFang"],"picked":"sneckomod:UnknownEthereal","floor":2},{"not_picked":["sneckomod:ImprovisedGuard","sneckomod:DefensiveFlair"],"picked":"sneckomod:UnknownWeak","floor":3},{"not_picked":["sneckomod:UnknownCommonSkill","sneckomod:UnknownStrike"],"picked":"sneckomod:UnknownClassBLUE","floor":5},{"not_picked":["sneckomod:UnknownBlock","sneckomod:UnknownStrike"],"picked":"sneckomod:UnknownClassGREEN","floor":5},{"not_picked":["sneckomod:DefensiveFlair+1","sneckomod:SnekBeam"],"picked":"sneckomod:UnknownClassRED+1","floor":9},{"not_picked":["sneckomod:UnknownWeak+1","sneckomod:DefensiveFlair+1"],"picked":"sneckomod:SerpentIdol+1","floor":12},{"not_picked":["sneckomod:SoulRoll+1","sneckomod:QuickBite"],"picked":"sneckomod:MasterEye+1","floor":13},{"not_picked":["sneckomod:UnknownBlock+1","sneckomod:UnknownUncommonSkill+1"],"picked":"sneckomod:SerpentIdol+1","floor":14},{"not_picked":["sneckomod:DangerNoodle","sneckomod:UnknownRareAttack"],"picked":"sneckomod:MorePower+1","floor":16},{"not_picked":["sneckomod:Unknown+1","sneckomod:UnknownVulnerable+1"],"picked":"sneckomod:Unknown0Cost+1","floor":18},{"not_picked":["sneckomod:QuickBite","sneckomod:IronFang+1"],"picked":"sneckomod:WideSting","floor":18},{"not_picked":["sneckomod:UnknownStrength+1","sneckomod:UnknownUncommonSkill+1"],"picked":"sneckomod:UnknownRareSkill+1","floor":19},{"not_picked":["sneckomod:RainOfDice","sneckomod:IronFang+1"],"picked":"sneckomod:UnknownClassBLUE+1","floor":19},{"not_picked":["sneckomod:UnknownVulnerable+1","sneckomod:UnknownBlock+1"],"picked":"sneckomod:UnknownUncommonPower+1","floor":25},{"not_picked":["sneckomod:IronFang+1","sneckomod:ImprovisedGuard+1"],"picked":"sneckomod:UnknownClassSLIMEBOUND+1","floor":25},{"not_picked":["sneckomod:Unknown2Cost+1","sneckomod:UnknownClassHEXA_GHOST_PURPLE+1"],"picked":"sneckomod:UnknownCommonAttack+1","floor":27},{"not_picked":["sneckomod:UnlimitedRolls+1","sneckomod:Unknown2Cost+1"],"picked":"sneckomod:UnknownClassGREEN+1","floor":27},{"not_picked":["sneckomod:Unknown3Cost+1","sneckomod:UnknownClassHEXA_GHOST_PURPLE+1"],"picked":"sneckomod:UnknownClassRED+1","floor":28},{"not_picked":["sneckomod:UnknownClassTHE_CHAMP_GRAY+1","sneckomod:SlitherStrike+1"],"picked":"sneckomod:SoulCleanse+1","floor":28},{"not_picked":["sneckomod:UnknownClassRED+1","sneckomod:DiceBlock+1"],"picked":"sneckomod:SoulRoll+1","floor":30},{"not_picked":["hexamod:FirstSeal","hexamod:SecondSeal"],"picked":"hexamod:FourthSeal","floor":31},{"not_picked":["sneckomod:SoulDraw+1","sneckomod:UnknownClassHEXA_GHOST_PURPLE+1"],"picked":"sneckomod:UnknownCommonAttack+1","floor":31},{"not_picked":["sneckomod:UnknownDexterity+1","sneckomod:UnknownClassTHE_CHAMP_GRAY+1"],"picked":"sneckomod:UnknownRareAttack+1","floor":33},{"not_picked":["sneckomod:Unknown3Cost+1","sneckomod:Restock+1"],"picked":"sneckomod:MorePower+1","floor":33},{"not_picked":["sneckomod:UnknownUncommonAttack+1","sneckomod:UnknownWeak+1"],"picked":"sneckomod:UnknownUncommonSkill+1","floor":35},{"not_picked":["sneckomod:UnknownVulnerable+1","sneckomod:UnknownClassTHE_CHAMP_GRAY+1"],"picked":"sneckomod:Unknown1Cost+1","floor":35},{"not_picked":["sneckomod:UnknownBlock+1","sneckomod:UnknownX+1"],"picked":"sneckomod:SnakeSap","floor":35},{"not_picked":["sneckomod:UnknownCommonSkill+1","sneckomod:Unknown0Cost+1"],"picked":"sneckomod:UnknownRareSkill+1","floor":36},{"not_picked":["sneckomod:Unknown2Cost+1","sneckomod:Unknown+1"],"picked":"sneckomod:UnknownStrength+1","floor":36},{"not_picked":["sneckomod:UnknownClassRED+1","sneckomod:IronFang"],"picked":"sneckomod:SnekBeam","floor":36},{"not_picked":["sneckomod:Unknown0Cost+1","sneckomod:UnknownClassRED+1"],"picked":"sneckomod:Unknown3Cost+1","floor":37},{"not_picked":["sneckomod:UnknownClassSLIMEBOUND+1","sneckomod:UnknownWeak+1"],"picked":"sneckomod:Unknown0Cost+1","floor":37},{"not_picked":["sneckomod:DiceBoulder","sneckomod:UnknownCommonAttack+1"],"picked":"sneckomod:DiceBlock+1","floor":37},{"not_picked":["sneckomod:UnknownStrike+1","sneckomod:UnknownCommonAttack+1"],"picked":"sneckomod:Unknown+1","floor":38},{"not_picked":["sneckomod:Unknown2Cost+1","sneckomod:UnknownClassTHE_CHAMP_GRAY+1"],"picked":"sneckomod:UnknownRareSkill+1","floor":38},{"not_picked":["sneckomod:UnknownClassPURPLE+1","sneckomod:DiceBlock+1"],"picked":"sneckomod:MasterEye+1","floor":38},{"not_picked":["sneckomod:CheapStock+1","sneckomod:QuickMove+1"],"picked":"sneckomod:Nope+1","floor":39}],"player_experience":98400,"relics_obtained":[{"floor":7,"key":"Toxic Egg 2"},{"floor":9,"key":"Frozen Egg 2"},{"floor":24,"key":"Centennial Puzzle"},{"floor":28,"key":"Shovel"},{"floor":29,"key":"sneckomod:UnknownEgg"}],"event_choices":[{"damage_healed":0,"gold_gain":0,"player_choice":"Success","damage_taken":7,"relics_obtained":["Anchor"],"max_hp_gain":0,"max_hp_loss":0,"event_name":"Scrap Ooze","floor":4,"gold_loss":0},{"damage_healed":0,"gold_gain":0,"cards_transformed":["sneckomod:Strike"],"player_choice":"Transformed","damage_taken":0,"max_hp_gain":0,"max_hp_loss":0,"event_name":"Transmorgrifier","floor":11,"gold_loss":0,"cards_obtained":["sneckomod:UnknownRareSkill"]},{"damage_healed":0,"gold_gain":0,"player_choice":"Read","damage_taken":0,"max_hp_gain":0,"max_hp_loss":0,"event_name":"The Library","floor":21,"gold_loss":0,"cards_obtained":["sneckomod:SnakeSap"]}],"is_beta":false,"boss_relics":[{"not_picked":["Velvet Choker","Sozu"],"picked":"sneckomod:SuperSneckoSoul"},{"not_picked":["Runic Dome","Tiny House"],"picked":"Astrolabe"}],"items_purged_floors":[],"is_endless":false,"potions_floor_spawned":[1,9,12,16,25,28,30,31,33,37,38],"killed_by":"Nemesis","ascension_level":0}}