{"host":"uyrebrj0204enqpc","time":1609706167,"event":{"mods":["Act Like it!","Bard","BaseMod","Block Reminder","Challenge The Spire","Colored Map","Colored Powertips","DeckTracker","Downfall","GifTheSpireLib","HexUI Lib","Highlight Path","Hubris","Infinite Spire","Minty Spire (QoL Compilation)","Pale of the Ancients","Quick Restart","Random Character Button","Relic Sorter","Relic Stats","Replay The Spire","Shop Mod","StSLib","The Blue Laboratory","The Bug Knight","The Cursed","The Jungle","The Marked","Wandering Minibosses"],"gold_per_floor":[112,122,122,122,122,122,147,147,200,234,83,83,112,129,129,129,129,129],"floor_reached":16,"playtime":959,"items_purged":["Guardian:Defend_Guardian"],"score":128,"play_id":"5a7d6a7c-3e0b-4a28-bed0-f4ba5a836ed6","local_time":"20210103153607","is_ascension_mode":true,"campfire_choices":[{"data":"Guardian:BaubleBeam","floor":6,"key":"SMITH"},{"data":"Guardian:PrismaticBeam","floor":15,"key":"SMITH"}],"circlet_count":0,"master_deck":["Guardian:Strike_Guardian+1","Guardian:Strike_Guardian+1","Guardian:Strike_Guardian+1","Guardian:Strike_Guardian+1","Guardian:Defend_Guardian","Guardian:Defend_Guardian","Guardian:Defend_Guardian","Guardian:TwinSlam","Guardian:BaubleBeam+1","Guardian:BronzeOrb","Replay:GuardianBash","Guardian:StasisEngine","Guardian:PrismaticBeam+1","Regret"],"relics":["hubris:Towel","hubris:Icosahedron","m_GuardianBlood","Toxic Egg 2","Replay:Bottled Eggs","Bag of Marbles","Vajra","Regal Pillow","Ginger"],"acts_visited":["Exordium"],"potions_floor_usage":[13],"damage_taken":[{"damage":10,"enemies":"Jaw Worm","floor":1,"turns":3},{"damage":0,"enemies":"2 Louse","floor":2,"turns":2},{"damage":27,"enemies":"Gremlin Nob","floor":7,"turns":4},{"damage":21,"enemies":"3 Sentries","floor":10,"turns":8},{"damage":25,"enemies":"Lagavulin","floor":13,"turns":4},{"damage":0,"enemies":"Small Slimes","floor":14,"turns":3},{"damage":8,"enemies":"Fading Forest","floor":16,"turns":3}],"seed_played":"4240563732994263300","potions_obtained":[{"floor":7,"key":"Guardian:AcceleratePotion"},{"floor":10,"key":"hexamod:EctoCoolerPotion"}],"is_trial":false,"path_per_floor":["M","M","?","?","?","R","E","?","T","E","$","?","E","M","R","B"],"character_chosen":"GUARDIAN","items_purchased":["Guardian:PrismaticBeam"],"campfire_rested":0,"item_purchase_floors":[11],"current_hp_per_floor":[62,62,62,62,62,62,41,41,41,26,26,26,7,13,13,5,5,5],"gold":129,"neow_bonus":"THREE_RARE_CARDS","is_daily":false,"chose_seed":false,"campfire_upgraded":2,"win_rate":0.0,"timestamp":1609706167,"path_taken":["M","M","?","?","?","R","E","?","T","E","?","?","E","?","R","BOSS"],"items_purchased_type":["Card"],"build_version":"2020-12-22","purchased_purges":1,"victory":false,"max_hp_per_floor":[72,72,72,72,72,72,72,72,72,72,72,72,72,72,72,72,72,72],"relic_stats":{"Regal Pillow":0,"counters":[7,27],"Ginger":[2],"obtain_stats":[{"Regal Pillow":12,"hubris:Icosahedron":4,"Guardian:ModeShifter":0,"Vajra":10,"Bag of Marbles":9,"Ginger":13,"hubris:Towel":3,"Toxic Egg 2":7,"Replay:Bottled Eggs":8,"m_GuardianBlood":5},{"Regal Pillow":4,"hubris:Icosahedron":2,"Guardian:ModeShifter":0,"Vajra":4,"Bag of Marbles":3,"Ginger":5,"hubris:Towel":2,"Toxic Egg 2":3,"Replay:Bottled Eggs":3,"m_GuardianBlood":2},{"Regal Pillow":17,"hubris:Icosahedron":5,"Guardian:ModeShifter":0,"Vajra":17,"Bag of Marbles":9,"Ginger":21,"hubris:Towel":5,"Toxic Egg 2":9,"Replay:Bottled Eggs":9,"m_GuardianBlood":5}]},"card_choices":[{"not_picked":["Guardian:ConstructionForm","Guardian:RevengeProtocol"],"picked":"Guardian:BaubleBeam","floor":0},{"not_picked":["Guardian:Reroute","Guardian:ChargeCore"],"picked":"Guardian:BronzeOrb","floor":1},{"not_picked":["Guardian:Incinerate","Guardian:Orbwalk"],"picked":"Guardian:Gem_Crimson","floor":2},{"not_picked":["Guardian:BronzeArmor+1","Guardian:Gem_Cyan"],"picked":"Guardian:Gem_Purple","floor":7},{"not_picked":["Guardian:WalkerClaw","Guardian:Reroute"],"picked":"Guardian:StasisEngine","floor":10},{"not_picked":["Guardian:RollAttack","Heavy Blade","Guardian:PiercingHide+1"],"picked":"SKIP","floor":13},{"not_picked":["Guardian:Gem_Green","Guardian:Gem_Red"],"picked":"Guardian:Gem_Purple","floor":14}],"player_experience":1035162,"relics_obtained":[{"floor":7,"key":"Toxic Egg 2"},{"floor":8,"key":"Replay:Bottled Eggs"},{"floor":9,"key":"Bag of Marbles"},{"floor":10,"key":"Vajra"},{"floor":13,"key":"Ginger"}],"event_choices":[{"damage_healed":0,"gold_gain":0,"player_choice":"Box","damage_taken":0,"relics_obtained":["Regal Pillow"],"max_hp_gain":0,"max_hp_loss":0,"event_name":"Big Fish","floor":12,"gold_loss":0,"cards_obtained":["Regret"]}],"is_beta":false,"boss_relics":[],"items_purged_floors":[11],"is_endless":false,"potions_floor_spawned":[7,10],"killed_by":"Fading Forest","ascension_level":2}}