{"host":"Lado","time":1609694899,"event":{"mods":["Aspiration","BaseMod","Better Third Choice","BetterRewards","Card Forge","Conspire","Custom Start","Downfall","FutureSeer","Hero for Fun","Hubris","Infinite Spire","Mad Scientist","Marisa????????","Minty Spire (QoL Compilation)","Quick Restart","READ ME - Guardian Mod","Replay The Spire","Spicy Shops","StSLib","Td1madao Mod","The Administrix","The Animator","The Blackbeard","The Bladedancer","The Bug Knight","The Construct","The Cursed","The Disciple","The Gatherer","The Hierophant","The Jungle","The Marked","The Mystic","The Necromancer","The Sage","The Servant 0.9.4","The Valiant"],"gold_per_floor":[115,130,130,130,130,130,130,155,235,249,263,273,129,139,139,242,242,258,271,271,282,282,282,282,282],"floor_reached":24,"playtime":917,"items_purged":[],"score":273,"play_id":"6d3ca27b-1596-45a4-9562-9627387753cc","local_time":"20210103182819","is_ascension_mode":false,"campfire_choices":[{"floor":6,"key":"RECALL"},{"floor":23,"key":"REST"}],"circlet_count":0,"master_deck":["TheCursedMod:Strike_TheCursed+1","TheCursedMod:Strike_TheCursed+1","TheCursedMod:Strike_TheCursed+1","TheCursedMod:Strike_TheCursed+1","TheCursedMod:Defend_TheCursed+1","TheCursedMod:Defend_TheCursed+1","TheCursedMod:Defend_TheCursed+1","TheCursedMod:CursedWand+1","TheCursedMod:CleanUpWorkshop+1","TheCursedMod:Dregs","Hallucinations","hubris:Disease","infinitespire:Gouge+1","Regret","TheCursedMod:DemonSword+1","TheCursedMod:WearCloak+1","TheCursedMod:Stigma+1","TheCursedMod:TacticalStrike+1","TheCursedMod:VoidForm+1","TheCursedMod:ManaBullet+1","TheCursedMod:CursedMace+1","conspire:DoublingDagger+1","Doppelganger+1","TheCursedMod:Stigma+1"],"relics":["TheCursedMod:BlackMagic101","Hammer of Thor","Seething Fire","Anvil of the Gods","NeowsBlessing","hubris:SlimyHat","Tiny Chest","Matryoshka","Vajra","ChewingGum"],"acts_visited":["Exordium","TheCity"],"potions_floor_usage":[],"damage_taken":[{"damage":0,"enemies":"Jaw Worm","floor":1,"turns":1},{"damage":0,"enemies":"Small Slimes","floor":2,"turns":1},{"damage":0,"enemies":"Lagavulin","floor":8,"turns":1},{"damage":0,"enemies":"2 Louse","floor":10,"turns":1},{"damage":4,"enemies":"Lots of Slimes","floor":11,"turns":4},{"damage":0,"enemies":"Blue Slaver","floor":12,"turns":2},{"damage":9,"enemies":"3 Louse","floor":14,"turns":4},{"damage":0,"enemies":"The Guardian","floor":16,"turns":6},{"damage":6,"enemies":"2 Thieves","floor":18,"turns":4},{"damage":0,"enemies":"Chosen","floor":19,"turns":3},{"damage":5,"enemies":"Centurion and Healer","floor":21,"turns":4},{"damage":0,"enemies":"Slavers","floor":24,"turns":1}],"seed_played":"-5976169504640109822","potions_obtained":[{"floor":8,"key":"LiquidMemories"},{"floor":11,"key":"PowerPotion"},{"floor":12,"key":"hexamod:EctoCoolerPotion"}],"is_trial":false,"path_per_floor":["M","M","?","?","?","R","T","E","T","M","M","M","$","M","R","B",null,"M","M","?","M","AVR","R","E"],"character_chosen":"THE_CURSED","items_purchased":["Vajra"],"campfire_rested":1,"item_purchase_floors":[13],"current_hp_per_floor":[75,75,75,75,75,75,75,75,75,75,71,71,71,62,75,75,75,69,69,69,64,64,75,75,75],"gold":282,"neow_bonus":"THREE_ENEMY_KILL","is_daily":false,"chose_seed":false,"campfire_upgraded":0,"win_rate":0.0,"timestamp":1609694899,"path_taken":["M","M","?","?","?","R","?","E","T","M","M","M","$","?","R","BOSS","M","M","?","M","AVR","R","E"],"items_purchased_type":["Relic"],"build_version":"2020-12-18","purchased_purges":0,"victory":false,"max_hp_per_floor":[75,75,75,75,75,75,75,75,75,75,75,75,75,75,75,75,75,75,75,75,75,75,75,75,75],"card_choices":[{"not_picked":["TheCursedMod:CursedSpellbook","TheCursedMod:CursedAmulet"],"picked":"TheCursedMod:CircleOfFlame","floor":1},{"not_picked":["TheCursedMod:DoubleShield","TheCursedMod:CircleOfAmplification"],"picked":"TheCursedMod:FleshFromBone","floor":2},{"not_picked":["infinitespire:SealOfDarkness+","hubris:Rewind"],"picked":"infinitespire:Gouge","floor":3},{"not_picked":["TheCursedMod:SpitefulPray","TheCursedMod:FleshFromBone"],"picked":"TheCursedMod:DemonSword","floor":8},{"not_picked":["TheCursedMod:Obscuration","TheCursedMod:HellfireBreathing"],"picked":"TheCursedMod:WearCloak","floor":10},{"not_picked":["TheCursedMod:CursedAmulet","TheCursedMod:LuckyCharm","TheCursedMod:Stretching"],"picked":"SKIP","floor":11},{"not_picked":["TheCursedMod:SoulCrush","TheCursedMod:SpitefulStrike"],"picked":"TheCursedMod:Stigma","floor":12},{"not_picked":["TheCursedMod:WearCloak","TheCursedMod:CircleOfCorruption"],"picked":"TheCursedMod:TacticalStrike","floor":14},{"not_picked":["TheCursedMod:ShockAndAwe","TheCursedMod:CollectTribute"],"picked":"TheCursedMod:VoidForm","floor":16},{"not_picked":["TheCursedMod:CircleOfCorruption","TheCursedMod:FleshFromBone"],"picked":"TheCursedMod:ManaBullet","floor":18},{"not_picked":["TheCursedMod:HellfireBreathing","TheCursedMod:VitalStrike+1"],"picked":"TheCursedMod:CursedMace","floor":19},{"not_picked":["TheCursedMod:CursedMace+1","TheCursedMod:CircleOfWindfury"],"picked":"TheCursedMod:Stigma+1","floor":21}],"player_experience":499490,"relics_obtained":[{"floor":8,"key":"Tiny Chest"},{"floor":9,"key":"Matryoshka"}],"event_choices":[{"damage_healed":75,"gold_gain":0,"player_choice":"Leave","damage_taken":0,"max_hp_gain":0,"max_hp_loss":75,"event_name":"betterThird:BetterShining","floor":4,"gold_loss":0},{"damage_healed":0,"gold_gain":0,"player_choice":"Box","damage_taken":0,"relics_obtained":["hubris:SlimyHat"],"max_hp_gain":0,"max_hp_loss":0,"event_name":"Big Fish","floor":5,"gold_loss":0,"cards_obtained":["Regret"]}],"is_beta":true,"boss_relics":[{"not_picked":["Pandora\u0027s Box","Tiny House"],"picked":"ChewingGum"}],"items_purged_floors":[],"is_endless":false,"potions_floor_spawned":[8,11,12,19],"killed_by":"Slavers","ascension_level":0}}