{"host":"egwexuw5uvnxf11j","time":1609642996,"event":{"mods":["2.2 Compatiblity","Aspiration","BaseMod","Better Altar","Better Note","Better Sensory Stone","Better Third Choice","Displayed Cursed Tome","Downfall","Hermit","Key Reminder","Koishi","Marisa????????","Minty Spire (QoL Compilation)","Quick Restart","Shade Mod","Spicy Shops","StSLib","The Construct","The Cursed","The Hierophant","The Runesmith","The Senshi","The Servant 0.9.4","Transform Curses"],"gold_per_floor":[112,131,146,146,146,182,182,197,269,307,330,330,58,74,74,197,197,221,235,253,253,54,54,54,14,14,14,32,75,75,99,99,230,230,243,302,46,379,177,177,177],"floor_reached":40,"playtime":1921,"items_purged":["Regret","Strike_G","Strike_G"],"score":480,"play_id":"a3516036-54ab-4325-a9a0-ccb34acb9475","local_time":"20210102220316","is_ascension_mode":true,"campfire_choices":[{"floor":7,"key":"REST"},{"floor":15,"key":"REST"},{"floor":23,"key":"REST"},{"data":"aspiration:Lunge","floor":27,"key":"SMITH"},{"floor":30,"key":"REST"},{"floor":32,"key":"REST"}],"circlet_count":0,"master_deck":["Strike_G","Strike_G","Defend_G","Defend_G","Defend_G","Defend_G","Defend_G","Survivor","Neutralize","aspiration:Lunge+1","Slice","Underhanded Strike","Dagger Spray","Terror","Slice","Infinite Blades","Tactician","Cloak And Dagger","Blade Dance","Unload","DC+1","Flying Knee","Acrobatics","StarlightTyphoon","Underhanded Strike","UnstableBomb","Infinite Blades","SporeBomb","Dash+1","Dodge and Roll","Corpse Explosion","Quick Slash+1","Bane+1","Die Die Die"],"relics":["Ring of the Snake","Strawberry","Mercury Hourglass","keyreminder:keyreminder","Question Card","Darkstone Periapt","aspiration:ChemicalBlood","Oddly Smooth Stone","aspiration:MarisaSkillbook","Boot","Meat on the Bone","aspiration:HummingbirdHeart","WristBlade","aspiration:SneckoTail","Nunchaku"],"acts_visited":["Exordium","TheCity","TheBeyond"],"potions_floor_usage":[6,6,16,20,29,29,33,33,36,36,40,40,40],"damage_taken":[{"damage":0,"enemies":"Cultist","floor":1,"turns":3},{"damage":4,"enemies":"Jaw Worm","floor":2,"turns":2},{"damage":0,"enemies":"2 Louse","floor":3,"turns":1},{"damage":29,"enemies":"3 Sentries","floor":6,"turns":4},{"damage":0,"enemies":"2 Fungi Beasts","floor":8,"turns":1},{"damage":10,"enemies":"Gremlin Nob","floor":10,"turns":3},{"damage":3,"enemies":"Large Slime","floor":11,"turns":4},{"damage":0,"enemies":"Looter","floor":14,"turns":2},{"damage":26,"enemies":"Hexaghost","floor":16,"turns":9},{"damage":9,"enemies":"3 Byrds","floor":18,"turns":3},{"damage":11,"enemies":"2 Thieves","floor":19,"turns":2},{"damage":0,"enemies":"Snake Plant","floor":20,"turns":2},{"damage":25,"enemies":"Shelled Parasite and Fungi","floor":28,"turns":4},{"damage":22,"enemies":"Slavers","floor":29,"turns":3},{"damage":12,"enemies":"Cultist and Chosen","floor":31,"turns":5},{"damage":20,"enemies":"Automaton","floor":33,"turns":6},{"damage":26,"enemies":"3 Shapes","floor":35,"turns":3},{"damage":16,"enemies":"2 Orb Walkers","floor":36,"turns":3},{"damage":47,"enemies":"Orin","floor":40,"turns":9}],"seed_played":"-7595012897197619394","potions_obtained":[{"floor":1,"key":"Explosive Potion"},{"floor":3,"key":"sneckomod:MuddlingPotion"},{"floor":10,"key":"Block Potion"},{"floor":16,"key":"Fire Potion"},{"floor":18,"key":"Weak Potion"},{"floor":19,"key":"Block Potion"},{"floor":20,"key":"GamblersBrew"},{"floor":28,"key":"CultistPotion"}],"is_trial":false,"path_per_floor":["M","M","M","?","?","E","R","M","T","E","M","?","$","M","R","B",null,"M","M","M","?","$","R","?","$","T","R","M","E","R","M","R","B",null,"M","?","$","?","$","?"],"character_chosen":"THE_SILENT","items_purchased":["Cloak And Dagger","Oddly Smooth Stone","Boot","UnstableBomb","Infinite Blades","Die Die Die","Nunchaku"],"campfire_rested":5,"item_purchase_floors":[13,13,22,22,25,37,39],"current_hp_per_floor":[70,66,66,66,73,44,67,67,67,57,54,36,36,36,59,33,77,68,57,57,57,57,77,77,77,77,77,52,42,65,53,76,56,77,51,47,47,47,47,0,0],"gold":177,"neow_bonus":"ONE_RANDOM_RARE_CARD","is_daily":false,"chose_seed":false,"campfire_upgraded":1,"win_rate":0.0,"timestamp":1609642996,"path_taken":["M","?","?","?","?","E","R","M","T","E","M","?","$","M","R","BOSS","M","M","M","?","$","R","?","?","T","R","M","E","R","?","R","BOSS","M","?","$","?","$","?"],"items_purchased_type":["Card","Relic","Relic","Card","Card","Card","Relic"],"build_version":"2020-12-22","purchased_purges":3,"victory":false,"max_hp_per_floor":[70,70,70,70,77,77,77,77,77,77,77,77,77,77,77,77,77,77,77,77,77,77,77,77,77,77,77,77,77,77,77,77,77,77,77,77,77,77,77,77,77],"card_choices":[{"not_picked":["Prepared","Dagger Spray"],"picked":"Slice","floor":1},{"not_picked":["Sucker Punch","Choke"],"picked":"Underhanded Strike","floor":2},{"not_picked":["Deadly Poison","Calculated Gamble"],"picked":"Dagger Spray","floor":3},{"not_picked":["Tactician","Slice"],"picked":"Terror","floor":6},{"not_picked":["Deadly Poison","Poisoned Stab"],"picked":"Slice","floor":8},{"not_picked":["Poisoned Stab","Well Laid Plans","Quick Slash"],"picked":"Infinite Blades","floor":10},{"not_picked":["Underhanded Strike","Deflect","Outmaneuver"],"picked":"Tactician","floor":11},{"not_picked":["Well Laid Plans","Tools of the Trade","Outmaneuver"],"picked":"Blade Dance","floor":14},{"not_picked":["Venomology","Storm of Steel","Night Terror"],"picked":"Unload","floor":16},{"not_picked":["Prepared+1","Deflect","Occultation","6A"],"picked":"DC+1","floor":18},{"not_picked":["UnstableBomb+1","MysteriousBeam","LuminesStrike","Doppelganger"],"picked":"Flying Knee","floor":19},{"not_picked":["ShootTheMoon","UnstableBomb","Poisoned Stab","AsteroidBelt"],"picked":"Acrobatics","floor":20},{"not_picked":["MilkyWay","Calculated Gamble","AsteroidBelt","DarkMatter"],"picked":"SporeBomb","floor":28},{"not_picked":["DarkMatter+1","GrandCross","Tools of the Trade","Footwork+1"],"picked":"Dash+1","floor":29},{"not_picked":["WitchLeyline+1","Leg Sweep","Distraction+1","StarBarrage"],"picked":"Dodge and Roll","floor":31},{"not_picked":["BinaryStars","Envenom","Unload","JA"],"picked":"Corpse Explosion","floor":33},{"not_picked":["EnergyRecoil+1","Acceleration+1","Outmaneuver","PiercingWail"],"picked":"Quick Slash+1","floor":35},{"not_picked":["WitchLeyline+1","IllusionStar+1","BigCrunch","DC"],"picked":"Bane+1","floor":36}],"player_experience":2119032,"relics_obtained":[{"floor":6,"key":"Mercury Hourglass"},{"floor":9,"key":"Question Card"},{"floor":10,"key":"Darkstone Periapt"},{"floor":26,"key":"Meat on the Bone"},{"floor":29,"key":"aspiration:HummingbirdHeart"},{"floor":36,"key":"aspiration:SneckoTail"}],"event_choices":[{"damage_healed":0,"gold_gain":0,"player_choice":"Take Wound","damage_taken":0,"relics_obtained":["Golden Idol"],"max_hp_gain":0,"max_hp_loss":0,"event_name":"Golden Idol","floor":4,"gold_loss":0,"cards_obtained":["Injury"]},{"damage_healed":0,"gold_gain":0,"player_choice":"Box","damage_taken":0,"relics_obtained":["Strawberry"],"max_hp_gain":0,"max_hp_loss":0,"event_name":"Big Fish","floor":5,"gold_loss":0,"cards_obtained":["Regret"]},{"damage_healed":0,"gold_gain":0,"player_choice":"Relic ","damage_taken":18,"max_hp_gain":0,"max_hp_loss":0,"event_name":"betterThird:BetterScrap","floor":12,"gold_loss":0,"cards_obtained":["Amplify"]},{"damage_healed":0,"gold_gain":0,"cards_transformed":["Injury","Strike_G"],"player_choice":"Became Test Subject","damage_taken":0,"max_hp_gain":0,"max_hp_loss":0,"event_name":"Drug Dealer","floor":21,"gold_loss":0,"cards_obtained":["StarlightTyphoon","Underhanded Strike"]},{"damage_healed":0,"gold_gain":0,"player_choice":"Ignored","damage_taken":0,"max_hp_gain":0,"max_hp_loss":0,"event_name":"Ghosts","floor":24,"gold_loss":0},{"damage_healed":0,"gold_gain":0,"player_choice":"Fight","damage_taken":0,"max_hp_gain":0,"max_hp_loss":0,"event_name":"Mysterious Sphere","floor":36,"gold_loss":0},{"damage_healed":0,"gold_gain":333,"player_choice":"Gave Idol","damage_taken":0,"max_hp_gain":0,"max_hp_loss":0,"event_name":"The Moai Head","floor":38,"relics_lost":["Golden Idol"],"gold_loss":0},{"damage_healed":0,"gold_gain":0,"player_choice":"Fight","damage_taken":0,"max_hp_gain":0,"max_hp_loss":0,"event_name":"OrinTheCat","floor":40,"gold_loss":0}],"is_beta":false,"boss_relics":[{"not_picked":["aspiration:DefectSkillbook","Pandora\u0027s Box"],"picked":"aspiration:MarisaSkillbook"},{"not_picked":["Calling Bell","HoveringKite"],"picked":"WristBlade"}],"items_purged_floors":[13,37,39],"is_endless":false,"potions_floor_spawned":[1,3,10,16,18,20],"killed_by":"Orin","ascension_level":2}}