{"host":"dhyczjm99amxd3qx","time":1609706883,"event":{"mods":["BaseMod","Colored Map","Googly Eyes","Highlight Path","Minty Spire (QoL Compilation)","Quick Restart","StSLib"],"gold_per_floor":[117,117,135,135,147,176,21,21,21,38,54,65,65,80,80,180,180,196,196,215,246,257,257,283,283,356,356,376,376,376],"floor_reached":29,"playtime":2114,"items_purged":["Defend_G"],"score":346,"play_id":"16dc8891-af13-40fc-bb67-80a42dc2212e","local_time":"20210103154803","is_ascension_mode":true,"campfire_choices":[{"data":"Accuracy","floor":8.0,"key":"SMITH"},{"floor":13.0,"key":"REST"},{"data":"Well Laid Plans","floor":15.0,"key":"SMITH"},{"floor":23.0,"key":"REST"}],"circlet_count":0,"master_deck":["Strike_G","Strike_G","Strike_G","Strike_G","Defend_G","Defend_G","Defend_G","Defend_G","Survivor","Neutralize","Infinite Blades","Accuracy","Escape Plan","Accuracy+1","Infinite Blades","Blade Dance","Blade Dance","Well Laid Plans+1","Tools of the Trade","Accuracy","Prepared"],"relics":["Ring of the Serpent","Omamori","Happy Flower","Potion Belt","Matryoshka","Red Mask","MealTicket","Frozen Egg 2","PreservedInsect","Bottled Tornado","MutagenicStrength"],"acts_visited":["Exordium","TheCity"],"potions_floor_usage":[29],"damage_taken":[{"damage":0.0,"enemies":"Jaw Worm","floor":1.0,"turns":4.0},{"damage":0.0,"enemies":"Cultist","floor":3.0,"turns":4.0},{"damage":0.0,"enemies":"Small Slimes","floor":5.0,"turns":5.0},{"damage":15.0,"enemies":"Lagavulin","floor":6.0,"turns":10.0},{"damage":13.0,"enemies":"3 Louse","floor":10.0,"turns":3.0},{"damage":0.0,"enemies":"Large Slime","floor":11.0,"turns":3.0},{"damage":8.0,"enemies":"Blue Slaver","floor":12.0,"turns":3.0},{"damage":0.0,"enemies":"Looter","floor":14.0,"turns":1.0},{"damage":5.0,"enemies":"The Guardian","floor":16.0,"turns":8.0},{"damage":2.0,"enemies":"Chosen","floor":18.0,"turns":6.0},{"damage":0.0,"enemies":"Spheric Guardian","floor":20.0,"turns":3.0},{"damage":4.0,"enemies":"Masked Bandits","floor":21.0,"turns":3.0},{"damage":12.0,"enemies":"Snake Plant","floor":22.0,"turns":4.0},{"damage":18.0,"enemies":"Book of Stabbing","floor":24.0,"turns":4.0},{"damage":34,"enemies":"Sentry and Sphere","floor":28,"turns":6},{"damage":8,"enemies":"Snecko","floor":29,"turns":3}],"seed_played":"5686420543617428815","potions_obtained":[{"floor":1.0,"key":"Dexterity Potion"},{"floor":6.0,"key":"AttackPotion"},{"floor":10.0,"key":"DistilledChaos"},{"floor":12.0,"key":"Weak Potion"},{"floor":16.0,"key":"CunningPotion"},{"floor":18.0,"key":"SteroidPotion"},{"floor":21.0,"key":"PowerPotion"},{"floor":22.0,"key":"Regen Potion"}],"is_trial":false,"path_per_floor":["M","?","M","?","M","E","$","R","T","M","M","M","R","M","R","B",null,"M","?","M","?","M","R","E","?","T","?","M","M"],"character_chosen":"THE_SILENT","items_purchased":["Infinite Blades"],"campfire_rested":2,"item_purchase_floors":[7],"current_hp_per_floor":[63,63,63,56,56,41,41,41,41,28,28,20,41,41,41,36,62,60,47,47,43,31,53,47,47,47,47,13,5,5],"gold":376,"neow_bonus":"RANDOM_COMMON_RELIC","is_daily":false,"chose_seed":false,"campfire_upgraded":2,"win_rate":0.0,"timestamp":1609706883,"path_taken":["M","?","M","?","M","E","?","R","T","M","M","?","R","M","R","BOSS","M","?","M","?","M","R","E","?","T","?","M","M"],"items_purchased_type":["Card"],"build_version":"2020-12-22","purchased_purges":1,"victory":false,"max_hp_per_floor":[70,70,70,70,70,70,70,70,70,70,70,70,70,70,70,70,70,70,75,75,75,75,75,75,75,75,75,75,75,75],"card_choices":[{"not_picked":["Dagger Throw","Backflip"],"picked":"Infinite Blades","floor":1.0},{"not_picked":["Backstab","Bane"],"picked":"Accuracy","floor":3.0},{"not_picked":["Deflect","Dagger Throw"],"picked":"Escape Plan","floor":5.0},{"not_picked":["Outmaneuver","Backstab"],"picked":"Accuracy","floor":6.0},{"not_picked":["Well Laid Plans","Distraction"],"picked":"Blade Dance","floor":10.0},{"not_picked":["Glass Knife","Underhanded Strike","Dagger Throw"],"picked":"SKIP","floor":11.0},{"not_picked":["Poisoned Stab","Tactician"],"picked":"Blade Dance","floor":12.0},{"not_picked":["Bane","Dagger Spray"],"picked":"Well Laid Plans","floor":14.0},{"not_picked":["Phantasmal Killer","Grand Finale"],"picked":"Tools of the Trade","floor":16.0},{"not_picked":["Dodge and Roll","All Out Attack","Dagger Throw+1"],"picked":"SKIP","floor":18.0},{"not_picked":["Bane","Slice"],"picked":"Accuracy","floor":20.0},{"not_picked":["Deflect","All Out Attack","Burst"],"picked":"SKIP","floor":22.0},{"not_picked":["Slice","Bane","Heel Hook"],"picked":"SKIP","floor":24.0},{"not_picked":["Concentrate","Blade Dance"],"picked":"Prepared","floor":28}],"player_experience":298468,"relics_obtained":[{"floor":6.0,"key":"Potion Belt"},{"floor":9.0,"key":"Matryoshka"},{"floor":21.0,"key":"Red Mask"},{"floor":24.0,"key":"MealTicket"},{"floor":26.0,"key":"PreservedInsect"},{"floor":26.0,"key":"Bottled Tornado"}],"event_choices":[{"damage_healed":0.0,"max_hp_gain":0.0,"max_hp_loss":0.0,"gold_gain":0.0,"event_name":"Big Fish","player_choice":"Box","floor":2.0,"gold_loss":0.0,"damage_taken":0.0,"relics_obtained":["Happy Flower"],"cards_obtained":["Regret"]},{"cards_removed":["Strike_G"],"damage_healed":0.0,"max_hp_gain":0.0,"max_hp_loss":0.0,"gold_gain":0.0,"event_name":"Golden Wing","player_choice":"Card Removal","floor":4.0,"gold_loss":0.0,"damage_taken":7.0},{"damage_healed":0.0,"max_hp_gain":5.0,"max_hp_loss":0.0,"gold_gain":0.0,"event_name":"Forgotten Altar","player_choice":"Shed Blood","floor":19.0,"gold_loss":0.0,"damage_taken":18.0},{"damage_healed":0.0,"max_hp_gain":0.0,"max_hp_loss":0.0,"gold_gain":0.0,"event_name":"Masked Bandits","player_choice":"Fought Bandits","floor":21.0,"gold_loss":0.0,"damage_taken":0.0},{"damage_healed":0.0,"max_hp_gain":0.0,"max_hp_loss":0.0,"gold_gain":0.0,"event_name":"The Mausoleum","player_choice":"Opened","floor":25.0,"gold_loss":0.0,"damage_taken":0.0,"relics_obtained":["Frozen Egg 2"],"cards_obtained":["Writhe"]},{"damage_healed":0.0,"max_hp_gain":0.0,"max_hp_loss":0.0,"gold_gain":0.0,"event_name":"Drug Dealer","player_choice":"Inject Mutagens","floor":27.0,"gold_loss":0.0,"damage_taken":0.0,"relics_obtained":["MutagenicStrength"]}],"is_beta":false,"boss_relics":[{"not_picked":["Snecko Eye","Astrolabe"],"picked":"Ring of the Serpent"}],"items_purged_floors":[7],"is_endless":false,"potions_floor_spawned":[1,6,10,12,16,18,21,22],"killed_by":"Snecko","ascension_level":8}}