{"host":"rolltorest","time":1609708089,"event":{"mods":["BaseMod","Minty Spire (QoL Compilation)","Relic Stats","Robot Space Explorer","Slay the Relics Exporter","StSLib"],"gold_per_floor":[112,212,224,4,4,35,49,68,95,124,136,175,80,145,145,247,247,247,69,69,69,69,69,69,19,19,19,19,19,19,19,19,19,19,19,19,19,8,8,8,8,8,8,0,0,0,0,0,0,0,0,0,0,0,0,0],"floor_reached":55,"playtime":2107,"items_purged":["RobotSpaceExplorer:Strike","RobotSpaceExplorer:Strike+1"],"score":1226,"play_id":"9e8bc23a-bb62-475b-bb00-b0e0ce80f434","local_time":"20210103130809","is_ascension_mode":true,"campfire_choices":[{"data":"RobotSpaceExplorer:DoubleBlock","floor":11,"key":"SMITH"},{"data":"RobotSpaceExplorer:StarDust","floor":15,"key":"SMITH"},{"data":"RobotSpaceExplorer:ExhaustFan","floor":24,"key":"SMITH"},{"floor":32,"key":"REST"},{"data":"RobotSpaceExplorer:PlasmaMissile","floor":41,"key":"SMITH"},{"floor":46,"key":"REST"},{"floor":49,"key":"RECALL"},{"data":"RobotSpaceExplorer:FranticSearch","floor":52,"key":"SMITH"}],"circlet_count":0,"master_deck":["AscendersBane","RobotSpaceExplorer:Strike+1","RobotSpaceExplorer:Strike+1","RobotSpaceExplorer:Defend+1","RobotSpaceExplorer:Defend+1","RobotSpaceExplorer:Defend+1","RobotSpaceExplorer:Defend+1","RobotSpaceExplorer:Scan","RobotSpaceExplorer:MiniLasers+1","RobotSpaceExplorer:BigMissile","RobotSpaceExplorer:Arsenal","RobotSpaceExplorer:RigExplosive","RobotSpaceExplorer:DoubleBlock+1","RobotSpaceExplorer:PlasmaMissile","RobotSpaceExplorer:ShovelStrike","RobotSpaceExplorer:StarDust+1","RobotSpaceExplorer:DroneSwarm","RobotSpaceExplorer:MetalStrike+1","RobotSpaceExplorer:ExhaustFan+1","RobotSpaceExplorer:SurgingShield","RobotSpaceExplorer:PlasmaMissile+1","RobotSpaceExplorer:Counterblock+1","RobotSpaceExplorer:StarLightning","RobotSpaceExplorer:TurboDodge","RobotSpaceExplorer:HighVoltage+1","PanicButton","RobotSpaceExplorer:PlasmaMissile+1","RobotSpaceExplorer:FranticSearch+1","RobotSpaceExplorer:GearShield","RobotSpaceExplorer:Multitool","Normality","RobotSpaceExplorer:FrostMissile+1","RobotSpaceExplorer:GlueShot+1"],"relics":["RobotSpaceExplorer:RoboCore","NeowsBlessing","Membership Card","Vajra","Nunchaku","MawBank","Boot","OrangePellets","Ectoplasm","ClockworkSouvenir","Anchor","Orichalcum","Bag of Marbles","Mercury Hourglass","MutagenicStrength","Juzu Bracelet","Cursed Key","Calipers","MealTicket","Bronze Scales","Red Mask","Centennial Puzzle","Whetstone"],"acts_visited":["Exordium","TheCity","TheBeyond","TheEnding"],"potions_floor_usage":[8,12,20,23,27,28,30,33,35,42,45,47,47,54,55,55,55],"damage_taken":[{"damage":0,"enemies":"Jaw Worm","floor":1,"turns":1},{"damage":0,"enemies":"Cultist","floor":3,"turns":1},{"damage":0,"enemies":"Lagavulin","floor":6,"turns":1},{"damage":0,"enemies":"2 Louse","floor":7,"turns":2},{"damage":0,"enemies":"Blue Slaver","floor":8,"turns":4},{"damage":2,"enemies":"3 Louse","floor":10,"turns":4},{"damage":0,"enemies":"3 Sentries","floor":12,"turns":4},{"damage":8,"enemies":"The Guardian","floor":16,"turns":15},{"damage":7,"enemies":"Shell Parasite","floor":18,"turns":3},{"damage":4,"enemies":"Chosen","floor":20,"turns":4},{"damage":13,"enemies":"Slavers","floor":23,"turns":7},{"damage":7,"enemies":"Gremlin Leader","floor":27,"turns":7},{"damage":0,"enemies":"3 Cultists","floor":28,"turns":4},{"damage":1,"enemies":"Slavers","floor":30,"turns":3},{"damage":26,"enemies":"Champ","floor":33,"turns":8},{"damage":0,"enemies":"3 Shapes","floor":35,"turns":1},{"damage":7,"enemies":"2 Orb Walkers","floor":37,"turns":3},{"damage":0,"enemies":"Orb Walker","floor":39,"turns":2},{"damage":5,"enemies":"Reptomancer","floor":40,"turns":5},{"damage":24,"enemies":"Nemesis","floor":42,"turns":7},{"damage":18,"enemies":"Giant Head","floor":45,"turns":7},{"damage":1,"enemies":"Transient","floor":47,"turns":5},{"damage":20,"enemies":"Awakened One","floor":50,"turns":11},{"damage":48,"enemies":"Shield and Spear","floor":54,"turns":9},{"damage":27,"enemies":"The Heart","floor":55,"turns":3}],"seed_played":"-5443747395929330251","potions_obtained":[{"floor":6,"key":"Swift Potion"},{"floor":7,"key":"BlessingOfTheForge"},{"floor":30,"key":"Ancient Potion"},{"floor":47,"key":"SpeedPotion"}],"is_trial":false,"path_per_floor":["M","?","M","$","?","E","M","M","T","M","R","E","$","?","R","B",null,"M","$","M","?","?","E","R","$","T","E","M","?","E","?","R","B",null,"M","?","?","$","M","E","R","E","T","?","E","R","M","?","R","B",null,"R","$","E","B"],"character_chosen":"RobotSpaceExplorer","items_purchased":["Membership Card","RobotSpaceExplorer:Arsenal","RobotSpaceExplorer:StarDust","OrangePellets","RobotSpaceExplorer:ExhaustFan","RobotSpaceExplorer:SurgingShield","ClockworkSouvenir","RobotSpaceExplorer:FranticSearch"],"campfire_rested":2,"item_purchase_floors":[4,4,13,13,19,19,19,38],"current_hp_per_floor":[68,68,68,68,50,50,50,50,50,48,48,48,48,48,48,40,66,59,59,55,55,55,42,42,42,42,35,35,35,34,20,44,18,65,65,65,58,58,58,53,53,29,29,29,11,35,34,70,70,50,65,65,70,22,0,0],"gold":0,"neow_bonus":"THREE_ENEMY_KILL","is_daily":false,"chose_seed":false,"campfire_upgraded":5,"win_rate":0.0,"timestamp":1609708089,"path_taken":["M","?","?","?","?","E","M","M","T","M","R","E","$","?","R","BOSS","M","$","M","?","?","E","R","$","T","E","M","?","E","?","R","BOSS","M","?","?","?","M","E","R","E","T","?","E","R","M","?","R","BOSS","R","$","E","BOSS"],"items_purchased_type":["Relic","Card","Card","Relic","Card","Card","Relic","Card"],"build_version":"2020-12-18","purchased_purges":2,"victory":false,"max_hp_per_floor":[75,75,75,75,75,75,75,75,75,75,75,75,75,75,75,75,75,75,75,75,75,75,75,75,75,75,75,75,75,75,80,80,80,80,80,80,80,80,80,80,80,80,80,80,80,80,80,70,70,70,70,70,70,70,70,70],"relic_stats":{"counters":[25,121],"Juzu Bracelet":1,"Whetstone":["RobotSpaceExplorer:HighVoltage","RobotSpaceExplorer:MiniLasers"],"Orichalcum":[6],"MawBank":48,"Boot":[61],"Cursed Key":1,"Mercury Hourglass":[262],"OrangePellets":[22],"Nunchaku":[20],"Centennial Puzzle":[12],"Bronze Scales":[153],"MealTicket":5,"Ectoplasm":475,"obtain_stats":[{"Calipers":37,"NeowsBlessing":0,"Vajra":5,"RobotSpaceExplorer:RoboCore":0,"Juzu Bracelet":30,"Whetstone":54,"Orichalcum":23,"MawBank":9,"Boot":12,"Cursed Key":34,"ClockworkSouvenir":19,"Mercury Hourglass":27,"OrangePellets":13,"Nunchaku":6,"Anchor":22,"Centennial Puzzle":45,"MutagenicStrength":29,"Bronze Scales":42,"MealTicket":40,"Ectoplasm":17,"Bag of Marbles":26,"Red Mask":44,"Membership Card":4},{"Calipers":17,"NeowsBlessing":0,"Vajra":2,"RobotSpaceExplorer:RoboCore":0,"Juzu Bracelet":14,"Whetstone":24,"Orichalcum":11,"MawBank":5,"Boot":7,"Cursed Key":15,"ClockworkSouvenir":9,"Mercury Hourglass":12,"OrangePellets":7,"Nunchaku":3,"Anchor":10,"Centennial Puzzle":21,"MutagenicStrength":13,"Bronze Scales":20,"MealTicket":19,"Ectoplasm":8,"Bag of Marbles":11,"Red Mask":20,"Membership Card":2},{"Calipers":72,"NeowsBlessing":0,"Vajra":2,"RobotSpaceExplorer:RoboCore":0,"Juzu Bracelet":60,"Whetstone":118,"Orichalcum":46,"MawBank":9,"Boot":17,"Cursed Key":68,"ClockworkSouvenir":35,"Mercury Hourglass":53,"OrangePellets":17,"Nunchaku":3,"Anchor":39,"Centennial Puzzle":93,"MutagenicStrength":57,"Bronze Scales":86,"MealTicket":79,"Ectoplasm":32,"Bag of Marbles":46,"Red Mask":86,"Membership Card":2}]},"card_choices":[{"not_picked":["RobotSpaceExplorer:Probe","RobotSpaceExplorer:MiniDrones","RobotSpaceExplorer:Ammunition"],"picked":"SKIP","floor":1},{"not_picked":["RobotSpaceExplorer:FrostMissile","RobotSpaceExplorer:Counterblock"],"picked":"RobotSpaceExplorer:BigMissile","floor":3},{"not_picked":["RobotSpaceExplorer:SurgingStrike","RobotSpaceExplorer:ScrapMissile"],"picked":"RobotSpaceExplorer:RigExplosive","floor":6},{"not_picked":["RobotSpaceExplorer:SurgingShield","RobotSpaceExplorer:ShockKick"],"picked":"RobotSpaceExplorer:DoubleBlock","floor":7},{"not_picked":["RobotSpaceExplorer:Accelerator","RobotSpaceExplorer:Fix"],"picked":"RobotSpaceExplorer:PlasmaMissile","floor":8},{"not_picked":["RobotSpaceExplorer:MetalStrike","RobotSpaceExplorer:GlueShot"],"picked":"RobotSpaceExplorer:ShovelStrike","floor":10},{"not_picked":["RobotSpaceExplorer:ShockKick","RobotSpaceExplorer:SwiftStep","RobotSpaceExplorer:PowerGlove"],"picked":"SKIP","floor":12},{"not_picked":["RobotSpaceExplorer:Exploration","RobotSpaceExplorer:ShockMissile"],"picked":"RobotSpaceExplorer:DroneSwarm","floor":16},{"not_picked":["RobotSpaceExplorer:Pulsar","RobotSpaceExplorer:StarDust"],"picked":"RobotSpaceExplorer:MetalStrike+1","floor":18},{"not_picked":["RobotSpaceExplorer:SelfCleaning+1","RobotSpaceExplorer:Probe"],"picked":"RobotSpaceExplorer:PlasmaMissile","floor":20},{"not_picked":["RobotSpaceExplorer:LaserBurst","RobotSpaceExplorer:Jetpack+1"],"picked":"RobotSpaceExplorer:Counterblock+1","floor":23},{"not_picked":["RobotSpaceExplorer:Counterblock","RobotSpaceExplorer:Pulsar+1"],"picked":"RobotSpaceExplorer:StarLightning","floor":27},{"not_picked":["RobotSpaceExplorer:SurgingStrike+1","RobotSpaceExplorer:Probe","RobotSpaceExplorer:Calculate"],"picked":"SKIP","floor":28},{"not_picked":["RobotSpaceExplorer:SlimeMissile","RobotSpaceExplorer:StarDust"],"picked":"RobotSpaceExplorer:TurboDodge","floor":30},{"not_picked":["RobotSpaceExplorer:ChargingLaser","RobotSpaceExplorer:Accelerator"],"picked":"RobotSpaceExplorer:HighVoltage","floor":33},{"not_picked":["RobotSpaceExplorer:Probe","RobotSpaceExplorer:MetalStrike+1","RobotSpaceExplorer:SwiftStep"],"picked":"SKIP","floor":35},{"not_picked":["Magnetism","Bandage Up"],"picked":"PanicButton","floor":36},{"not_picked":["RobotSpaceExplorer:MiniBoosters+1","RobotSpaceExplorer:SlimeMissile+1"],"picked":"RobotSpaceExplorer:PlasmaMissile+1","floor":37},{"not_picked":["RobotSpaceExplorer:Pulsar","RobotSpaceExplorer:ShockKick"],"picked":"RobotSpaceExplorer:GearShield","floor":39},{"not_picked":["RobotSpaceExplorer:Smokescreen","RobotSpaceExplorer:SwiftStep","RobotSpaceExplorer:MakeshiftVolley"],"picked":"SKIP","floor":40},{"not_picked":["RobotSpaceExplorer:RigExplosive+1","RobotSpaceExplorer:SurgingShield"],"picked":"RobotSpaceExplorer:Multitool","floor":42},{"not_picked":["RobotSpaceExplorer:Probe+1","RobotSpaceExplorer:GlueShot+1"],"picked":"RobotSpaceExplorer:FrostMissile+1","floor":45},{"not_picked":["RobotSpaceExplorer:SlimeMissile","RobotSpaceExplorer:Pulsar+1"],"picked":"RobotSpaceExplorer:GlueShot+1","floor":47},{"not_picked":["RobotSpaceExplorer:Electropulse","RobotSpaceExplorer:ImprovisedAttack+1","RobotSpaceExplorer:MiniDrones"],"picked":"SKIP","floor":54}],"player_experience":1752919,"relics_obtained":[{"floor":6,"key":"Nunchaku"},{"floor":9,"key":"MawBank"},{"floor":12,"key":"Boot"},{"floor":23,"key":"Orichalcum"},{"floor":26,"key":"Bag of Marbles"},{"floor":27,"key":"Mercury Hourglass"},{"floor":30,"key":"Juzu Bracelet"},{"floor":37,"key":"Calipers"},{"floor":40,"key":"MealTicket"},{"floor":42,"key":"Bronze Scales"},{"floor":45,"key":"Centennial Puzzle"},{"floor":54,"key":"Whetstone"}],"event_choices":[{"damage_healed":0,"gold_gain":100,"player_choice":"Gold","damage_taken":0,"max_hp_gain":0,"max_hp_loss":0,"event_name":"Wheel of Change","floor":2,"gold_loss":0},{"damage_healed":0,"gold_gain":0,"player_choice":"Success","damage_taken":18,"relics_obtained":["Vajra"],"max_hp_gain":0,"max_hp_loss":0,"event_name":"Scrap Ooze","floor":5,"gold_loss":0},{"damage_healed":0,"gold_gain":65,"player_choice":"Gained Gold","damage_taken":0,"max_hp_gain":0,"max_hp_loss":0,"event_name":"Golden Wing","floor":14,"gold_loss":0},{"damage_healed":0,"gold_gain":0,"player_choice":"Simplicity","damage_taken":0,"max_hp_gain":0,"max_hp_loss":0,"event_name":"Back to Basics","floor":21,"gold_loss":0,"cards_upgraded":["RobotSpaceExplorer:Strike","RobotSpaceExplorer:Strike","RobotSpaceExplorer:Strike","RobotSpaceExplorer:Defend","RobotSpaceExplorer:Defend","RobotSpaceExplorer:Defend","RobotSpaceExplorer:Defend"]},{"damage_healed":0,"gold_gain":0,"player_choice":"Opened","damage_taken":0,"relics_obtained":["Anchor"],"max_hp_gain":0,"max_hp_loss":0,"event_name":"The Mausoleum","floor":22,"gold_loss":0},{"damage_healed":0,"gold_gain":0,"player_choice":"Inject Mutagens","damage_taken":0,"relics_obtained":["MutagenicStrength"],"max_hp_gain":0,"max_hp_loss":0,"event_name":"Drug Dealer","floor":29,"gold_loss":0},{"damage_healed":0,"gold_gain":0,"player_choice":"Shed Blood","damage_taken":19,"max_hp_gain":5,"max_hp_loss":0,"event_name":"Forgotten Altar","floor":31,"gold_loss":0},{"damage_healed":0,"gold_gain":0,"player_choice":"Memory 1","damage_taken":0,"max_hp_gain":0,"max_hp_loss":0,"event_name":"SensoryStone","floor":36,"gold_loss":0},{"damage_healed":0,"gold_gain":0,"player_choice":"Fight","damage_taken":0,"max_hp_gain":0,"max_hp_loss":0,"event_name":"Mysterious Sphere","floor":37,"gold_loss":0},{"damage_healed":0,"gold_gain":0,"player_choice":"Paid","damage_taken":0,"relics_obtained":["Red Mask"],"max_hp_gain":0,"max_hp_loss":0,"event_name":"Tomb of Lord Red Mask","floor":44,"gold_loss":8},{"damage_healed":70,"gold_gain":0,"player_choice":"Heal","damage_taken":0,"max_hp_gain":0,"max_hp_loss":10,"event_name":"The Moai Head","floor":48,"gold_loss":0}],"is_beta":true,"boss_relics":[{"not_picked":["RobotSpaceExplorer:Reprocessor","Velvet Choker"],"picked":"Ectoplasm"},{"not_picked":["Fusion Hammer","Philosopher\u0027s Stone"],"picked":"Cursed Key"}],"items_purged_floors":[19,25],"is_endless":false,"potions_floor_spawned":[6,7,16,23,30,33,40,42,47],"killed_by":"The Heart","ascension_level":10}}