{"host":"3bmixpcp66vorgem","time":1609698617,"event":{"mods":["AchievementEnabler","BaseMod","JesterMod","Minty Spire (QoL Compilation)","Slay the Relics Exporter","StSLib"],"gold_per_floor":[113,36,36,50,68,68,86,101,101,201,201,214,231,231,231,330,330,341,29,29,42,61,61,61,79,79,79,79],"floor_reached":27,"playtime":2106,"items_purged":[],"score":248,"play_id":"5f3e1967-0815-4db3-9bb6-9aa2d8f3de31","local_time":"20210103193017","is_ascension_mode":true,"campfire_choices":[{"data":"jesterMod:Sickle","floor":6,"key":"SMITH"},{"data":"jesterMod:Precipitation","floor":11,"key":"SMITH"},{"data":"jesterMod:DancingMad","floor":15,"key":"SMITH"},{"data":"Mayhem","floor":23,"key":"SMITH"}],"circlet_count":0,"master_deck":["jesterMod:Sickle+1","jesterMod:Dodge","jesterMod:Inspiration","jesterMod:JugglerBlade","jesterMod:Mending","jesterMod:SelfMockery","jesterMod:Precipitation+1","jesterMod:JugglerBlade","jesterMod:DancingMad+1","jesterMod:LaughingGas","jesterMod:Leeches","jesterMod:Exasperation","jesterMod:Momentum","jesterMod:DancingMad","jesterMod:Disposophobia","Mayhem+1","jesterMod:Mending","jesterMod:DesperateStrike","jesterMod:ButterKnife","Shame"],"relics":["jesterMod:JesterCap","Pear","Pandora\u0027s Box","MealTicket","Darkstone Periapt"],"acts_visited":["Exordium","TheCity"],"potions_floor_usage":[12,16,16,22],"damage_taken":[{"damage":2,"enemies":"Small Slimes","floor":1,"turns":4},{"damage":0,"enemies":"2 Louse","floor":4,"turns":4},{"damage":1,"enemies":"Cultist","floor":5,"turns":5},{"damage":2,"enemies":"Blue Slaver","floor":7,"turns":5},{"damage":10,"enemies":"3 Louse","floor":8,"turns":3},{"damage":5,"enemies":"Looter","floor":12,"turns":4},{"damage":6,"enemies":"Exordium Thugs","floor":13,"turns":4},{"damage":30,"enemies":"The Guardian","floor":16,"turns":11},{"damage":17,"enemies":"2 Thieves","floor":18,"turns":3},{"damage":33,"enemies":"Shell Parasite","floor":21,"turns":4},{"damage":41,"enemies":"3 Cultists","floor":22,"turns":6},{"damage":10,"enemies":"Centurion and Healer","floor":25,"turns":5},{"damage":10,"enemies":"Snake Plant","floor":27,"turns":1}],"seed_played":"-2584173981246006862","potions_obtained":[{"floor":5,"key":"Swift Potion"},{"floor":7,"key":"SneckoOil"},{"floor":13,"key":"Strength Potion"},{"floor":18,"key":"Regen Potion"}],"is_trial":false,"path_per_floor":["M","$","?","M","M","R","M","M","T","?","R","M","M","?","R","B",null,"M","$","?","M","M","R","?","M","T","M"],"character_chosen":"THE_JESTER","items_purchased":["jesterMod:JugglerBlade","jesterMod:Disposophobia","Mayhem","jesterMod:Mending"],"campfire_rested":0,"item_purchase_floors":[2,19,19,19],"current_hp_per_floor":[61,61,61,61,60,60,58,48,58,58,58,53,47,47,47,17,73,56,56,56,23,20,20,20,10,10,0,0],"gold":79,"neow_bonus":"REMOVE_TWO","is_daily":false,"chose_seed":false,"campfire_upgraded":4,"win_rate":0.0,"timestamp":1609698617,"path_taken":["M","$","?","M","M","R","M","M","T","?","R","M","?","?","R","BOSS","M","$","?","M","M","R","?","M","T","M"],"items_purchased_type":["Card","Card","Card","Card"],"build_version":"2020-12-22","purchased_purges":0,"victory":false,"max_hp_per_floor":[63,63,63,63,63,63,63,63,73,73,73,73,73,73,73,73,73,73,73,73,73,73,73,73,73,73,73,73],"card_choices":[{"not_picked":["jesterMod:Rebuff","jesterMod:Loot"],"picked":"jesterMod:Inspiration","floor":1},{"not_picked":["jesterMod:Talion","jesterMod:Feint"],"picked":"jesterMod:Mending","floor":4},{"not_picked":["jesterMod:TrickyDodge","jesterMod:Hide"],"picked":"jesterMod:SelfMockery","floor":5},{"not_picked":["jesterMod:ButterKnife","jesterMod:DaggerRain"],"picked":"jesterMod:Precipitation","floor":7},{"not_picked":["jesterMod:Illness","jesterMod:Talion","jesterMod:FlameDance"],"picked":"SKIP","floor":8},{"not_picked":["jesterMod:TrickyDodge","jesterMod:Patience"],"picked":"jesterMod:JugglerBlade","floor":12},{"not_picked":["jesterMod:HitAndRun","jesterMod:Mending"],"picked":"jesterMod:DancingMad","floor":13},{"not_picked":["jesterMod:Leeches","jesterMod:HedgehogForm"],"picked":"jesterMod:LaughingGas","floor":16},{"not_picked":["jesterMod:Tinker","jesterMod:Discretion"],"picked":"jesterMod:DancingMad","floor":18},{"not_picked":["jesterMod:Taunt","jesterMod:Dilapidation","jesterMod:SelfMockery"],"picked":"SKIP","floor":21},{"not_picked":["jesterMod:Taunt","jesterMod:Schizophrenia","jesterMod:SwiftDodge"],"picked":"SKIP","floor":22},{"not_picked":["jesterMod:JugglerBlade","jesterMod:PerfectDodge","jesterMod:TrickyDodge"],"picked":"SKIP","floor":25}],"player_experience":2227586,"relics_obtained":[{"floor":9,"key":"Pear"},{"floor":26,"key":"Darkstone Periapt"}],"event_choices":[{"damage_healed":0,"gold_gain":0,"player_choice":"Ignored","damage_taken":0,"max_hp_gain":0,"max_hp_loss":0,"event_name":"Liars Game","floor":3,"gold_loss":0},{"damage_healed":0,"gold_gain":100,"player_choice":"Pray","damage_taken":0,"max_hp_gain":0,"max_hp_loss":0,"event_name":"Golden Shrine","floor":10,"gold_loss":0},{"cards_removed":["jesterMod:Strike"],"damage_healed":0,"gold_gain":0,"player_choice":"Forget","damage_taken":0,"max_hp_gain":0,"max_hp_loss":0,"event_name":"Living Wall","floor":14,"gold_loss":0},{"damage_healed":0,"gold_gain":0,"cards_transformed":["jesterMod:Pillage","jesterMod:Rebuff"],"player_choice":"Became Test Subject","damage_taken":0,"max_hp_gain":0,"max_hp_loss":0,"event_name":"Drug Dealer","floor":20,"gold_loss":0,"cards_obtained":["jesterMod:DesperateStrike","jesterMod:ButterKnife"]},{"damage_healed":0,"gold_gain":0,"player_choice":"Stole Relic","damage_taken":0,"relics_obtained":["MealTicket"],"max_hp_gain":0,"max_hp_loss":0,"event_name":"Addict","floor":24,"gold_loss":0,"cards_obtained":["Shame"]}],"is_beta":false,"boss_relics":[{"not_picked":["Velvet Choker","Runic Pyramid"],"picked":"Pandora\u0027s Box"}],"items_purged_floors":[],"is_endless":false,"potions_floor_spawned":[5,7,13,18],"killed_by":"Snake Plant","ascension_level":4}}