{"host":"qvl114e0jmbc6yhm","time":1609652217,"event":{"mods":["Act Like it!","BaseMod","Hermit","Highlight Path","Hubris","Jedi Mod","Marisa????????","Marked Mod","Minty Spire (QoL Compilation)","Permanent Neow","Random Character Button","Relic Sorter","Relic Stats","Replay The Spire","Shop Mod","Spicy Shops","StSLib","The Jungle","The Runesmith"],"gold_per_floor":[115,115,129,129,140,171,171,185,185,185,197,99,113,144,144,216,216,228,212,212,229,229,229,241,241,241],"floor_reached":25,"playtime":1163,"items_purged":["Strike_G"],"score":366,"play_id":"5b69ee10-ce50-45f1-8823-ad654e835643","local_time":"20210103003657","is_ascension_mode":true,"campfire_choices":[{"floor":7,"key":"REST"},{"data":"Draining Mist","floor":10,"key":"SMITH"},{"floor":15,"key":"REST"}],"circlet_count":0,"master_deck":["AscendersBane","Strike_G","Strike_G","Defend_G","Defend_G","Defend_G","Defend_G","Defend_G","Survivor","Neutralize","Cloak And Dagger","Well Laid Plans","Catalyst","Deadly Poison","Draining Mist+1","Quick Slash","Deadly Poison","ReplayTheSpireMod:From All Sides","PiercingWail","PiercingWail"],"relics":["Busted Crown","hubris:Towel","Onion Ring","Basket Of Snakes","Bird Faced Urn","Empty Cage","Regal Pillow"],"acts_visited":["Exordium","TheCity"],"potions_floor_usage":[6,11,14,18,25,25],"damage_taken":[{"damage":0,"enemies":"Jaw Worm","floor":1,"turns":6},{"damage":1,"enemies":"Small Slimes","floor":3,"turns":4},{"damage":0,"enemies":"Cultist","floor":5,"turns":6},{"damage":48,"enemies":"Gremlin Nob","floor":6,"turns":6},{"damage":7,"enemies":"Lots of Slimes","floor":8,"turns":5},{"damage":0,"enemies":"Exordium Thugs","floor":11,"turns":3},{"damage":1,"enemies":"Looter","floor":13,"turns":3},{"damage":14,"enemies":"3 Sentries","floor":14,"turns":9},{"damage":1,"enemies":"The Guardian","floor":16,"turns":8},{"damage":14,"enemies":"3 Byrds","floor":18,"turns":5},{"damage":17,"enemies":"2 Thieves","floor":19,"turns":4},{"damage":12,"enemies":"Sentry and Sphere","floor":21,"turns":6},{"damage":9,"enemies":"Snecko","floor":24,"turns":3},{"damage":16,"enemies":"3 Cultists","floor":25,"turns":4}],"seed_played":"-8009504769224585890","potions_obtained":[{"floor":3,"key":"Block Potion"},{"floor":6,"key":"SneckoOil"},{"floor":8,"key":"BlessingOfTheForge"},{"floor":11,"key":"jedi:wingpotion"},{"floor":13,"key":"SneckoOil"},{"floor":19,"key":"EssenceOfSteel"},{"floor":24,"key":"Toxic Potion"}],"is_trial":false,"path_per_floor":["M","?","M","?","M","E","R","M","T","R","M","$","M","E","R","B",null,"M","M","?","M","PTL","PTL","M","M"],"character_chosen":"THE_SILENT","items_purchased":["Quick Slash"],"campfire_rested":2,"item_purchase_floors":[12],"current_hp_per_floor":[59,59,58,58,58,10,29,22,22,22,22,22,21,7,26,27,56,44,29,29,19,19,19,12,0,0],"gold":241,"neow_bonus":"BOSS_RELIC","is_daily":false,"chose_seed":false,"campfire_upgraded":1,"win_rate":0.0,"timestamp":1609652217,"path_taken":["M","?","M","?","M","E","R","?","T","R","M","$","M","E","R","BOSS","M","M","?","M","PTL","PTL","M","M"],"items_purchased_type":["Card"],"build_version":"2020-12-22","purchased_purges":1,"victory":false,"max_hp_per_floor":[66,66,66,66,66,66,66,66,66,66,66,66,66,66,66,66,66,66,66,66,66,66,66,66,66,66],"relic_stats":{"Regal Pillow":0,"Busted Crown":58,"counters":[14,72],"Bird Faced Urn":[12],"obtain_stats":[{"Regal Pillow":20,"Busted Crown":0,"Basket Of Snakes":9,"Bird Faced Urn":14,"Onion Ring":6,"hubris:Towel":4,"Empty Cage":17,"Ring of the Snake":0},{"Regal Pillow":11,"Busted Crown":0,"Basket Of Snakes":5,"Bird Faced Urn":8,"Onion Ring":4,"hubris:Towel":2,"Empty Cage":9,"Ring of the Snake":0},{"Regal Pillow":59,"Busted Crown":0,"Basket Of Snakes":27,"Bird Faced Urn":42,"Onion Ring":22,"hubris:Towel":10,"Empty Cage":50,"Ring of the Snake":0}]},"card_choices":[{"not_picked":[],"picked":"Cloak And Dagger","floor":1},{"not_picked":[],"picked":"Catalyst","floor":3},{"not_picked":[],"picked":"Deadly Poison","floor":5},{"not_picked":[],"picked":"Draining Mist","floor":6},{"not_picked":["Outmaneuver"],"picked":"SKIP","floor":8},{"not_picked":["Deflect"],"picked":"SKIP","floor":11},{"not_picked":[],"picked":"Deadly Poison","floor":13},{"not_picked":["hubris:SlightOfHand"],"picked":"SKIP","floor":14},{"not_picked":[],"picked":"ReplayTheSpireMod:From All Sides","floor":16},{"not_picked":[],"picked":"PiercingWail","floor":18},{"not_picked":[],"picked":"PiercingWail","floor":19},{"not_picked":["Slice"],"picked":"SKIP","floor":21},{"not_picked":["Sucker Punch"],"picked":"SKIP","floor":24}],"player_experience":2408551,"relics_obtained":[{"floor":6,"key":"Onion Ring"},{"floor":9,"key":"Basket Of Snakes"},{"floor":14,"key":"Bird Faced Urn"},{"floor":20,"key":"Regal Pillow"}],"event_choices":[],"is_beta":false,"boss_relics":[{"not_picked":["Calling Bell","Coffee Dripper"],"picked":"Empty Cage"}],"items_purged_floors":[12],"is_endless":false,"potions_floor_spawned":[3,6,8,11,13,19,24],"killed_by":"3 Cultists","ascension_level":14}}