{"host":"raai0vtvcfkt8csp","time":1609704260,"event":{"mods":["2.2 Compatiblity","BaseMod","Beaked The Cultist","Block Reminder","DeckTracker","Defective Defect","GifTheSpireLib","Minty Spire (QoL Compilation)","Quick Restart","Random Character Button","Rare Cards Sparkle","StSLib","Unceasing Turn Reminder"],"gold_per_floor":[115,131,231,0,0,33,33,33,78,92,121,49,49,77,77,182,182,199,214,227,227,227,256,256,256,256],"floor_reached":25,"playtime":1857,"items_purged":["Normality"],"score":249,"play_id":"d6776e50-1058-4e30-840c-db410720a2ef","local_time":"20210103210420","is_ascension_mode":true,"campfire_choices":[{"floor":15,"key":"REST"},{"data":"beaked:Ceremony","floor":24,"key":"SMITH"}],"circlet_count":0,"master_deck":["beaked:Strike_Y","beaked:Strike_Y","beaked:Strike_Y","beaked:Strike_Y","beaked:Strike_Y","beaked:Strike_Y","beaked:Defend_Y+1","beaked:Defend_Y","beaked:Defend_Y+1","beaked:Defend_Y","beaked:Ceremony+1","beaked:Ceremony","beaked:Ceremony","Mayhem","beaked:SurvivalInstinct","beaked:Foresight","beaked:RitualOfBody","beaked:Foresight","beaked:DesperateSwing","beaked:Caw","Parasite","beaked:WarriorEssence","beaked:BraceForImpact","beaked:Insight","beaked:WarriorEssence","beaked:MaddeningMurmurs","beaked:ScreechingChant","beaked:Brace+1","beaked:Foresight","beaked:Hexing+1","Necronomicurse","beaked:StunningBlow"],"relics":["beaked:MendingPlumage","Bottled Tornado","Blue Candle","War Paint","Kunai","StrikeDummy","Cursed Key","Necronomicon","MutagenicStrength","Matryoshka"],"acts_visited":["Exordium","TheCity"],"potions_floor_usage":[23,23],"damage_taken":[{"damage":3,"enemies":"Cultist","floor":1,"turns":5},{"damage":8,"enemies":"Small Slimes","floor":2,"turns":6},{"damage":48,"enemies":"Gremlin Nob","floor":6,"turns":5},{"damage":13,"enemies":"Jaw Worm","floor":10,"turns":6},{"damage":36,"enemies":"3 Sentries","floor":11,"turns":10},{"damage":25,"enemies":"Lagavulin","floor":14,"turns":7},{"damage":25,"enemies":"Slime Boss","floor":16,"turns":11},{"damage":20,"enemies":"Shell Parasite","floor":18,"turns":7},{"damage":18,"enemies":"3 Byrds","floor":19,"turns":5},{"damage":33,"enemies":"Centurion and Healer","floor":20,"turns":7},{"damage":12,"enemies":"Gremlin Leader","floor":23,"turns":6},{"damage":73,"enemies":"Slavers","floor":25,"turns":4}],"seed_played":"-4451802560011819000","potions_obtained":[{"floor":1,"key":"LiquidMemories"},{"floor":6,"key":"SteroidPotion"},{"floor":14,"key":"AttackPotion"}],"is_trial":false,"path_per_floor":["M","M","?","$","T","E","?","?","T","M","E","$","T","E","R","B",null,"M","M","M","?","?","E","R","E"],"character_chosen":"BEAKED_THE_CULTIST","items_purchased":["beaked:RitualOfBody","beaked:Foresight","beaked:DesperateSwing","beaked:Insight","beaked:WarriorEssence"],"campfire_rested":1,"item_purchase_floors":[4,4,4,12,12],"current_hp_per_floor":[50,50,50,50,50,12,17,30,30,34,22,22,22,18,34,55,55,55,54,55,39,39,55,55,0,0],"gold":256,"neow_bonus":"RANDOM_COLORLESS_2","is_daily":false,"chose_seed":false,"campfire_upgraded":1,"win_rate":0.0,"timestamp":1609704260,"path_taken":["M","?","?","$","?","E","?","?","T","M","E","?","?","E","R","BOSS","M","M","?","?","?","E","R","E"],"items_purchased_type":["Card","Card","Card","Card","Card"],"build_version":"2020-12-22","purchased_purges":1,"victory":false,"max_hp_per_floor":[50,50,50,50,50,50,55,55,55,55,55,55,55,55,55,55,55,55,55,55,55,55,55,55,55,55],"card_choices":[{"not_picked":["Thinking Ahead","HandOfGreed"],"picked":"Mayhem","floor":0},{"not_picked":["beaked:MimicWarrior","beaked:Cower"],"picked":"beaked:SurvivalInstinct","floor":1},{"not_picked":["beaked:Tradeoff","beaked:SurvivalInstinct"],"picked":"beaked:Foresight","floor":2},{"not_picked":["beaked:Flinch","beaked:WarriorSpirit"],"picked":"beaked:Caw","floor":6},{"not_picked":["beaked:TuckingFeathers","beaked:Roost"],"picked":"beaked:WarriorEssence","floor":10},{"not_picked":["beaked:Resilience","beaked:Mantra"],"picked":"beaked:BraceForImpact","floor":11},{"not_picked":["beaked:RitualOfBody","beaked:Cower"],"picked":"beaked:MaddeningMurmurs","floor":14},{"not_picked":["beaked:DarkPact","beaked:Brainwash"],"picked":"beaked:ScreechingChant","floor":16},{"not_picked":["beaked:Tweet","beaked:BraceForImpact"],"picked":"beaked:Brace+1","floor":18},{"not_picked":["beaked:CursingBlood","beaked:Poke"],"picked":"beaked:Foresight","floor":19},{"not_picked":["beaked:Redirect","beaked:Devastation+1"],"picked":"beaked:Hexing+1","floor":20},{"not_picked":["beaked:RuinSticks","beaked:FakeOut"],"picked":"beaked:StunningBlow","floor":23}],"player_experience":651604,"relics_obtained":[{"floor":5,"key":"Bottled Tornado"},{"floor":6,"key":"Blue Candle"},{"floor":11,"key":"War Paint"},{"floor":13,"key":"Kunai"},{"floor":14,"key":"StrikeDummy"},{"floor":21,"key":"Necronomicon"},{"floor":23,"key":"Matryoshka"}],"event_choices":[{"damage_healed":0,"gold_gain":100,"player_choice":"Pray","damage_taken":0,"max_hp_gain":0,"max_hp_loss":0,"event_name":"Golden Shrine","floor":3,"gold_loss":0},{"damage_healed":0,"gold_gain":0,"player_choice":"Donut","damage_taken":0,"max_hp_gain":5,"max_hp_loss":0,"event_name":"Big Fish","floor":7,"gold_loss":0},{"damage_healed":13,"gold_gain":0,"player_choice":"Healed and dodged fight","damage_taken":0,"max_hp_gain":0,"max_hp_loss":0,"event_name":"Mushrooms","floor":8,"gold_loss":0,"cards_obtained":["Parasite"]},{"damage_healed":0,"gold_gain":0,"player_choice":"Obtained Book","damage_taken":16,"max_hp_gain":0,"max_hp_loss":0,"event_name":"Cursed Tome","floor":21,"gold_loss":0},{"damage_healed":0,"gold_gain":0,"player_choice":"Inject Mutagens","damage_taken":0,"relics_obtained":["MutagenicStrength"],"max_hp_gain":0,"max_hp_loss":0,"event_name":"Drug Dealer","floor":22,"gold_loss":0}],"is_beta":false,"boss_relics":[{"not_picked":["Runic Dome","Empty Cage"],"picked":"Cursed Key"}],"items_purged_floors":[4],"is_endless":false,"potions_floor_spawned":[1,6,14,18],"killed_by":"Slavers","ascension_level":1}}