{"host":"nsxzlb359hv0da5z","time":1609638518,"event":{"mods":["BaseMod","Bestiary","Colored Map","Minty Spire (QoL Compilation)","Permanent Neow","Relic Stats","Slay the Relics Exporter","ojb\u0027s Info Mod"],"gold_per_floor":[216,44,44,55,55,55,74,104,104,27,53,70,98,98,98,169,169,189,209,223,148,148,148,148,167,192,192,192],"floor_reached":27,"playtime":2863,"items_purged":[],"score":462,"play_id":"5bb1d946-485c-4489-b69b-9f253bf0c62d","local_time":"20210102174838","is_ascension_mode":true,"campfire_choices":[{"data":"Bash","floor":6,"key":"SMITH"},{"floor":15,"key":"REST"},{"data":"Whirlwind","floor":23,"key":"SMITH"}],"circlet_count":0,"master_deck":["AscendersBane","Strike_R","Strike_R","Strike_R","Strike_R","Defend_R","Defend_R","Defend_R","Defend_R","Bash+1","Spot Weakness","Whirlwind+1","Hemokinesis","Pummel","Anger","Combust+1","Fire Breathing+1","True Grit","Impervious","Shockwave","Armaments+1"],"relics":["Burning Blood","Orrery","StoneCalendar","Eternal Feather","Frozen Egg 2","InkBottle","Bag of Marbles","FaceOfCleric","Runic Dome","MutagenicStrength","Nunchaku","Bag of Preparation"],"acts_visited":["Exordium","TheCity"],"potions_floor_usage":[13,16,20],"damage_taken":[{"damage":14,"enemies":"Jaw Worm","floor":1,"turns":4},{"damage":0,"enemies":"Cultist","floor":4,"turns":2},{"damage":14,"enemies":"Small Slimes","floor":7,"turns":3},{"damage":10,"enemies":"Gremlin Nob","floor":8,"turns":3},{"damage":18,"enemies":"3 Sentries","floor":11,"turns":4},{"damage":23,"enemies":"3 Louse","floor":12,"turns":3},{"damage":30,"enemies":"Lagavulin","floor":13,"turns":7},{"damage":13,"enemies":"Slime Boss","floor":16,"turns":6},{"damage":8,"enemies":"3 Byrds","floor":18,"turns":4},{"damage":25,"enemies":"Shell Parasite","floor":19,"turns":5},{"damage":37,"enemies":"Sentry and Sphere","floor":20,"turns":6},{"damage":13,"enemies":"3 Cultists","floor":25,"turns":4},{"damage":23,"enemies":"Shelled Parasite and Fungi","floor":27,"turns":2}],"seed_played":"-4516627967731683384","potions_obtained":[{"floor":7,"key":"SpeedPotion"},{"floor":8,"key":"SmokeBomb"},{"floor":11,"key":"EssenceOfSteel"},{"floor":12,"key":"FearPotion"},{"floor":16,"key":"SteroidPotion"}],"is_trial":false,"path_per_floor":["M","$","?","M","?","R","M","E","T","$","E","M","E","?","R","B",null,"M","M","M","?","?","R","T","M","T","M"],"character_chosen":"IRONCLAD","items_purchased":["Orrery","Combust+1"],"campfire_rested":1,"item_purchase_floors":[2,10],"current_hp_per_floor":[60,60,42,48,75,75,67,63,63,63,51,34,10,10,41,35,66,65,47,17,17,17,29,29,23,23,0,0],"gold":192,"neow_bonus":"HUNDRED_GOLD","is_daily":false,"chose_seed":false,"campfire_upgraded":2,"win_rate":0.0,"timestamp":1609638518,"path_taken":["M","$","?","M","?","R","M","E","T","$","E","?","E","?","R","BOSS","M","?","M","?","?","R","?","M","T","M"],"items_purchased_type":["Relic","Card"],"build_version":"2020-12-22","purchased_purges":0,"victory":false,"max_hp_per_floor":[75,75,75,75,75,75,75,75,75,75,75,75,75,75,75,76,76,77,78,79,79,79,79,79,80,80,80,80],"relic_stats":{"Nunchaku":[1],"FaceOfCleric":5,"counters":[13,53],"StoneCalendar":[32],"Eternal Feather":21,"Bag of Preparation":[2],"obtain_stats":[{"Runic Dome":17,"Nunchaku":24,"FaceOfCleric":14,"MutagenicStrength":22,"Orrery":2,"StoneCalendar":3,"Eternal Feather":8,"Bag of Marbles":13,"Bag of Preparation":26,"Frozen Egg 2":9,"Burning Blood":0,"InkBottle":11},{"Runic Dome":8,"Nunchaku":11,"FaceOfCleric":7,"MutagenicStrength":11,"Orrery":1,"StoneCalendar":1,"Eternal Feather":4,"Bag of Marbles":7,"Bag of Preparation":12,"Frozen Egg 2":4,"Burning Blood":0,"InkBottle":5},{"Runic Dome":32,"Nunchaku":47,"FaceOfCleric":26,"MutagenicStrength":47,"Orrery":4,"StoneCalendar":4,"Eternal Feather":12,"Bag of Marbles":26,"Bag of Preparation":51,"Frozen Egg 2":12,"Burning Blood":0,"InkBottle":16}],"Burning Blood":72,"InkBottle":[11]},"card_choices":[{"not_picked":["Sword Boomerang","Flex"],"picked":"Dropkick","floor":1},{"not_picked":["Pommel Strike","Sword Boomerang"],"picked":"Spot Weakness","floor":2},{"not_picked":["Heavy Blade","Perfected Strike"],"picked":"Whirlwind","floor":2},{"not_picked":["Wild Strike","Iron Wave"],"picked":"Hemokinesis","floor":2},{"not_picked":["Brutality","Metallicize"],"picked":"Pummel","floor":2},{"not_picked":["Infernal Blade","Clothesline","Sever Soul"],"picked":"SKIP","floor":4},{"not_picked":["Perfected Strike","Sentinel"],"picked":"Anger","floor":7},{"not_picked":["Dropkick","Evolve","Hemokinesis"],"picked":"SKIP","floor":8},{"not_picked":["Anger","Feel No Pain+1"],"picked":"Fire Breathing+1","floor":11},{"not_picked":["Flex","Heavy Blade"],"picked":"True Grit","floor":12},{"not_picked":["Fire Breathing+1","Clash","Bloodletting"],"picked":"SKIP","floor":13},{"not_picked":["Offering","Fiend Fire"],"picked":"Impervious","floor":16},{"not_picked":["Flex","Warcry"],"picked":"Shockwave","floor":18},{"not_picked":["Hemokinesis+1","Combust+1","Sword Boomerang"],"picked":"SKIP","floor":19},{"not_picked":["Havoc+1","Warcry"],"picked":"Armaments+1","floor":20},{"not_picked":["Perfected Strike","Cleave","Iron Wave"],"picked":"SKIP","floor":25}],"player_experience":1898365,"relics_obtained":[{"floor":8,"key":"Eternal Feather"},{"floor":9,"key":"Frozen Egg 2"},{"floor":11,"key":"InkBottle"},{"floor":13,"key":"Bag of Marbles"},{"floor":24,"key":"Nunchaku"},{"floor":26,"key":"Bag of Preparation"}],"event_choices":[{"damage_healed":0,"gold_gain":0,"player_choice":"Success","damage_taken":18,"relics_obtained":["StoneCalendar"],"max_hp_gain":0,"max_hp_loss":0,"event_name":"Scrap Ooze","floor":3,"gold_loss":0},{"cards_removed":["Dropkick"],"damage_healed":27,"gold_gain":0,"player_choice":"Offered Uncommon","damage_taken":0,"max_hp_gain":0,"max_hp_loss":0,"event_name":"Bonfire Elementals","floor":5,"gold_loss":0},{"damage_healed":0,"gold_gain":0,"player_choice":"Trade","damage_taken":0,"relics_obtained":["FaceOfCleric"],"max_hp_gain":0,"max_hp_loss":0,"event_name":"FaceTrader","floor":14,"gold_loss":0},{"cards_removed":["Strike_R"],"damage_healed":0,"gold_gain":0,"player_choice":"Gave Gold","damage_taken":0,"max_hp_gain":0,"max_hp_loss":0,"event_name":"Beggar","floor":21,"gold_loss":75},{"damage_healed":0,"gold_gain":0,"player_choice":"Inject Mutagens","damage_taken":0,"relics_obtained":["MutagenicStrength"],"max_hp_gain":0,"max_hp_loss":0,"event_name":"Drug Dealer","floor":22,"gold_loss":0}],"is_beta":false,"boss_relics":[{"not_picked":["Sozu","Calling Bell"],"picked":"Runic Dome"}],"items_purged_floors":[],"is_endless":false,"potions_floor_spawned":[7,8,11,12,16],"killed_by":"Shelled Parasite and Fungi","ascension_level":20}}