{"host":"leop","time":1609681504,"event":{"mods":["Act Like it!","BaseMod","GifTheSpireLib","Minty Spire (QoL Compilation)","MostiFishMod","Pale of the Ancients","Quick Restart","Shop Mod","Spicy Shops","StSLib","TestMod","noobMod","°æ“≈ŒÔø®≈∆°øREMEMod","¿œ“¡¿Ú—≈"],"gold_per_floor":[119,139,157,171,191,219,235,261,261,86,125,125,125,155,155,272,272,294,314,36,36,62,101,101,145,145,145,145,145,240,276,276,410,410,446,446,473,541,135,166,166,220,220,220,45,45,76,129,129,183,279,317,717,717,717,822,822,102,102,140],"floor_reached":61,"playtime":3808,"items_purged":["PrismaMod:IllyaCommonAttack","PrismaMod:IllyaCommonAttack","PrismaMod:IllyaCommonDefend","PrismaMod:IllyaCommonAttack","PrismaMod:IllyaCommonDefend","PrismaMod:IllyaCommonDefend","PrismaMod:IllyaCommonDefend"],"score":1769,"play_id":"6e80678e-47b0-46a7-ae32-5a11f82286d5","local_time":"20210103214504","is_ascension_mode":true,"campfire_choices":[{"data":"PrismaMod:IllyaUberPoisonChannel","floor":12.0,"key":"SMITH"},{"floor":15.0,"key":"RECALL"},{"data":"PrismaMod:IllyaAlice","floor":24.0,"key":"SMITH"},{"data":"PrismaMod:IllyaUberDefendChannel","floor":32.0,"key":"SMITH"},{"data":"PrismaMod:IllyaCarnivalOrbs","floor":44,"key":"SMITH"},{"data":"PrismaMod:IllyaUberDefendChannel","floor":46,"key":"SMITH"},{"data":"PrismaMod:IllyaSaphire","floor":49,"key":"SMITH"},{"data":"PrismaMod:IllyaGrail","floor":55,"key":"SMITH"},{"data":"PrismaMod:IllyaGrail","floor":57,"key":"SMITH"}],"circlet_count":0,"master_deck":["PrismaMod:IllyaUncommonAttack+1","PrismaMod:IllyaUncommonDefend","PrismaMod:IllyaUberPoisonChannel+1","PrismaMod:IllyaAlice+1","PrismaMod:IllyaReinForce","PrismaMod:IllyaRapidFire+1","PrismaMod:IllyaInstallCaster","PrismaMod:IllyaInstallAlterEgo","PrismaMod:IllyaInstallArcher","PrismaMod:IllyaUberDefendChannel+1","PrismaMod:IllyaGrail+1","PrismaMod:IllyaPoisoningPhantasm","PrismaMod:IllyaInstallLancer","PrismaMod:IllyaSaphire+1","PrismaMod:IllyaCarnivalOrbs+1","PrismaMod:IllyaUberDefendChannel+1","PrismaMod:IllyaGrail+1","PrismaMod:IllyaSaphire+1","PrismaMod:IllyaCommandSeal"],"relics":["ice","DaveBox","REME_ComplimentaryCards","BloodWine","testmod-Prudence","ChiXiaoBlade","SynthV:TestCard","REME_PuzzleBoxRelic","PrismaMod:AliceRelic","testmod-Acrobat","SynthV:C4","testmod-TimeTraveler","Art of War","Bottled Lightning","PreservedInsect","REME_ArchaeologicalTools","Kunai","Coffee Dripper","Shuriken","testmod-Justice","Bag of Preparation","Ornamental Fan","Whetstone","paleoftheancients:Timepiece","paleoftheancients:KeyRelic","Anchor","Gremlin Horn","paleoftheancients:SoulOfTheWatcher","Pantograph","Chemical X","ChiLing","Chi","Ling"],"acts_visited":["Exordium","TheCity","TheBeyond","paleoftheancients:PaleOfTheAncients"],"potions_floor_usage":[38,38],"damage_taken":[{"damage":0.0,"enemies":"Cultist","floor":1.0,"turns":3.0},{"damage":0.0,"enemies":"2 Louse","floor":2.0,"turns":2.0},{"damage":0.0,"enemies":"Jaw Worm","floor":3.0,"turns":2.0},{"damage":4.0,"enemies":"Blue Slaver","floor":4.0,"turns":4.0},{"damage":6.0,"enemies":"2 Fungi Beasts","floor":5.0,"turns":3.0},{"damage":12.0,"enemies":"Lagavulin","floor":6.0,"turns":4.0},{"damage":12.0,"enemies":"Lots of Slimes","floor":7.0,"turns":3.0},{"damage":45.0,"enemies":"Gremlin Nob","floor":8.0,"turns":5.0},{"damage":13.0,"enemies":"3 Sentries","floor":11.0,"turns":4.0},{"damage":21.0,"enemies":"Lagavulin","floor":14.0,"turns":5.0},{"damage":20.0,"enemies":"Hexaghost","floor":16.0,"turns":6.0},{"damage":0.0,"enemies":"3 Byrds","floor":18.0,"turns":2.0},{"damage":8.0,"enemies":"2 Thieves","floor":19.0,"turns":3.0},{"damage":0.0,"enemies":"Snecko","floor":22.0,"turns":4.0},{"damage":5.0,"enemies":"Gremlin Leader","floor":23.0,"turns":4.0},{"damage":0.0,"enemies":"Book of Stabbing","floor":25.0,"turns":4.0},{"damage":5.0,"enemies":"Centurion and Healer","floor":30.0,"turns":4.0},{"damage":0.0,"enemies":"Snake Plant","floor":31.0,"turns":3.0},{"damage":0.0,"enemies":"Collector","floor":33.0,"turns":5.0},{"damage":0,"enemies":"Orb Walker","floor":35,"turns":3},{"damage":0,"enemies":"3 Darklings","floor":37,"turns":3},{"damage":2,"enemies":"Jaw Worm Horde","floor":38,"turns":3},{"damage":0,"enemies":"Giant Head","floor":40,"turns":1},{"damage":0,"enemies":"Reptomancer","floor":42,"turns":4},{"damage":0,"enemies":"Sphere and 2 Shapes","floor":47,"turns":2},{"damage":0,"enemies":"Giant Head","floor":48,"turns":4},{"damage":0,"enemies":"Awakened One","floor":50,"turns":9},{"damage":0,"enemies":"Awakened One","floor":51,"turns":6},{"damage":0,"enemies":"Awakened One","floor":52,"turns":6},{"damage":44,"enemies":"Awakened One","floor":56,"turns":14},{"damage":28,"enemies":"paleoftheancients:N","floor":60,"turns":9}],"seed_played":"-3496312392042586959","potions_obtained":[{"floor":3.0,"key":"LiquidBronze"},{"floor":4.0,"key":"Energy Potion"},{"floor":5.0,"key":"DistilledChaos"},{"floor":11.0,"key":"DuplicationPotion"},{"floor":19.0,"key":"SteroidPotion"},{"floor":37,"key":"REME_GoldPotion"},{"floor":38,"key":"SpeedPotion"},{"floor":56,"key":"AttackPotion"}],"is_trial":false,"path_per_floor":["M","M","M","M","M","E","M","E","T","$","E","R","?","E","R","B",null,"M","M","$","?","M","E","R","E","T","?","?","$","M","M","R","B",null,"M","?","M","M","$","E","?","E","T","R","$","R","M","E","R","B","M","M","?","T","R","M","R","$","?","B",null],"character_chosen":"ILLYA","items_purchased":["Art of War","Shuriken","Chemical X","ChiLing"],"campfire_rested":0,"item_purchase_floors":[20,39,58,58],"current_hp_per_floor":[75,75,75,71,70,63,51,6,6,6,12,12,85,64,64,70,87,87,84,84,84,87,87,87,87,87,87,87,87,82,82,82,87,87,87,87,87,85,85,85,83,83,83,83,83,83,83,84,84,99,107,127,127,127,127,166,166,166,166,172],"gold":140,"neow_bonus":"BOSS_RELIC","is_daily":false,"chose_seed":false,"campfire_upgraded":8,"win_rate":0.0,"timestamp":1609681504,"path_taken":["M","M","M","M","M","E","M","E","T","?","E","R","?","E","R","BOSS","M","M","$","?","?","E","R","E","T","?","?","?","M","M","R","BOSS","M","?","?","M","$","E","?","E","T","R","$","R","M","E","R","BOSS","M","M","?","T","R","M","R","$","?","BOSS"],"items_purchased_type":["Relic","Relic","Relic","Relic"],"build_version":"2020-12-18","purchased_purges":7,"victory":true,"max_hp_per_floor":[75,75,75,75,75,75,75,75,75,75,75,75,85,85,85,87,87,87,87,87,87,87,87,87,87,87,87,87,87,87,87,87,87,87,87,87,87,87,87,87,83,83,83,83,83,83,83,84,84,99,114,134,134,134,134,166,166,166,166,190],"card_choices":[{"not_picked":["PrismaMod:IllyaBoysLove","PrismaMod:IllyaCommonEvoke","PrismaMod:IllyaStunPoison"],"picked":"SKIP","floor":1.0},{"not_picked":["PrismaMod:IllyaBoysLove","PrismaMod:IllyaFriendMaker","PrismaMod:IllyaGun","PrismaMod:IllyaPoisonTippedWeapons"],"picked":"PrismaMod:IllyaAlice","floor":2.0},{"not_picked":["PrismaMod:IllyaFeed","PrismaMod:IllyaPoisoningPhantasm","PrismaMod:IllyaGrailKun","PrismaMod:IllyaBlindPoisonToss"],"picked":"PrismaMod:IllyaReinForce","floor":3.0},{"not_picked":["PrismaMod:IllyaRapidFire","PrismaMod:IllyaFeed","PrismaMod:IllyaUncommonDefend","PrismaMod:IllyaCommonEvoke","PrismaMod:IllyaRubysPotion"],"picked":"SKIP","floor":4.0},{"not_picked":["PrismaMod:IllyaFeed","PrismaMod:IllyaUncommonDefend","PrismaMod:IllyaCommonEvoke","PrismaMod:IllyaRubysPotion"],"picked":"PrismaMod:IllyaRapidFire","floor":4.0},{"not_picked":["PrismaMod:IllyaCheapChannelAttack","PrismaMod:IllyaReinForce","PrismaMod:IllyaGun","PrismaMod:IllyaCheapChannelPoison"],"picked":"PrismaMod:IllyaInstallCaster","floor":5.0},{"not_picked":["PrismaMod:IllyaFeed","PrismaMod:IllyaUpgradeOrbs","PrismaMod:IllyaGrailKun","PrismaMod:IllyaBoysLove","PrismaMod:IllyaPoisoningPhantasm"],"picked":"SKIP","floor":6.0},{"not_picked":["PrismaMod:IllyaReinForce","PrismaMod:IllyaCheapChannelPoison","PrismaMod:IllyaGun","PrismaMod:IllyaHassanGift","PrismaMod:IllyaRussianRoulette"],"picked":"SKIP","floor":7.0},{"not_picked":["PrismaMod:IllyaSaphire","PrismaMod:IllyaCheapAttack","PrismaMod:IllyaMinorReinForce","PrismaMod:IllyaPoisoningPhantasm"],"picked":"PrismaMod:IllyaCarnivalDefend","floor":8.0},{"not_picked":["PrismaMod:IllyaPoisonBomb","PrismaMod:IllyaCommonEvoke","PrismaMod:IllyaBride","PrismaMod:IllyaUncommonAOEAttack","PrismaMod:IllyaTestament"],"picked":"SKIP","floor":11.0},{"not_picked":["PrismaMod:IllyaReinForce","PrismaMod:IllyaBerserCAR","PrismaMod:IllyaCommonEvoke","PrismaMod:IllyaUncommonAttack"],"picked":"PrismaMod:IllyaInstallAlterEgo","floor":14.0},{"not_picked":["PrismaMod:IllyaZwei","PrismaMod:IllyaInstallAlterEgo","PrismaMod:IllyaInstallForeigner","PrismaMod:IllyaInstallAvenger"],"picked":"PrismaMod:IllyaInstallArcher","floor":16.0},{"not_picked":["PrismaMod:IllyaMaid","PrismaMod:IllyaAOECommonAttack","PrismaMod:IllyaStunPoison+1","PrismaMod:IllyaGun","PrismaMod:IllyaHassanGift+1"],"picked":"SKIP","floor":18.0},{"not_picked":["PrismaMod:IllyaDualEvoke","PrismaMod:IllyaRubysPotion+1","PrismaMod:IllyaPoisonTippedWeapons","PrismaMod:IllyaStunPoison","PrismaMod:IllyaHassanGift"],"picked":"SKIP","floor":19.0},{"not_picked":["PrismaMod:IllyaUpgradeOrbs","PrismaMod:IllyaMinorZwei+1","PrismaMod:IllyaCheapChannelPoison+1","PrismaMod:IllyaAlice","PrismaMod:IllyaUncommonAttack+1"],"picked":"SKIP","floor":22.0},{"not_picked":["PrismaMod:IllyaFeed","PrismaMod:IllyaAlice","PrismaMod:IllyaUberPoisonBlock","PrismaMod:IllyaCheapChannelPoison","PrismaMod:IllyaGrailKun+1"],"picked":"SKIP","floor":23.0},{"not_picked":["PrismaMod:IllyaTestament+1","PrismaMod:IllyaGrailKun","PrismaMod:IllyaAlice+1","PrismaMod:IllyaRussianRoulette"],"picked":"PrismaMod:IllyaUberDefendChannel","floor":25.0},{"not_picked":["PrismaMod:IllyaMinorReinForce+1","PrismaMod:IllyaCheapChannelPoison","PrismaMod:IllyaStunPoison","PrismaMod:IllyaDevil"],"picked":"PrismaMod:IllyaInstallLancer","floor":30.0},{"not_picked":["PrismaMod:IllyaCommonEvoke","PrismaMod:IllyaAOECommonAttack","PrismaMod:IllyaCheapDefend","PrismaMod:IllyaBlindPoisonToss"],"picked":"PrismaMod:IllyaSaphire","floor":31.0},{"not_picked":["PrismaMod:IllyaInstallSaber","PrismaMod:IllyaUberPoisonChannel","PrismaMod:IllyaInstallArcher","PrismaMod:IllyaInstallMoonCancer"],"picked":"PrismaMod:IllyaCarnivalOrbs","floor":33.0},{"not_picked":["PrismaMod:IllyaUncommonDefend+1","PrismaMod:IllyaGun","PrismaMod:IllyaMaid+1","PrismaMod:IllyaStunPoison+1","PrismaMod:IllyaBlindPoisonToss+1"],"picked":"SKIP","floor":35},{"not_picked":["PrismaMod:IllyaBerserCAR","PrismaMod:IllyaFeed+1","PrismaMod:IllyaFriendMaker","PrismaMod:IllyaCheapDefend","PrismaMod:IllyaPoisoningPhantasm"],"picked":"SKIP","floor":37},{"not_picked":["PrismaMod:IllyaBerserCAR","PrismaMod:IllyaSaphire+1","PrismaMod:IllyaUberChannel+1","PrismaMod:IllyaGun+1","PrismaMod:IllyaMaid+1"],"picked":"SKIP","floor":38},{"not_picked":["PrismaMod:IllyaRubysPotion","PrismaMod:IllyaPartialInstallAssassin+1","PrismaMod:IllyaCheapChannelPoison","PrismaMod:IllyaPoisonBomb+1"],"picked":"PrismaMod:IllyaUberDefendChannel","floor":40},{"not_picked":["PrismaMod:IllyaGrailKun+1","PrismaMod:IllyaCommonEvoke+1","PrismaMod:IllyaCheapChannelDefend","PrismaMod:IllyaAlice"],"picked":"PrismaMod:IllyaGrail","floor":42},{"not_picked":["PrismaMod:IllyaPoisonTippedWeapons","PrismaMod:IllyaMinorZwei","PrismaMod:IllyaMaid+1","PrismaMod:IllyaMinorReinForce"],"picked":"PrismaMod:IllyaSaphire+1","floor":47},{"not_picked":["PrismaMod:IllyaBoysLove","PrismaMod:IllyaPartialInstallAssassin+1","PrismaMod:IllyaHassanGift+1","PrismaMod:IllyaAssassinRevenge+1"],"picked":"PrismaMod:IllyaCommandSeal","floor":48},{"not_picked":["PrismaMod:IllyaCheapChannelPoison+1","PrismaMod:IllyaUberPoisonChannel","PrismaMod:IllyaCheapChannelAttack+1","PrismaMod:IllyaMinorReinForce","PrismaMod:IllyaPoisonTippedWeapons"],"picked":"SKIP","floor":51},{"not_picked":["PrismaMod:IllyaUncommonDefend+1","PrismaMod:IllyaMinorRapidFire","PrismaMod:IllyaRubysPotion","PrismaMod:IllyaBlindPoisonToss","PrismaMod:IllyaUberPoisonBlock"],"picked":"SKIP","floor":52},{"not_picked":["PrismaMod:IllyaBerserCAR+1","PrismaMod:IllyaRubysPotion","PrismaMod:IllyaCommonEvoke","PrismaMod:IllyaMinorRapidFire+1","PrismaMod:IllyaAlice"],"picked":"SKIP","floor":56}],"player_experience":1026456,"relics_obtained":[{"floor":1.0,"key":"SynthV:TestCard"},{"floor":6.0,"key":"REME_PuzzleBoxRelic"},{"floor":8.0,"key":"testmod-Acrobat"},{"floor":11.0,"key":"SynthV:C4"},{"floor":23.0,"key":"Bottled Lightning"},{"floor":25.0,"key":"PreservedInsect"},{"floor":26.0,"key":"REME_ArchaeologicalTools"},{"floor":40,"key":"testmod-Justice"},{"floor":42,"key":"Bag of Preparation"},{"floor":43,"key":"Ornamental Fan"},{"floor":48,"key":"Whetstone"},{"floor":51,"key":"paleoftheancients:SoulOfTheWatcher"},{"floor":52,"key":"paleoftheancients:SoulOfTheIroncluck"},{"floor":54,"key":"Pantograph"}],"event_choices":[{"cards_removed":["PrismaMod:IllyaCarnivalDefend"],"damage_healed":63.0,"max_hp_gain":10.0,"max_hp_loss":0.0,"gold_gain":0.0,"event_name":"Bonfire Elementals","player_choice":"Offered Rare","floor":13.0,"gold_loss":0.0,"damage_taken":0.0},{"cards_removed":["PrismaMod:IllyaCommonAttack"],"damage_healed":0.0,"max_hp_gain":0.0,"max_hp_loss":0.0,"gold_gain":0.0,"event_name":"Purifier","player_choice":"Purged","floor":21.0,"gold_loss":0.0,"damage_taken":0.0},{"damage_healed":0.0,"max_hp_gain":0.0,"max_hp_loss":0.0,"gold_gain":0.0,"cards_transformed":["PrismaMod:IllyaCommonDefend","PrismaMod:IllyaCommonAttack"],"event_name":"Drug Dealer","player_choice":"Became Test Subject","floor":27.0,"gold_loss":0.0,"damage_taken":0.0,"cards_obtained":["PrismaMod:IllyaGrail","PrismaMod:IllyaPoisoningPhantasm"]},{"damage_healed":0.0,"max_hp_gain":0.0,"max_hp_loss":0.0,"gold_gain":0.0,"event_name":"The Mausoleum","player_choice":"Opened","floor":28.0,"gold_loss":0.0,"damage_taken":0.0,"relics_obtained":["Kunai"],"cards_obtained":["Writhe"]},{"cards_removed":["Writhe"],"damage_healed":0,"gold_gain":0,"player_choice":"Removed Curses","damage_taken":0,"max_hp_gain":0,"max_hp_loss":0,"event_name":"Fountain of Cleansing","floor":36,"gold_loss":0},{"damage_healed":0,"gold_gain":0,"player_choice":"Max HP","damage_taken":0,"max_hp_gain":0,"max_hp_loss":4,"event_name":"Winding Halls","floor":41,"gold_loss":0},{"damage_healed":0,"gold_gain":400,"player_choice":"Sell","damage_taken":0,"max_hp_gain":0,"max_hp_loss":0,"event_name":"∂˜¬ÂÀπµƒ≈Ã◊”","floor":53,"relics_lost":["testmod-TestBox"],"gold_loss":0}],"is_beta":true,"boss_relics":[{"not_picked":["Cursed Key","Tiny House"],"picked":"testmod-TimeTraveler"},{"not_picked":["testmod-Recursion","Busted Crown"],"picked":"Coffee Dripper"}],"items_purged_floors":[10,10,20,39,45,58,58],"is_endless":false,"potions_floor_spawned":[3,4,5,6,11,14,18,19,22,30,37,38,48,56],"ascension_level":1}}