{"host":"y7sd46uq4xlni546","time":1609703452,"event":{"mods":["AchievementEnabler","BaseMod","Colored Map","Colored Powertips","Curses Come First","Filter the Spire","Minty Spire (QoL Compilation)","Quick Restart","Random Character Button","Rare Cards Sparkle","StSLib"],"gold_per_floor":[414,218,218,293,241,266,266,280,306,306,324,324,274,274,274,373,373,389,406,505,516,426,376,376,404,431,447,447,397,414,447,447,547,547,560,560,510,526,476,476,509,509,563,513,540,554,554,568,568,568],"floor_reached":51,"playtime":1635,"items_purged":["Defend_R","Strike_R","Strike_R","Strike_R","Bash","Defend_R"],"score":864,"play_id":"1a702bc9-3439-4f5a-b955-48c7a0ae2e79","local_time":"20210103205052","is_ascension_mode":false,"campfire_choices":[{"floor":7,"key":"REST"},{"floor":10,"key":"REST"},{"data":"Body Slam","floor":12,"key":"SMITH"},{"data":"Shrug It Off","floor":15,"key":"SMITH"},{"data":"Body Slam","floor":24,"key":"SMITH"},{"floor":28,"key":"REST"},{"data":"Shrug It Off","floor":32,"key":"SMITH"},{"data":"Shrug It Off","floor":40,"key":"SMITH"},{"data":"1","floor":42,"key":"LIFT"},{"floor":49,"key":"REST"}],"circlet_count":0,"master_deck":["Defend_R","Defend_R+1","CurseOfTheBell","Shrug It Off+1","Shrug It Off+1","Shrug It Off+1","Body Slam+1"],"relics":["Calling Bell","Old Coin","Paper Frog","Akabeko","Bronze Scales","Dream Catcher","Smiling Mask","Busted Crown","Bag of Marbles","MealTicket","Girya","Sozu","Letter Opener","Pen Nib","Molten Egg 2"],"acts_visited":["Exordium","TheCity","TheBeyond"],"potions_floor_usage":[16],"damage_taken":[{"damage":8,"enemies":"Jaw Worm","floor":1,"turns":3},{"damage":23,"enemies":"3 Sentries","floor":6,"turns":11},{"damage":0,"enemies":"Small Slimes","floor":8,"turns":3},{"damage":0,"enemies":"Cultist","floor":11,"turns":3},{"damage":51,"enemies":"Slime Boss","floor":16,"turns":17},{"damage":0,"enemies":"Chosen","floor":18,"turns":4},{"damage":0,"enemies":"Spheric Guardian","floor":19,"turns":3},{"damage":16,"enemies":"Cultist and Chosen","floor":21,"turns":6},{"damage":31,"enemies":"Slavers","floor":25,"turns":5},{"damage":0,"enemies":"Centurion and Healer","floor":27,"turns":4},{"damage":0,"enemies":"Snake Plant","floor":30,"turns":2},{"damage":18,"enemies":"Gremlin Leader","floor":31,"turns":4},{"damage":36,"enemies":"Collector","floor":33,"turns":8},{"damage":0,"enemies":"3 Shapes","floor":35,"turns":2},{"damage":14,"enemies":"3 Darklings","floor":38,"turns":4},{"damage":0,"enemies":"Reptomancer","floor":41,"turns":5},{"damage":30,"enemies":"Nemesis","floor":45,"turns":2},{"damage":0,"enemies":"Writhing Mass","floor":46,"turns":1},{"damage":0,"enemies":"4 Shapes","floor":48,"turns":4},{"damage":11,"enemies":"Time Eater","floor":50,"turns":9}],"seed_played":"-5289420931019209239","potions_obtained":[{"floor":6,"key":"Explosive Potion"},{"floor":11,"key":"CultistPotion"},{"floor":16,"key":"DistilledChaos"},{"floor":18,"key":"Ancient Potion"}],"is_trial":false,"path_per_floor":["M","$","?","?","$","E","R","M","T","R","M","R","$","?","R","B",null,"M","M","?","M","?","$","R","E","T","M","R","$","M","E","R","B",null,"M","?","$","M","$","R","E","R","T","$","E","M","?","M","R","B",null],"character_chosen":"IRONCLAD","items_purchased":["Shrug It Off","Bronze Scales","Shrug It Off"],"campfire_rested":4,"item_purchase_floors":[2,2,5],"current_hp_per_floor":[72,72,65,54,54,31,55,55,55,79,79,79,79,79,79,28,80,80,80,80,64,64,64,64,33,33,33,57,72,72,54,54,18,80,80,80,80,66,80,80,80,80,80,80,50,50,50,50,74,63],"gold":568,"neow_bonus":"BOSS_RELIC","is_daily":false,"chose_seed":false,"campfire_upgraded":5,"win_rate":0.0,"timestamp":1609703452,"path_taken":["M","$","?","?","$","E","R","M","T","R","M","R","?","?","R","BOSS","M","?","?","M","?","$","R","E","T","?","R","$","M","E","R","BOSS","M","?","$","M","$","R","E","R","T","$","E","M","?","M","R","BOSS"],"items_purchased_type":["Card","Relic","Card"],"build_version":"2020-12-22","purchased_purges":6,"victory":true,"max_hp_per_floor":[80,80,80,80,80,80,80,80,80,80,80,80,80,80,80,80,80,80,80,80,80,80,80,80,80,80,80,80,80,80,80,80,80,80,80,80,80,80,80,80,80,80,80,80,80,80,80,80,80,80],"card_choices":[{"not_picked":["Armaments","Sentinel"],"picked":"Body Slam","floor":1},{"not_picked":["Clothesline","Infernal Blade","Thunderclap"],"picked":"SKIP","floor":6},{"not_picked":["Metallicize","Dark Embrace","Thunderclap"],"picked":"SKIP","floor":8},{"not_picked":["Warcry","Clothesline"],"picked":"Shrug It Off","floor":10},{"not_picked":["Pommel Strike","Perfected Strike","Wild Strike"],"picked":"SKIP","floor":11},{"not_picked":[],"picked":"Body Slam","floor":18},{"not_picked":["Blood for Blood+1"],"picked":"SKIP","floor":19},{"not_picked":["Flex"],"picked":"SKIP","floor":21},{"not_picked":["Anger"],"picked":"SKIP","floor":25},{"not_picked":["Wild Strike"],"picked":"SKIP","floor":27},{"not_picked":["Perfected Strike"],"picked":"SKIP","floor":30},{"not_picked":["True Grit+1"],"picked":"SKIP","floor":31},{"not_picked":["Headbutt"],"picked":"SKIP","floor":35},{"not_picked":["Infernal Blade+1"],"picked":"SKIP","floor":38},{"not_picked":["Metallicize+1"],"picked":"SKIP","floor":41},{"not_picked":["Body Slam+1"],"picked":"SKIP","floor":45},{"not_picked":["Iron Wave+1"],"picked":"SKIP","floor":46},{"not_picked":["True Grit"],"picked":"SKIP","floor":48}],"player_experience":592361,"relics_obtained":[{"floor":0,"key":"Old Coin"},{"floor":0,"key":"Paper Frog"},{"floor":0,"key":"Akabeko"},{"floor":6,"key":"Dream Catcher"},{"floor":9,"key":"Smiling Mask"},{"floor":25,"key":"Bag of Marbles"},{"floor":26,"key":"MealTicket"},{"floor":31,"key":"Girya"},{"floor":41,"key":"Letter Opener"},{"floor":43,"key":"Pen Nib"},{"floor":45,"key":"Molten Egg 2"}],"event_choices":[{"cards_removed":["Strike_R"],"damage_healed":0,"gold_gain":0,"player_choice":"Card Removal","damage_taken":7,"max_hp_gain":0,"max_hp_loss":0,"event_name":"Golden Wing","floor":3,"gold_loss":0},{"damage_healed":0,"gold_gain":75,"player_choice":"Gather Gold","damage_taken":11,"max_hp_gain":0,"max_hp_loss":0,"event_name":"World of Goop","floor":4,"gold_loss":0},{"damage_healed":0,"gold_gain":0,"player_choice":"Bought 0 Potions","damage_taken":0,"max_hp_gain":0,"max_hp_loss":0,"event_name":"The Woman in Blue","floor":14,"gold_loss":0},{"damage_healed":0,"gold_gain":99,"player_choice":"Stole From Cult","damage_taken":0,"max_hp_gain":0,"max_hp_loss":0,"event_name":"Nest","floor":20,"gold_loss":0},{"cards_removed":["Strike_R"],"damage_healed":0,"gold_gain":0,"player_choice":"Upgrade and Remove","damage_taken":0,"max_hp_gain":0,"max_hp_loss":0,"event_name":"Designer","floor":22,"gold_loss":90,"cards_upgraded":["Defend_R"]},{"damage_healed":0,"gold_gain":0,"player_choice":"Memory 1","damage_taken":0,"max_hp_gain":0,"max_hp_loss":0,"event_name":"SensoryStone","floor":36,"gold_loss":0},{"cards_removed":["Body Slam"],"damage_healed":0,"gold_gain":0,"player_choice":"Removed Attack","damage_taken":0,"max_hp_gain":0,"max_hp_loss":0,"event_name":"Falling","floor":47,"gold_loss":0}],"is_beta":false,"boss_relics":[{"not_picked":["Runic Cube","Runic Pyramid"],"picked":"Busted Crown"},{"not_picked":["Runic Dome","Coffee Dripper"],"picked":"Sozu"}],"items_purged_floors":[13,23,29,37,39,44],"is_endless":false,"potions_floor_spawned":[6,11,16,18,21,31,35,38,48],"ascension_level":0}}