{"host":"roto7j7840a50pxh","time":1609694607,"event":{"mods":["Act Like it!","BaseMod","Better Altar","Better Note","Better Sensory Stone","Better Skull","Better Third Choice","BetterRewards","Colored Map","Colored Powertips","Downfall","Hermit","Highlight Path","Hubris","Infinite Spire","Minty Spire (QoL Compilation)","Replay The Spire","Robot Space Explorer","Shade Mod","Spicy Shops","StSLib","The Cursed","The Dragon Tamer","The Hierophant","The Necromancer","The Runesmith","The Servant 0.9.4","TheVacant"],"gold_per_floor":[111,125,200,220,239,267,286,286,313,313,351,23,38,260,260,391,391,416,441,441,456,456,456,456,9,9,9,45,45,81,97,97,221,221,259,259,301,359,359,383,383,383,683,683,780,780,780],"floor_reached":51,"playtime":4393,"items_purged":[],"score":1718,"play_id":"a4634b61-e944-49e3-8ff2-c61dee223d48","local_time":"20210103122327","is_ascension_mode":true,"campfire_choices":[{"floor":10.0,"key":"REST"},{"floor":15.0,"key":"REST"},{"data":"TheCursedMod:CircleOfWindfury","floor":23,"key":"SMITH"},{"data":"TheCursedMod:CircleOfAbyss","floor":27,"key":"SMITH"},{"data":"TheCursedMod:FleshFromBone","floor":32,"key":"SMITH"},{"data":"TheCursedMod:DarkBarrier","floor":41,"key":"SMITH"},{"data":"TheCursedMod:CircleOfFocus","floor":47,"key":"SMITH"},{"data":"TheCursedMod:Stretching","floor":49,"key":"SMITH"}],"circlet_count":0,"master_deck":["TheCursedMod:CursedWand","TheCursedMod:CleanUpWorkshop","Finesse","TheCursedMod:Stretching+1","TheCursedMod:Stretching","TheCursedMod:CircleOfCorruption","TheCursedMod:CircleOfCorruption","TheCursedMod:CircleOfWindfury+1","TheCursedMod:CircleOfAbyss+1","TheCursedMod:CursedShiv","TheCursedMod:CursedStaff","TheCursedMod:WearCloak","TheCursedMod:CircleOfCorruption","TheCursedMod:HellfireBreathing","TheCursedMod:CircleOfCorruption","TheCursedMod:CircleOfCorruption+1","TheCursedMod:StingEye","TheCursedMod:VitalStrike","TheCursedMod:CircleOfFlame+1","TheCursedMod:CursedMace","TheCursedMod:StingEye","TheCursedMod:FleshFromBone+1","TheCursedMod:LuckyCharm","TheCursedMod:Wield","Injury","TheCursedMod:AbyssShockwave","TheCursedMod:ReleasedKnowledge","TheCursedMod:SurpriseAttack","TheCursedMod:Obscuration","TheCursedMod:Wield","TheCursedMod:ForbiddenAlchemy","TheCursedMod:Evocation","TheCursedMod:SurpriseAttack","TheCursedMod:SurpriseAttack","TheCursedMod:CursedBlade","TheCursedMod:LuckyCharm","TheCursedMod:Stigma","TheCursedMod:NeowsMight+1","TheCursedMod:StunningStrike","TheCursedMod:Stretching","TheCursedMod:DarkBarrier+1","Doubt","CommonCold","Parasite","TheCursedMod:CircleOfFlame+1","RobotSpaceExplorer:MiniLasers+1","TheCursedMod:CircleOfFocus+1","TheCursedMod:EmpowerCircles+1","TheCursedMod:Hemoplague"],"relics":["TheCursedMod:PinkPellets","Gremlin Horn","Potion Belt","Golden Idol","Centennial Puzzle","hubris:Potato","Lee\u0027s Waffle","Replay:Mystery Machine","Replay:Baseball","SacredBark","Nloth\u0027s Gift","Bottled Lightning","Strange Spoon","Nunchaku","Regal Pillow","Ice Cream","infinitespire:EvilPickle","Replay:Ancient Bell","Anchor","Letter Opener","hubris:Teleporter","Sundial","CeramicFish","hubris:Icosahedron","War Paint"],"acts_visited":["Exordium","TheCity","TheBeyond"],"potions_floor_usage":[21,21,30,30,33,33,33,33,33,40,48,48,48,50,50,50,50,50,50],"damage_taken":[{"damage":0.0,"enemies":"2 Louse","floor":1.0,"turns":2.0},{"damage":0.0,"enemies":"Cultist","floor":2.0,"turns":2.0},{"damage":0.0,"enemies":"Small Slimes","floor":4.0,"turns":2.0},{"damage":6.0,"enemies":"2 Fungi Beasts","floor":5.0,"turns":2.0},{"damage":9.0,"enemies":"Gremlin Nob","floor":6.0,"turns":4.0},{"damage":0.0,"enemies":"Blue Slaver","floor":7.0,"turns":2.0},{"damage":1.0,"enemies":"3 Sentries","floor":11.0,"turns":5.0},{"damage":0.0,"enemies":"3 Louse","floor":13.0,"turns":1.0},{"damage":14.0,"enemies":"Slime Boss","floor":16.0,"turns":6.0},{"damage":17,"enemies":"Shell Parasite","floor":18,"turns":5},{"damage":11,"enemies":"Spheric Guardian","floor":19,"turns":3},{"damage":6,"enemies":"3 Cultists","floor":21,"turns":5},{"damage":0,"enemies":"Slavers","floor":28,"turns":3},{"damage":5,"enemies":"Book of Stabbing","floor":30,"turns":4},{"damage":3,"enemies":"Centurion and Healer","floor":31,"turns":2},{"damage":27,"enemies":"Pondfish","floor":33,"turns":9},{"damage":7,"enemies":"Orb Walker","floor":35,"turns":3},{"damage":0,"enemies":"3 Darklings","floor":38,"turns":3},{"damage":12,"enemies":"R_Hoarder","floor":40,"turns":6},{"damage":0,"enemies":"Reptomancer","floor":48,"turns":2},{"damage":0,"enemies":"Awakened One","floor":50,"turns":8}],"seed_played":"-4885081158045768855","potions_obtained":[{"floor":2.0,"key":"Energy Potion"},{"floor":4.0,"key":"EntropicBrew"},{"floor":7.0,"key":"Block Potion"},{"floor":13.0,"key":"LiquidMemories"},{"floor":19,"key":"ColorlessPotion"},{"floor":24,"key":"DuplicationPotion"},{"floor":24,"key":"GamblersBrew"},{"floor":28,"key":"Adrenaline Potion"},{"floor":35,"key":"Strength Potion"},{"floor":48,"key":"infinitespire:BlackPotion"}],"is_trial":false,"path_per_floor":["M","M","?","M","M","E","M","?","T","R","E","$","M","?","R_BF","B",null,"M","M","?","M","?","R","?","$","T","R","E","?","E","M","R","B",null,"M","?","M","E","R","T","?","?","?","R","E","R","B",null],"character_chosen":"THE_CURSED","items_purchased":["TheCursedMod:CursedShiv","TheCursedMod:CursedStaff","TheCursedMod:WearCloak","TheCursedMod:CircleOfCorruption","TheCursedMod:HellfireBreathing","TheCursedMod:CircleOfCorruption","TheCursedMod:StingEye","TheCursedMod:VitalStrike","Gremlin Horn","Potion Belt","Lee\u0027s Waffle","TheCursedMod:RavingStaff","TheCursedMod:ReleasedKnowledge","TheCursedMod:SurpriseAttack","TheCursedMod:Obscuration","TheCursedMod:CursedBlade","TheCursedMod:LuckyCharm","Bottled Lightning","Strange Spoon","TheCursedMod:Stigma"],"campfire_rested":2,"item_purchase_floors":[0,0,0,0,0,0,0,0,0,0,12,12,12,12,12,25,25,25,25,25],"current_hp_per_floor":[38,38,31,31,25,16,16,16,16,38,37,82,82,32,56,42,72,55,44,44,38,38,38,38,38,38,38,38,38,33,30,30,3,62,55,55,55,43,43,43,43,43,43,43,43,43,43],"gold":780,"neow_bonus":"","is_daily":false,"chose_seed":false,"campfire_upgraded":6,"win_rate":0.0,"timestamp":1609694607,"path_taken":["M","M","?","M","?","E","M","?","T","R","E","$","M","?","R_BF","BOSS","M","M","?","M","?","R","?","$","T","R","E","?","E","M","R","BOSS","M","?","?","E","R","T","?","?","?","R","E","R","BOSS"],"items_purchased_type":["Card","Card","Card","Card","Card","Card","Card","Card","Relic","Relic","Relic","Card","Card","Card","Card","Card","Card","Relic","Relic","Card"],"build_version":"2020-12-22","purchased_purges":0,"victory":true,"max_hp_per_floor":[75,75,75,75,75,75,75,75,75,75,75,82,82,82,82,82,82,82,82,82,82,82,82,82,82,82,82,82,82,82,82,82,82,82,82,82,82,82,82,82,82,82,82,82,82,82,82],"card_choices":[{"not_picked":["TheCursedMod:CircleOfBlood","TheCursedMod:CircleOfFocus"],"picked":"TheCursedMod:CircleOfFlame","floor":1.0},{"not_picked":["TheCursedMod:Grudge","TheCursedMod:ReleasedKnowledge"],"picked":"TheCursedMod:CursedMace","floor":2.0},{"not_picked":["TheCursedMod:RavingStaff","TheCursedMod:SurpriseAttack"],"picked":"TheCursedMod:StingEye","floor":4.0},{"not_picked":["TheCursedMod:LuckyCharm","TheCursedMod:ReleasedKnowledge"],"picked":"TheCursedMod:FleshFromBone","floor":5.0},{"not_picked":["TheCursedMod:CursedBoomerang","TheCursedMod:FleshFromBone"],"picked":"TheCursedMod:LuckyCharm","floor":6.0},{"not_picked":["TheCursedMod:HellfireBreathing","TheCursedMod:Grudge"],"picked":"TheCursedMod:Wield","floor":7.0},{"not_picked":["TheCursedMod:FuryStrike","TheCursedMod:SoulReap"],"picked":"TheCursedMod:AbyssShockwave","floor":11.0},{"not_picked":["TheCursedMod:VitalStrike","TheCursedMod:Stigma"],"picked":"TheCursedMod:Wield","floor":13.0},{"not_picked":["TheCursedMod:DemonSword","TheCursedMod:ShockAndAwe"],"picked":"TheCursedMod:ForbiddenAlchemy","floor":16.0},{"not_picked":["TheCursedMod:WearCloak","TheCursedMod:Stretching"],"picked":"TheCursedMod:Evocation","floor":18},{"not_picked":["TheCursedMod:Torture","TheCursedMod:TacticalStrike"],"picked":"TheCursedMod:SurpriseAttack","floor":19},{"not_picked":["TheCursedMod:PrepareRite","TheCursedMod:Evocation"],"picked":"TheCursedMod:SurpriseAttack","floor":21},{"not_picked":["TheCursedMod:ReleasedKnowledge","TheCursedMod:CursedAmulet"],"picked":"TheCursedMod:NeowsMight","floor":28},{"not_picked":["TheCursedMod:CursedArmor","TheCursedMod:CircleOfAbyss"],"picked":"TheCursedMod:StunningStrike","floor":30},{"not_picked":["TheCursedMod:SpitefulPray","TheCursedMod:SmokeScreen"],"picked":"TheCursedMod:Stretching","floor":31},{"not_picked":["TheCursedMod:StunningStrike","TheCursedMod:CursedRelics"],"picked":"TheCursedMod:DarkBarrier","floor":33},{"not_picked":["Languid","hubris:Envy"],"picked":"Doubt","floor":34},{"not_picked":["hubris:Disease","hubris:Lust"],"picked":"CommonCold","floor":34},{"not_picked":["CommonCold","Spreading Infection"],"picked":"Parasite","floor":34},{"not_picked":["TheCursedMod:CursedBoomerang+1","TheCursedMod:Evocation+1"],"picked":"TheCursedMod:CircleOfFlame+1","floor":35},{"not_picked":["TheCursedMod:WearCloak","TheCursedMod:CircleOfCorruption+1"],"picked":"TheCursedMod:CircleOfFocus","floor":38},{"not_picked":["TheCursedMod:SurpriseAttack","TheCursedMod:Stretching+1"],"picked":"TheCursedMod:EmpowerCircles+1","floor":40},{"not_picked":["TheCursedMod:SpitefulPray","TheCursedMod:CircleOfFlame+1"],"picked":"TheCursedMod:Hemoplague","floor":48}],"player_experience":1401956,"relics_obtained":[{"floor":6.0,"key":"Oddly Smooth Stone"},{"floor":9.0,"key":"Centennial Puzzle"},{"floor":11.0,"key":"hubris:Potato"},{"floor":26,"key":"Nunchaku"},{"floor":28,"key":"Regal Pillow"},{"floor":30,"key":"Ice Cream"},{"floor":40,"key":"Sundial"},{"floor":43,"key":"CeramicFish"},{"floor":48,"key":"War Paint"}],"event_choices":[{"damage_healed":0.0,"max_hp_gain":0.0,"max_hp_loss":0.0,"gold_gain":75.0,"event_name":"FaceTrader","player_choice":"Touch","floor":3.0,"gold_loss":0.0,"damage_taken":7.0},{"damage_healed":0.0,"max_hp_gain":0.0,"max_hp_loss":0.0,"gold_gain":0.0,"event_name":"Golden Idol","player_choice":"Take Wound","floor":8.0,"gold_loss":0.0,"damage_taken":0.0,"relics_obtained":["Golden Idol"],"cards_obtained":["Injury"]},{"damage_healed":0.0,"max_hp_gain":0.0,"max_hp_loss":0.0,"gold_gain":222.0,"event_name":"betterSkull:BetterSkull","player_choice":"GO RE GO RE ","floor":14.0,"gold_loss":0.0,"damage_taken":56.0,"cards_upgraded":[],"relics_obtained":["Replay:Mystery Machine","Replay:Baseball"]},{"cards_removed":["TheCursedMod:RavingStaff"],"damage_healed":0,"gold_gain":0,"player_choice":"Purged","damage_taken":0,"max_hp_gain":0,"max_hp_loss":0,"event_name":"Purifier","floor":20,"gold_loss":0},{"damage_healed":0,"gold_gain":0,"player_choice":"Traded Relic","damage_taken":0,"relics_obtained":["Nloth\u0027s Gift"],"max_hp_gain":0,"max_hp_loss":0,"event_name":"N\u0027loth","floor":22,"relics_lost":["Oddly Smooth Stone"],"gold_loss":0},{"damage_healed":0,"gold_gain":0,"player_choice":"Got Potions","damage_taken":0,"max_hp_gain":0,"max_hp_loss":0,"event_name":"Lab","floor":24,"gold_loss":0},{"cards_removed":["TheCursedMod:NeowsMight"],"damage_healed":0,"gold_gain":0,"player_choice":"Take \u0026 Give","damage_taken":0,"max_hp_gain":0,"max_hp_loss":0,"event_name":"betterNote:BetterNote","floor":36,"gold_loss":0,"cards_obtained":["RobotSpaceExplorer:MiniLasers"]},{"damage_healed":0,"gold_gain":300,"player_choice":"Gold","damage_taken":0,"max_hp_gain":0,"max_hp_loss":0,"event_name":"Wheel of Change","floor":46,"gold_loss":0}],"is_beta":false,"boss_relics":[{"not_picked":["ReplayTheSpireMod:DimensionalGlitch","ReplayTheSpireMod:SealedPack"],"picked":"SacredBark"},{"not_picked":["Snecko Eye","SlaversCollar"],"picked":"Replay:Ancient Bell"},{"not_picked":["Happy Flower","Blue Doll"],"picked":"Anchor"},{"not_picked":["Replay:Accelerometer","Replay:Bottled Snecko"],"picked":"Letter Opener"},{"not_picked":["infinitespire:CursedDice","Dead Branch"],"picked":"hubris:Teleporter"}],"items_purged_floors":[],"is_endless":false,"potions_floor_spawned":[2,4,7,13,19,28,35,48],"ascension_level":5}}