{"host":"qxeepl7ydvsgmfdb","time":1609679830,"event":{"mods":["AchievementEnabler","BaseMod","Colored Powertips","Minty Spire (QoL Compilation)","Quick Restart","slay the spire mod where everything is the same but ironclad has a cowboy hat"],"gold_per_floor":[115,135,95,95,20,53,53,79,79,135,153,163,163,194,194,294,294,309,309,309,309,309,309,338,338,362,389,151,168,186,219,219,320,320,335,351,0,0,50,50,82,94,94,94,94,94,106,119,119,119,119],"floor_reached":50,"playtime":2212,"items_purged":["Regret"],"score":626,"play_id":"8d6a0b6b-b6bf-4a09-a2be-fc684eeb229f","local_time":"20210103081710","is_ascension_mode":true,"campfire_choices":[{"data":"Zap","floor":7.0,"key":"SMITH"},{"floor":13.0,"key":"REST"},{"data":"Defragment","floor":15.0,"key":"SMITH"},{"data":"Chaos","floor":23.0,"key":"SMITH"},{"floor":25.0,"key":"REST"},{"floor":32.0,"key":"REST"},{"data":"Redo","floor":40,"key":"SMITH"},{"floor":44,"key":"REST"},{"floor":46,"key":"REST"},{"floor":49,"key":"REST"}],"circlet_count":0,"master_deck":["Strike_B+1","Strike_B+1","Strike_B+1","Strike_B+1","Defend_B+1","Defend_B+1","Defend_B+1","Defend_B+1","Zap+1","Dualcast","Cold Snap","Defragment+1","Darkness","Leap","Chaos+1","Ball Lightning+1","Redo+1","White Noise+1","Lockon+1","Chaos","Parasite"],"relics":["Cracked Core","NeowsBlessing","Mummified Hand","Molten Egg 2","HornCleat","Matryoshka","TungstenRod","Whetstone","Bag of Preparation","Smiling Mask","Tiny Chest","Regal Pillow","Cables","Orichalcum","Nuclear Battery","Red Mask","Gambling Chip","Vajra","Bag of Marbles","Calipers","Potion Belt"],"acts_visited":["Exordium","TheCity","TheBeyond"],"potions_floor_usage":[33,39,41,50],"damage_taken":[{"damage":0.0,"enemies":"Cultist","floor":1.0,"turns":1.0},{"damage":0.0,"enemies":"Jaw Worm","floor":2.0,"turns":1.0},{"damage":0.0,"enemies":"3 Sentries","floor":6.0,"turns":1.0},{"damage":20.0,"enemies":"Lagavulin","floor":8.0,"turns":5.0},{"damage":15.0,"enemies":"3 Sentries","floor":10.0,"turns":7.0},{"damage":1.0,"enemies":"Small Slimes","floor":11.0,"turns":2.0},{"damage":3.0,"enemies":"Looter","floor":12.0,"turns":2.0},{"damage":6.0,"enemies":"Gremlin Nob","floor":14.0,"turns":5.0},{"damage":17.0,"enemies":"The Guardian","floor":16.0,"turns":11.0},{"damage":4.0,"enemies":"3 Byrds","floor":18.0,"turns":5.0},{"damage":28.0,"enemies":"Gremlin Leader","floor":24.0,"turns":10.0},{"damage":18.0,"enemies":"Book of Stabbing","floor":27.0,"turns":7.0},{"damage":8.0,"enemies":"Shell Parasite","floor":29.0,"turns":5.0},{"damage":7.0,"enemies":"Sentry and Sphere","floor":30.0,"turns":4.0},{"damage":32.0,"enemies":"Gremlin Leader","floor":31.0,"turns":9.0},{"damage":40,"enemies":"Automaton","floor":33,"turns":10},{"damage":0,"enemies":"3 Shapes","floor":35,"turns":3},{"damage":0,"enemies":"Orb Walker","floor":36,"turns":2},{"damage":5,"enemies":"2 Orb Walkers","floor":39,"turns":4},{"damage":55,"enemies":"Reptomancer","floor":41,"turns":5},{"damage":10,"enemies":"Writhing Mass","floor":42,"turns":6},{"damage":1,"enemies":"Spire Growth","floor":47,"turns":3},{"damage":14,"enemies":"Transient","floor":48,"turns":5},{"damage":83,"enemies":"Awakened One","floor":50,"turns":11}],"seed_played":"3847197217103634998","potions_obtained":[{"floor":1.0,"key":"Strength Potion"},{"floor":6.0,"key":"Regen Potion"},{"floor":11.0,"key":"Block Potion"},{"floor":18.0,"key":"Weak Potion"},{"floor":24.0,"key":"Dexterity Potion"},{"floor":29.0,"key":"BlessingOfTheForge"},{"floor":35,"key":"Strength Potion"},{"floor":36,"key":"Swift Potion"},{"floor":47,"key":"Explosive Potion"}],"is_trial":false,"path_per_floor":["M","M","$","?","$","E","R","E","T","?","M","M","R","E","R","B",null,"M","?","?","?","$","R","E","R","T","E","$","M","M","E","R","B",null,"M","M","?","?","?","R","E","M","T","R","T","R","M","M","R","B"],"character_chosen":"DEFECT","items_purchased":["Defragment","Cables"],"campfire_rested":6,"item_purchase_floors":[3,28],"current_hp_per_floor":[75,75,75,75,75,75,75,55,55,40,39,36,58,52,52,35,75,71,71,71,58,58,58,45,69,69,51,51,43,36,4,43,3,80,80,80,80,80,75,75,20,10,10,49,49,80,79,65,80,0,0],"gold":119,"neow_bonus":"THREE_ENEMY_KILL","is_daily":false,"chose_seed":false,"campfire_upgraded":4,"win_rate":0.0,"timestamp":1609679830,"path_taken":["M","M","?","?","$","E","R","E","T","?","M","M","R","E","R","BOSS","M","?","?","?","$","R","E","R","T","E","$","M","M","E","R","BOSS","M","M","?","?","?","R","E","M","T","R","?","R","M","M","R","BOSS"],"items_purchased_type":["Card","Relic"],"build_version":"2020-12-22","purchased_purges":1,"victory":false,"max_hp_per_floor":[75,75,75,75,75,75,75,75,75,75,75,75,75,75,75,75,75,75,75,75,80,80,80,80,80,80,80,80,80,80,80,80,80,80,80,80,80,80,80,80,80,80,80,80,80,80,80,80,80,80,80],"card_choices":[{"not_picked":["Coolheaded","Reprogram","Rebound"],"picked":"SKIP","floor":1.0},{"not_picked":["Genetic Algorithm","Loop"],"picked":"Cold Snap","floor":2.0},{"not_picked":["Gash+1","Sunder+1"],"picked":"Darkness","floor":6.0},{"not_picked":["All For One+1","Self Repair","Hologram"],"picked":"SKIP","floor":8.0},{"not_picked":["Gash+1","Reprogram","Stack"],"picked":"SKIP","floor":11.0},{"not_picked":["Barrage+1","Consume"],"picked":"Leap","floor":12.0},{"not_picked":["Sunder+1","Streamline+1","Thunder Strike+1"],"picked":"SKIP","floor":14.0},{"not_picked":["Conserve Battery","Beam Cell+1","Go for the Eyes+1"],"picked":"SKIP","floor":18.0},{"not_picked":["Beam Cell+1","Coolheaded","Steam"],"picked":"SKIP","floor":24.0},{"not_picked":["Rebound+1","Scrape+1","Go for the Eyes+1"],"picked":"SKIP","floor":27.0},{"not_picked":["Rip and Tear+1","BootSequence"],"picked":"Ball Lightning+1","floor":29.0},{"not_picked":["Conserve Battery","Gash+1"],"picked":"Redo","floor":30.0},{"not_picked":["Aggregate","Steam","Barrage+1"],"picked":"SKIP","floor":31.0},{"not_picked":["Heatsinks+1","Streamline+1"],"picked":"White Noise+1","floor":35},{"not_picked":["Sweeping Beam+1","FTL+1"],"picked":"Lockon+1","floor":36},{"not_picked":["Loop","Beam Cell+1"],"picked":"Chaos","floor":39},{"not_picked":["Doom and Gloom+1","Storm","FTL+1"],"picked":"SKIP","floor":41},{"not_picked":["Double Energy+1","Genetic Algorithm","Undo+1"],"picked":"SKIP","floor":42},{"not_picked":["Cold Snap+1","Barrage+1","Gash+1"],"picked":"SKIP","floor":47},{"not_picked":["Streamline+1","Conserve Battery","Doom and Gloom+1"],"picked":"SKIP","floor":48}],"player_experience":360287,"relics_obtained":[{"floor":6.0,"key":"Molten Egg 2"},{"floor":8.0,"key":"HornCleat"},{"floor":9.0,"key":"Matryoshka"},{"floor":14.0,"key":"Whetstone"},{"floor":24.0,"key":"Bag of Preparation"},{"floor":26.0,"key":"Smiling Mask"},{"floor":26.0,"key":"Tiny Chest"},{"floor":27.0,"key":"Regal Pillow"},{"floor":31.0,"key":"Orichalcum"},{"floor":39,"key":"Gambling Chip"},{"floor":41,"key":"Vajra"},{"floor":43,"key":"Bag of Marbles"},{"floor":43,"key":"Calipers"},{"floor":45,"key":"Potion Belt"}],"event_choices":[{"damage_healed":0.0,"max_hp_gain":0.0,"max_hp_loss":0.0,"gold_gain":0.0,"event_name":"Big Fish","player_choice":"Box","floor":4.0,"gold_loss":0.0,"damage_taken":0.0,"relics_obtained":["Mummified Hand"],"cards_obtained":["Regret"]},{"damage_healed":0.0,"max_hp_gain":0.0,"max_hp_loss":0.0,"gold_gain":0.0,"event_name":"Dead Adventurer","player_choice":"Searched \u00272\u0027 times","floor":10.0,"gold_loss":0.0,"damage_taken":0.0,"relics_obtained":["TungstenRod"]},{"damage_healed":0.0,"max_hp_gain":0.0,"max_hp_loss":0.0,"gold_gain":0.0,"event_name":"Back to Basics","player_choice":"Simplicity","floor":19.0,"gold_loss":0.0,"damage_taken":0.0,"cards_upgraded":["Strike_B","Strike_B","Defend_B","Defend_B","Defend_B","Defend_B"]},{"damage_healed":0.0,"max_hp_gain":0.0,"max_hp_loss":0.0,"gold_gain":0.0,"event_name":"The Library","player_choice":"Read","floor":20.0,"gold_loss":0.0,"damage_taken":0.0,"cards_obtained":["Chaos"]},{"damage_healed":0.0,"max_hp_gain":5.0,"max_hp_loss":0.0,"gold_gain":0.0,"event_name":"Forgotten Altar","player_choice":"Shed Blood","floor":21.0,"gold_loss":0.0,"damage_taken":19.0},{"damage_healed":0,"gold_gain":0,"player_choice":"Paid","damage_taken":0,"relics_obtained":["Red Mask"],"max_hp_gain":0,"max_hp_loss":0,"event_name":"Tomb of Lord Red Mask","floor":37,"gold_loss":351},{"damage_healed":0,"gold_gain":0,"player_choice":"Memory 1","damage_taken":0,"max_hp_gain":0,"max_hp_loss":0,"event_name":"SensoryStone","floor":38,"gold_loss":0},{"damage_healed":0,"gold_gain":0,"player_choice":"Fight","damage_taken":0,"max_hp_gain":0,"max_hp_loss":0,"event_name":"Mysterious Sphere","floor":39,"gold_loss":0}],"is_beta":false,"boss_relics":[{"not_picked":["Cursed Key","Sozu","Coffee Dripper"]},{"not_picked":["Velvet Choker","Empty Cage"],"picked":"Nuclear Battery"}],"items_purged_floors":[5],"is_endless":false,"potions_floor_spawned":[1,6,11,18,24,29,35,36,47],"killed_by":"Awakened One","ascension_level":2}}