{"host":"a4s27ghlnr83kbqz","time":1609668164,"event":{"mods":["AchievementEnabler","BaseMod","Colored Map","Minty Spire (QoL Compilation)","Permanent Neow","SuperFastMode"],"gold_per_floor":[119,138,157,307,323,323,168,202,202,222,297,297,297,313,313,385,385,325,325,325,325,225,225,100,100,100,100,100,100,100],"floor_reached":29,"playtime":423,"items_purged":["Doubt","Writhe","Defend_R"],"score":450,"play_id":"11533aeb-22a8-4bbe-bb8b-290f37492351","local_time":"20210103180244","is_ascension_mode":true,"campfire_choices":[{"data":"Immolate","floor":6,"key":"SMITH"},{"data":"Evolve","floor":12,"key":"SMITH"},{"data":"Fire Breathing","floor":15,"key":"SMITH"},{"data":"Battle Trance","floor":23,"key":"SMITH"},{"data":"Seeing Red","floor":28,"key":"SMITH"}],"circlet_count":0,"master_deck":["AscendersBane","Strike_R","Strike_R","Strike_R","Strike_R","Defend_R","Defend_R","Defend_R","Bash","Immolate+1","Perfected Strike","Battle Trance+1","Fire Breathing+1","Evolve+1","Flame Barrier","Perfected Strike+1","Seeing Red+1"],"relics":["Burning Blood","Shuriken","Blue Candle","Ectoplasm","Pear","MealTicket"],"acts_visited":["Exordium","TheCity"],"potions_floor_usage":[8,16,25],"damage_taken":[{"damage":0,"enemies":"2 Louse","floor":1,"turns":2},{"damage":7,"enemies":"Jaw Worm","floor":2,"turns":3},{"damage":3,"enemies":"Small Slimes","floor":3,"turns":2},{"damage":33,"enemies":"Exordium Wildlife","floor":5,"turns":5},{"damage":10,"enemies":"3 Sentries","floor":8,"turns":3},{"damage":0,"enemies":"2 Fungi Beasts","floor":10,"turns":1},{"damage":14,"enemies":"Blue Slaver","floor":14,"turns":7},{"damage":13,"enemies":"Slime Boss","floor":16,"turns":4},{"damage":16,"enemies":"2 Thieves","floor":18,"turns":3},{"damage":1,"enemies":"Spheric Guardian","floor":19,"turns":3},{"damage":13,"enemies":"Chosen and Byrds","floor":20,"turns":4},{"damage":19,"enemies":"Snake Plant","floor":25,"turns":3},{"damage":65,"enemies":"Gremlin Leader","floor":29,"turns":5}],"seed_played":"-4532537432256209353","potions_obtained":[{"floor":2,"key":"Explosive Potion"},{"floor":8,"key":"PowerPotion"},{"floor":10,"key":"AttackPotion"},{"floor":16,"key":"Strength Potion"}],"is_trial":false,"path_per_floor":["M","M","M","?","M","R","$","E","T","M","?","R","?","M","R","B",null,"M","M","M","?","$","R","$","M","T","$","R","E"],"character_chosen":"IRONCLAD","items_purchased":["Fire Breathing"],"campfire_rested":0,"item_purchase_floors":[7],"current_hp_per_floor":[68,67,68,68,41,41,41,37,37,43,32,32,32,24,24,17,55,45,50,43,53,53,53,53,40,40,55,55,0,0],"gold":100,"neow_bonus":"THREE_RARE_CARDS","is_daily":false,"chose_seed":false,"campfire_upgraded":5,"win_rate":0.0,"timestamp":1609668164,"path_taken":["M","M","M","?","M","R","$","E","T","M","?","R","?","M","R","BOSS","M","M","M","?","$","R","$","M","T","$","R","E"],"items_purchased_type":["Card"],"build_version":"2020-12-22","purchased_purges":3,"victory":false,"max_hp_per_floor":[68,68,68,68,68,68,68,68,68,68,68,68,68,68,68,68,68,68,68,68,78,78,78,78,78,78,78,78,78,78],"card_choices":[{"not_picked":["Demon Form","Brutality"],"picked":"Immolate","floor":0},{"not_picked":["Headbutt","Havoc"],"picked":"Perfected Strike","floor":1},{"not_picked":["Metallicize","Spot Weakness","Clash"],"picked":"SKIP","floor":2},{"not_picked":["True Grit","Carnage","Iron Wave"],"picked":"SKIP","floor":3},{"not_picked":["Havoc","Armaments"],"picked":"Battle Trance","floor":5},{"not_picked":["Heavy Blade","Twin Strike"],"picked":"Evolve","floor":8},{"not_picked":["Twin Strike","Rampage"],"picked":"Flame Barrier","floor":10},{"not_picked":["Pommel Strike","Clash","Heavy Blade"],"picked":"SKIP","floor":14},{"not_picked":["Havoc","Wild Strike"],"picked":"Perfected Strike+1","floor":18},{"not_picked":["Flex","Spot Weakness","Pommel Strike"],"picked":"SKIP","floor":19},{"not_picked":["Sword Boomerang","Iron Wave","Armaments"],"picked":"SKIP","floor":20},{"not_picked":["Body Slam","Thunderclap"],"picked":"Seeing Red","floor":25}],"player_experience":1083359,"relics_obtained":[{"floor":8,"key":"Shuriken"},{"floor":9,"key":"Blue Candle"},{"floor":26,"key":"MealTicket"}],"event_choices":[{"damage_healed":0,"gold_gain":150,"player_choice":"AGREE","damage_taken":0,"max_hp_gain":0,"max_hp_loss":0,"event_name":"Liars Game","floor":4,"gold_loss":0,"cards_obtained":["Doubt"]},{"damage_healed":0,"gold_gain":75,"player_choice":"Gather Gold","damage_taken":11,"max_hp_gain":0,"max_hp_loss":0,"event_name":"World of Goop","floor":11,"gold_loss":0},{"cards_removed":["Strike_R"],"damage_healed":0,"gold_gain":0,"player_choice":"Forget","damage_taken":0,"max_hp_gain":0,"max_hp_loss":0,"event_name":"Living Wall","floor":13,"gold_loss":0},{"damage_healed":0,"gold_gain":0,"player_choice":"Opened","damage_taken":0,"relics_obtained":["Pear"],"max_hp_gain":0,"max_hp_loss":0,"event_name":"The Mausoleum","floor":21,"gold_loss":0,"cards_obtained":["Writhe"]}],"is_beta":false,"boss_relics":[{"not_picked":["Runic Dome","Philosopher\u0027s Stone"],"picked":"Ectoplasm"}],"items_purged_floors":[7,22,24],"is_endless":false,"potions_floor_spawned":[2,8,10,14,16,18],"killed_by":"Gremlin Leader","ascension_level":20}}