{"host":"nozk9xg7ssf2drdi","time":1609648668,"event":{"mods":["BaseMod","Colored Map","Minty Spire (QoL Compilation)","Relic Stats","Slay the Relics Exporter","StSLib","everything is the same but u backflip on backflip"],"gold_per_floor":[218,19,36,47,47,47,75,87,87,237,237,17,30,58,58,132,132,146,146,164,175,175,175,201,220,220,220,220,220,250,260,260,334,334,351,351,351],"floor_reached":36,"playtime":6112,"items_purged":["Strike_G","Doubt"],"score":824,"play_id":"c96ed911-2388-4a6f-a603-4faba423d83e","local_time":"20210102223748","is_ascension_mode":true,"campfire_choices":[{"floor":6,"key":"REST"},{"floor":11,"key":"REST"},{"data":"Crippling Poison","floor":15,"key":"SMITH"},{"data":"Well Laid Plans","floor":23,"key":"SMITH"},{"data":"Ghostly","floor":27,"key":"SMITH"},{"data":"Acrobatics","floor":29,"key":"SMITH"},{"data":"Footwork","floor":32,"key":"SMITH"}],"circlet_count":0,"master_deck":["AscendersBane","Strike_G+1","Defend_G+1","Defend_G+1","Defend_G+1","Defend_G+1","Defend_G+1","Survivor","Neutralize","Dagger Spray","Dash","Noxious Fumes+1","Well Laid Plans+1","Crippling Poison+1","Footwork+1","Leg Sweep","Acrobatics+1","Grand Finale","Backflip","Ghostly","Ghostly","Ghostly+1","Adrenaline","Parasite","Acrobatics","Leg Sweep+1","Night Terror+1","Prepared+1","Flying Knee+1","Leg Sweep+1","Prepared+1"],"relics":["Ring of the Snake","Bottled Tornado","Eternal Feather","Bottled Flame","Cursed Key","Girya","Bottled Lightning","Toxic Egg 2","Astrolabe"],"acts_visited":["Exordium","TheCity","TheBeyond"],"potions_floor_usage":[13,16,21,24,36],"damage_taken":[{"damage":7,"enemies":"2 Louse","floor":1,"turns":3},{"damage":2,"enemies":"Jaw Worm","floor":3,"turns":4},{"damage":7,"enemies":"Small Slimes","floor":4,"turns":3},{"damage":21,"enemies":"3 Sentries","floor":7,"turns":7},{"damage":3,"enemies":"Looter","floor":8,"turns":5},{"damage":0,"enemies":"Exordium Wildlife","floor":13,"turns":6},{"damage":3,"enemies":"Lagavulin","floor":14,"turns":8},{"damage":35,"enemies":"Slime Boss","floor":16,"turns":14},{"damage":0,"enemies":"Spheric Guardian","floor":18,"turns":5},{"damage":7,"enemies":"Shell Parasite","floor":20,"turns":3},{"damage":0,"enemies":"Snake Plant","floor":21,"turns":6},{"damage":5,"enemies":"Book of Stabbing","floor":24,"turns":7},{"damage":0,"enemies":"Centurion and Healer","floor":25,"turns":4},{"damage":7,"enemies":"Gremlin Leader","floor":30,"turns":6},{"damage":0,"enemies":"Snecko","floor":31,"turns":6},{"damage":10,"enemies":"Automaton","floor":33,"turns":14},{"damage":0,"enemies":"3 Shapes","floor":35,"turns":4},{"damage":34,"enemies":"2 Orb Walkers","floor":36,"turns":5}],"seed_played":"-4263236206918068872","potions_obtained":[{"floor":7,"key":"ColorlessPotion"},{"floor":8,"key":"FearPotion"},{"floor":13,"key":"SkillPotion"},{"floor":14,"key":"Swift Potion"},{"floor":18,"key":"Energy Potion"},{"floor":24,"key":"LiquidBronze"},{"floor":33,"key":"CultistPotion"}],"is_trial":false,"path_per_floor":["M","$","M","M","?","R","E","M","T","?","R","$","M","E","R","B",null,"M","?","M","M","?","R","E","M","T","R","?","R","E","M","R","B",null,"M","?"],"character_chosen":"THE_SILENT","items_purchased":["Dash","Noxious Fumes","Footwork","Leg Sweep"],"campfire_rested":2,"item_purchase_floors":[2,2,12,12],"current_hp_per_floor":[52,52,50,43,23,42,21,18,18,18,46,46,46,43,55,20,55,55,55,48,48,33,33,28,28,28,33,33,33,26,26,33,23,31,31,0,0],"gold":351,"neow_bonus":"HUNDRED_GOLD","is_daily":false,"chose_seed":false,"campfire_upgraded":5,"win_rate":0.0,"timestamp":1609648668,"path_taken":["M","$","M","M","?","R","E","M","T","?","R","$","M","E","R","BOSS","M","?","M","M","?","R","E","M","T","R","?","R","E","?","R","BOSS","M","?"],"items_purchased_type":["Card","Card","Card","Card"],"build_version":"2020-12-22","purchased_purges":2,"victory":false,"max_hp_per_floor":[66,66,66,66,66,66,66,66,66,66,66,66,66,66,66,66,66,66,66,66,66,33,33,33,33,33,33,33,33,33,33,33,33,33,33,33,33],"relic_stats":{"counters":[18,110],"Astrolabe":["Prepared","Flying Knee","Leg Sweep"],"Eternal Feather":33,"Cursed Key":1,"obtain_stats":[{"Girya":24,"Bottled Flame":14,"Astrolabe":34,"Eternal Feather":9,"Bottled Lightning":26,"Bottled Tornado":7,"Toxic Egg 2":30,"Cursed Key":17,"Ring of the Snake":0},{"Girya":12,"Bottled Flame":7,"Astrolabe":16,"Eternal Feather":5,"Bottled Lightning":13,"Bottled Tornado":4,"Toxic Egg 2":14,"Cursed Key":8,"Ring of the Snake":0},{"Girya":71,"Bottled Flame":36,"Astrolabe":101,"Eternal Feather":22,"Bottled Lightning":75,"Bottled Tornado":17,"Toxic Egg 2":81,"Cursed Key":50,"Ring of the Snake":0}],"Ring of the Snake":[36]},"card_choices":[{"not_picked":["Outmaneuver","Acrobatics"],"picked":"Dagger Spray","floor":1},{"not_picked":["Terror","Prepared"],"picked":"Well Laid Plans","floor":3},{"not_picked":["Backstab","Sucker Punch"],"picked":"Crippling Poison","floor":4},{"not_picked":["Reflex","Dagger Spray","Bouncing Flask"],"picked":"SKIP","floor":7},{"not_picked":["Outmaneuver","Dagger Spray","Slice"],"picked":"SKIP","floor":8},{"not_picked":["Tactician","Sucker Punch"],"picked":"Acrobatics","floor":13},{"not_picked":["Choke","Accuracy","Dash"],"picked":"SKIP","floor":14},{"not_picked":["Unload","Venomology"],"picked":"Grand Finale","floor":16},{"not_picked":["Sucker Punch","Blade Dance"],"picked":"Backflip","floor":18},{"not_picked":["Finisher","Flying Knee","Poisoned Stab"],"picked":"SKIP","floor":20},{"not_picked":["Tactician","Skewer","Bane"],"picked":"SKIP","floor":21},{"not_picked":["Crippling Poison","Dagger Spray"],"picked":"Adrenaline","floor":24},{"not_picked":["Dagger Throw","Underhanded Strike","Dodge and Roll"],"picked":"SKIP","floor":25},{"not_picked":["Underhanded Strike","Dash+1"],"picked":"Leg Sweep+1","floor":30},{"not_picked":["Blade Dance+1","Dagger Spray+1","Dodge and Roll+1"],"picked":"SKIP","floor":31},{"not_picked":["Bullet Time+1","After Image"],"picked":"Night Terror+1","floor":33},{"not_picked":["Poisoned Stab+1","Concentrate+1"],"picked":"Prepared+1","floor":35}],"player_experience":5956887,"relics_obtained":[{"floor":7,"key":"Bottled Tornado"},{"floor":9,"key":"Eternal Feather"},{"floor":14,"key":"Bottled Flame"},{"floor":24,"key":"Girya"},{"floor":26,"key":"Bottled Lightning"},{"floor":30,"key":"Toxic Egg 2"}],"event_choices":[{"damage_healed":0,"gold_gain":0,"player_choice":"Entered Light","damage_taken":20,"max_hp_gain":0,"max_hp_loss":0,"event_name":"Shining Light","floor":5,"gold_loss":0,"cards_upgraded":["Defend_G","Noxious Fumes"]},{"damage_healed":0,"gold_gain":150,"player_choice":"AGREE","damage_taken":0,"max_hp_gain":0,"max_hp_loss":0,"event_name":"Liars Game","floor":10,"gold_loss":0,"cards_obtained":["Doubt"]},{"damage_healed":0,"gold_gain":0,"player_choice":"Simplicity","damage_taken":0,"max_hp_gain":0,"max_hp_loss":0,"event_name":"Back to Basics","floor":19,"gold_loss":0,"cards_upgraded":["Strike_G","Strike_G","Strike_G","Strike_G","Defend_G","Defend_G","Defend_G","Defend_G"]},{"damage_healed":0,"gold_gain":0,"player_choice":"Became a Ghost","damage_taken":0,"max_hp_gain":0,"max_hp_loss":33,"event_name":"Ghosts","floor":22,"gold_loss":0,"cards_obtained":["Ghostly","Ghostly","Ghostly"]},{"damage_healed":0,"gold_gain":0,"player_choice":"Read","damage_taken":0,"max_hp_gain":0,"max_hp_loss":0,"event_name":"The Library","floor":28,"gold_loss":0,"cards_obtained":["Acrobatics"]},{"damage_healed":0,"gold_gain":0,"player_choice":"Fight","damage_taken":0,"max_hp_gain":0,"max_hp_loss":0,"event_name":"Mysterious Sphere","floor":36,"gold_loss":0}],"is_beta":false,"boss_relics":[{"not_picked":["Fusion Hammer","SacredBark"],"picked":"Cursed Key"},{"not_picked":["Calling Bell","Tiny House"],"picked":"Astrolabe"}],"items_purged_floors":[2,12],"is_endless":false,"potions_floor_spawned":[7,8,13,14,18,24,33],"killed_by":"2 Orb Walkers","ascension_level":20}}