{"host":"u1dfzl6o6mfmauc3","time":1609713387,"event":{"mods":["2.2 Compatiblity","BaseMod","Block Reminder","Minty Spire (QoL Compilation)","Relic Stats","StSLib"],"gold_per_floor":[119,134,146,156,121,121,138,149,149,163,28,28,42,42,42,162,162,146,171,185,40,64,64,79,114,114,129,129,129],"floor_reached":28,"playtime":1103,"items_purged":[],"score":238,"play_id":"ce18a345-b0ff-4bd3-a1aa-95e6e8768508","local_time":"20210103173627","is_ascension_mode":false,"campfire_choices":[{"data":"Poisoned Stab","floor":6,"key":"SMITH"},{"data":"A Thousand Cuts","floor":15,"key":"SMITH"},{"data":"Adrenaline","floor":23,"key":"SMITH"}],"circlet_count":0,"master_deck":["Strike_G","Strike_G","Strike_G","Strike_G","Defend_G","Defend_G","Defend_G","Defend_G","Defend_G","Survivor","Neutralize","Poisoned Stab+1","Leg Sweep","Crippling Poison","Sucker Punch","Riddle With Holes","Adrenaline+1","Noxious Fumes","A Thousand Cuts+1","Dash","Doppelganger","Dagger Spray+1","Quick Slash+1","Blur","Deadly Poison","Parasite"],"relics":["Ring of the Snake","NeowsBlessing","Mango","Golden Idol","Cursed Key","ClockworkSouvenir","Ginger","Unceasing Top"],"acts_visited":["Exordium","TheCity"],"potions_floor_usage":[16,16,16,25,25,28],"damage_taken":[{"damage":0,"enemies":"Jaw Worm","floor":1,"turns":1},{"damage":0,"enemies":"Small Slimes","floor":2,"turns":1},{"damage":0,"enemies":"2 Louse","floor":3,"turns":1},{"damage":12,"enemies":"2 Fungi Beasts","floor":4,"turns":4},{"damage":13,"enemies":"Gremlin Gang","floor":7,"turns":4},{"damage":6,"enemies":"Lots of Slimes","floor":8,"turns":5},{"damage":8,"enemies":"Exordium Wildlife","floor":10,"turns":6},{"damage":3,"enemies":"2 Fungi Beasts","floor":13,"turns":3},{"damage":31,"enemies":"Hexaghost","floor":16,"turns":11},{"damage":8,"enemies":"2 Thieves","floor":18,"turns":4},{"damage":9,"enemies":"3 Byrds","floor":19,"turns":4},{"damage":0,"enemies":"Snecko","floor":20,"turns":5},{"damage":18,"enemies":"Snake Plant","floor":22,"turns":5},{"damage":2,"enemies":"Centurion and Healer","floor":24,"turns":6},{"damage":23,"enemies":"Book of Stabbing","floor":25,"turns":5},{"damage":6,"enemies":"Chosen and Byrds","floor":27,"turns":5},{"damage":17,"enemies":"Slavers","floor":28,"turns":1}],"seed_played":"6330418629524338768","potions_obtained":[{"floor":3,"key":"Regen Potion"},{"floor":8,"key":"AttackPotion"},{"floor":13,"key":"EssenceOfSteel"},{"floor":16,"key":"SkillPotion"},{"floor":18,"key":"AttackPotion"},{"floor":20,"key":"FearPotion"}],"is_trial":false,"path_per_floor":["M","M","M","M","?","R","M","M","T","M","$","?","M","?","R","B",null,"M","M","M","$","M","R","M","E","T","M","E"],"character_chosen":"THE_SILENT","items_purchased":["A Thousand Cuts","ClockworkSouvenir"],"campfire_rested":0,"item_purchase_floors":[11,21],"current_hp_per_floor":[70,70,70,58,70,70,57,51,65,57,57,50,47,47,47,31,78,70,61,61,61,43,43,41,18,18,12,0,0],"gold":129,"neow_bonus":"THREE_ENEMY_KILL","is_daily":false,"chose_seed":false,"campfire_upgraded":3,"win_rate":0.0,"timestamp":1609713387,"path_taken":["M","M","M","M","?","R","M","M","T","M","$","?","M","?","R","BOSS","M","M","M","$","M","R","M","E","T","M","E"],"items_purchased_type":["Card","Relic"],"build_version":"2020-12-22","purchased_purges":0,"victory":false,"max_hp_per_floor":[70,70,70,70,70,70,70,70,84,84,84,84,84,78,78,78,78,78,78,78,78,78,78,78,78,78,78,78,78],"relic_stats":{"counters":[17,71],"Golden Idol":53,"Ginger":[3],"Cursed Key":1,"obtain_stats":[{"NeowsBlessing":0,"Golden Idol":14,"Mango":9,"Ginger":25,"Cursed Key":17,"Unceasing Top":26,"Ring of the Snake":0,"ClockworkSouvenir":21},{"NeowsBlessing":0,"Golden Idol":8,"Mango":6,"Ginger":15,"Cursed Key":9,"Unceasing Top":15,"Ring of the Snake":0,"ClockworkSouvenir":12},{"NeowsBlessing":0,"Golden Idol":25,"Mango":16,"Ginger":65,"Cursed Key":36,"Unceasing Top":65,"Ring of the Snake":0,"ClockworkSouvenir":49}],"Unceasing Top":[0],"Ring of the Snake":[34]},"card_choices":[{"not_picked":["Skewer","Slice"],"picked":"Poisoned Stab","floor":1},{"not_picked":["Tactician","Flechettes"],"picked":"Leg Sweep","floor":2},{"not_picked":["Dagger Spray","Underhanded Strike"],"picked":"Crippling Poison","floor":3},{"not_picked":["Backstab","Masterful Stab"],"picked":"Sucker Punch","floor":4},{"not_picked":["Endless Agony","Poisoned Stab"],"picked":"Riddle With Holes","floor":7},{"not_picked":["Deflect","Sucker Punch"],"picked":"Adrenaline","floor":8},{"not_picked":["Backstab","Dagger Throw"],"picked":"Noxious Fumes","floor":10},{"not_picked":["Backflip","Acrobatics"],"picked":"Dash","floor":13},{"not_picked":["Unload","Phantasmal Killer"],"picked":"Doppelganger","floor":16},{"not_picked":["Acrobatics","Dodge and Roll"],"picked":"Dagger Spray+1","floor":18},{"not_picked":["PiercingWail","Underhanded Strike+1"],"picked":"Quick Slash+1","floor":19},{"not_picked":["Poisoned Stab","Crippling Poison"],"picked":"Blur","floor":20},{"not_picked":["Dagger Spray+1","Prepared+1"],"picked":"Deadly Poison","floor":22},{"not_picked":["Expertise","Underhanded Strike+1","Doppelganger"],"picked":"SKIP","floor":24},{"not_picked":["Dodge and Roll","Venomology","Blade Dance"],"picked":"SKIP","floor":25},{"not_picked":["Crippling Poison","Prepared","Endless Agony+1"],"picked":"SKIP","floor":27}],"player_experience":1490,"relics_obtained":[{"floor":9,"key":"Mango"},{"floor":25,"key":"Ginger"},{"floor":26,"key":"Unceasing Top"}],"event_choices":[{"damage_healed":17,"gold_gain":0,"player_choice":"Healed","damage_taken":0,"max_hp_gain":0,"max_hp_loss":0,"event_name":"The Cleric","floor":5,"gold_loss":35},{"cards_removed":["Strike_G"],"damage_healed":0,"gold_gain":0,"player_choice":"Card Removal","damage_taken":7,"max_hp_gain":0,"max_hp_loss":0,"event_name":"Golden Wing","floor":12,"gold_loss":0},{"damage_healed":0,"gold_gain":0,"player_choice":"Lose Max HP","damage_taken":0,"relics_obtained":["Golden Idol"],"max_hp_gain":0,"max_hp_loss":6,"event_name":"Golden Idol","floor":14,"gold_loss":0}],"is_beta":false,"boss_relics":[{"not_picked":["SacredBark","Astrolabe"],"picked":"Cursed Key"}],"items_purged_floors":[],"is_endless":false,"potions_floor_spawned":[3,8,13,16,18,20],"killed_by":"Slavers","ascension_level":0}}