{"host":"mcdusr64esz012l0","time":1609633450,"event":{"mods":["BaseMod","Minty Spire (QoL Compilation)","Relic Stats"],"gold_per_floor":[111,186,186,10,21,55,67,104,143,155,155],"floor_reached":10,"playtime":297,"items_purged":[],"score":148,"play_id":"3156632f-b880-434d-a487-0635df142f0b","local_time":"20210102192410","is_ascension_mode":true,"campfire_choices":[{"floor":7,"key":"REST"}],"circlet_count":0,"master_deck":["AscendersBane","Strike_R","Strike_R","Strike_R","Strike_R","Strike_R","Defend_R","Defend_R","Defend_R","Defend_R","Bash","Battle Trance","Bludgeon","Feel No Pain"],"relics":["Black Star","MawBank","Ancient Tea Set","Omamori","White Beast Statue","Anchor"],"acts_visited":["Exordium"],"potions_floor_usage":[8],"damage_taken":[{"damage":7,"enemies":"2 Louse","floor":1,"turns":4},{"damage":0,"enemies":"Small Slimes","floor":5,"turns":3},{"damage":32,"enemies":"Gremlin Nob","floor":6,"turns":4},{"damage":45,"enemies":"3 Sentries","floor":8,"turns":10},{"damage":8,"enemies":"Gremlin Nob","floor":10,"turns":3}],"seed_played":"2929183367101814217","potions_obtained":[{"floor":1,"key":"BloodPotion"},{"floor":8,"key":"Dexterity Potion"}],"is_trial":false,"path_per_floor":["M","?","?","$","M","E","R","E","T","E"],"character_chosen":"IRONCLAD","items_purchased":["Bludgeon"],"campfire_rested":1,"item_purchase_floors":[4],"current_hp_per_floor":[61,50,50,50,50,18,40,10,10,2,2],"gold":155,"neow_bonus":"BOSS_RELIC","is_daily":false,"chose_seed":false,"campfire_upgraded":0,"win_rate":0.0,"timestamp":1609633450,"path_taken":["M","?","?","$","M","E","R","E","T","E"],"items_purchased_type":["Card"],"build_version":"2020-12-22","purchased_purges":0,"victory":false,"max_hp_per_floor":[75,75,75,75,75,75,75,75,75,75,75],"relic_stats":{"counters":[5,24],"Black Star":2,"MawBank":48,"obtain_stats":[{"Anchor":9,"Black Star":0,"Omamori":8,"MawBank":6,"Ancient Tea Set":6,"Burning Blood":0,"White Beast Statue":8},{"Anchor":4,"Black Star":0,"Omamori":4,"MawBank":3,"Ancient Tea Set":3,"Burning Blood":0,"White Beast Statue":4},{"Anchor":21,"Black Star":0,"Omamori":21,"MawBank":11,"Ancient Tea Set":11,"Burning Blood":0,"White Beast Statue":21}]},"card_choices":[{"not_picked":["Havoc","Fire Breathing"],"picked":"Battle Trance","floor":1},{"not_picked":["Perfected Strike","Spot Weakness","Iron Wave"],"picked":"SKIP","floor":5},{"not_picked":["Perfected Strike","Searing Blow","Pummel"],"picked":"SKIP","floor":6},{"not_picked":["Clash","Clothesline"],"picked":"Feel No Pain","floor":8}],"player_experience":1031258,"relics_obtained":[{"floor":6,"key":"MawBank"},{"floor":6,"key":"Ancient Tea Set"},{"floor":8,"key":"Omamori"},{"floor":8,"key":"White Beast Statue"},{"floor":9,"key":"Anchor"}],"event_choices":[{"damage_healed":0,"gold_gain":75,"player_choice":"Gather Gold","damage_taken":11,"max_hp_gain":0,"max_hp_loss":0,"event_name":"World of Goop","floor":2,"gold_loss":0},{"damage_healed":0,"gold_gain":0,"player_choice":"Fled","damage_taken":0,"max_hp_gain":0,"max_hp_loss":0,"event_name":"Scrap Ooze","floor":3,"gold_loss":0}],"is_beta":false,"boss_relics":[],"items_purged_floors":[],"is_endless":false,"potions_floor_spawned":[1,8],"killed_by":"Gremlin Nob","ascension_level":20}}