{"host":"cyiefo55v5hz1ih5","time":1609634130,"event":{"mods":["2.2 Compatiblity","AchievementEnabler","BaseMod","GifTheSpireLib","Hubris","Minty Spire (QoL Compilation)","Replay The Spire","Spicy Shops","StSLib","The Animator"],"gold_per_floor":[112,124,124,139,139,139,139,166,166,166,241,166,166,186,186,186,186],"floor_reached":16,"playtime":752,"items_purged":["animator:Strike"],"score":95,"play_id":"a40488d1-293c-47d6-9ad2-3d6f110e1495","local_time":"20210102193530","is_ascension_mode":true,"campfire_choices":[{"data":"animator:Vanir","floor":6,"key":"SMITH"},{"floor":10,"key":"REST"},{"floor":15,"key":"REST"}],"circlet_count":0,"master_deck":["animator:Strike_Fate","animator:Defend_Fate","animator:Strike","animator:Defend","animator:Defend","animator:Defend","animator:Alexander","animator:Rider","animator:Megumin+1","animator:Vanir+1","animator:Darkness","animator:ShinjiMatou"],"relics":["animator:LivingPicture","animator:TheMissingPiece","animator:Hoodie","Replay:Baseball"],"acts_visited":["Exordium"],"potions_floor_usage":[8,8,16],"damage_taken":[{"damage":2,"enemies":"Jaw Worm","floor":1,"turns":5},{"damage":7,"enemies":"2 Louse","floor":2,"turns":2},{"damage":8,"enemies":"Small Slimes","floor":4,"turns":3},{"damage":6,"enemies":"Gremlin Gang","floor":8,"turns":3},{"damage":13,"enemies":"Lots of Slimes","floor":14,"turns":3},{"damage":45,"enemies":"Slime Boss","floor":16,"turns":9}],"seed_played":"7232369255412372161","potions_obtained":[{"floor":2,"key":"Swift Potion"},{"floor":4,"key":"Energy Potion"},{"floor":14,"key":"DistilledChaos"}],"is_trial":false,"path_per_floor":["M","M","?","M","?","R","?","M","T","R","?","$","?","M","R","B"],"character_chosen":"THE_ANIMATOR","items_purchased":[],"campfire_rested":2,"item_purchase_floors":[],"current_hp_per_floor":[70,63,63,55,48,48,48,42,42,63,52,52,52,39,60,15,15],"gold":186,"neow_bonus":"TEN_PERCENT_HP_BONUS","is_daily":false,"chose_seed":false,"campfire_upgraded":1,"win_rate":0.0,"timestamp":1609634130,"path_taken":["M","M","?","M","?","R","?","?","T","R","?","$","?","M","R","BOSS"],"items_purchased_type":[],"build_version":"2020-12-22","purchased_purges":1,"victory":false,"max_hp_per_floor":[72,72,72,72,72,72,72,72,72,72,72,72,72,72,72,72,72],"card_choices":[{"not_picked":["animator:Rider","animator:Vesta"],"picked":"animator:Megumin","floor":1},{"not_picked":["animator:Alexander","animator:Scar","animator:Sloth"],"picked":"SKIP","floor":2},{"not_picked":["animator:LizardPriest","animator:YachiyoNanami"],"picked":"animator:Vanir","floor":4},{"not_picked":["animator:Illya","animator:Assassin"],"picked":"animator:ShinjiMatou","floor":8},{"not_picked":["animator:SilverFang","animator:KyokoSakura","animator:WinryRockbell"],"picked":"SKIP","floor":14}],"player_experience":675023,"relics_obtained":[{"floor":9,"key":"Replay:Baseball"}],"event_choices":[{"cards_removed":["animator:Strike"],"damage_healed":0,"gold_gain":0,"player_choice":"Forget","damage_taken":0,"max_hp_gain":0,"max_hp_loss":0,"event_name":"Living Wall","floor":3,"gold_loss":0},{"damage_healed":0,"gold_gain":0,"player_choice":"Success","damage_taken":7,"relics_obtained":["animator:Hoodie"],"max_hp_gain":0,"max_hp_loss":0,"event_name":"Scrap Ooze","floor":5,"gold_loss":0},{"damage_healed":0,"gold_gain":75,"player_choice":"Gather Gold","damage_taken":11,"max_hp_gain":0,"max_hp_loss":0,"event_name":"World of Goop","floor":11,"gold_loss":0}],"is_beta":false,"boss_relics":[],"items_purged_floors":[12],"is_endless":false,"potions_floor_spawned":[2,4,14],"killed_by":"Slime Boss","ascension_level":1}}