{"host":"j4g6ia6asvpyu2b0","time":1609708798,"event":{"mods":["BaseMod","Colored Map","Minty Spire (QoL Compilation)","Permanent Neow","Quick Restart","Relic Stats","StSLib","Unceasing Turn Reminder"],"gold_per_floor":[40,110,110,37,102,156,48,105,105,140,184,239,239,253,253,373,373,394,394,394,11,11,11,46,46,71,111,131,170,211,279,279,407,407,421,76,120,120,141,141,161,202,202,202,202,202,218,267,267,267,267,267,18,51,51],"floor_reached":56,"playtime":2000,"items_purged":["Strike_B","Strike_B","Defend_B"],"score":1667,"play_id":"cf579a79-1bb4-4295-9404-be0c790e7379","local_time":"20210103141958","is_ascension_mode":true,"campfire_choices":[{"data":"Chill","floor":15,"key":"SMITH"},{"data":"Electrodynamics","floor":23,"key":"SMITH"},{"data":"Biased Cognition","floor":25,"key":"SMITH"},{"data":"Capacitor","floor":32,"key":"SMITH"},{"data":"Consume","floor":40,"key":"SMITH"},{"floor":45,"key":"RECALL"},{"data":"Amplify","floor":49,"key":"SMITH"},{"data":"Coolheaded","floor":52,"key":"SMITH"}],"circlet_count":0,"master_deck":["Defend_B","Defend_B","Defend_B+1","Zap","Dualcast","HandOfGreed+1","Hologram+1","Self Repair","Darkness","Capacitor+1","Rip and Tear","Electrodynamics+1","Coolheaded","Sweeping Beam","Cold Snap","Chill+1","Biased Cognition+1","Lockon","Redo+1","Redo+1","Self Repair+1","Chaos+1","Coolheaded+1","Glacier","Lockon+1","Echo Form+1","Storm+1","Loop+1","Loop+1","Master of Strategy","Doom and Gloom+1","Consume+1","Loop+1","Loop+1","Coolheaded","Steam Power+1","Core Surge","Loop+1","Amplify+1","Coolheaded+1","Coolheaded","Lockon","Conserve Battery+1"],"relics":["Cracked Core","Mummified Hand","Eternal Feather","War Paint","HornCleat","Nunchaku","FossilizedHelix","Golden Idol","Empty Cage","Torii","Prayer Wheel","Happy Flower","Frozen Egg 2","PreservedInsect","Blood Vial","Inserter","Question Card","Anchor"],"acts_visited":["Exordium","TheCity","TheBeyond","TheEnding"],"potions_floor_usage":[16,24,29,31,55,55],"damage_taken":[{"damage":1.0,"enemies":"Cultist","floor":1.0,"turns":4.0},{"damage":4.0,"enemies":"Small Slimes","floor":5.0,"turns":3.0},{"damage":20.0,"enemies":"Lagavulin","floor":6.0,"turns":6.0},{"damage":20.0,"enemies":"3 Sentries","floor":8.0,"turns":5.0},{"damage":16.0,"enemies":"Lagavulin","floor":10.0,"turns":5.0},{"damage":10.0,"enemies":"Jaw Worm","floor":11.0,"turns":3.0},{"damage":0,"enemies":"Gremlin Nob","floor":12,"turns":3},{"damage":0,"enemies":"Red Slaver","floor":14,"turns":2},{"damage":29,"enemies":"Hexaghost","floor":16,"turns":10},{"damage":0,"enemies":"Chosen","floor":18,"turns":4},{"damage":6,"enemies":"Gremlin Leader","floor":24,"turns":7},{"damage":11,"enemies":"Book of Stabbing","floor":27,"turns":5},{"damage":0,"enemies":"3 Byrds","floor":28,"turns":6},{"damage":0,"enemies":"Gremlin Leader","floor":29,"turns":4},{"damage":0,"enemies":"Snecko","floor":30,"turns":5},{"damage":1,"enemies":"Slavers","floor":31,"turns":5},{"damage":13,"enemies":"Champ","floor":33,"turns":8},{"damage":13,"enemies":"3 Darklings","floor":35,"turns":4},{"damage":0,"enemies":"3 Shapes","floor":37,"turns":3},{"damage":0,"enemies":"Transient","floor":39,"turns":5},{"damage":0,"enemies":"3 Darklings","floor":41,"turns":3},{"damage":0,"enemies":"Giant Head","floor":42,"turns":5},{"damage":16,"enemies":"Jaw Worm Horde","floor":47,"turns":3},{"damage":22,"enemies":"Spire Growth","floor":48,"turns":4},{"damage":35,"enemies":"Awakened One","floor":50,"turns":10},{"damage":12,"enemies":"Shield and Spear","floor":54,"turns":3},{"damage":21,"enemies":"The Heart","floor":55,"turns":7}],"seed_played":"463281306842103713","potions_obtained":[{"floor":5.0,"key":"Fire Potion"},{"floor":10.0,"key":"AttackPotion"},{"floor":12,"key":"PowerPotion"},{"floor":16,"key":"PotionOfCapacity"},{"floor":18,"key":"SteroidPotion"},{"floor":22,"key":"FocusPotion"},{"floor":27,"key":"AttackPotion"},{"floor":33,"key":"LiquidBronze"},{"floor":37,"key":"EssenceOfSteel"},{"floor":42,"key":"DistilledChaos"}],"is_trial":false,"path_per_floor":["M","T","?","$","M","E","$","E","T","E","M","E","?","M","R","B",null,"M","?","?","$","?","R","E","R","T","E","M","E","M","E","R","B",null,"M","$","M","$","M","R","M","E","T","?","R","?","M","M","R","B",null,"R","$","E","B",null],"character_chosen":"DEFECT","items_purchased":["Self Repair","Capacitor","Rip and Tear","Torii","Loop+1","Master of Strategy","Coolheaded","Lockon"],"campfire_rested":0,"item_purchase_floors":[4,7,7,21,36,36,53,53],"current_hp_per_floor":[74,74,74,74,75,62,62,49,49,40,30,37,19,19,31,9,75,75,61,61,61,61,73,74,80,80,76,80,80,80,80,80,80,80,80,80,80,80,80,80,80,80,80,80,80,80,80,72,80,45,80,80,80,80,80],"gold":51,"neow_bonus":"RANDOM_COLORLESS_2","is_daily":false,"chose_seed":false,"campfire_upgraded":7,"win_rate":0.0,"timestamp":1609708798,"path_taken":["M","?","?","$","?","E","?","E","T","E","M","E","?","M","R","BOSS","M","?","?","$","?","R","E","R","T","E","M","E","?","E","R","BOSS","M","?","M","?","M","R","M","E","T","?","R","?","M","?","R","BOSS","R","$","E","BOSS"],"items_purchased_type":["Card","Card","Card","Relic","Card","Card","Card","Card"],"build_version":"2020-12-22","purchased_purges":3,"victory":true,"max_hp_per_floor":[75,75,75,75,75,75,75,75,75,75,75,75,75,75,75,75,75,75,80,80,80,80,80,80,80,80,80,80,80,80,80,80,80,80,80,80,80,80,80,80,80,80,80,80,80,80,80,80,80,80,80,80,80,80,80],"relic_stats":{"Inserter":[23],"Torii":34,"Happy Flower":[26],"counters":[27,131],"Golden Idol":183,"Eternal Feather":38,"PreservedInsect":231,"War Paint":["Hologram","Defend_B"],"Question Card":5,"Blood Vial":0,"Nunchaku":[12],"Mummified Hand":[160],"Prayer Wheel":8,"obtain_stats":[{"Inserter":34,"Torii":21,"Happy Flower":26,"Golden Idol":13,"Eternal Feather":6,"PreservedInsect":29,"War Paint":8,"Frozen Egg 2":27,"Empty Cage":17,"Question Card":42,"Blood Vial":31,"Nunchaku":10,"Anchor":54,"HornCleat":9,"Mummified Hand":2,"Prayer Wheel":24,"Cracked Core":0,"FossilizedHelix":12},{"Inserter":17,"Torii":10,"Happy Flower":11,"Golden Idol":7,"Eternal Feather":3,"PreservedInsect":14,"War Paint":4,"Frozen Egg 2":12,"Empty Cage":9,"Question Card":22,"Blood Vial":16,"Nunchaku":5,"Anchor":26,"HornCleat":4,"Mummified Hand":1,"Prayer Wheel":11,"Cracked Core":0,"FossilizedHelix":7},{"Inserter":85,"Torii":45,"Happy Flower":52,"Golden Idol":29,"Eternal Feather":13,"PreservedInsect":67,"War Paint":18,"Frozen Egg 2":57,"Empty Cage":41,"Question Card":105,"Blood Vial":77,"Nunchaku":23,"Anchor":125,"HornCleat":18,"Mummified Hand":4,"Prayer Wheel":52,"Cracked Core":0,"FossilizedHelix":29}]},"card_choices":[{"not_picked":["Magnetism","Transmutation"],"picked":"HandOfGreed","floor":0.0},{"not_picked":["Stack","Reprogram"],"picked":"Hologram","floor":1.0},{"not_picked":["Barrage","Beam Cell","Skim"],"picked":"SKIP","floor":5.0},{"not_picked":["Streamline","Rebound"],"picked":"Darkness","floor":6.0},{"not_picked":["Steam","Blizzard"],"picked":"Electrodynamics","floor":8.0},{"not_picked":["Gash","Leap"],"picked":"Coolheaded","floor":10.0},{"not_picked":["Stack","Steam"],"picked":"Sweeping Beam","floor":11.0},{"not_picked":["Hologram","Leap"],"picked":"Cold Snap","floor":12},{"not_picked":["Redo","Conserve Battery"],"picked":"Chill","floor":14},{"not_picked":["Core Surge","Buffer"],"picked":"Biased Cognition","floor":16},{"not_picked":["Gash","FTL"],"picked":"Lockon","floor":18},{"not_picked":["Streamline","Coolheaded"],"picked":"Redo+1","floor":24},{"not_picked":["Lockon","Beam Cell"],"picked":"Redo+1","floor":27},{"not_picked":["Compile Driver","Fusion"],"picked":"Self Repair+1","floor":28},{"not_picked":["Scrape","Steam Power","Multi-Cast"],"picked":"SKIP","floor":28},{"not_picked":["BootSequence","Melter"],"picked":"Chaos+1","floor":29},{"not_picked":["Sweeping Beam","Beam Cell"],"picked":"Coolheaded","floor":30},{"not_picked":["Steam Power","Conserve Battery+1"],"picked":"Glacier","floor":30},{"not_picked":["Steam","Conserve Battery"],"picked":"Lockon+1","floor":31},{"not_picked":["Buffer+1","Fission"],"picked":"Echo Form+1","floor":33},{"not_picked":["Leap","Stack+1"],"picked":"Storm+1","floor":35},{"not_picked":["Coolheaded+1","Rebound+1"],"picked":"Loop+1","floor":35},{"not_picked":["FTL","Beam Cell"],"picked":"Doom and Gloom+1","floor":37},{"not_picked":["Sweeping Beam+1","Beam Cell"],"picked":"Rainbow","floor":37},{"not_picked":["Redo+1","Beam Cell+1"],"picked":"Consume","floor":39},{"not_picked":["Scrape","Leap+1"],"picked":"Loop+1","floor":39},{"not_picked":["Auto Shields","Barrage+1"],"picked":"Loop+1","floor":41},{"not_picked":["Leap+1","Compile Driver"],"picked":"Coolheaded","floor":41},{"not_picked":["Reinforced Body","Stack"],"picked":"Steam Power+1","floor":42},{"not_picked":["Ball Lightning","Self Repair+1","Chill"],"picked":"Loop+1","floor":47},{"not_picked":["Rip and Tear+1","Stack","Steam Power+1"],"picked":"Amplify","floor":47},{"not_picked":["Gash+1","Rip and Tear+1","Double Energy+1"],"picked":"Coolheaded+1","floor":48},{"not_picked":["Streamline+1","Go for the Eyes","Self Repair+1","Gash"],"picked":"SKIP","floor":48},{"not_picked":["Beam Cell+1","Lockon+1","Stack+1"],"picked":"Conserve Battery+1","floor":54}],"player_experience":685250,"relics_obtained":[{"floor":2.0,"key":"Mummified Hand"},{"floor":6.0,"key":"Eternal Feather"},{"floor":8.0,"key":"War Paint"},{"floor":9.0,"key":"HornCleat"},{"floor":10.0,"key":"Nunchaku"},{"floor":12,"key":"FossilizedHelix"},{"floor":24,"key":"Prayer Wheel"},{"floor":26,"key":"Happy Flower"},{"floor":27,"key":"Frozen Egg 2"},{"floor":29,"key":"PreservedInsect"},{"floor":31,"key":"Blood Vial"},{"floor":42,"key":"Question Card"},{"floor":54,"key":"Anchor"}],"event_choices":[{"damage_healed":0.0,"max_hp_gain":0.0,"max_hp_loss":0.0,"gold_gain":0.0,"event_name":"Living Wall","player_choice":"Grow","floor":3.0,"gold_loss":0.0,"damage_taken":0.0,"cards_upgraded":["HandOfGreed"]},{"damage_healed":0,"gold_gain":0,"player_choice":"Take Damage","damage_taken":18,"relics_obtained":["Golden Idol"],"max_hp_gain":0,"max_hp_loss":0,"event_name":"Golden Idol","floor":13,"gold_loss":0},{"damage_healed":0,"gold_gain":0,"player_choice":"Shed Blood","damage_taken":19,"max_hp_gain":5,"max_hp_loss":0,"event_name":"Forgotten Altar","floor":19,"gold_loss":0},{"damage_healed":0,"gold_gain":0,"player_choice":"Ignored","damage_taken":0,"max_hp_gain":0,"max_hp_loss":0,"event_name":"Ghosts","floor":20,"gold_loss":0},{"damage_healed":0,"gold_gain":0,"player_choice":"Got Potions","damage_taken":0,"max_hp_gain":0,"max_hp_loss":0,"event_name":"Lab","floor":22,"gold_loss":0},{"cards_removed":["Rainbow"],"damage_healed":0,"gold_gain":0,"player_choice":"Removed Skill","damage_taken":0,"max_hp_gain":0,"max_hp_loss":0,"event_name":"Falling","floor":44,"gold_loss":0},{"damage_healed":0,"gold_gain":0,"player_choice":"1 cards matched","damage_taken":0,"max_hp_gain":0,"max_hp_loss":0,"event_name":"Match and Keep!","floor":46,"gold_loss":0,"cards_obtained":["Core Surge"]}],"is_beta":false,"boss_relics":[{"not_picked":["Tiny House","FrozenCore"],"picked":"Empty Cage"},{"not_picked":["Nuclear Battery","Pandora\u0027s Box"],"picked":"Inserter"}],"items_purged_floors":[21,36,53],"is_endless":false,"potions_floor_spawned":[5,10,12,16,18,27,28,33,37,39,42,47],"ascension_level":4}}