{"host":"2pffx5rqbod9ds0c","time":1609632780,"event":{"mods":["BaseMod","Better Altar","Better Match","Better Note","Better Sensory Stone","Better Skull","Better Third Choice","Custom Start","Hubris","Minty Spire (QoL Compilation)","Quick Restart","Relic Stats","Spicy Shops","StSLib","The Marked"],"gold_per_floor":[18,18,18,18,18,18,52,52,52,87,87,12,12,25,25,156,156,175,199,9147,9147,9170,9211,9211,9249,9321,7888,7902,7902,7927,7965,7965,8095,8095,8111,8111,6794,6807,6807,6845,6860,6894,6949,6967,6982,6982,5954,5974,5974,5974],"floor_reached":51,"playtime":3190,"items_purged":["theMarked:Strike","theMarked:Strike","theMarked:Strike","theMarked:Defend","theMarked:Defend","theMarked:Defend"],"score":910,"play_id":"7bb3291d-c834-4b93-9a1c-a79d07d2698b","local_time":"20210102161300","is_ascension_mode":true,"campfire_choices":[{"data":"theMarked:Abjuration","floor":6,"key":"SMITH"},{"data":"theMarked:SoldierOfQuellstein","floor":8,"key":"SMITH"},{"data":"theMarked:HeritageOfTheMarked","floor":11,"key":"SMITH"},{"data":"theMarked:BanishingWave","floor":15,"key":"SMITH"},{"data":"theMarked:Abjuration","floor":24,"key":"SMITH"},{"data":"theMarked:TwofoldDefense","floor":29,"key":"SMITH"},{"data":"theMarked:ThrowWeapon","floor":32,"key":"SMITH"},{"data":"theMarked:SoldierForm","floor":49,"key":"SMITH"}],"circlet_count":0,"master_deck":["theMarked:SoldierOfQuellstein+1","theMarked:Abjuration+1","theMarked:HeritageOfTheMarked+1","theMarked:BanishingWave+1","theMarked:MuscleMemory","theMarked:Abjuration+1","theMarked:TwofoldDefense+1","theMarked:ThrowWeapon+1","theMarked:SoldierForm+1","theMarked:Abjuration","Finesse","theMarked:Abjuration+1"],"relics":["theMarked:ArtifactOfAir","Golden Idol","hubris:Towel","theMarked:KettuFlask","Meat on the Bone","Vajra","hubris:TerracottaHorce","StrikeDummy","ClockworkSouvenir","hubris:BundleOfHerbs","PreservedInsect","hubris:ToyBattleship","Sundial","hubris:Reverence","theMarked:VonisonLock","Oddly Smooth Stone","Lee\u0027s Waffle","TheAbacus","Centennial Puzzle","Ice Cream","Philosopher\u0027s Stone","Medical Kit","Lantern","Omamori","Eternal Feather","HandDrill","theMarked:NailFile","Dead Branch","Smiling Mask","theMarked:Gun","Singing Bowl","Bag of Preparation","Toy Ornithopter","Membership Card","DollysMirror"],"acts_visited":["Exordium","TheCity","TheBeyond"],"potions_floor_usage":[23,50,50],"damage_taken":[{"damage":0,"enemies":"Small Slimes","floor":1,"turns":3},{"damage":19,"enemies":"Gremlin Nob","floor":7,"turns":4},{"damage":16,"enemies":"Lagavulin","floor":10,"turns":5},{"damage":1,"enemies":"Jaw Worm","floor":14,"turns":3},{"damage":16,"enemies":"Hexaghost","floor":16,"turns":6},{"damage":2,"enemies":"Shell Parasite","floor":18,"turns":2},{"damage":14,"enemies":"Spheric Guardian","floor":19,"turns":4},{"damage":0,"enemies":"Shelled Parasite and Fungi","floor":22,"turns":2},{"damage":34,"enemies":"Book of Stabbing","floor":23,"turns":4},{"damage":0,"enemies":"Slavers","floor":25,"turns":2},{"damage":0,"enemies":"Centurion and Healer","floor":28,"turns":2},{"damage":0,"enemies":"Snake Plant","floor":30,"turns":3},{"damage":1,"enemies":"Book of Stabbing","floor":31,"turns":3},{"damage":23,"enemies":"Champ","floor":33,"turns":7},{"damage":0,"enemies":"3 Darklings","floor":35,"turns":2},{"damage":0,"enemies":"Orb Walker","floor":38,"turns":1},{"damage":17,"enemies":"Nemesis","floor":40,"turns":3},{"damage":1,"enemies":"4 Shapes","floor":41,"turns":2},{"damage":0,"enemies":"Reptomancer","floor":42,"turns":2},{"damage":0,"enemies":"Jaw Worm Horde","floor":44,"turns":2},{"damage":0,"enemies":"3 Darklings","floor":45,"turns":2},{"damage":0,"enemies":"Spire Growth","floor":48,"turns":2},{"damage":6,"enemies":"Time Eater","floor":50,"turns":5}],"seed_played":"-1464168936876982286","potions_obtained":[{"floor":14,"key":"Explosive Potion"},{"floor":19,"key":"SpeedPotion"},{"floor":25,"key":"Swift Potion"},{"floor":30,"key":"Block Potion"},{"floor":35,"key":"DuplicationPotion"}],"is_trial":false,"path_per_floor":["M","?","?","?","$","R","E","R","T","E","R","$","?","M","R","B",null,"M","M","$","?","M","E","R","E","T","$","M","R","M","E","R","B",null,"M","?","$","M","?","E","M","E","T","M","M","?","$","M","R","B",null],"character_chosen":"THE_DEFAULT","items_purchased":["StrikeDummy","ClockworkSouvenir","hubris:BundleOfHerbs","theMarked:Abjuration","hubris:Reverence","theMarked:VonisonLock","Oddly Smooth Stone","Lee\u0027s Waffle","TheAbacus","theMarked:TwofoldDefense","Centennial Puzzle","Medical Kit","Lantern","Omamori","Eternal Feather","theMarked:Abjuration","HandDrill","Finesse","theMarked:Gun","Singing Bowl","Bag of Preparation","Toy Ornithopter","Membership Card","DollysMirror"],"campfire_rested":0,"item_purchase_floors":[20,20,20,20,27,27,27,27,27,27,27,37,37,37,37,37,37,37,47,47,47,47,47,47],"current_hp_per_floor":[70,53,53,53,53,53,34,34,34,30,30,30,30,41,41,37,62,60,46,46,46,46,24,24,36,36,77,77,77,77,76,76,53,71,71,71,71,71,71,54,74,77,77,77,77,77,77,79,79,79],"gold":5974,"neow_bonus":"THREE_RARE_CARDS","is_daily":false,"chose_seed":false,"campfire_upgraded":8,"win_rate":0.0,"timestamp":1609632780,"path_taken":["M","?","?","?","$","R","E","R","T","E","R","?","?","M","R","BOSS","M","M","?","?","?","E","R","E","T","$","M","R","M","E","R","BOSS","M","?","$","M","?","E","M","E","T","M","M","?","$","?","R","BOSS"],"items_purchased_type":["Relic","Relic","Relic","Card","Relic","Relic","Relic","Relic","Relic","Card","Relic","Relic","Relic","Relic","Relic","Card","Relic","Card","Relic","Relic","Relic","Relic","Relic","Relic"],"build_version":"2020-12-22","purchased_purges":6,"victory":true,"max_hp_per_floor":[70,70,70,70,70,70,70,70,70,70,70,70,70,70,70,70,70,70,70,70,70,70,70,70,70,70,77,77,77,77,77,77,77,77,77,77,77,77,77,77,77,77,77,77,77,77,77,79,79,79],"relic_stats":{"Lee\u0027s Waffle":41,"Singing Bowl":2,"counters":[23,70],"Golden Idol":176,"Dead Branch":[4],"Eternal Feather":0,"PreservedInsect":186,"Bag of Preparation":[4],"Medical Kit":[0],"Smiling Mask":0,"Centennial Puzzle":[15],"TheAbacus":[102],"Sundial":[10],"HandDrill":[8],"obtain_stats":[{"Ice Cream":31,"Lantern":37,"Singing Bowl":47,"Vajra":10,"Bag of Preparation":47,"Smiling Mask":43,"theMarked:KettuFlask":7,"hubris:TerracottaHorce":17,"ClockworkSouvenir":20,"Centennial Puzzle":27,"TheAbacus":27,"Sundial":26,"DollysMirror":47,"Philosopher\u0027s Stone":34,"theMarked:VonisonLock":27,"HandDrill":37,"theMarked:NailFile":40,"Lee\u0027s Waffle":27,"theMarked:Gun":47,"Golden Idol":2,"Dead Branch":42,"Oddly Smooth Stone":27,"Eternal Feather":37,"PreservedInsect":23,"Omamori":37,"hubris:Towel":3,"Medical Kit":37,"theMarked:ArtifactOfAir":0,"hubris:BundleOfHerbs":20,"hubris:ToyBattleship":25,"Membership Card":47,"StrikeDummy":20,"Toy Ornithopter":47,"Meat on the Bone":9,"hubris:Reverence":27},{"Ice Cream":13,"Lantern":15,"Singing Bowl":21,"Vajra":3,"Bag of Preparation":21,"Smiling Mask":19,"theMarked:KettuFlask":2,"hubris:TerracottaHorce":5,"ClockworkSouvenir":7,"Centennial Puzzle":10,"TheAbacus":10,"Sundial":10,"DollysMirror":21,"Philosopher\u0027s Stone":14,"theMarked:VonisonLock":10,"HandDrill":15,"theMarked:NailFile":17,"Lee\u0027s Waffle":10,"theMarked:Gun":21,"Golden Idol":1,"Dead Branch":19,"Oddly Smooth Stone":10,"Eternal Feather":15,"PreservedInsect":9,"Omamori":15,"hubris:Towel":1,"Medical Kit":15,"theMarked:ArtifactOfAir":0,"hubris:BundleOfHerbs":7,"hubris:ToyBattleship":10,"Membership Card":21,"StrikeDummy":7,"Toy Ornithopter":21,"Meat on the Bone":2,"hubris:Reverence":10},{"Ice Cream":42,"Lantern":51,"Singing Bowl":63,"Vajra":12,"Bag of Preparation":63,"Smiling Mask":59,"theMarked:KettuFlask":7,"hubris:TerracottaHorce":21,"ClockworkSouvenir":27,"Centennial Puzzle":35,"TheAbacus":35,"Sundial":35,"DollysMirror":63,"Philosopher\u0027s Stone":49,"theMarked:VonisonLock":35,"HandDrill":51,"theMarked:NailFile":55,"Lee\u0027s Waffle":35,"theMarked:Gun":63,"Golden Idol":3,"Dead Branch":59,"Oddly Smooth Stone":35,"Eternal Feather":51,"PreservedInsect":33,"Omamori":51,"hubris:Towel":3,"Medical Kit":51,"theMarked:ArtifactOfAir":0,"hubris:BundleOfHerbs":27,"hubris:ToyBattleship":35,"Membership Card":63,"StrikeDummy":27,"Toy Ornithopter":63,"Meat on the Bone":7,"hubris:Reverence":35}],"Toy Ornithopter":0,"Meat on the Bone":60},"card_choices":[{"not_picked":["theMarked:ThrowWeapon","theMarked:BindingBlade"],"picked":"theMarked:Abjuration","floor":0.0},{"not_picked":["theMarked:Static","theMarked:RepellingDischarge","theMarked:WastefulAttack"],"picked":"SKIP","floor":1},{"not_picked":["theMarked:EmpowerWeapon","theMarked:EnhanceMovement","theMarked:TwofoldDefense"],"picked":"SKIP","floor":7},{"not_picked":["theMarked:UnarmedFury","theMarked:SoldierForm"],"picked":"theMarked:HeritageOfTheMarked","floor":10},{"not_picked":["theMarked:Frustration","theMarked:BanishingStrike","theMarked:Parry"],"picked":"SKIP","floor":14},{"not_picked":["theMarked:Defy","theMarked:Snap"],"picked":"theMarked:MuscleMemory","floor":16},{"not_picked":["theMarked:ShockingTouch","theMarked:Improvise","theMarked:Parkour"],"picked":"SKIP","floor":18},{"not_picked":["theMarked:WastefulDefense+1","theMarked:Convert+1","theMarked:Improvise"],"picked":"SKIP","floor":19},{"not_picked":["theMarked:TakeCover","theMarked:Standoff+1","theMarked:RogueSparks+1"],"picked":"SKIP","floor":22},{"not_picked":["theMarked:Frustration+1","theMarked:HeightenedSenses","theMarked:EmpowerWeapon+1"],"picked":"SKIP","floor":23},{"not_picked":["theMarked:WardOff","theMarked:WastefulAttack","theMarked:TunnelVision"],"picked":"SKIP","floor":25},{"not_picked":["theMarked:ContemptForTheProud","theMarked:SummonStrength","theMarked:Aftermath"],"picked":"SKIP","floor":28},{"not_picked":["theMarked:Parkour","theMarked:Panic","theMarked:RogueSparks+1"],"picked":"SKIP","floor":30},{"not_picked":["theMarked:Frustration+1","theMarked:ResourceFulStrike"],"picked":"theMarked:ThrowWeapon","floor":31},{"not_picked":["theMarked:Defy","theMarked:ThrowWeapon"],"picked":"theMarked:SoldierForm","floor":33},{"not_picked":["theMarked:ReduceFriction","theMarked:Electrocute","theMarked:WastefulAttack"],"picked":"SKIP","floor":35},{"not_picked":["theMarked:Polarize","theMarked:WardOff","theMarked:WastefulDefense"],"picked":"SKIP","floor":38},{"not_picked":["theMarked:WastefulDefense","theMarked:TwofoldDefense+1","theMarked:SwordAndMagic+1"],"picked":"SKIP","floor":40},{"not_picked":["theMarked:WastefulDefense","theMarked:TwofoldDefense+1","theMarked:SwordAndMagic+1"],"picked":"SKIP","floor":40},{"not_picked":["theMarked:Parkour+1","theMarked:AttractMetal","theMarked:UnarmedFury"],"picked":"SKIP","floor":41},{"not_picked":["theMarked:Aftermath","theMarked:WardOff+1","theMarked:AttractMetal+1"],"picked":"SKIP","floor":42},{"not_picked":["theMarked:Frustration+1","theMarked:HeightenedSenses+1","theMarked:ChainLightning"],"picked":"SKIP","floor":44},{"not_picked":["theMarked:Overcharge","theMarked:Standoff+1","theMarked:ChainLightning"],"picked":"SKIP","floor":45},{"not_picked":["theMarked:Overthink","theMarked:MysticalArsenal+1","theMarked:ElectricStrings"],"picked":"Singing Bowl","floor":48}],"player_experience":721728,"relics_obtained":[{"floor":7,"key":"theMarked:KettuFlask"},{"floor":9,"key":"Meat on the Bone"},{"floor":10,"key":"Vajra"},{"floor":23,"key":"PreservedInsect"},{"floor":25,"key":"hubris:ToyBattleship"},{"floor":26,"key":"Sundial"},{"floor":31,"key":"Ice Cream"},{"floor":40,"key":"theMarked:NailFile"},{"floor":42,"key":"Dead Branch"},{"floor":43,"key":"Smiling Mask"}],"event_choices":[{"damage_healed":0,"gold_gain":0,"player_choice":"Take Damage","damage_taken":17,"relics_obtained":["Golden Idol"],"max_hp_gain":0,"max_hp_loss":0,"event_name":"Golden Idol","floor":2,"gold_loss":0},{"cards_removed":["theMarked:Strike"],"damage_healed":0,"gold_gain":0,"player_choice":"Forget","damage_taken":0,"max_hp_gain":0,"max_hp_loss":0,"event_name":"Living Wall","floor":4,"gold_loss":0},{"damage_healed":0,"gold_gain":0,"cards_transformed":["theMarked:Strike"],"player_choice":"Transformed","damage_taken":0,"max_hp_gain":0,"max_hp_loss":0,"event_name":"Transmorgrifier","floor":13,"gold_loss":0,"cards_obtained":["theMarked:BanishingWave"]},{"damage_healed":0,"gold_gain":2,"player_choice":"1","damage_taken":0,"max_hp_gain":0,"max_hp_loss":0,"event_name":"betterStone:BetterStone","floor":21,"gold_loss":0},{"cards_removed":["theMarked:Defend"],"damage_healed":0,"gold_gain":0,"player_choice":"Removed Skill","damage_taken":0,"max_hp_gain":0,"max_hp_loss":0,"event_name":"Falling","floor":36,"gold_loss":0},{"damage_healed":0,"gold_gain":0,"player_choice":"Ignored","damage_taken":0,"max_hp_gain":0,"max_hp_loss":0,"event_name":"The Moai Head","floor":39,"gold_loss":0},{"damage_healed":0,"gold_gain":0,"player_choice":"Ignored","damage_taken":0,"max_hp_gain":0,"max_hp_loss":0,"event_name":"Tomb of Lord Red Mask","floor":46,"gold_loss":0}],"is_beta":false,"boss_relics":[{"not_picked":["SlaversCollar","hubris:VirtuousBlindfold"],"picked":"hubris:TerracottaHorce"},{"not_picked":["Astrolabe","theMarked:SpiritSword"],"picked":"Philosopher\u0027s Stone"}],"items_purged_floors":[12,20,20,27,27,37],"is_endless":false,"potions_floor_spawned":[14,19,25,30,35,40,45,48],"ascension_level":1}}