{"host":"qnxnem68q7ulahas","time":1609659491,"event":{"mods":["ATMod(阿瑾Mod)","Act Like it!","Arknights The Spire","BaseMod","Challenge The Spire","Decade(王小明)","GungeonMod","Highlight Path","Minty Spire (QoL Compilation)","Replay The Spire","RumiaBox-露米娅的神秘盒子","SOS（斯巴达之子）","Spicy Shops","StSLib","The Animator","[IsaacMod]以撒尖塔","【功能Mod】混沌之环修复补丁","【遗物卡牌】REMEMod"],"gold_per_floor":[118,134,134,134,134,166,166,178,255,255,274,124,143,160,160,256,256,269,236,236,262,68,103,117,117,117,117,192,224,224,254,254,352,402,412,431,431,442,442,442,477,527,576,611,627,227,227,241,241,441],"floor_reached":51,"playtime":3442,"items_purged":["Regret","AT_RealColorLess","ats:Strike C","ats:Leaping Hammer"],"score":918,"play_id":"91f4bf10-fb6f-4147-b609-ce8d07812cb6","local_time":"20210103153811","is_ascension_mode":false,"campfire_choices":[{"data":"ats:Emotion Absorption","floor":7.0,"key":"SMITH"},{"data":"ats:Demon Strength","floor":15.0,"key":"SMITH"},{"data":"ats:Calcification","floor":25.0,"key":"SMITH"},{"data":"ats:Ambush","floor":25.0,"key":"SMITH"},{"data":"ats:Soul Rend","floor":27.0,"key":"SMITH"},{"data":"ats:Neurotoxin","floor":27.0,"key":"SMITH"},{"data":"ats:Spore Proliferation","floor":30.0,"key":"SMITH"},{"data":"AT_TearsDenial","floor":30.0,"key":"SMITH"},{"floor":32.0,"key":"REST"},{"data":"Madness","floor":40.0,"key":"SMITH"},{"data":"ats:Wolf Pack","floor":40.0,"key":"SMITH"},{"data":"ats:Echo Reverb","floor":47,"key":"SMITH"},{"data":"ats:Armor Crushing Shot","floor":47,"key":"SMITH"},{"data":"ats:Healing Drone","floor":49,"key":"SMITH"},{"data":"ats:Poison Spread","floor":49,"key":"SMITH"}],"circlet_count":0,"master_deck":["ats:Strike G","ats:Strike S","ats:Armor Crushing Shot+1","ats:Defend","ats:Defend","ats:Defend","ats:Emotion Absorption+1","AT_TearsDenial+1","ats:Demon Strength+1","ats:Healing Drone+1","ats:Cat Scratch+1","ats:Ambush+1","ats:Assault Order","ats:Poison Spread+1","ats:Collapsing Strike+1","ats:Soul Rend+1","ats:Powerful Strike+1","ats:Spore Proliferation+1","ats:Neurotoxin+1","ats:Sunburst+1","ats:Calcification+1","ats:Part Time Job+1","ats:Wolf Pack+1","ats:Echo Reverb+1","ats:Shell Defense+1","Madness+1","ats:Overload+1","ats:Explosion Area Strengthen","ats:Closed Bolt Burst Fire+1"],"relics":["ats:Sanity","HushsDoor","REME_ComplimentaryCards","AT_ATBox","BookofShadows","NeowsBlessing","Dream Catcher","ats:Originium","DemoMod:NanoMachines","Simple Rune","Strange Spoon","Black Star","Replay:Arrowhead","SteamSale","Peace Pipe","DemoMod:ChaffGrenade","Pondfish Scales","ats:Spiritual Recovery","Bag of Preparation","Red Mask","Tiny House","MagicDraw1","GuppysHead","Vajra","Question Card","AT_BellDemon","TheBible","MealTicket","ats:Emergency Defibrillator","AT_TheCollector"],"acts_visited":["Exordium","TheCity","TheBeyond"],"potions_floor_usage":[48,50,50],"damage_taken":[{"damage":0.0,"enemies":"Cultist","floor":1.0,"turns":1.0},{"damage":0.0,"enemies":"Small Slimes","floor":2.0,"turns":1.0},{"damage":0.0,"enemies":"Replay:BlueRogue","floor":6.0,"turns":1.0},{"damage":0.0,"enemies":"Jaw Worm","floor":8.0,"turns":2.0},{"damage":7.0,"enemies":"Exordium Wildlife","floor":11.0,"turns":7.0},{"damage":2.0,"enemies":"2 Fungi Beasts","floor":13.0,"turns":5.0},{"damage":4.0,"enemies":"Large Slime","floor":14.0,"turns":7.0},{"damage":11.0,"enemies":"Fading Forest","floor":16.0,"turns":11.0},{"damage":50.0,"enemies":"3 Byrds","floor":18.0,"turns":10.0},{"damage":17.0,"enemies":"2 Thieves","floor":19.0,"turns":5.0},{"damage":51.0,"enemies":"Replay:Snechameleon","floor":23.0,"turns":10.0},{"damage":9.0,"enemies":"Centurion and Healer","floor":24.0,"turns":8.0},{"damage":24.0,"enemies":"Gremlin Leader","floor":29.0,"turns":9.0},{"damage":53.0,"enemies":"Masked Bandits","floor":31.0,"turns":7.0},{"damage":45.0,"enemies":"Pondfish","floor":33.0,"turns":15.0},{"damage":20.0,"enemies":"3 Shapes","floor":35.0,"turns":6.0},{"damage":18.0,"enemies":"3 Darklings","floor":36.0,"turns":6.0},{"damage":39.0,"enemies":"4 Shapes","floor":38.0,"turns":9.0},{"damage":33.0,"enemies":"R_Hoarder","floor":41.0,"turns":12.0},{"damage":0,"enemies":"Mind Bloom Boss Battle","floor":42,"turns":6},{"damage":37,"enemies":"Reptomancer","floor":44,"turns":10},{"damage":0,"enemies":"Jaw Worm Horde","floor":45,"turns":5},{"damage":55,"enemies":"Writhing Mass","floor":48,"turns":7},{"damage":62,"enemies":"Replay:Hell Engine","floor":50,"turns":13}],"seed_played":"-5541189104187943711","potions_obtained":[{"floor":2.0,"key":"DemoMod:BlankPotion"},{"floor":13.0,"key":"Block Potion"},{"floor":19.0,"key":"Energy Potion"},{"floor":31.0,"key":"Swift Potion"},{"floor":34.0,"key":"DemoMod:BlankPotion"},{"floor":38.0,"key":"PowerPotion"}],"is_trial":false,"path_per_floor":["M","M","$","?","?","E","R","M","T","?","M","$","M","M","R","B",null,"M","M","?","?","$","E","M","R","T","R","?","E","R","?","R","B",null,"M","M","?","M","?","R","E","?","T","E","M","$","R","M","R","B",null],"character_chosen":"DOCTOR_CLASS","items_purchased":["Strange Spoon","SteamSale","MealTicket","ats:Emergency Defibrillator"],"campfire_rested":1,"item_purchase_floors":[12,22,46,46],"current_hp_per_floor":[72,72,72,39,39,39,39,39,39,39,44,44,54,62,62,63,72,44,29,29,29,29,4,25,25,25,25,10,22,22,16,37,51,77,71,71,71,60,60,60,61,73,73,53,60,60,60,21,21,63],"gold":441,"neow_bonus":"THREE_ENEMY_KILL","is_daily":false,"chose_seed":false,"campfire_upgraded":14,"win_rate":0.0,"timestamp":1609659491,"path_taken":["M","M","$","?","?","E","R","M","T","?","M","$","M","M","R","BOSS","M","M","?","?","$","E","?","R","T","R","?","E","R","?","R","BOSS","M","?","?","M","?","R","E","?","T","E","?","$","R","M","R","BOSS"],"items_purchased_type":["Relic","Relic","Relic","Relic"],"build_version":"2020-12-22","purchased_purges":4,"victory":true,"max_hp_per_floor":[72,72,72,72,72,72,72,72,72,72,72,72,72,72,72,72,72,72,72,72,72,72,72,72,72,72,72,72,72,72,72,72,72,77,77,77,77,77,77,77,77,77,77,77,77,77,77,77,77,77],"card_choices":[{"not_picked":[],"picked":"ChaosCard","floor":0.0},{"not_picked":["ats:Flexible Camouflage","ats:LN2 Cannon"],"picked":"ats:Demon Strength","floor":1.0},{"not_picked":["ats:LN2 Cannon","ats:Cat Scratch"],"picked":"ats:Healing Drone","floor":2.0},{"not_picked":["Bomb","ats:Revitalization"],"picked":"ats:Ambush","floor":6.0},{"not_picked":["ats:Revitalization","ats:Cat Scratch"],"picked":"ats:Leaping Hammer","floor":8.0},{"not_picked":["ats:Apocalypse","ats:Childhood Dance"],"picked":"ats:Assault Order","floor":11.0},{"not_picked":["ats:Powerful Strike","ats:Directed Diagnosis"],"picked":"ats:Poison Spread","floor":13.0},{"not_picked":["ats:Cat Scratch","ats:Assault Order"],"picked":"ats:Collapsing Strike","floor":14.0},{"not_picked":["ats:Nebulous Foxfire","ats:Roar Of Ursus"],"picked":"ats:Soul Rend","floor":16.0},{"not_picked":["ats:Hook Shot+1","ats:Childhood Dance"],"picked":"ats:Powerful Strike+1","floor":18.0},{"not_picked":["ats:Hammer On","ats:Ignite"],"picked":"ats:Spore Proliferation","floor":19.0},{"not_picked":["ats:Thorns","ats:Spore Proliferation"],"picked":"ats:Sunburst+1","floor":21.0},{"not_picked":["ats:Consecutive Shot Auto","ats:Overload"],"picked":"ats:Calcification","floor":23.0},{"not_picked":["ats:Poison Spread","ats:Consecutive Shot Auto","ats:Flexible Camouflage"],"picked":"SKIP","floor":24.0},{"not_picked":["ats:Healing Strengthening","ats:Blood Oath"],"picked":"ats:Part Time Job+1","floor":29.0},{"not_picked":["ats:Flexible Camouflage","ats:Poison Spread"],"picked":"ats:Wolf Pack","floor":32.0},{"not_picked":["ats:Roar Of Ursus","ats:Rat Pack"],"picked":"ats:Echo Reverb","floor":33.0},{"not_picked":["ats:Assault Order+1","ats:Apocalypse+1"],"picked":"ats:Shell Defense+1","floor":35.0},{"not_picked":["ats:Thorns","ats:Counter Healing Mode","ats:Revitalization"],"picked":"SKIP","floor":36.0},{"not_picked":["ats:Support Order+1","ats:Assault Order","ats:Revitalization+1"],"picked":"SKIP","floor":38.0},{"not_picked":["Violence","AT_CelerityRune"],"picked":"Madness","floor":39.0},{"not_picked":["ats:Powerful Strike","ats:Neurotoxin"],"picked":"ats:Overload+1","floor":41},{"not_picked":["ats:Hammer On","ats:Ignite"],"picked":"ats:Explosion Area Strengthen","floor":42},{"not_picked":["ats:Durian","ats:Cat Scratch+1"],"picked":"ats:Closed Bolt Burst Fire+1","floor":44},{"not_picked":["ats:Poison Spread+1","ats:Explosion Area Strengthen","ats:Counter Healing Mode","ats:Leaping Hammer+1"],"picked":"SKIP","floor":45},{"not_picked":["ats:Overload+1","ats:Cat Scratch+1","ats:Ignite+1","ats:Thermite Blade"],"picked":"SKIP","floor":48}],"player_experience":426091,"relics_obtained":[{"floor":6.0,"key":"ats:Originium"},{"floor":6.0,"key":"DemoMod:NanoMachines"},{"floor":21.0,"key":"Replay:Arrowhead"},{"floor":23.0,"key":"ats:Originium"},{"floor":23.0,"key":"Peace Pipe"},{"floor":23.0,"key":"DemoMod:ChaffGrenade"},{"floor":26.0,"key":"Pondfish Scales"},{"floor":29.0,"key":"ats:Originium"},{"floor":29.0,"key":"ats:Spiritual Recovery"},{"floor":29.0,"key":"Bag of Preparation"},{"floor":31.0,"key":"Red Mask"},{"floor":41,"key":"MagicDraw1"},{"floor":42,"key":"GuppysHead"},{"floor":43,"key":"Vajra"},{"floor":44,"key":"Question Card"},{"floor":44,"key":"AT_BellDemon"},{"floor":45,"key":"TheBible"},{"floor":48,"key":"AT_TheCollector"}],"event_choices":[{"damage_healed":0.0,"max_hp_gain":0.0,"max_hp_loss":0.0,"gold_gain":0.0,"event_name":"Scrap Ooze","player_choice":"Success","floor":4.0,"gold_loss":0.0,"damage_taken":33.0,"relics_obtained":["Dream Catcher"]},{"damage_healed":0.0,"max_hp_gain":0.0,"max_hp_loss":0.0,"gold_gain":0.0,"event_name":"Big Fish","player_choice":"Box","floor":10.0,"gold_loss":0.0,"damage_taken":0.0,"relics_obtained":["Simple Rune"],"cards_obtained":["Regret"]},{"damage_healed":0.0,"max_hp_gain":0.0,"max_hp_loss":0.0,"gold_gain":0.0,"event_name":"The Library","player_choice":"Read","floor":20.0,"gold_loss":0.0,"damage_taken":0.0,"cards_obtained":["ats:Neurotoxin"]},{"damage_healed":0.0,"max_hp_gain":0.0,"max_hp_loss":0.0,"gold_gain":0.0,"event_name":"Masked Bandits","player_choice":"Fought Bandits","floor":31.0,"gold_loss":0.0,"damage_taken":0.0},{"cards_removed":["ats:Defend"],"damage_healed":0.0,"max_hp_gain":0.0,"max_hp_loss":0.0,"gold_gain":0.0,"event_name":"Falling","player_choice":"Removed Skill","floor":37.0,"gold_loss":0.0,"damage_taken":0.0},{"damage_healed":0.0,"max_hp_gain":0.0,"max_hp_loss":0.0,"gold_gain":0.0,"event_name":"SensoryStone","player_choice":"Memory 1","floor":39.0,"gold_loss":0.0,"damage_taken":0.0},{"damage_healed":0,"gold_gain":0,"player_choice":"Fight","damage_taken":0,"max_hp_gain":0,"max_hp_loss":0,"event_name":"MindBloom","floor":42,"gold_loss":0}],"is_beta":false,"boss_relics":[{"not_picked":["Pandora\u0027s Box","Velvet Choker"],"picked":"Black Star"},{"not_picked":[]},{"not_picked":["AddBug","ats:Tactical Delivery"],"picked":"Tiny House"},{"not_picked":[]}],"items_purged_floors":[12,22,46,46],"is_endless":false,"potions_floor_spawned":[2,13,19,31,38,41,45],"ascension_level":0}}