{"host":"y2d5jdk6et74e3ks","time":1609716921,"event":{"mods":["BaseMod","Colored Map","Downfall","Hubris","Minty Spire (QoL Compilation)","Replay The Spire","StSLib"],"gold_per_floor":[116,130,55,70,90,90,118,134,134,134,134,65,83,94,94,190,190,205,205,205],"floor_reached":19,"playtime":1366,"items_purged":["Strike_B"],"score":188,"play_id":"9f22bca8-1233-4e69-8cd8-6842bc1993e4","local_time":"20210103183521","is_ascension_mode":true,"campfire_choices":[{"data":"Sunder","floor":6,"key":"SMITH"},{"data":"Fusion","floor":11,"key":"SMITH"},{"floor":15,"key":"DIG"}],"circlet_count":0,"master_deck":["Defend_B","Defend_B","Defend_B","Zap","Dualcast","All For One","Turbo","Sunder+1","Steam Power","Steam","Conserve Battery","Fusion+1","Reprogram","FTL","Sweeping Beam","hubris:DoWhile","ReplayTheSpireMod:Calculation Training+1","ReplayRNGCard+1","Coolheaded+1","Beam Cell+1"],"relics":["Cracked Core","Kunai","CaptainsWheel","Bag of Marbles","Astrolabe"],"acts_visited":["Exordium","TheCity"],"potions_floor_usage":[4,5,7,16,16,19],"damage_taken":[{"damage":0,"enemies":"Small Slimes","floor":1,"turns":3},{"damage":0,"enemies":"Cultist","floor":2,"turns":3},{"damage":1,"enemies":"2 Louse","floor":4,"turns":2},{"damage":0,"enemies":"Gremlin Gang","floor":5,"turns":2},{"damage":20,"enemies":"Gremlin Nob","floor":7,"turns":3},{"damage":0,"enemies":"3 Louse","floor":8,"turns":2},{"damage":3,"enemies":"2 Fungi Beasts","floor":13,"turns":4},{"damage":0,"enemies":"Lots of Slimes","floor":14,"turns":3},{"damage":44,"enemies":"Hexaghost","floor":16,"turns":11},{"damage":65,"enemies":"Chosen","floor":18,"turns":7},{"damage":14,"enemies":"Shell Parasite","floor":19,"turns":1}],"seed_played":"-1538156744215946536","potions_obtained":[{"floor":2,"key":"ColorlessPotion"},{"floor":4,"key":"PowerPotion"},{"floor":5,"key":"Energy Potion"},{"floor":7,"key":"champ:CounterPotion"},{"floor":14,"key":"Explosive Potion"},{"floor":16,"key":"Doom Potion"}],"is_trial":false,"path_per_floor":["M","M","$","M","M","R","E","M","T","?","R","$","M","M","R_BF","B",null,"M","M"],"character_chosen":"DEFECT","items_purchased":["Reprogram"],"campfire_rested":0,"item_purchase_floors":[12],"current_hp_per_floor":[75,75,75,74,74,74,54,54,54,54,54,54,51,51,51,7,75,10,0,0],"gold":205,"neow_bonus":"ONE_RANDOM_RARE_CARD","is_daily":false,"chose_seed":false,"campfire_upgraded":2,"win_rate":0.0,"timestamp":1609716921,"path_taken":["M","M","$","M","M","R","E","M","T","?","R","$","M","M","R_BF","BOSS","M","M"],"items_purchased_type":["Card"],"build_version":"2020-12-22","purchased_purges":1,"victory":false,"max_hp_per_floor":[75,75,75,75,75,75,75,75,75,75,75,75,75,75,75,75,75,75,75,75],"card_choices":[{"not_picked":["Barrage","Beam Cell"],"picked":"Turbo","floor":1},{"not_picked":["Redo","Time Bomb"],"picked":"Sunder","floor":2},{"not_picked":["Storm","Lockon","Ball Lightning"],"picked":"SKIP","floor":4},{"not_picked":["Self Repair","Double Energy"],"picked":"Steam Power","floor":5},{"not_picked":["Aggregate","Creative AI"],"picked":"Steam","floor":7},{"not_picked":["Sweeping Beam","Time Bomb"],"picked":"Conserve Battery","floor":8},{"not_picked":["Rebound","Stack"],"picked":"FTL","floor":13},{"not_picked":["Panic Button","Rip and Tear"],"picked":"Sweeping Beam","floor":14},{"not_picked":["Echo Form","Rainbow"],"picked":"hubris:DoWhile","floor":16},{"not_picked":["Skim","ReplayTheSpireMod:Repulse"],"picked":"Beam Cell+1","floor":18}],"player_experience":119784,"relics_obtained":[{"floor":7,"key":"Kunai"},{"floor":9,"key":"CaptainsWheel"},{"floor":15,"key":"Bag of Marbles"}],"event_choices":[{"damage_healed":0,"gold_gain":0,"cards_transformed":["Strike_B"],"player_choice":"Change","damage_taken":0,"max_hp_gain":0,"max_hp_loss":0,"event_name":"Living Wall","floor":10,"gold_loss":0,"cards_obtained":["Fusion"]}],"is_beta":false,"boss_relics":[{"not_picked":["Replay:Bronze Core","Painkiller Herb"],"picked":"Astrolabe"}],"items_purged_floors":[3],"is_endless":false,"potions_floor_spawned":[2,4,5,7,14,16],"killed_by":"Shell Parasite","ascension_level":2}}