{"host":"p7j7o00jacnw7qzt","time":1609654308,"event":{"mods":["BaseMod","Colored Map","Colored Powertips","DeckTracker","Highlight Path","Minty Spire (QoL Compilation)","Relic Stats"],"gold_per_floor":[118,43,61,61,61,95,95,124,124,124,24,49,49,99,99,171,171,181,195,70,70,70,104,104,132,132,167,190,234,256,296,308,396,408,431,443,455,467,490,502,539,581,593,605,643,226,226,258,258,258,258,258,258,83,114,114],"floor_reached":57,"playtime":2359,"items_purged":["Strike_R","Strike_R","Strike_R","Bash","Defend_R"],"score":3772,"play_id":"229c0e91-ded2-4c90-be2f-d6e8cddeda68","local_time":"20210103011148","is_ascension_mode":true,"campfire_choices":[{"data":"Rampage","floor":7.0,"key":"SMITH"},{"data":"Evolve","floor":13.0,"key":"SMITH"},{"floor":15.0,"key":"RECALL"},{"data":"Offering","floor":24.0,"key":"SMITH"},{"data":"Shockwave","floor":32.0,"key":"SMITH"},{"data":"Deep Breath","floor":40.0,"key":"SMITH"},{"data":"Deep Breath","floor":44.0,"key":"SMITH"},{"data":"Purity","floor":49.0,"key":"SMITH"},{"data":"Offering","floor":53.0,"key":"SMITH"}],"circlet_count":0,"master_deck":["AscendersBane","Defend_R","Defend_R","Defend_R","Rampage+1","Evolve+1","Exhume","Offering+1","Offering+1","Ghostly","Ghostly","Ghostly","Battle Trance","Shockwave+1","Shrug It Off","Impervious","Deep Breath+1","Deep Breath+1","Purity+1"],"relics":["Burning Blood","NeowsBlessing","Shuriken","Juzu Bracelet","Paper Frog","Orichalcum","Runic Dome","Tiny Chest","Art of War","PreservedInsect","MawBank","White Beast Statue","Bag of Preparation","Runic Pyramid","Pen Nib","Darkstone Periapt","Blood Vial","Sundial","Lizard Tail","Singing Bowl","Happy Flower"],"acts_visited":["Exordium","TheCity","TheBeyond","TheEnding"],"potions_floor_usage":[56],"damage_taken":[{"damage":0.0,"enemies":"Jaw Worm","floor":1.0,"turns":1.0},{"damage":0.0,"enemies":"Small Slimes","floor":3.0,"turns":1.0},{"damage":0.0,"enemies":"3 Sentries","floor":6.0,"turns":2.0},{"damage":16.0,"enemies":"Gremlin Nob","floor":8.0,"turns":3.0},{"damage":12.0,"enemies":"Slime Boss","floor":16.0,"turns":5.0},{"damage":31.0,"enemies":"Spheric Guardian","floor":18.0,"turns":4.0},{"damage":21.0,"enemies":"Chosen","floor":19.0,"turns":4.0},{"damage":13.0,"enemies":"Slavers","floor":23.0,"turns":4.0},{"damage":3.0,"enemies":"Book of Stabbing","floor":25.0,"turns":3.0},{"damage":8.0,"enemies":"Gremlin Leader","floor":27.0,"turns":2.0},{"damage":3.0,"enemies":"Sentry and Sphere","floor":28.0,"turns":4.0},{"damage":5.0,"enemies":"Slavers","floor":29.0,"turns":7.0},{"damage":7.0,"enemies":"Chosen and Byrds","floor":30.0,"turns":6.0},{"damage":3.0,"enemies":"Gremlin Leader","floor":31.0,"turns":2.0},{"damage":3.0,"enemies":"Collector","floor":33.0,"turns":3.0},{"damage":3.0,"enemies":"Orb Walker","floor":35.0,"turns":2.0},{"damage":3.0,"enemies":"3 Shapes","floor":39.0,"turns":2.0},{"damage":3.0,"enemies":"Reptomancer","floor":42.0,"turns":2.0},{"damage":3.0,"enemies":"Nemesis","floor":45.0,"turns":3.0},{"damage":8.0,"enemies":"Reptomancer","floor":48.0,"turns":1.0},{"damage":2.0,"enemies":"Donu and Deca","floor":50.0,"turns":2.0},{"damage":2.0,"enemies":"Awakened One","floor":51.0,"turns":2.0},{"damage":2.0,"enemies":"Shield and Spear","floor":55.0,"turns":1.0},{"damage":3,"enemies":"The Heart","floor":56,"turns":4}],"seed_played":"2670564496490879937","potions_obtained":[{"floor":3.0,"key":"BloodPotion"},{"floor":8.0,"key":"AttackPotion"},{"floor":23.0,"key":"BloodPotion"},{"floor":28.0,"key":"Regen Potion"},{"floor":30.0,"key":"Swift Potion"},{"floor":39.0,"key":"BloodPotion"}],"is_trial":false,"path_per_floor":["M","$","M","?","?","E","R","E","T","?","$","T","R","?","R","B",null,"M","M","$","?","?","E","R","E","T","E","M","E","M","E","R","B",null,"M","?","?","?","M","R","T","E","T","R","E","$","T","E","R","B","B",null,"R","$","E","B",null],"character_chosen":"IRONCLAD","items_purchased":["Sundial"],"campfire_rested":0,"item_purchase_floors":[46],"current_hp_per_floor":[74,74,75,80,80,80,80,70,70,70,70,70,70,70,70,64,76,51,36,36,36,36,37,37,40,40,38,40,40,40,40,40,40,40,40,30,30,30,33,33,33,36,36,36,38,38,38,38,38,40,40,40,40,40,42,42],"gold":114,"neow_bonus":"THREE_ENEMY_KILL","is_daily":false,"chose_seed":false,"campfire_upgraded":8,"win_rate":0.0,"timestamp":1609654308,"path_taken":["M","$","M","?","?","E","R","E","T","?","$","?","R","?","R","BOSS","M","M","$","?","?","E","R","E","T","E","M","E","M","E","R","BOSS","M","?","?","?","M","R","?","E","T","R","E","$","?","E","R","BOSS","BOSS","R","$","E","BOSS"],"items_purchased_type":["Relic"],"build_version":"2020-12-22","purchased_purges":5,"victory":true,"max_hp_per_floor":[75,75,75,80,80,80,80,80,80,80,80,80,80,80,80,80,80,80,80,80,40,40,40,40,40,40,40,40,40,40,40,40,40,40,40,40,38,38,38,38,38,38,38,38,38,38,38,40,40,40,40,40,40,40,42,42],"relic_stats":{"Darkstone Periapt":0,"Singing Bowl":4,"Happy Flower":[1],"counters":[24,70],"PreservedInsect":385,"Pen Nib":[6],"Juzu Bracelet":2,"Bag of Preparation":[20],"Orichalcum":[78],"MawBank":228,"Burning Blood":97,"Blood Vial":2,"Lizard Tail":0,"Shuriken":[33],"Sundial":[76],"Tiny Chest":1,"Art of War":[8],"obtain_stats":[{"Darkstone Periapt":43,"NeowsBlessing":0,"Singing Bowl":48,"Happy Flower":55,"PreservedInsect":26,"Pen Nib":42,"Juzu Bracelet":8,"Bag of Preparation":31,"Orichalcum":12,"MawBank":27,"Burning Blood":0,"White Beast Statue":29,"Blood Vial":45,"Runic Dome":17,"Lizard Tail":47,"Shuriken":6,"Sundial":46,"Tiny Chest":23,"Art of War":25,"Paper Frog":9,"Runic Pyramid":34},{"Darkstone Periapt":18,"NeowsBlessing":0,"Singing Bowl":20,"Happy Flower":23,"PreservedInsect":9,"Pen Nib":18,"Juzu Bracelet":4,"Bag of Preparation":14,"Orichalcum":4,"MawBank":10,"Burning Blood":0,"White Beast Statue":12,"Blood Vial":19,"Runic Dome":5,"Lizard Tail":19,"Shuriken":3,"Sundial":19,"Tiny Chest":8,"Art of War":9,"Paper Frog":4,"Runic Pyramid":15},{"Darkstone Periapt":57,"NeowsBlessing":0,"Singing Bowl":61,"Happy Flower":66,"PreservedInsect":27,"Pen Nib":57,"Juzu Bracelet":7,"Bag of Preparation":48,"Orichalcum":7,"MawBank":29,"Burning Blood":0,"White Beast Statue":40,"Blood Vial":60,"Runic Dome":12,"Lizard Tail":60,"Shuriken":4,"Sundial":60,"Tiny Chest":24,"Art of War":27,"Paper Frog":7,"Runic Pyramid":51}]},"card_choices":[{"not_picked":["Thunderclap","Clash"],"picked":"Rampage","floor":1.0},{"not_picked":["Perfected Strike","Seeing Red"],"picked":"Evolve","floor":3.0},{"not_picked":["Iron Wave","Clothesline"],"picked":"Offering","floor":6.0},{"not_picked":["Sentinel","Anger","Entrench"],"picked":"SKIP","floor":8.0},{"not_picked":["Limit Break","Juggernaut"],"picked":"Offering","floor":16.0},{"not_picked":["Thunderclap","Sword Boomerang","Warcry"],"picked":"SKIP","floor":18.0},{"not_picked":["Flex","Sword Boomerang","Infernal Blade"],"picked":"SKIP","floor":19.0},{"not_picked":["Rampage","Twin Strike","Hemokinesis"],"picked":"SKIP","floor":23.0},{"not_picked":["Juggernaut","Clothesline","Havoc"],"picked":"SKIP","floor":25.0},{"not_picked":["Body Slam","Seeing Red+1","Warcry"],"picked":"SKIP","floor":27.0},{"not_picked":["Body Slam","Seeing Red+1","Warcry"],"picked":"SKIP","floor":27.0},{"not_picked":["Flex","Warcry"],"picked":"Shockwave","floor":28.0},{"not_picked":["Sword Boomerang","Flex"],"picked":"Shrug It Off","floor":29.0},{"not_picked":["Evolve","Thunderclap","Fire Breathing"],"picked":"SKIP","floor":30.0},{"not_picked":["Armaments+1","Rupture","Wild Strike"],"picked":"SKIP","floor":31.0},{"not_picked":["Berserk","Bludgeon"],"picked":"Impervious","floor":33.0},{"not_picked":["Body Slam+1","Heavy Blade","Flex"],"picked":"SKIP","floor":35.0},{"not_picked":["Magnetism","Bandage Up"],"picked":"Deep Breath","floor":36.0},{"not_picked":["Discovery","Thinking Ahead"],"picked":"Deep Breath","floor":36.0},{"not_picked":["Swift Strike","Mind Blast"],"picked":"Purity","floor":36.0},{"not_picked":["Havoc","Heavy Blade","Anger"],"picked":"SKIP","floor":39.0},{"not_picked":["Twin Strike","Flex","Fire Breathing+1"],"picked":"SKIP","floor":42.0},{"not_picked":["Immolate","Dual Wield","Clothesline+1"],"picked":"SKIP","floor":45.0},{"not_picked":["Iron Wave","Body Slam","Clothesline"],"picked":"Singing Bowl","floor":48.0},{"not_picked":["Pommel Strike","Thunderclap","Shrug It Off"],"picked":"Singing Bowl","floor":55.0}],"player_experience":952577,"relics_obtained":[{"floor":6.0,"key":"Shuriken"},{"floor":8.0,"key":"Juzu Bracelet"},{"floor":9.0,"key":"Paper Frog"},{"floor":12.0,"key":"Orichalcum"},{"floor":23.0,"key":"Tiny Chest"},{"floor":25.0,"key":"Art of War"},{"floor":26.0,"key":"PreservedInsect"},{"floor":27.0,"key":"MawBank"},{"floor":29.0,"key":"White Beast Statue"},{"floor":31.0,"key":"Bag of Preparation"},{"floor":42.0,"key":"Pen Nib"},{"floor":43.0,"key":"Darkstone Periapt"},{"floor":45.0,"key":"Blood Vial"},{"floor":47.0,"key":"Lizard Tail"},{"floor":48.0,"key":"Singing Bowl"},{"floor":55.0,"key":"Happy Flower"}],"event_choices":[{"damage_healed":0.0,"max_hp_gain":5.0,"max_hp_loss":0.0,"gold_gain":0.0,"event_name":"Big Fish","player_choice":"Donut","floor":4.0,"gold_loss":0.0,"damage_taken":0.0},{"damage_healed":0.0,"max_hp_gain":0.0,"max_hp_loss":0.0,"gold_gain":0.0,"cards_transformed":["Strike_R"],"event_name":"Transmorgrifier","player_choice":"Transformed","floor":5.0,"gold_loss":0.0,"damage_taken":0.0,"cards_obtained":["Exhume"]},{"cards_removed":["Strike_R"],"damage_healed":0.0,"max_hp_gain":0.0,"max_hp_loss":0.0,"gold_gain":0.0,"event_name":"Bonfire Elementals","player_choice":"Offered Basic","floor":10.0,"gold_loss":0.0,"damage_taken":0.0},{"damage_healed":0.0,"max_hp_gain":0.0,"max_hp_loss":0.0,"gold_gain":50.0,"event_name":"Golden Shrine","player_choice":"Pray","floor":14.0,"gold_loss":0.0,"damage_taken":0.0},{"damage_healed":0.0,"max_hp_gain":0.0,"max_hp_loss":40.0,"gold_gain":0.0,"event_name":"Ghosts","player_choice":"Became a Ghost","floor":21.0,"gold_loss":0.0,"damage_taken":0.0,"cards_obtained":["Ghostly","Ghostly","Ghostly"]},{"damage_healed":0.0,"max_hp_gain":0.0,"max_hp_loss":0.0,"gold_gain":0.0,"event_name":"The Library","player_choice":"Read","floor":22.0,"gold_loss":0.0,"damage_taken":0.0,"cards_obtained":["Battle Trance"]},{"damage_healed":0.0,"max_hp_gain":0.0,"max_hp_loss":0.0,"gold_gain":0.0,"event_name":"SensoryStone","player_choice":"Memory 3","floor":36.0,"gold_loss":0.0,"damage_taken":10.0},{"damage_healed":0.0,"max_hp_gain":0.0,"max_hp_loss":2.0,"gold_gain":0.0,"event_name":"Winding Halls","player_choice":"Max HP","floor":37.0,"gold_loss":0.0,"damage_taken":0.0},{"damage_healed":0.0,"max_hp_gain":0.0,"max_hp_loss":0.0,"gold_gain":0.0,"event_name":"Tomb of Lord Red Mask","player_choice":"Ignored","floor":38.0,"gold_loss":0.0,"damage_taken":0.0}],"is_beta":false,"boss_relics":[{"not_picked":["Pandora\u0027s Box","SlaversCollar"],"picked":"Runic Dome"},{"not_picked":["Velvet Choker","Runic Cube"],"picked":"Runic Pyramid"}],"items_purged_floors":[2,11,20,46,54],"is_endless":false,"potions_floor_spawned":[3,8,16,23,25,28,30,31,33,35,39,42,45,48,55],"ascension_level":20}}