{"host":"n4fty02wqqi95laq","time":1609663270,"event":{"mods":["BaseMod","Highlight Path","Minty Spire (QoL Compilation)","Quick Restart","Rare Cards Sparkle","StSLib"],"gold_per_floor":[111,111,129,129,145,145,169,169,169,169,94,127,145,164,164,238,238,258,273,90,108,122,122,137,169,169,169,201,201,201,215,215,292,292,312,366,384,68,80,110,123,123,175,210,235,247,282,304,316,328,340,352,364,87,116,116],"floor_reached":57,"playtime":3274,"items_purged":["Strike_G","Defend_G","Flechettes+1"],"score":3283,"play_id":"99776bca-f9e4-4cf6-9766-e68b867b7f70","local_time":"20210103164110","is_ascension_mode":true,"campfire_choices":[{"data":"Flechettes","floor":6.0,"key":"SMITH"},{"data":"Tools of the Trade","floor":10.0,"key":"SMITH"},{"data":"Neutralize","floor":15.0,"key":"SMITH"},{"data":"Acrobatics","floor":23.0,"key":"SMITH"},{"data":"Night Terror","floor":30.0,"key":"SMITH"},{"data":"Cloak And Dagger","floor":32.0,"key":"SMITH"},{"data":"Calculated Gamble","floor":42.0,"key":"SMITH"},{"data":"Blade Dance","floor":46.0,"key":"SMITH"},{"floor":49.0,"key":"RECALL"},{"data":"Footwork","floor":53.0,"key":"SMITH"}],"circlet_count":0,"master_deck":["AscendersBane","Defend_G","Defend_G","Defend_G","Survivor","Neutralize+1","Tools of the Trade+1","Acrobatics+1","Night Terror+1","Calculated Gamble+1","Backflip","Phantasmal Killer","Accuracy+1","Tactician+1","Concentrate+1","Cloak And Dagger+1","Footwork+1","Well Laid Plans+1","Ghostly","Ghostly","Ghostly","Blade Dance+1","Adrenaline","Reflex","Acrobatics+1","Prepared+1","Terror+1","Blur+1"],"relics":["Ring of the Snake","NeowsBlessing","TungstenRod","Odd Mushroom","Lizard Tail","Astrolabe","Mummified Hand","HornCleat","Question Card","Coffee Dripper","Pocketwatch","Tingsha","Akabeko","Regal Pillow","MawBank","Nunchaku","OrangePellets","Centennial Puzzle"],"acts_visited":["Exordium","TheCity","TheBeyond","TheEnding"],"potions_floor_usage":[56,56,56,56,56,56],"damage_taken":[{"damage":0.0,"enemies":"Small Slimes","floor":1.0,"turns":1.0},{"damage":0.0,"enemies":"Cultist","floor":3.0,"turns":1.0},{"damage":0.0,"enemies":"2 Louse","floor":5.0,"turns":1.0},{"damage":8.0,"enemies":"The Mushroom Lair","floor":7.0,"turns":4.0},{"damage":27.0,"enemies":"3 Sentries","floor":12.0,"turns":15.0},{"damage":0.0,"enemies":"Exordium Wildlife","floor":13.0,"turns":3.0},{"damage":4.0,"enemies":"Red Slaver","floor":14.0,"turns":2.0},{"damage":17.0,"enemies":"Hexaghost","floor":16.0,"turns":15.0},{"damage":10.0,"enemies":"2 Thieves","floor":18.0,"turns":5.0},{"damage":6.0,"enemies":"Spheric Guardian","floor":19.0,"turns":4.0},{"damage":3.0,"enemies":"3 Cultists","floor":21.0,"turns":5.0},{"damage":5.0,"enemies":"Chosen and Byrds","floor":22.0,"turns":9.0},{"damage":1.0,"enemies":"Snake Plant","floor":24.0,"turns":2.0},{"damage":2.0,"enemies":"Gremlin Leader","floor":25.0,"turns":3.0},{"damage":5.0,"enemies":"Book of Stabbing","floor":28.0,"turns":5.0},{"damage":2.0,"enemies":"Cultist and Chosen","floor":31.0,"turns":9.0},{"damage":0.0,"enemies":"Champ","floor":33.0,"turns":8.0},{"damage":0.0,"enemies":"3 Darklings","floor":35.0,"turns":4.0},{"damage":12.0,"enemies":"2 Orb Walkers","floor":36.0,"turns":4.0},{"damage":0.0,"enemies":"3 Shapes","floor":37.0,"turns":4.0},{"damage":0.0,"enemies":"3 Darklings","floor":39.0,"turns":3.0},{"damage":0.0,"enemies":"Reptomancer","floor":40.0,"turns":2.0},{"damage":0.0,"enemies":"Transient","floor":41.0,"turns":6.0},{"damage":0.0,"enemies":"Giant Head","floor":44.0,"turns":3.0},{"damage":0.0,"enemies":"4 Shapes","floor":45.0,"turns":5.0},{"damage":0.0,"enemies":"Sphere and 2 Shapes","floor":48.0,"turns":3.0},{"damage":0.0,"enemies":"Donu and Deca","floor":50.0,"turns":4.0},{"damage":0.0,"enemies":"Awakened One","floor":51.0,"turns":4.0},{"damage":0.0,"enemies":"Shield and Spear","floor":55.0,"turns":5.0},{"damage":18,"enemies":"The Heart","floor":56,"turns":6}],"seed_played":"-35768829342556383","potions_obtained":[{"floor":1.0,"key":"Regen Potion"},{"floor":12.0,"key":"PowerPotion"},{"floor":13.0,"key":"Poison Potion"},{"floor":16.0,"key":"SteroidPotion"},{"floor":19.0,"key":"Dexterity Potion"},{"floor":21.0,"key":"AttackPotion"},{"floor":22.0,"key":"Fire Potion"},{"floor":28.0,"key":"AttackPotion"},{"floor":33.0,"key":"DuplicationPotion"},{"floor":36.0,"key":"PowerPotion"},{"floor":39.0,"key":"LiquidMemories"},{"floor":45.0,"key":"CunningPotion"},{"floor":48.0,"key":"PowerPotion"},{"floor":55.0,"key":"EntropicBrew"}],"is_trial":false,"path_per_floor":["M","?","M","?","M","R","?","?","T","R","$","E","M","M","R","B",null,"M","M","$","M","M","R","M","E","T","?","E","?","R","M","R","B",null,"M","?","M","$","M","E","M","R","T","E","M","R","T","M","R","B","B",null,"R","$","E","B",null],"character_chosen":"THE_SILENT","items_purchased":["Footwork","Tingsha","OrangePellets"],"campfire_rested":0,"item_purchase_floors":[20,38,54],"current_hp_per_floor":[59,59,59,59,59,59,51,51,51,51,51,39,39,35,35,18,54,44,38,38,35,30,30,29,27,27,10,5,5,5,3,3,3,27,27,15,15,15,15,15,15,15,15,15,15,15,15,15,15,15,15,30,30,30,30,12],"gold":116,"neow_bonus":"THREE_ENEMY_KILL","is_daily":false,"chose_seed":false,"campfire_upgraded":9,"win_rate":0.0,"timestamp":1609663270,"path_taken":["M","?","?","?","?","R","?","?","T","R","$","E","M","M","R","BOSS","M","M","$","M","M","R","?","E","T","?","E","?","R","M","R","BOSS","M","?","M","$","M","E","M","R","T","E","M","R","?","?","R","BOSS","BOSS","R","$","E","BOSS"],"items_purchased_type":["Card","Relic","Relic"],"build_version":"2020-12-22","purchased_purges":3,"victory":true,"max_hp_per_floor":[66,66,66,66,66,66,66,66,66,66,66,66,66,66,66,66,66,66,66,66,66,66,66,66,66,66,71,71,35,35,35,35,35,35,35,35,35,35,35,35,35,35,35,35,35,35,35,35,35,35,35,35,35,35,35,35],"card_choices":[{"not_picked":["Setup","Deflect"],"picked":"Dagger Throw","floor":1.0},{"not_picked":["Blur","Slice"],"picked":"Flechettes","floor":3.0},{"not_picked":["Concentrate","Poisoned Stab"],"picked":"Acrobatics","floor":5.0},{"not_picked":["Quick Slash","Outmaneuver"],"picked":"Night Terror","floor":7.0},{"not_picked":["Backstab","Masterful Stab"],"picked":"Calculated Gamble","floor":12.0},{"not_picked":["Deflect","Finisher","Caltrops"],"picked":"SKIP","floor":13.0},{"not_picked":["Slice","Catalyst"],"picked":"Backflip","floor":14.0},{"not_picked":["Corpse Explosion","Burst"],"picked":"Phantasmal Killer","floor":16.0},{"not_picked":["Riddle With Holes","Slice+1","Dash"],"picked":"SKIP","floor":18.0},{"not_picked":["Well Laid Plans","Backflip"],"picked":"Cloak And Dagger","floor":19.0},{"not_picked":["PiercingWail+1","All Out Attack","Backflip+1"],"picked":"SKIP","floor":21.0},{"not_picked":["Footwork","Deflect","PiercingWail"],"picked":"SKIP","floor":22.0},{"not_picked":["Cloak And Dagger","Slice","Dagger Spray"],"picked":"SKIP","floor":24.0},{"not_picked":["Escape Plan","Dagger Spray+1"],"picked":"Well Laid Plans+1","floor":25.0},{"not_picked":["Crippling Poison","Backflip+1","Calculated Gamble"],"picked":"SKIP","floor":28.0},{"not_picked":["Bouncing Flask","Backflip","PiercingWail"],"picked":"Blade Dance","floor":31.0},{"not_picked":["A Thousand Cuts","Malaise","Envenom"],"picked":"Adrenaline","floor":33.0},{"not_picked":["Underhanded Strike+1","Finisher","Sucker Punch"],"picked":"Reflex","floor":35.0},{"not_picked":["Blur","Bane+1","Riddle With Holes"],"picked":"Acrobatics+1","floor":36.0},{"not_picked":["Acrobatics","Bane","Blade Dance"],"picked":"Prepared+1","floor":37.0},{"not_picked":["Flechettes","Backflip","Underhanded Strike"],"picked":"Terror+1","floor":39.0},{"not_picked":["Blur+1","Backflip+1","Sucker Punch+1","Slice"],"picked":"SKIP","floor":40.0},{"not_picked":["Backflip+1","Sucker Punch+1","Slice"],"picked":"Blur+1","floor":40.0},{"not_picked":["Outmaneuver","Cloak And Dagger","Dash+1","Tools of the Trade"],"picked":"SKIP","floor":41.0},{"not_picked":["Infinite Blades","Finisher","Bouncing Flask+1","Dodge and Roll"],"picked":"SKIP","floor":44.0},{"not_picked":["Prepared","Deflect+1","Acrobatics+1","Dodge and Roll"],"picked":"SKIP","floor":45.0},{"not_picked":["Prepared","Deflect+1","Acrobatics+1","Dodge and Roll"],"picked":"SKIP","floor":45.0},{"not_picked":["Endless Agony","Calculated Gamble","Slice+1","Dash"],"picked":"SKIP","floor":48.0},{"not_picked":["Acrobatics","Slice","Blade Dance+1","Terror+1"],"picked":"SKIP","floor":55.0}],"player_experience":649585,"relics_obtained":[{"floor":7.0,"key":"Odd Mushroom"},{"floor":12.0,"key":"Lizard Tail"},{"floor":25.0,"key":"Mummified Hand"},{"floor":26.0,"key":"HornCleat"},{"floor":28.0,"key":"Question Card"},{"floor":36.0,"key":"Pocketwatch"},{"floor":40.0,"key":"Akabeko"},{"floor":43.0,"key":"Regal Pillow"},{"floor":44.0,"key":"MawBank"},{"floor":47.0,"key":"Nunchaku"},{"floor":55.0,"key":"Centennial Puzzle"}],"event_choices":[{"damage_healed":0.0,"max_hp_gain":0.0,"max_hp_loss":0.0,"gold_gain":0.0,"cards_transformed":["Strike_G"],"event_name":"Transmorgrifier","player_choice":"Transformed","floor":2.0,"gold_loss":0.0,"damage_taken":0.0,"cards_obtained":["Tools of the Trade"]},{"cards_removed":["Dagger Throw"],"damage_healed":0.0,"max_hp_gain":0.0,"max_hp_loss":0.0,"gold_gain":0.0,"event_name":"WeMeetAgain","player_choice":"Gave Card","floor":4.0,"gold_loss":0.0,"damage_taken":0.0,"relics_obtained":["TungstenRod"]},{"damage_healed":0.0,"max_hp_gain":0.0,"max_hp_loss":0.0,"gold_gain":0.0,"event_name":"Mushrooms","player_choice":"Fought Mushrooms","floor":7.0,"gold_loss":0.0,"damage_taken":0.0},{"cards_removed":["Strike_G"],"damage_healed":0.0,"max_hp_gain":0.0,"max_hp_loss":0.0,"gold_gain":0.0,"event_name":"Bonfire Elementals","player_choice":"Offered Basic","floor":8.0,"gold_loss":0.0,"damage_taken":0.0},{"damage_healed":0.0,"max_hp_gain":5.0,"max_hp_loss":0.0,"gold_gain":0.0,"event_name":"Forgotten Altar","player_choice":"Shed Blood","floor":27.0,"gold_loss":0.0,"damage_taken":23.0},{"damage_healed":0.0,"max_hp_gain":0.0,"max_hp_loss":36.0,"gold_gain":0.0,"event_name":"Ghosts","player_choice":"Became a Ghost","floor":29.0,"gold_loss":0.0,"damage_taken":0.0,"cards_obtained":["Ghostly","Ghostly","Ghostly"]},{"damage_healed":0.0,"max_hp_gain":0.0,"max_hp_loss":0.0,"gold_gain":0.0,"event_name":"Mysterious Sphere","player_choice":"Fight","floor":36.0,"gold_loss":0.0,"damage_taken":0.0}],"is_beta":false,"boss_relics":[{"not_picked":["Tiny House","Pandora\u0027s Box"],"picked":"Astrolabe"},{"not_picked":["Busted Crown","WristBlade"],"picked":"Coffee Dripper"}],"items_purged_floors":[11,20,54],"is_endless":false,"potions_floor_spawned":[1,12,13,16,19,21,22,28,33,36,39,45,48,55],"ascension_level":20}}