{"host":"a1u4jo6xlg3w0wsm","time":1609672658,"event":{"mods":["BaseMod","Better Third Choice","DeckTracker","Downfall","Hermit","Hubris","Minty Spire (QoL Compilation)","Replay The Spire","StSLib"],"gold_per_floor":[112,112,112,128,143,171,171,190,214,229,229,229],"floor_reached":11,"playtime":496,"items_purged":[],"score":86,"play_id":"9bb3dbfe-bfd2-47c9-86a6-09d4281d941f","local_time":"20210104001738","is_ascension_mode":true,"campfire_choices":[{"floor":7,"key":"REST"}],"circlet_count":0,"master_deck":["hermit:Strike_Hermit","hermit:Strike_Hermit","hermit:Strike_Hermit","hermit:Strike_Hermit","hermit:Defend_Hermit","hermit:Defend_Hermit+1","hermit:Defend_Hermit+1","hermit:Defend_Hermit","hermit:Snapshot","hermit:Covet","hermit:Manifest","hermit:Deadeye","hermit:Grudge","hermit:Gestalt"],"relics":["hermit:Momento","NeowsBlessing","hubris:Towel","Juzu Bracelet","Simple Rune"],"acts_visited":["Exordium"],"potions_floor_usage":[6,6],"damage_taken":[{"damage":0,"enemies":"Small Slimes","floor":1,"turns":1},{"damage":0,"enemies":"2 Louse","floor":4,"turns":1},{"damage":0,"enemies":"Jaw Worm","floor":5,"turns":1},{"damage":35,"enemies":"3 Sentries","floor":6,"turns":9},{"damage":11,"enemies":"Exordium Thugs","floor":8,"turns":7},{"damage":3,"enemies":"Looter","floor":10,"turns":3},{"damage":3,"enemies":"Lagavulin","floor":11,"turns":6}],"seed_played":"-1758677784301553465","potions_obtained":[{"floor":4,"key":"Strength Potion"},{"floor":5,"key":"Adrenaline Potion"}],"is_trial":false,"path_per_floor":["M","?","?","M","M","E","R","M","T","M","E"],"character_chosen":"HERMIT","items_purchased":[],"campfire_rested":1,"item_purchase_floors":[],"current_hp_per_floor":[75,75,75,75,75,40,62,51,51,48,45,45],"gold":229,"neow_bonus":"THREE_ENEMY_KILL","is_daily":false,"chose_seed":false,"campfire_upgraded":0,"win_rate":0.0,"timestamp":1609672658,"path_taken":["M","?","?","M","M","E","R","M","T","M","E"],"items_purchased_type":[],"build_version":"2020-12-13","purchased_purges":0,"victory":false,"max_hp_per_floor":[75,75,75,75,75,75,75,75,75,75,75,75],"card_choices":[{"not_picked":["hermit:TrackingShot","hermit:LuckOfTheDraw","hermit:Desperado"],"picked":"SKIP","floor":1},{"not_picked":["hermit:HighCaliber","hermit:TrackingShot","hermit:Roulette"],"picked":"SKIP","floor":4},{"not_picked":["hermit:SprayPray","hermit:Horror"],"picked":"hermit:Manifest","floor":5},{"not_picked":["hermit:HighCaliber","hermit:Misfire"],"picked":"hermit:Deadeye","floor":6},{"not_picked":["hermit:Roulette","hermit:LuckOfTheDraw"],"picked":"hermit:Grudge","floor":8},{"not_picked":["hermit:BodyArmor","hermit:FinalCanter"],"picked":"hermit:Gestalt","floor":10}],"player_experience":293879,"relics_obtained":[{"floor":6,"key":"Juzu Bracelet"},{"floor":9,"key":"Simple Rune"}],"event_choices":[{"damage_healed":0,"gold_gain":0,"player_choice":"Leave","damage_taken":0,"max_hp_gain":0,"max_hp_loss":0,"event_name":"The Cleric","floor":3,"gold_loss":0}],"is_beta":false,"boss_relics":[],"items_purged_floors":[],"is_endless":false,"potions_floor_spawned":[4,5],"killed_by":"Lagavulin","ascension_level":3}}