{"host":"rmsq46plbpwfbxcc","time":1609648225,"event":{"mods":["AchievementEnabler","BaseMod","Colored Map","Colored Powertips","DeckTracker","KOR Keyword Fix","Minty Spire (QoL Compilation)","Permanent Neow","Quick Restart","SuperFastMode"],"gold_per_floor":[110,128,139,89,89,89,100,128,128,146,158,192,192,202,202,305,305,325,340,353,373,58,58,58,58,58,93,109,109,144,76,76,173,173,187,187,201,201,212,212,243,243,243,278,13,24,24,38,38,38,38,38,0,28,28,28],"floor_reached":55,"playtime":2304,"items_purged":["Strike_G","Writhe","Strike_G"],"score":1126,"play_id":"0f0b41ff-f8d7-45dd-af26-e4f37ce9bb13","local_time":"20210103133025","is_ascension_mode":true,"campfire_choices":[{"data":"Neutralize","floor":6.0,"key":"SMITH"},{"data":"Blade Dance","floor":13.0,"key":"SMITH"},{"data":"Cloak And Dagger","floor":15.0,"key":"SMITH"},{"data":"A Thousand Cuts","floor":23.0,"key":"SMITH"},{"data":"Envenom","floor":25.0,"key":"SMITH"},{"data":"Calculated Gamble","floor":32.0,"key":"SMITH"},{"data":"Apotheosis","floor":40,"key":"SMITH"},{"floor":49,"key":"RECALL"},{"floor":52,"key":"REST"}],"circlet_count":0,"master_deck":["Strike_G","Defend_G","Defend_G","Defend_G","Survivor","Neutralize+1","CurseOfTheBell","Sucker Punch","Cloak And Dagger+1","Finisher","Blade Dance+1","Calculated Gamble+1","A Thousand Cuts+1","Acrobatics+1","Envenom+1","Bullet Time","Backflip","Blade Dance+1","Calculated Gamble+1","Eviscerate","Venomology","Apotheosis+1","Burst","Accuracy+1","Reflex+1","Tactician","Tactician+1"],"relics":["Calling Bell","Bag of Preparation","Paper Crane","Tingsha","Ninja Scroll","White Beast Statue","SacredBark","Membership Card","Shuriken","Eternal Feather","Orichalcum","HornCleat","Regal Pillow","Boot","Dream Catcher","Question Card","Bottled Lightning","Snake Skull","Pantograph"],"acts_visited":["Exordium","TheCity","TheBeyond","TheEnding"],"potions_floor_usage":[35,37,37,39,41,41,44,46,48,50,50,54,55,55],"damage_taken":[{"damage":1.0,"enemies":"Small Slimes","floor":1.0,"turns":4.0},{"damage":3.0,"enemies":"2 Louse","floor":2.0,"turns":2.0},{"damage":0.0,"enemies":"Jaw Worm","floor":3.0,"turns":5.0},{"damage":0.0,"enemies":"Blue Slaver","floor":7.0,"turns":4.0},{"damage":9.0,"enemies":"Gremlin Nob","floor":8.0,"turns":4.0},{"damage":0.0,"enemies":"Looter","floor":10.0,"turns":2.0},{"damage":0.0,"enemies":"Large Slime","floor":11.0,"turns":5.0},{"damage":7.0,"enemies":"Lagavulin","floor":12.0,"turns":7.0},{"damage":0.0,"enemies":"Exordium Wildlife","floor":14.0,"turns":2.0},{"damage":5.0,"enemies":"Slime Boss","floor":16.0,"turns":9.0},{"damage":0.0,"enemies":"3 Byrds","floor":18.0,"turns":2.0},{"damage":2.0,"enemies":"Shell Parasite","floor":19.0,"turns":3.0},{"damage":5.0,"enemies":"Centurion and Healer","floor":20.0,"turns":8.0},{"damage":12.0,"enemies":"Snake Plant","floor":21.0,"turns":5.0},{"damage":6.0,"enemies":"Book of Stabbing","floor":27.0,"turns":3.0},{"damage":12.0,"enemies":"Snecko","floor":28.0,"turns":7.0},{"damage":0.0,"enemies":"Slavers","floor":30.0,"turns":3.0},{"damage":14.0,"enemies":"Champ","floor":33.0,"turns":5.0},{"damage":13,"enemies":"3 Darklings","floor":35,"turns":4},{"damage":9,"enemies":"3 Shapes","floor":37,"turns":5},{"damage":1,"enemies":"3 Darklings","floor":39,"turns":3},{"damage":0,"enemies":"Reptomancer","floor":41,"turns":4},{"damage":36,"enemies":"Nemesis","floor":44,"turns":5},{"damage":0,"enemies":"4 Shapes","floor":46,"turns":3},{"damage":6,"enemies":"Sphere and 2 Shapes","floor":48,"turns":7},{"damage":37,"enemies":"Awakened One","floor":50,"turns":9},{"damage":48,"enemies":"Shield and Spear","floor":54,"turns":5},{"damage":50,"enemies":"The Heart","floor":55,"turns":5}],"seed_played":"6110675988455249974","potions_obtained":[{"floor":1.0,"key":"CunningPotion"},{"floor":10.0,"key":"LiquidBronze"},{"floor":12.0,"key":"PowerPotion"},{"floor":14.0,"key":"SpeedPotion"},{"floor":16.0,"key":"ColorlessPotion"},{"floor":18.0,"key":"Weak Potion"},{"floor":19.0,"key":"PowerPotion"},{"floor":20.0,"key":"Block Potion"},{"floor":21.0,"key":"GamblersBrew"},{"floor":27.0,"key":"Swift Potion"},{"floor":28.0,"key":"Fire Potion"},{"floor":30.0,"key":"GamblersBrew"},{"floor":33.0,"key":"Swift Potion"},{"floor":35,"key":"Dexterity Potion"},{"floor":37,"key":"FearPotion"},{"floor":41,"key":"SteroidPotion"},{"floor":44,"key":"GamblersBrew"},{"floor":46,"key":"Poison Potion"},{"floor":48,"key":"Block Potion"},{"floor":54,"key":"DuplicationPotion"}],"is_trial":false,"path_per_floor":["M","M","M","?","?","R","M","E","T","M","M","E","R","M","R","B",null,"M","M","M","M","$","R","?","R","T","E","M","?","E","$","R","B",null,"M","?","M","?","M","R","E","?","T","E","$","M","$","M","R","B",null,"R","$","E","B"],"character_chosen":"THE_SILENT","items_purchased":["Membership Card","Shuriken","Eviscerate","Bottled Lightning","Snake Skull","Tactician"],"campfire_rested":1,"item_purchase_floors":[22,22,31,45,45,53],"current_hp_per_floor":[62,59,59,59,52,52,52,43,43,43,43,36,36,36,36,31,60,60,58,53,41,41,41,41,41,41,35,23,23,23,23,35,21,58,45,45,36,36,35,47,47,47,47,11,11,11,11,50,62,25,59,70,70,22,0,0],"gold":28,"neow_bonus":"BOSS_RELIC","is_daily":false,"chose_seed":false,"campfire_upgraded":7,"win_rate":0.0,"timestamp":1609648225,"path_taken":["M","M","M","?","?","R","M","E","T","M","M","E","R","M","R","BOSS","M","M","M","M","$","R","?","R","T","E","M","?","E","$","R","BOSS","M","?","M","?","M","R","E","?","T","E","$","?","?","M","R","BOSS","R","$","E","BOSS"],"items_purchased_type":["Relic","Relic","Card","Relic","Relic","Card"],"build_version":"2020-12-22","purchased_purges":3,"victory":false,"max_hp_per_floor":[70,70,70,70,70,70,70,70,70,70,70,70,70,70,70,70,70,70,70,70,70,70,70,70,70,70,70,70,70,70,70,70,70,70,70,70,70,70,70,70,70,70,70,70,70,70,70,70,70,70,70,70,70,70,70,70],"card_choices":[{"not_picked":["Slice","Poisoned Stab"],"picked":"Sucker Punch","floor":1.0},{"not_picked":["Dagger Throw","Slice","Quick Slash"],"picked":"SKIP","floor":2.0},{"not_picked":["Finisher","Deadly Poison"],"picked":"Cloak And Dagger","floor":3.0},{"not_picked":["Deadly Poison","Expertise","Cloak And Dagger"],"picked":"SKIP","floor":7.0},{"not_picked":["Predator","PiercingWail"],"picked":"Blur","floor":8.0},{"not_picked":["Distraction","Crippling Poison"],"picked":"Finisher","floor":10.0},{"not_picked":["Prepared","Choke"],"picked":"Blade Dance","floor":11.0},{"not_picked":["Endless Agony","Riddle With Holes","Slice"],"picked":"SKIP","floor":12.0},{"not_picked":["Skewer","Deflect"],"picked":"Calculated Gamble","floor":14.0},{"not_picked":["Unload","Night Terror"],"picked":"A Thousand Cuts","floor":16.0},{"not_picked":["Prepared","All Out Attack","Sucker Punch"],"picked":"SKIP","floor":18.0},{"not_picked":["Bouncing Flask+1","Underhanded Strike"],"picked":"Acrobatics+1","floor":19.0},{"not_picked":["Blade Dance","Dodge and Roll","Endless Agony"],"picked":"SKIP","floor":20.0},{"not_picked":["Slice+1","Flying Knee","Well Laid Plans"],"picked":"SKIP","floor":21.0},{"not_picked":["Riddle With Holes+1","Masterful Stab"],"picked":"Backflip","floor":27.0},{"not_picked":["Cloak And Dagger","Prepared"],"picked":"Blade Dance+1","floor":28.0},{"not_picked":["Dagger Throw","Grand Finale"],"picked":"Calculated Gamble+1","floor":30.0},{"not_picked":["Die Die Die","Malaise"],"picked":"Venomology","floor":33.0},{"not_picked":["Blade Dance+1","Dagger Throw","Acrobatics"],"picked":"SKIP","floor":35},{"not_picked":["Bane+1","Endless Agony","Bouncing Flask+1"],"picked":"SKIP","floor":37},{"not_picked":["HandOfGreed","Forethought"],"picked":"Apotheosis","floor":38},{"not_picked":["Deadly Poison","Dagger Spray","Infinite Blades"],"picked":"SKIP","floor":39},{"not_picked":["Acrobatics","Blade Dance"],"picked":"Burst","floor":41},{"not_picked":["Prepared+1","Leg Sweep","Poisoned Stab+1"],"picked":"SKIP","floor":44},{"not_picked":["Acrobatics+1","Crippling Poison+1","Well Laid Plans"],"picked":"Accuracy+1","floor":46},{"not_picked":["Deadly Poison","Dagger Throw","Poisoned Stab","Concentrate+1"],"picked":"SKIP","floor":48},{"not_picked":["Blur","Poisoned Stab","Underhanded Strike"],"picked":"Reflex+1","floor":52},{"not_picked":["All Out Attack","Distraction","Flechettes"],"picked":"Tactician+1","floor":54}],"player_experience":659001,"relics_obtained":[{"floor":0.0,"key":"Bag of Preparation"},{"floor":0.0,"key":"Paper Crane"},{"floor":0.0,"key":"Tingsha"},{"floor":8.0,"key":"Ninja Scroll"},{"floor":12.0,"key":"White Beast Statue"},{"floor":26.0,"key":"Eternal Feather"},{"floor":27.0,"key":"Orichalcum"},{"floor":30.0,"key":"Regal Pillow"},{"floor":41,"key":"Boot"},{"floor":43,"key":"Dream Catcher"},{"floor":44,"key":"Question Card"},{"floor":54,"key":"Pantograph"}],"event_choices":[{"cards_removed":["Strike_G"],"damage_healed":0.0,"max_hp_gain":0.0,"max_hp_loss":0.0,"gold_gain":0.0,"event_name":"The Cleric","player_choice":"Card Removal","floor":4.0,"gold_loss":50.0,"damage_taken":0.0},{"cards_removed":["Defend_G"],"damage_healed":0.0,"max_hp_gain":0.0,"max_hp_loss":0.0,"gold_gain":0.0,"event_name":"Golden Wing","player_choice":"Card Removal","floor":5.0,"gold_loss":0.0,"damage_taken":7.0},{"damage_healed":0.0,"max_hp_gain":0.0,"max_hp_loss":0.0,"gold_gain":0.0,"cards_transformed":["Strike_G","Defend_G"],"event_name":"Drug Dealer","player_choice":"Became Test Subject","floor":24.0,"gold_loss":0.0,"damage_taken":0.0,"cards_obtained":["Envenom","Bullet Time"]},{"damage_healed":0.0,"max_hp_gain":0.0,"max_hp_loss":0.0,"gold_gain":0.0,"event_name":"The Mausoleum","player_choice":"Opened","floor":29.0,"gold_loss":0.0,"damage_taken":0.0,"relics_obtained":["HornCleat"],"cards_obtained":["Writhe"]},{"damage_healed":0,"gold_gain":0,"player_choice":"Ignored","damage_taken":0,"max_hp_gain":0,"max_hp_loss":0,"event_name":"Tomb of Lord Red Mask","floor":36,"gold_loss":0},{"damage_healed":0,"gold_gain":0,"player_choice":"Memory 1","damage_taken":0,"max_hp_gain":0,"max_hp_loss":0,"event_name":"SensoryStone","floor":38,"gold_loss":0},{"cards_removed":["Blur"],"damage_healed":0,"gold_gain":0,"player_choice":"Removed Skill","damage_taken":0,"max_hp_gain":0,"max_hp_loss":0,"event_name":"Falling","floor":42,"gold_loss":0}],"is_beta":false,"boss_relics":[{"not_picked":["Philosopher\u0027s Stone","Runic Pyramid"],"picked":"SacredBark"},{"not_picked":["Pandora\u0027s Box","Snecko Eye","Velvet Choker"]}],"items_purged_floors":[22,31,45],"is_endless":false,"potions_floor_spawned":[1,10,12,14,16,18,19,20,21,27,28,30,33,35,37,39,41,44,46,48,54],"killed_by":"The Heart","ascension_level":8}}