{"host":"mruvby243fwgm3bp","time":1609645893,"event":{"mods":["AchievementEnabler","BaseMod","Colored Map","Colored Powertips","Minty Spire (QoL Compilation)","Permanent Neow","Random Character Button","StSLib"],"gold_per_floor":[116,41,59,73,93,122,122,157,207,207,226,244,244,262,262,361,361,376,276,296,312,312,312,312,312],"floor_reached":24,"playtime":1157,"items_purged":["Strike_R","Strike_R"],"score":273,"play_id":"2da6e6c7-7c34-4292-ac3b-ad46e29a947c","local_time":"20210102195133","is_ascension_mode":true,"campfire_choices":[{"data":"Body Slam","floor":7,"key":"SMITH"},{"data":"Armaments","floor":10,"key":"SMITH"},{"data":"Bash","floor":15,"key":"SMITH"},{"data":"True Grit","floor":23,"key":"SMITH"}],"circlet_count":0,"master_deck":["Strike_R","Strike_R","Defend_R","Defend_R","Defend_R","Defend_R","Bash+1","Panacea","Armaments+1","Thunderclap","Spot Weakness","Body Slam+1","Shockwave","Impervious","Pommel Strike","Limit Break","True Grit+1","Flex+1","Armaments"],"relics":["Black Blood","Strawberry","Matryoshka","Juzu Bracelet"],"acts_visited":["Exordium","TheCity"],"potions_floor_usage":[6,6,24],"damage_taken":[{"damage":0,"enemies":"2 Louse","floor":1,"turns":3},{"damage":13,"enemies":"Jaw Worm","floor":3,"turns":4},{"damage":7,"enemies":"Small Slimes","floor":4,"turns":3},{"damage":12,"enemies":"2 Fungi Beasts","floor":5,"turns":5},{"damage":20,"enemies":"Lagavulin","floor":6,"turns":3},{"damage":26,"enemies":"Gremlin Nob","floor":8,"turns":4},{"damage":12,"enemies":"Looter","floor":11,"turns":3},{"damage":13,"enemies":"Exordium Thugs","floor":12,"turns":5},{"damage":6,"enemies":"Blue Slaver","floor":14,"turns":5},{"damage":12,"enemies":"Hexaghost","floor":16,"turns":9},{"damage":7,"enemies":"Chosen","floor":18,"turns":5},{"damage":35,"enemies":"Shell Parasite","floor":20,"turns":10},{"damage":40,"enemies":"Snake Plant","floor":21,"turns":6},{"damage":32,"enemies":"Shelled Parasite and Fungi","floor":24,"turns":3}],"seed_played":"-7575603883819419029","potions_obtained":[{"floor":3,"key":"LiquidMemories"},{"floor":5,"key":"AttackPotion"},{"floor":11,"key":"SneckoOil"},{"floor":12,"key":"SteroidPotion"},{"floor":14,"key":"GamblersBrew"},{"floor":16,"key":"FearPotion"},{"floor":18,"key":"BlessingOfTheForge"},{"floor":20,"key":"Energy Potion"}],"is_trial":false,"path_per_floor":["M","$","M","M","M","E","R","E","T","R","M","M","?","M","R","B",null,"M","$","M","M","?","R","M"],"character_chosen":"IRONCLAD","items_purchased":[],"campfire_rested":0,"item_purchase_floors":[],"current_hp_per_floor":[78,78,71,70,64,57,57,37,37,37,31,24,17,17,17,11,68,73,73,50,22,22,22,0,0],"gold":312,"neow_bonus":"RANDOM_COLORLESS","is_daily":false,"chose_seed":false,"campfire_upgraded":4,"win_rate":0.0,"timestamp":1609645893,"path_taken":["M","$","M","M","M","E","R","E","T","R","M","M","?","M","R","BOSS","M","$","M","M","?","R","M"],"items_purchased_type":[],"build_version":"2020-12-22","purchased_purges":2,"victory":false,"max_hp_per_floor":[80,80,80,80,80,87,87,87,87,87,87,87,87,87,87,87,87,87,87,87,87,87,87,87,87],"card_choices":[{"not_picked":["Mind Blast","Bandage Up"],"picked":"Panacea","floor":0},{"not_picked":["Combust","Feel No Pain"],"picked":"Armaments","floor":1},{"not_picked":["Warcry","Anger","Perfected Strike"],"picked":"SKIP","floor":3},{"not_picked":["Warcry","Dual Wield"],"picked":"Thunderclap","floor":4},{"not_picked":["Uppercut","Power Through"],"picked":"Spot Weakness","floor":5},{"not_picked":["Impervious","Uppercut"],"picked":"Body Slam","floor":6},{"not_picked":["Wild Strike","Armaments"],"picked":"Shockwave","floor":8},{"not_picked":["Havoc","Body Slam"],"picked":"Impervious","floor":11},{"not_picked":["Havoc","Rupture","Headbutt"],"picked":"SKIP","floor":12},{"not_picked":["Hemokinesis","Twin Strike"],"picked":"Pommel Strike","floor":14},{"not_picked":["Reaper","Offering"],"picked":"Limit Break","floor":16},{"not_picked":["Armaments+1","Bloodletting"],"picked":"True Grit","floor":18},{"not_picked":["Dropkick","Warcry"],"picked":"Flex+1","floor":20},{"not_picked":["Blood for Blood","Reckless Charge+1"],"picked":"Armaments","floor":21}],"player_experience":366249,"relics_obtained":[{"floor":6,"key":"Strawberry"},{"floor":8,"key":"Matryoshka"},{"floor":9,"key":"Juzu Bracelet"}],"event_choices":[{"cards_removed":["Strike_R"],"damage_healed":0,"gold_gain":0,"player_choice":"Card Removal","damage_taken":7,"max_hp_gain":0,"max_hp_loss":0,"event_name":"Golden Wing","floor":13,"gold_loss":0},{"damage_healed":0,"gold_gain":0,"player_choice":"Ignored","damage_taken":0,"max_hp_gain":0,"max_hp_loss":0,"event_name":"The Mausoleum","floor":22,"gold_loss":0}],"is_beta":false,"boss_relics":[{"not_picked":["Sozu","Runic Dome"],"picked":"Black Blood"}],"items_purged_floors":[2,19],"is_endless":false,"potions_floor_spawned":[3,5,11,12,14,16,18,20],"killed_by":"Shelled Parasite and Fungi","ascension_level":6}}