{"host":"gg","time":1609691770,"event":{"mods":["BaseMod","Colored Map","Googly Eyes","Minty Spire (QoL Compilation)","Permanent Neow","Relic Stats","The IronCluck"],"gold_per_floor":[109,129,149,149,30,30,57,57,84,112,126,161,173,203,203,276,276,321,12,55,55,75,75,75,132,132,170,170,213,273,273,273,298,298,333,369,412,462,507,557,557,582,582,582,582,622,679,177,177,202,202,202,49,77,77],"floor_reached":56,"playtime":4170,"items_purged":["Defend_P","Defend_P+1"],"score":2459,"play_id":"b8ffb56a-8a9b-40d6-ab2d-9c8a502e033c","local_time":"20210103083610","is_ascension_mode":true,"campfire_choices":[{"data":"Ragnarok","floor":6.0,"key":"SMITH"},{"data":"Vigilance","floor":8.0,"key":"SMITH"},{"data":"SandsOfTime","floor":15.0,"key":"SMITH"},{"floor":23.0,"key":"RECALL"},{"floor":28.0,"key":"REST"},{"floor":32.0,"key":"REST"}],"circlet_count":0,"master_deck":["AscendersBane","Strike_P+1","Strike_P+1","Strike_P+1","Strike_P+1","Defend_P+1","Defend_P+1","Eruption+1","Vigilance+1","Consecrate+1","Swivel+1","Ragnarok+1","LessonLearned+1","Vault","SandsOfTime+1","Ragnarok+1","Wallop+1","Wish","RitualDagger+1","CrushJoints+1","Wallop+1","CutThroughFate+1","MentalFortress+1","Wish","TalkToTheHand+1","TalkToTheHand","Ragnarok","Wish"],"relics":["Snecko Eye","FaceOfCleric","Oddly Smooth Stone","Ancient Tea Set","Frozen Egg 2","Potion Belt","Pear","Fusion Hammer","Pocketwatch","Smiling Mask","Eternal Feather","Nilry\u0027s Codex","Coffee Dripper","CaptainsWheel","StoneCalendar","Kunai","Whetstone","Vajra","Lizard Tail","Bottled Tornado"],"acts_visited":["Exordium","TheCity","TheBeyond","TheEnding"],"potions_floor_usage":[54,55,55],"damage_taken":[{"damage":0.0,"enemies":"Cultist","floor":1.0,"turns":2.0},{"damage":0.0,"enemies":"2 Louse","floor":2.0,"turns":2.0},{"damage":5.0,"enemies":"Small Slimes","floor":3.0,"turns":4.0},{"damage":0.0,"enemies":"Gremlin Nob","floor":7.0,"turns":2.0},{"damage":1.0,"enemies":"3 Sentries","floor":10.0,"turns":6.0},{"damage":0.0,"enemies":"2 Fungi Beasts","floor":11.0,"turns":3.0},{"damage":0.0,"enemies":"Lagavulin","floor":12.0,"turns":2.0},{"damage":0.0,"enemies":"Exordium Thugs","floor":13.0,"turns":3.0},{"damage":0.0,"enemies":"Gremlin Nob","floor":14.0,"turns":2.0},{"damage":0.0,"enemies":"The Guardian","floor":16.0,"turns":3.0},{"damage":0.0,"enemies":"Spheric Guardian","floor":18.0,"turns":4.0},{"damage":16.0,"enemies":"2 Thieves","floor":20.0,"turns":3.0},{"damage":0.0,"enemies":"3 Cultists","floor":22.0,"turns":2.0},{"damage":14.0,"enemies":"Slavers","floor":25.0,"turns":5.0},{"damage":0.0,"enemies":"Sentry and Sphere","floor":27.0,"turns":4.0},{"damage":0.0,"enemies":"Snake Plant","floor":29.0,"turns":3.0},{"damage":0.0,"enemies":"Book of Stabbing","floor":30.0,"turns":3.0},{"damage":4.0,"enemies":"Champ","floor":33.0,"turns":7.0},{"damage":0,"enemies":"Orb Walker","floor":35,"turns":3},{"damage":10,"enemies":"3 Darklings","floor":36,"turns":3},{"damage":0,"enemies":"Jaw Worm Horde","floor":37,"turns":6},{"damage":11,"enemies":"Mind Bloom Boss Battle","floor":38,"turns":5},{"damage":0,"enemies":"Transient","floor":39,"turns":6},{"damage":0,"enemies":"Nemesis","floor":40,"turns":4},{"damage":0,"enemies":"Reptomancer","floor":42,"turns":2},{"damage":0,"enemies":"3 Darklings","floor":46,"turns":2},{"damage":0,"enemies":"Giant Head","floor":47,"turns":6},{"damage":2,"enemies":"Time Eater","floor":50,"turns":4},{"damage":0,"enemies":"Shield and Spear","floor":54,"turns":2},{"damage":74,"enemies":"The Heart","floor":55,"turns":7}],"seed_played":"-8533920891204002681","potions_obtained":[{"floor":3.0,"key":"SpeedPotion"},{"floor":7.0,"key":"FearPotion"},{"floor":12.0,"key":"StancePotion"},{"floor":22.0,"key":"StancePotion"},{"floor":25.0,"key":"SteroidPotion"},{"floor":29.0,"key":"Block Potion"},{"floor":37,"key":"ColorlessPotion"},{"floor":38,"key":"SkillPotion"},{"floor":39,"key":"SteroidPotion"},{"floor":46,"key":"Ambrosia"},{"floor":54,"key":"Swift Potion"}],"is_trial":false,"path_per_floor":["M","M","M","?","$","R","E","R","T","E","M","E","M","E","R","B",null,"M","$","M","?","M","R","?","E","T","M","R","M","E","?","R","B",null,"M","M","M","?","M","E","R","E","T","R","?","M","E","$","R","B",null,"R","$","E","B",null],"character_chosen":"WATCHER","items_purchased":["Ragnarok","SteroidPotion","Pocketwatch","Lizard Tail","Ragnarok","FairyPotion"],"campfire_rested":2,"item_purchase_floors":[5,5,19,48,48,53],"current_hp_per_floor":[61,61,56,56,56,56,57,57,57,57,58,59,60,71,71,72,82,83,83,68,62,63,63,46,33,33,34,62,63,64,48,89,86,95,96,87,88,78,79,80,95,96,96,105,105,106,107,107,107,106,108,108,108,109,36],"gold":77,"neow_bonus":"BOSS_RELIC","is_daily":false,"chose_seed":false,"campfire_upgraded":3,"win_rate":0.0,"timestamp":1609691770,"path_taken":["M","M","?","?","$","R","E","R","T","E","?","E","M","E","R","BOSS","M","$","M","?","M","R","?","E","T","?","R","M","E","?","R","BOSS","M","M","M","?","M","E","R","E","T","R","?","?","E","?","R","BOSS","R","$","E","BOSS"],"items_purchased_type":["Card","Potion","Relic","Relic","Card","Potion"],"build_version":"2020-12-18","purchased_purges":2,"victory":true,"max_hp_per_floor":[68,68,68,68,68,68,69,69,69,70,71,72,73,84,84,85,85,86,86,87,87,88,88,93,94,94,95,95,96,97,97,97,98,98,99,100,101,102,103,104,104,105,105,105,105,106,107,107,107,108,108,108,108,109,110],"relic_stats":{"Lizard Tail":0,"FaceOfCleric":27,"counters":[30,110],"Snecko Eye":[173,186,208,236],"Eternal Feather":36,"StoneCalendar":[39],"Kunai":[14],"Whetstone":["Wallop","RitualDagger"],"Smiling Mask":75,"obtain_stats":[{"Potion Belt":12,"Pear":14,"Nilry\u0027s Codex":31,"Oddly Smooth Stone":7,"Vajra":47,"Eternal Feather":30,"StoneCalendar":40,"Whetstone":43,"Frozen Egg 2":10,"Bottled Tornado":54,"Ancient Tea Set":9,"Smiling Mask":25,"CaptainsWheel":38,"Lizard Tail":48,"FaceOfCleric":4,"Snecko Eye":0,"Fusion Hammer":17,"Coffee Dripper":34,"Kunai":42,"PureWater":0,"Pocketwatch":19},{"Potion Belt":7,"Pear":9,"Nilry\u0027s Codex":17,"Oddly Smooth Stone":4,"Vajra":27,"Eternal Feather":17,"StoneCalendar":24,"Whetstone":25,"Frozen Egg 2":5,"Bottled Tornado":29,"Ancient Tea Set":4,"Smiling Mask":14,"CaptainsWheel":22,"Lizard Tail":27,"FaceOfCleric":3,"Snecko Eye":0,"Fusion Hammer":10,"Coffee Dripper":18,"Kunai":25,"PureWater":0,"Pocketwatch":11},{"Potion Belt":21,"Pear":26,"Nilry\u0027s Codex":53,"Oddly Smooth Stone":10,"Vajra":97,"Eternal Feather":53,"StoneCalendar":87,"Whetstone":89,"Frozen Egg 2":16,"Bottled Tornado":103,"Ancient Tea Set":10,"Smiling Mask":43,"CaptainsWheel":77,"Lizard Tail":97,"FaceOfCleric":8,"Snecko Eye":0,"Fusion Hammer":29,"Coffee Dripper":60,"Kunai":89,"PureWater":0,"Pocketwatch":33}],"Pocketwatch":[68]},"card_choices":[{"not_picked":["ClearTheMind","Study"],"picked":"Consecrate","floor":1.0},{"not_picked":["ClearTheMind","Vengeance"],"picked":"Swivel","floor":2.0},{"not_picked":["JustLucky","ThirdEye","Vengeance"],"picked":"SKIP","floor":3.0},{"not_picked":["CarveReality","Protect"],"picked":"LessonLearned","floor":7.0},{"not_picked":["Prostrate","Collect"],"picked":"Vault","floor":10.0},{"not_picked":["JustLucky","EmptyBody"],"picked":"SandsOfTime","floor":11.0},{"not_picked":["Conclude","Wallop"],"picked":"Ragnarok","floor":12.0},{"not_picked":["EmptyFist","SashWhip","CrushJoints"],"picked":"SKIP","floor":13.0},{"not_picked":["FlyingSleeves","MentalFortress+1"],"picked":"Wallop","floor":14.0},{"not_picked":["DeusExMachina","MasterReality+1"],"picked":"Wish","floor":16.0},{"not_picked":["Crescendo","SashWhip","Study+1"],"picked":"SKIP","floor":18.0},{"not_picked":["ThirdEye","BowlingBash","Adaptation+1"],"picked":"SKIP","floor":20.0},{"not_picked":["Weave","EmptyBody","Swivel"],"picked":"SKIP","floor":22.0},{"not_picked":["FollowUp","LikeWater+1","Pray"],"picked":"SKIP","floor":25.0},{"not_picked":["Evaluate","PathToVictory","Nirvana+1"],"picked":"SKIP","floor":27.0},{"not_picked":["ClearTheMind","Indignation","Halt"],"picked":"SKIP","floor":29.0},{"not_picked":["EmptyFist","WindmillStrike","Establishment+1"],"picked":"SKIP","floor":30.0},{"not_picked":["SandsOfTime","SashWhip"],"picked":"CrushJoints+1","floor":35},{"not_picked":["CrushJoints","Nirvana+1"],"picked":"Wallop","floor":36},{"not_picked":["WindmillStrike","ClearTheMind"],"picked":"CutThroughFate+1","floor":37},{"not_picked":["Pray","Collect"],"picked":"MentalFortress+1","floor":38},{"not_picked":["FlurryOfBlows","FollowUp+1","SignatureMove"],"picked":"SKIP","floor":39},{"not_picked":["JustLucky+1","SashWhip"],"picked":"Wish","floor":40},{"not_picked":["CrushJoints","Prostrate"],"picked":"TalkToTheHand","floor":42},{"not_picked":["Study+1","Protect+1","Prostrate"],"picked":"SKIP","floor":46},{"not_picked":["LessonLearned","Halt+1"],"picked":"TalkToTheHand","floor":47},{"not_picked":["SignatureMove","CutThroughFate"],"picked":"Wish","floor":54}],"player_experience":1022935,"relics_obtained":[{"floor":7.0,"key":"Oddly Smooth Stone"},{"floor":9.0,"key":"Ancient Tea Set"},{"floor":10.0,"key":"Frozen Egg 2"},{"floor":12.0,"key":"Potion Belt"},{"floor":14.0,"key":"Pear"},{"floor":25.0,"key":"Smiling Mask"},{"floor":30.0,"key":"Eternal Feather"},{"floor":31.0,"key":"Nilry\u0027s Codex"},{"floor":38,"key":"CaptainsWheel"},{"floor":40,"key":"StoneCalendar"},{"floor":42,"key":"Kunai"},{"floor":43,"key":"Whetstone"},{"floor":47,"key":"Vajra"},{"floor":54,"key":"Bottled Tornado"}],"event_choices":[{"damage_healed":0.0,"max_hp_gain":0.0,"max_hp_loss":0.0,"gold_gain":0.0,"event_name":"FaceTrader","player_choice":"Trade","floor":4.0,"gold_loss":0.0,"damage_taken":0.0,"relics_obtained":["FaceOfCleric"]},{"damage_healed":0.0,"max_hp_gain":0.0,"max_hp_loss":0.0,"gold_gain":0.0,"event_name":"Nest","player_choice":"Joined the Cult","floor":21.0,"gold_loss":0.0,"damage_taken":6.0,"cards_obtained":["RitualDagger"]},{"damage_healed":0.0,"max_hp_gain":5.0,"max_hp_loss":0.0,"gold_gain":0.0,"event_name":"Forgotten Altar","player_choice":"Shed Blood","floor":24.0,"gold_loss":0.0,"damage_taken":22.0},{"damage_healed":0.0,"max_hp_gain":0.0,"max_hp_loss":0.0,"gold_gain":0.0,"event_name":"Cursed Tome","player_choice":"Obtained Book","floor":31.0,"gold_loss":0.0,"damage_taken":16.0},{"damage_healed":0,"gold_gain":0,"player_choice":"Fight","damage_taken":0,"max_hp_gain":0,"max_hp_loss":0,"event_name":"MindBloom","floor":38,"gold_loss":0},{"damage_healed":0,"gold_gain":0,"player_choice":"Upgraded","damage_taken":0,"max_hp_gain":0,"max_hp_loss":0,"event_name":"Upgrade Shrine","floor":45,"gold_loss":0,"cards_upgraded":["TalkToTheHand"]}],"is_beta":true,"boss_relics":[{"not_picked":["SacredBark","Velvet Choker"],"picked":"Fusion Hammer"},{"not_picked":["Cursed Key","Runic Dome"],"picked":"Coffee Dripper"}],"items_purged_floors":[48,53],"is_endless":false,"potions_floor_spawned":[3,7,12,22,25,29,33,37,38,39,46,54],"ascension_level":14}}