{"host":"t6w2q9o6m1ipuhb5","time":1609639535,"event":{"mods":["2.2 Compatiblity","Abigail Mod","AchievementEnabler","BaseMod","Chen","Colored Map","Colored Powertips","Downfall","Hermit","Koishi","Marisa????????","Minty Spire (QoL Compilation)","Onozuka Komachi Mod","Prisma Mod","Quick Restart","Reimu??????","Replay The Spire","StSLib","SuperFastMode","The Alterego","The Cursed","The Marked","Waifu the Spire","Yuyuko"],"gold_per_floor":[99,99,99,99,110,35,35,61,92,121,28,41,56,56,66,66,66,66],"floor_reached":16,"playtime":932,"items_purged":[],"score":102,"play_id":"dd85fb0b-78f7-4257-b533-49aa8f50824c","local_time":"20210102210535","is_ascension_mode":false,"campfire_choices":[{"floor":1,"key":"RECALL"},{"data":"Guardian:ArmoredProtocol","floor":6,"key":"SMITH"}],"circlet_count":0,"master_deck":["Guardian:Strike_Guardian","Guardian:Strike_Guardian","Guardian:Strike_Guardian","Guardian:Strike_Guardian","Guardian:Defend_Guardian","Guardian:Defend_Guardian","Guardian:Defend_Guardian","Guardian:Defend_Guardian","Guardian:CurlUp","Guardian:TwinSlam","Guardian:RollAttack","Guardian:PrismaticBeam","Guardian:StasisStrike","Guardian:ArmoredProtocol+1","Guardian:Gem_Purple","Guardian:TemporalStrike","Guardian:Incinerate","Guardian:ShieldSpikes","Replay:Sssssssssstrike","Guardian:Recover","Guardian:Gem_Red","Guardian:FloatingOrbs"],"relics":["Guardian:ModeShifter","downfall:HeartsMalice","downfall:HeartBlessingRed","MawBank"],"acts_visited":["Exordium"],"potions_floor_usage":[16,16],"damage_taken":[{"damage":0,"enemies":"Small Slimes","floor":2,"turns":1},{"damage":0,"enemies":"Jaw Worm","floor":3,"turns":1},{"damage":0,"enemies":"2 Louse","floor":4,"turns":1},{"damage":4,"enemies":"2 Fungi Beasts","floor":5,"turns":3},{"damage":30,"enemies":"Lagavulin","floor":8,"turns":8},{"damage":0,"enemies":"Exordium Wildlife","floor":9,"turns":3},{"damage":3,"enemies":"Blue Slaver","floor":10,"turns":4},{"damage":0,"enemies":"downfall:FleeingMerchant","floor":11,"turns":4},{"damage":13,"enemies":"Exordium Thugs","floor":12,"turns":4},{"damage":9,"enemies":"Large Slime","floor":13,"turns":6},{"damage":0,"enemies":"2 Fungi Beasts","floor":15,"turns":2},{"damage":27,"enemies":"downfall:Ironclad","floor":16,"turns":8}],"seed_played":"3488763355088450006","potions_obtained":[{"floor":5,"key":"Strength Potion"},{"floor":8,"key":"Languid Potion"},{"floor":10,"key":"SpeedPotion"}],"is_trial":false,"path_per_floor":["R_BF","M","M","M","M","R","T","E","M","M","$","M","M","?","M","B"],"character_chosen":"GUARDIAN","items_purchased":["Replay:Sssssssssstrike"],"campfire_rested":0,"item_purchase_floors":[11],"current_hp_per_floor":[80,80,80,80,76,76,76,46,46,43,43,30,21,21,21,0,0,0],"gold":66,"neow_bonus":"THREE_ENEMY_KILL","is_daily":false,"chose_seed":false,"campfire_upgraded":1,"win_rate":0.0,"timestamp":1609639535,"path_taken":["R_BF","M","M","M","M","R","T","E","M","M","$","M","M","?","M","BOSS"],"items_purchased_type":["Card"],"build_version":"2020-12-22","purchased_purges":0,"victory":false,"max_hp_per_floor":[80,80,80,80,80,80,80,80,80,80,80,80,80,80,80,80,80,80],"card_choices":[{"not_picked":["Guardian:VentSteam","Guardian:Gem_Blue"],"picked":"Guardian:RollAttack","floor":2},{"not_picked":["Guardian:Preprogram","Guardian:Incinerate"],"picked":"Guardian:PrismaticBeam","floor":3},{"not_picked":["Guardian:Emergency","Guardian:VentSteam"],"picked":"Guardian:StasisStrike","floor":4},{"not_picked":["Guardian:Planning","Guardian:VentSteam"],"picked":"Guardian:ArmoredProtocol","floor":5},{"not_picked":["Guardian:Gem_Crimson","Guardian:TimeCapacitor"],"picked":"Guardian:Gem_Purple","floor":8},{"not_picked":["Guardian:ChargeCore","Guardian:Gem_Blue"],"picked":"Guardian:TemporalStrike","floor":9},{"not_picked":["Guardian:VentSteam","Guardian:RollAttack"],"picked":"Guardian:Incinerate","floor":10},{"not_picked":["Guardian:PrimingBeam","Guardian:TemporalStrike"],"picked":"Guardian:ShieldSpikes","floor":11},{"not_picked":["Guardian:WalkerClaw","Guardian:ChargeCore"],"picked":"Guardian:Recover","floor":12},{"not_picked":["Guardian:Suspension","Guardian:Emergency"],"picked":"Guardian:Gem_Red","floor":13},{"not_picked":["Guardian:PolyBeam","Guardian:TemporalShield"],"picked":"Guardian:FloatingOrbs","floor":15}],"player_experience":311861,"relics_obtained":[{"floor":8,"key":"MawBank"}],"event_choices":[],"is_beta":false,"boss_relics":[],"items_purged_floors":[],"is_endless":false,"potions_floor_spawned":[5,8,10,12,13],"killed_by":"downfall:Ironclad","ascension_level":0}}