{"host":"0azimyi6n3ugndj4","time":1609635899,"event":{"mods":["2.2 Compatiblity","BaseMod","Bestiary","Conspire","Curses Come First","Defuse TimeMaze Blight","Downfall","Hermit","Hyrulean Relics","Infinite Spire","Minty Spire (QoL Compilation)","Relic Filter","Relic Stats","Replay The Spire","StSLib","SuperFastMode","The Cursed","Uncapped","¡¼?Úª?ø«¡½REMEMod"],"gold_per_floor":[141,141,291,191,191,191,191,230,230,62,62,62,98,134,134,134,134,134],"floor_reached":16,"playtime":268,"items_purged":[],"score":276,"play_id":"8d8767e6-f411-499a-9b4b-aed4b443f237","local_time":"20210103100459","daily_mods":["SealedDeck","Hoarder","Insanity","Chimera","Specialized","Vintage","ControlledChaos","Allstar","Diverse","Colorless Cards","Heirloom","Time Dilation","Flight","downfall:Jewelcrafting","downfall:Improvised","downfall:Lament","Elite Swarm","Lethality","Midas","downfall:WorldOfGoo","downfall:Enraging","Binary"],"is_ascension_mode":true,"campfire_choices":[],"circlet_count":0,"master_deck":["Demon Form","Wraith Form v2","Echo Form","DevaForm","Guardian:ConstructionForm","hexamod:ParanormalForm","Slimebound:DuplicatedForm","sneckomod:SerpentMind","AscendersBane","Bash","Survivor","Zap","Eruption","Strike_R","Strike_G+1","Strike_B","Defend_R","Defend_G","Defend_P","Cold Snap","Slimebound:GoopSpray","Cold Snap","TheCursedMod:CursedMace","Guardian:Reroute","Dodge and Roll","TheCursedMod:SurpriseAttack","TheCursedMod:Obscuration","Steam","ForeignInfluence","TheCursedMod:FleshFromBone","hermit:TakeCover","Weave","Go for the Eyes","Guardian:ChargeCore","ReplayTheSpireMod:Limb From Limb","hexamod:CatchUp","Guardian:Reroute","TheCursedMod:CursedAmulet","EmptyMind","hermit:Enervate","Rebound","champ:GladiatorsShout","expansioncontent:TimeRipple","Thunderclap","TheCursedMod:VitalStrike","champ:FanOfKnives","Cleave","Sever Soul","Iron Wave","Infernal Blade","hermit:SprayPray","TheCursedMod:CursedStaff","champ:FlashCut","Deadly Poison","Catalyst","hermit:TrackingShot","Hidden Blade","TheCursedMod:CircleOfFlame","ReplayTheSpireMod:Repulse","FearNoEvil","Replay:ManipulateFuture","Draining Mist","Gash","True Grit","TheCursedMod:CircleOfFlame","hexamod:GhostLash","Iron Wave","Guardian:ExploitGems","Guardian:ExploitGems","sneckomod:UnknownCommonAttack","sneckomod:UnknownCommonAttack","sneckomod:UnknownCommonAttack","sneckomod:UnknownCommonSkill","sneckomod:UnknownCommonSkill","sneckomod:UnknownCommonSkill","sneckomod:UnknownUncommonAttack","sneckomod:UnknownUncommonSkill","sneckomod:UnknownUncommonPower","sneckomod:Unknown","WaveOfTheHand","WaveOfTheHand","WaveOfTheHand","WaveOfTheHand","WaveOfTheHand","WaveOfTheHand","WaveOfTheHand","WaveOfTheHand","WaveOfTheHand","WaveOfTheHand","WaveOfTheHand","WaveOfTheHand","WaveOfTheHand","WaveOfTheHand","WaveOfTheHand","Turbo","Turbo","Turbo","champ:Haymaker","champ:Haymaker","champ:Haymaker","Distraction","Distraction","Distraction","sneckomod:UnknownVulnerable","sneckomod:UnknownVulnerable","sneckomod:UnknownVulnerable","sneckomod:UnknownExhaust","sneckomod:UnknownExhaust","sneckomod:UnknownExhaust","Deadly Poison","Deadly Poison","Deadly Poison","TheCursedMod:SoulReap","TheCursedMod:SoulReap","TheCursedMod:SoulReap","champ:FightOn","champ:FightOn","champ:FightOn","Clothesline","Clothesline","Clothesline","Finesse","Finesse","Finesse","TheCursedMod:Grudge","TheCursedMod:Grudge","TheCursedMod:Grudge","hexamod:ThirdSeal","hexamod:ThirdSeal","hexamod:ThirdSeal","Doubt","Doubt","Ghostly","Ghostly","Ghostly","Guardian:Gem_White","Guardian:Gem_Cyan","Guardian:Gem_Cyan","Guardian:Gem_Cyan","Guardian:Gem_Red","Guardian:Gem_Red","Guardian:Gem_Red"],"relics":["Replay:M_StaffOfTheSnake","Frozen Eye","Busted Crown","REME_ComplimentaryCards","Guardian:PickAxe","NeowsBlessing","Thread and Needle","conspire:Flyswatter","Simple Rune","zeldaRelics:CouragePiece","REME_CardOfGreed","infinitespire:Cubic Diamond","hexamod:BolsterEngine","Mirror"],"acts_visited":["Exordium"],"potions_floor_usage":[16],"damage_taken":[{"damage":0,"enemies":"Jaw Worm","floor":1,"turns":1},{"damage":0,"enemies":"Small Slimes","floor":8,"turns":1},{"damage":0,"enemies":"2 Louse","floor":13,"turns":1},{"damage":0,"enemies":"2 Fungi Beasts","floor":14,"turns":1},{"damage":64,"enemies":"The Guardian","floor":16,"turns":5}],"seed_played":"4808072643161030859","potions_obtained":[{"floor":14,"key":"Block Potion"}],"is_trial":true,"path_per_floor":["M","?","?","?","?","R","?","M","T","$","?","$","M","M","R","B"],"character_chosen":"THE_SPIRIT","items_purchased":["REME_CardOfGreed"],"campfire_rested":0,"item_purchase_floors":[10],"current_hp_per_floor":[57,57,57,57,62,62,62,62,62,62,62,62,63,63,63,0,0,0],"gold":134,"neow_bonus":"","is_daily":false,"chose_seed":false,"campfire_upgraded":0,"win_rate":0.0,"timestamp":1609635899,"path_taken":["M","?","?","?","?","R","?","?","T","$","?","?","?","M","R","BOSS"],"items_purchased_type":["Relic"],"build_version":"2020-12-22","purchased_purges":0,"victory":false,"max_hp_per_floor":[63,63,63,63,68,68,68,68,68,68,68,68,68,68,68,68,68,68],"relic_stats":{"Busted Crown":4,"counters":[5,9],"obtain_stats":[{"Replay:M_StaffOfTheSnake":11,"NeowsBlessing":0,"Thread and Needle":0,"infinitespire:Cubic Diamond":11,"Guardian:PickAxe":0,"Frozen Eye":0,"Busted Crown":0,"Simple Rune":8,"zeldaRelics:CouragePiece":9,"REME_CardOfGreed":10,"hexamod:BolsterEngine":13,"Mirror":14,"hexamod:SpiritBrand":0,"REME_ComplimentaryCards":0,"conspire:Flyswatter":1},{"Replay:M_StaffOfTheSnake":2,"NeowsBlessing":0,"Thread and Needle":0,"infinitespire:Cubic Diamond":2,"Guardian:PickAxe":0,"Frozen Eye":0,"Busted Crown":0,"Simple Rune":2,"zeldaRelics:CouragePiece":2,"REME_CardOfGreed":2,"hexamod:BolsterEngine":3,"Mirror":4,"hexamod:SpiritBrand":0,"REME_ComplimentaryCards":0,"conspire:Flyswatter":1},{"Replay:M_StaffOfTheSnake":2,"NeowsBlessing":0,"Thread and Needle":0,"infinitespire:Cubic Diamond":2,"Guardian:PickAxe":0,"Frozen Eye":0,"Busted Crown":0,"Simple Rune":2,"zeldaRelics:CouragePiece":2,"REME_CardOfGreed":2,"hexamod:BolsterEngine":3,"Mirror":4,"hexamod:SpiritBrand":0,"REME_ComplimentaryCards":0,"conspire:Flyswatter":1}]},"card_choices":[],"player_experience":1519490,"relics_obtained":[{"floor":1,"key":"conspire:Flyswatter"},{"floor":8,"key":"Simple Rune"},{"floor":9,"key":"zeldaRelics:CouragePiece"},{"floor":13,"key":"hexamod:BolsterEngine"},{"floor":14,"key":"Mirror"}],"event_choices":[{"damage_healed":0,"gold_gain":150,"player_choice":"AGREE","damage_taken":0,"max_hp_gain":0,"max_hp_loss":0,"event_name":"Liars Game","floor":3,"gold_loss":0,"cards_obtained":["Doubt"]},{"damage_healed":0,"gold_gain":0,"player_choice":"Argue","damage_taken":0,"max_hp_gain":0,"max_hp_loss":0,"event_name":"conspire:LoneGhost","floor":4,"gold_loss":0},{"damage_healed":0,"gold_gain":0,"player_choice":"Donut","damage_taken":0,"max_hp_gain":5,"max_hp_loss":0,"event_name":"Big Fish","floor":5,"gold_loss":0},{"cards_removed":["Doubt"],"damage_healed":0,"gold_gain":0,"player_choice":"Purged","damage_taken":0,"max_hp_gain":0,"max_hp_loss":0,"event_name":"Purifier","floor":7,"gold_loss":0}],"is_beta":false,"boss_relics":[],"items_purged_floors":[],"is_endless":false,"potions_floor_spawned":[14],"killed_by":"The Guardian","ascension_level":20}}