{"host":"huzih8coe6eib4hq","time":1609642248,"event":{"mods":["BaseMod","Bestiary","Highlight Path","Minty Spire (QoL Compilation)","Relic Stats"],"gold_per_floor":[109,124,142,142,157,157,173,191,191,43,68,68,68,68,68,164,164,183,194,194,194,0,28,28,47,70,84,101,101,130,146,146,265,265,275,288,288,288],"floor_reached":37,"playtime":8677,"items_purged":["Defend_R"],"score":603,"play_id":"8f4236a0-49c3-44eb-a389-996c3440a046","local_time":"20210102215048","is_ascension_mode":true,"campfire_choices":[{"data":"Perfected Strike","floor":6.0,"key":"SMITH"},{"data":"Spot Weakness","floor":13.0,"key":"SMITH"},{"data":"Rage","floor":15.0,"key":"SMITH"},{"data":"Warcry","floor":24.0,"key":"SMITH"},{"data":"Magnetism","floor":29.0,"key":"SMITH"},{"data":"Flame Barrier","floor":32.0,"key":"SMITH"}],"circlet_count":0,"master_deck":["Strike_R","Strike_R","Strike_R","Strike_R","Defend_R","Bash","Perfected Strike+1","Shrug It Off","Thunderclap","Twin Strike","Metallicize","Seeing Red","Clothesline","Spot Weakness+1","Rage+1","Warcry+1","Exhume","Anger","Anger+1","Inflame","Seeing Red","Magnetism+1","Iron Wave+1","Headbutt","True Grit","Cleave+1","Flame Barrier+1","Reaper"],"relics":["Burning Blood","Pear","Ornamental Fan","Shuriken","Coffee Dripper","Bottled Lightning","Lantern","Bag of Marbles","Mark of Pain"],"acts_visited":["Exordium","TheCity","TheBeyond"],"potions_floor_usage":[],"damage_taken":[{"damage":7.0,"enemies":"Small Slimes","floor":1.0,"turns":4.0},{"damage":1.0,"enemies":"Cultist","floor":2.0,"turns":3.0},{"damage":7.0,"enemies":"Jaw Worm","floor":3.0,"turns":3.0},{"damage":10.0,"enemies":"Exordium Thugs","floor":5.0,"turns":4.0},{"damage":10.0,"enemies":"Blue Slaver","floor":7.0,"turns":4.0},{"damage":1.0,"enemies":"Exordium Wildlife","floor":8.0,"turns":3.0},{"damage":18.0,"enemies":"Gremlin Nob","floor":11.0,"turns":3.0},{"damage":33.0,"enemies":"The Guardian","floor":16.0,"turns":11.0},{"damage":2.0,"enemies":"Chosen","floor":18.0,"turns":3.0},{"damage":8.0,"enemies":"3 Byrds","floor":19.0,"turns":5.0},{"damage":14.0,"enemies":"Gremlin Leader","floor":23.0,"turns":7.0},{"damage":17.0,"enemies":"Snake Plant","floor":25.0,"turns":4.0},{"damage":1.0,"enemies":"Centurion and Healer","floor":27.0,"turns":5.0},{"damage":0.0,"enemies":"Shelled Parasite and Fungi","floor":28.0,"turns":4.0},{"damage":17.0,"enemies":"Book of Stabbing","floor":30.0,"turns":5.0},{"damage":1.0,"enemies":"3 Cultists","floor":31.0,"turns":4.0},{"damage":27.0,"enemies":"Champ","floor":33.0,"turns":9.0},{"damage":21,"enemies":"3 Shapes","floor":35,"turns":7},{"damage":38,"enemies":"3 Darklings","floor":36,"turns":7},{"damage":68,"enemies":"Writhing Mass","floor":37,"turns":5}],"seed_played":"-9162268564576256405","potions_obtained":[{"floor":1.0,"key":"Energy Potion"},{"floor":7.0,"key":"FearPotion"},{"floor":11.0,"key":"ElixirPotion"},{"floor":25.0,"key":"ColorlessPotion"},{"floor":28.0,"key":"GamblersBrew"},{"floor":30.0,"key":"Strength Potion"},{"floor":35,"key":"Strength Potion"},{"floor":36,"key":"Dexterity Potion"}],"is_trial":false,"path_per_floor":["M","M","M","?","M","R","M","M","T","$","E","T","R","?","R","B",null,"M","M","?","?","$","E","R","M","T","M","M","R","E","M","R","B",null,"M","M","M"],"character_chosen":"IRONCLAD","items_purchased":["Spot Weakness","Magnetism"],"campfire_rested":0,"item_purchase_floors":[10,22],"current_hp_per_floor":[79,84,83,83,79,79,75,80,90,90,78,78,78,78,78,51,86,90,88,88,68,68,60,60,49,49,54,60,60,49,54,54,33,86,71,64,0,0],"gold":288,"neow_bonus":"TEN_PERCENT_HP_BONUS","is_daily":false,"chose_seed":false,"campfire_upgraded":6,"win_rate":0.0,"timestamp":1609642248,"path_taken":["M","M","M","?","?","R","M","M","T","$","E","?","R","?","R","BOSS","M","M","?","?","$","E","R","M","T","M","M","R","E","M","R","BOSS","M","M","M"],"items_purchased_type":["Card","Card"],"build_version":"2020-12-22","purchased_purges":1,"victory":false,"max_hp_per_floor":[88,88,88,88,88,88,88,88,98,98,98,98,98,98,98,98,98,98,98,98,103,103,103,103,103,103,103,103,103,103,103,103,103,103,103,103,103,103],"relic_stats":{"counters":[20,100],"Ornamental Fan":[124],"Shuriken":[31],"obtain_stats":[{"Lantern":26,"Pear":9,"Ornamental Fan":11,"Shuriken":12,"Mark of Pain":34,"Coffee Dripper":17,"Bag of Marbles":30,"Bottled Lightning":23,"Burning Blood":0},{"Lantern":12,"Pear":6,"Ornamental Fan":7,"Shuriken":7,"Mark of Pain":17,"Coffee Dripper":8,"Bag of Marbles":15,"Bottled Lightning":11,"Burning Blood":0},{"Lantern":54,"Pear":21,"Ornamental Fan":24,"Shuriken":24,"Mark of Pain":81,"Coffee Dripper":35,"Bag of Marbles":68,"Bottled Lightning":50,"Burning Blood":0}],"Burning Blood":114},"card_choices":[{"not_picked":["Feel No Pain","Blood for Blood"],"picked":"Perfected Strike","floor":1.0},{"not_picked":["Wild Strike","Anger"],"picked":"Shrug It Off","floor":2.0},{"not_picked":["Reckless Charge","Flex"],"picked":"Thunderclap","floor":3.0},{"not_picked":["Barricade","Perfected Strike"],"picked":"Metallicize","floor":5.0},{"not_picked":["Havoc","Armaments"],"picked":"Seeing Red","floor":7.0},{"not_picked":["Searing Blow","Pommel Strike"],"picked":"Clothesline","floor":8.0},{"not_picked":["Perfected Strike","Heavy Blade"],"picked":"Rage","floor":11.0},{"not_picked":["Juggernaut","Barricade"],"picked":"Exhume","floor":16.0},{"not_picked":["Thunderclap+1","Pommel Strike"],"picked":"Anger","floor":18.0},{"not_picked":["Fire Breathing+1","Flex"],"picked":"Anger+1","floor":19.0},{"not_picked":["Armaments","Sever Soul","Havoc"],"picked":"SKIP","floor":23.0},{"not_picked":["Entrench+1","Armaments"],"picked":"Iron Wave+1","floor":25.0},{"not_picked":["Sword Boomerang","Heavy Blade+1"],"picked":"Headbutt","floor":27.0},{"not_picked":["Power Through+1","Reckless Charge"],"picked":"True Grit","floor":28.0},{"not_picked":["Spot Weakness","Bludgeon"],"picked":"Cleave+1","floor":30.0},{"not_picked":["True Grit","Reckless Charge"],"picked":"Flame Barrier","floor":31.0},{"not_picked":["Bludgeon","Barricade"],"picked":"Reaper","floor":33.0},{"not_picked":["Pommel Strike","Seeing Red","Dual Wield"],"picked":"SKIP","floor":35},{"not_picked":["Twin Strike","Searing Blow+1","Pommel Strike"],"picked":"SKIP","floor":36}],"player_experience":799459,"relics_obtained":[{"floor":9.0,"key":"Pear"},{"floor":11.0,"key":"Ornamental Fan"},{"floor":12.0,"key":"Shuriken"},{"floor":23.0,"key":"Bottled Lightning"},{"floor":26.0,"key":"Lantern"},{"floor":30.0,"key":"Bag of Marbles"}],"event_choices":[{"damage_healed":0.0,"max_hp_gain":0.0,"max_hp_loss":0.0,"gold_gain":0.0,"event_name":"Match and Keep!","player_choice":"1 cards matched","floor":4.0,"gold_loss":0.0,"damage_taken":0.0,"cards_obtained":["Twin Strike"]},{"damage_healed":0.0,"max_hp_gain":0.0,"max_hp_loss":0.0,"gold_gain":0.0,"cards_transformed":["Strike_R"],"event_name":"Transmorgrifier","player_choice":"Transformed","floor":14.0,"gold_loss":0.0,"damage_taken":0.0,"cards_obtained":["Warcry"]},{"damage_healed":0.0,"max_hp_gain":0.0,"max_hp_loss":0.0,"gold_gain":0.0,"cards_transformed":["Defend_R","Defend_R"],"event_name":"Drug Dealer","player_choice":"Became Test Subject","floor":20.0,"gold_loss":0.0,"damage_taken":0.0,"cards_obtained":["Inflame","Seeing Red"]},{"damage_healed":0.0,"max_hp_gain":5.0,"max_hp_loss":0.0,"gold_gain":0.0,"event_name":"Forgotten Altar","player_choice":"Shed Blood","floor":21.0,"gold_loss":0.0,"damage_taken":25.0}],"is_beta":false,"boss_relics":[{"not_picked":["Velvet Choker","Ectoplasm"],"picked":"Coffee Dripper"},{"not_picked":["Calling Bell","Tiny House"],"picked":"Mark of Pain"}],"items_purged_floors":[10],"is_endless":false,"potions_floor_spawned":[1,7,11,25,28,30,35,36],"killed_by":"Writhing Mass","ascension_level":8}}