{"host":"xz7n3qy1zq36rzpg","time":1609676834,"event":{"mods":["BaseMod","Colored Map","Colored Powertips","Highlight Path","Minty Spire (QoL Compilation)","Quick Restart","Shop Mod"],"gold_per_floor":[367,367,380,380,142,142,173,193,193,208,223,223,284,295,295,395,395,363,42,92,153,220,249,299,299,299],"floor_reached":25,"playtime":1233,"items_purged":["Strike_G","Strike_G"],"score":259,"play_id":"94594c94-3658-4cf1-a148-a7bfedc02ec9","local_time":"20210103132714","is_ascension_mode":true,"campfire_choices":[{"data":"Flying Knee","floor":6.0,"key":"SMITH"},{"floor":15,"key":"REST"}],"circlet_count":0,"master_deck":["Strike_G","Strike_G","Strike_G","Defend_G","Defend_G","Defend_G","Defend_G","Defend_G","Survivor","Neutralize","PiercingWail","Flying Knee+1","Dash","Footwork","Bouncing Flask","Bane","Blur","Terror","Deadly Poison","Heel Hook+1","Well Laid Plans","Underhanded Strike","Backflip","Writhe"],"relics":["Ring of the Snake","Gambling Chip","Matryoshka","SsserpentHead","Busted Crown","PreservedInsect","Meat on the Bone","Pear"],"acts_visited":["Exordium","TheCity"],"potions_floor_usage":[13,16,18,21,23],"damage_taken":[{"damage":0.0,"enemies":"Small Slimes","floor":1.0,"turns":3.0},{"damage":1.0,"enemies":"2 Louse","floor":3.0,"turns":4.0},{"damage":19.0,"enemies":"Gremlin Nob","floor":7.0,"turns":5.0},{"damage":0.0,"enemies":"Cultist","floor":8.0,"turns":4.0},{"damage":1.0,"enemies":"2 Fungi Beasts","floor":10.0,"turns":4.0},{"damage":20,"enemies":"Gremlin Gang","floor":11,"turns":6},{"damage":5,"enemies":"Large Slime","floor":13,"turns":5},{"damage":6,"enemies":"3 Louse","floor":14,"turns":4},{"damage":18,"enemies":"The Guardian","floor":16,"turns":11},{"damage":14,"enemies":"2 Thieves","floor":18,"turns":5},{"damage":4,"enemies":"3 Byrds","floor":21,"turns":7},{"damage":17,"enemies":"Centurion and Healer","floor":22,"turns":8},{"damage":14,"enemies":"Book of Stabbing","floor":23,"turns":6},{"damage":32,"enemies":"Cultist and Chosen","floor":25,"turns":4}],"seed_played":"-4134676770024742643","potions_obtained":[{"floor":1.0,"key":"Explosive Potion"},{"floor":11,"key":"AttackPotion"},{"floor":13,"key":"Weak Potion"},{"floor":14,"key":"EssenceOfSteel"},{"floor":16,"key":"SkillPotion"},{"floor":18,"key":"CunningPotion"},{"floor":22,"key":"SpeedPotion"}],"is_trial":false,"path_per_floor":["M","?","M","?","$","R","E","M","T","M","M","?","M","M","R","B",null,"M","$","?","M","M","E","?","M"],"character_chosen":"THE_SILENT","items_purchased":["Dash","Footwork","PreservedInsect","Well Laid Plans"],"campfire_rested":1,"item_purchase_floors":[5,5,19,19],"current_hp_per_floor":[49,70,69,69,69,69,50,50,50,49,29,29,24,18,39,21,70,56,56,56,52,35,21,31,0,0],"gold":299,"neow_bonus":"TWO_FIFTY_GOLD","is_daily":false,"chose_seed":false,"campfire_upgraded":1,"win_rate":0.0,"timestamp":1609676834,"path_taken":["M","?","M","?","$","R","E","M","T","M","M","?","?","M","R","BOSS","M","$","?","?","?","E","?","M"],"items_purchased_type":["Card","Card","Relic","Card"],"build_version":"2020-12-22","purchased_purges":2,"victory":false,"max_hp_per_floor":[70,70,70,70,70,70,70,70,70,70,70,70,70,70,70,70,70,70,70,70,70,70,70,80,80,80],"card_choices":[{"not_picked":["Finisher","Tactician"],"picked":"PiercingWail","floor":1.0},{"not_picked":["PiercingWail","Backflip"],"picked":"Flying Knee","floor":3.0},{"not_picked":["Dodge and Roll","Eviscerate"],"picked":"Bouncing Flask","floor":7.0},{"not_picked":["Dagger Spray","Adrenaline"],"picked":"Bane","floor":8.0},{"not_picked":["Dagger Throw","Cloak And Dagger"],"picked":"Blur","floor":10.0},{"not_picked":["PiercingWail","Prepared"],"picked":"Terror","floor":11},{"not_picked":["Accuracy","Outmaneuver"],"picked":"Deadly Poison","floor":13},{"not_picked":["Acrobatics","Setup","Underhanded Strike"],"picked":"SKIP","floor":14},{"not_picked":[],"picked":"Heel Hook","floor":18},{"not_picked":[],"picked":"Underhanded Strike","floor":21},{"not_picked":[],"picked":"Backflip","floor":22},{"not_picked":["Concentrate"],"picked":"SKIP","floor":23}],"player_experience":295784,"relics_obtained":[{"floor":7.0,"key":"Gambling Chip"},{"floor":9.0,"key":"Matryoshka"},{"floor":23,"key":"Meat on the Bone"}],"event_choices":[{"damage_healed":23.0,"max_hp_gain":0.0,"max_hp_loss":0.0,"gold_gain":0.0,"event_name":"Big Fish","player_choice":"Banana","floor":2.0,"gold_loss":0.0,"damage_taken":0.0},{"damage_healed":0.0,"max_hp_gain":0.0,"max_hp_loss":0.0,"gold_gain":0.0,"event_name":"Liars Game","player_choice":"Ignored","floor":4.0,"gold_loss":0.0,"damage_taken":0.0},{"damage_healed":0,"gold_gain":0,"player_choice":"Trade","damage_taken":0,"relics_obtained":["SsserpentHead"],"max_hp_gain":0,"max_hp_loss":0,"event_name":"FaceTrader","floor":12,"gold_loss":0},{"damage_healed":0,"gold_gain":0,"player_choice":"Upgraded","damage_taken":0,"max_hp_gain":0,"max_hp_loss":0,"event_name":"Upgrade Shrine","floor":20,"gold_loss":0,"cards_upgraded":["Heel Hook"]},{"damage_healed":0,"gold_gain":0,"player_choice":"Opened","damage_taken":0,"relics_obtained":["Pear"],"max_hp_gain":0,"max_hp_loss":0,"event_name":"The Mausoleum","floor":24,"gold_loss":0,"cards_obtained":["Writhe"]}],"is_beta":false,"boss_relics":[{"not_picked":["SlaversCollar","Astrolabe"],"picked":"Busted Crown"}],"items_purged_floors":[5,19],"is_endless":false,"potions_floor_spawned":[1,11,13,14,16,18,22],"killed_by":"Cultist and Chosen","ascension_level":3}}