{"host":"6to8m083wj0ro91z","time":1609664902,"event":{"mods":["BaseMod","Better Third Choice","BetterRewards","CatGirl Mod","ChefMod","Friendly Minions","GungeonMod","Hubris","Mad Scientist","Marisa????????","Minty Spire (QoL Compilation)","Shade Mod","Spicy Shops","StSLib","The Blackbeard","The Death Knight","The Dragon Tamer","The Gatherer","The Marked","The Mystic","The Necromancer","The Servant 0.9.4"],"gold_per_floor":[119,119,119,138,156,191,225,305,333,408,11,36,36,139,139,155,81,81],"floor_reached":19,"playtime":847,"items_purged":["DemoMod:Strike_Huntress","DemoMod:Strike_Huntress"],"score":411,"play_id":"a3a3aae7-a1dd-46d5-9f01-4078864f5cb4","local_time":"20210103100822","is_ascension_mode":true,"campfire_choices":[{"data":"DemoMod:HungryBullets","floor":15,"key":"SMITH"}],"circlet_count":0,"master_deck":["DemoMod:Defend_Huntress","DemoMod:Defend_Huntress","DemoMod:Defend_Huntress","DemoMod:Defend_Huntress","DemoMod:Roll","DemoMod:ManualReload","DemoMod:RustySidearm","DemoMod:CrossBow","DemoMod:HungryBullets+1","Dramatic Entrance","DemoMod:ShadowBullets","DemoMod:Casey"],"relics":["DemoMod:Dog","hubris:Teleporter","Medical Kit","Happy Flower","DemoMod:SilverBullets","hubris:OldNail","DemoMod:MonsterBlood","Matryoshka","DemoMod:VorpalBullet","Turnip","DemoMod:WhiteGuonStone","DemoMod:Plus1Bullets","Singing Bowl","DemoMod:PinkGuonStone","ClockworkSouvenir","DemoMod:SerJunkan","Busted Crown","DemoMod:GlassGuonStoneRelic","OrangePellets"],"acts_visited":["Exordium","TheCity"],"potions_floor_usage":[16,16],"damage_taken":[{"damage":1.0,"enemies":"Jaw Worm","floor":1.0,"turns":3.0},{"damage":0.0,"enemies":"Small Slimes","floor":4.0,"turns":4.0},{"damage":0.0,"enemies":"Cultist","floor":5.0,"turns":3.0},{"damage":1.0,"enemies":"3 Sentries","floor":6.0,"turns":3.0},{"damage":0.0,"enemies":"Gremlin Nob","floor":8.0,"turns":3.0},{"damage":0.0,"enemies":"3 Sentries","floor":10.0,"turns":4.0},{"damage":1,"enemies":"Lagavulin","floor":14,"turns":7},{"damage":11,"enemies":"The Guardian","floor":16,"turns":11},{"damage":2,"enemies":"Shell Parasite","floor":18,"turns":4}],"seed_played":"39733882932542131","potions_obtained":[{"floor":6.0,"key":"LiquidMemories"},{"floor":8.0,"key":"ColorlessPotion"},{"floor":10.0,"key":"SkillPotion"}],"is_trial":false,"path_per_floor":["M","?","?","M","M","E","E","T","E","?","$","E","R","B",null,"M","$"],"character_chosen":"HUNTRESS","items_purchased":["hubris:Teleporter","Medical Kit","DemoMod:HungryBullets","Happy Flower","Dramatic Entrance","DemoMod:SilverBullets","DemoMod:ShadowBullets","hubris:OldNail","DemoMod:MonsterBlood","Matryoshka","DemoMod:VorpalBullet","DemoMod:PinkGuonStone","ClockworkSouvenir","OrangePellets"],"campfire_rested":0,"item_purchase_floors":[0,0,0,0,0,0,0,0,0,0,0,13,13,19],"current_hp_per_floor":[34,27,27,27,27,26,26,26,28,17,24,25,25,16,90,90,90,90],"gold":81,"neow_bonus":"","is_daily":false,"chose_seed":false,"campfire_upgraded":1,"win_rate":0.0,"timestamp":1609664902,"path_taken":["M","?","?","?","M","E","E","T","E","?","$","E","R","BOSS","M","$"],"items_purchased_type":["Relic","Relic","Card","Relic","Card","Relic","Card","Relic","Relic","Relic","Relic","Relic","Relic","Relic"],"build_version":"2020-12-22","purchased_purges":2,"victory":false,"max_hp_per_floor":[77,77,77,77,77,77,77,77,79,79,86,88,88,90,90,92,92,92],"card_choices":[{"not_picked":["DemoMod:DirectionalPad","DemoMod:Unmoved","DemoMod:FeignSurrender"],"picked":"SKIP","floor":1.0},{"not_picked":["DemoMod:SpreadAmmo","DemoMod:FastSwitch"],"picked":"DemoMod:Casey","floor":4.0},{"not_picked":["DemoMod:FastSwitch","DemoMod:MegaHand","DemoMod:Polaris"],"picked":"SKIP","floor":5.0},{"not_picked":["DemoMod:FortunesFavor","DemoMod:TeaPot","DemoMod:Ejector"],"picked":"SKIP","floor":6.0},{"not_picked":["DemoMod:TripleGun","DemoMod:Replace","DemoMod:HardPowerCard"],"picked":"SKIP","floor":8.0},{"not_picked":["DemoMod:StickyCrossBow","DemoMod:SuppressiveFire","DemoMod:SkilledReload"],"picked":"Singing Bowl","floor":10.0},{"not_picked":["DemoMod:GunslingerForm","DemoMod:TeaPot","DemoMod:AC15"],"picked":"Singing Bowl","floor":14},{"not_picked":["DemoMod:Desperate","DemoMod:Gungine","DemoMod:GunslingerForm"],"picked":"Singing Bowl","floor":16},{"not_picked":["DemoMod:DoubleSwitch"],"picked":"Singing Bowl","floor":18}],"player_experience":1081496,"relics_obtained":[{"floor":6.0,"key":"Turnip"},{"floor":8.0,"key":"DemoMod:WhiteGuonStone"},{"floor":9.0,"key":"DemoMod:Plus1Bullets"},{"floor":10.0,"key":"Singing Bowl"},{"floor":14,"key":"DemoMod:SerJunkan"}],"event_choices":[{"cards_removed":["DemoMod:Strike_Huntress"],"damage_healed":0.0,"max_hp_gain":0.0,"max_hp_loss":0.0,"gold_gain":0.0,"event_name":"Golden Wing","player_choice":"Card Removal","floor":2.0,"gold_loss":0.0,"damage_taken":7.0},{"damage_healed":0.0,"max_hp_gain":0.0,"max_hp_loss":0.0,"gold_gain":0.0,"event_name":"The Woman in Blue","player_choice":"Bought 0 Potions","floor":3.0,"gold_loss":0.0,"damage_taken":0.0},{"damage_healed":0.0,"max_hp_gain":0.0,"max_hp_loss":0.0,"gold_gain":75.0,"event_name":"betterThird:BetterGoop","player_choice":"Gold","floor":12.0,"gold_loss":0.0,"damage_taken":11.0}],"is_beta":false,"boss_relics":[{"not_picked":["Snecko Eye","hubris:HollowSoul"],"picked":"Busted Crown"}],"items_purged_floors":[0,0],"is_endless":false,"potions_floor_spawned":[6,8,10,14],"ascension_level":1}}