{"host":"5gusigds1c3jyr99","time":1609682119,"event":{"mods":["AchievementEnabler","Arknights The Spire","Astrologer","BaseMod","GungeonMod","Hermit","Marisa£¨Ùöéë¡¡Øª×âÞÞ£©","Minty Spire (QoL Compilation)","Permanent Neow","Replay The Spire","StSLib","The Bug Knight","The Cursed","The Death Knight","The Disciple","The Dragon Tamer","The Hierophant","The Jungle","The Poker Player","The Senshi","TheBandit"],"gold_per_floor":[115,215,235,235,255,255,73,85,163,182,132,132,53,82,94,201,213,251,274,286,298,298],"floor_reached":21,"playtime":1287,"items_purged":["hermit:Strike_Hermit","hermit:Strike_Hermit"],"score":179,"play_id":"52e19ee6-f513-4e4c-92b1-9d3ec8b1a1a2","local_time":"20210103225519","is_ascension_mode":false,"campfire_choices":[{"data":"hermit:HighNoon","floor":6,"key":"SMITH"},{"data":"hermit:DeadOrAlive","floor":15,"key":"SMITH"}],"circlet_count":0,"master_deck":["hermit:Strike_Hermit","hermit:Strike_Hermit","hermit:Defend_Hermit+1","hermit:Defend_Hermit","hermit:Defend_Hermit","hermit:Defend_Hermit","hermit:Snapshot","hermit:Covet","hermit:ItchyTrigger","hermit:Roulette+1","hermit:Headshot","hermit:WideOpen","hermit:Quickdraw","hermit:DeadOrAlive+1","hermit:RoundhouseKick","hermit:Grudge","hermit:Vantage+1"],"relics":["hermit:Momento","Membership Card","Snack Pack","Ring of Fury","Orichalcum","MawBank","Ring of Chaos","DemoMod:GlassGuonStoneRelic"],"acts_visited":["Exordium","TheCity"],"potions_floor_usage":[],"damage_taken":[{"damage":0,"enemies":"Small Slimes","floor":1,"turns":3},{"damage":1,"enemies":"Cultist","floor":3,"turns":3},{"damage":5,"enemies":"Jaw Worm","floor":5,"turns":2},{"damage":7,"enemies":"Looter","floor":8,"turns":3},{"damage":7,"enemies":"Blue Slaver","floor":10,"turns":2},{"damage":15,"enemies":"3 Sentries","floor":14,"turns":6},{"damage":27,"enemies":"Fading Forest","floor":16,"turns":11},{"damage":9,"enemies":"Shell Parasite","floor":18,"turns":4},{"damage":19,"enemies":"3 Byrds","floor":19,"turns":5},{"damage":0,"enemies":"Snake Plant","floor":21,"turns":1}],"seed_played":"-4998569180133874449","potions_obtained":[{"floor":5,"key":"Swift Potion"},{"floor":10,"key":"FearPotion"},{"floor":19,"key":"FearPotion"}],"is_trial":false,"path_per_floor":["M","?","M","?","M","R","$","M","T","M","$","?","$","E","R","B",null,"M","M","?","M"],"character_chosen":"HERMIT","items_purchased":["Membership Card","Orichalcum"],"campfire_rested":0,"item_purchase_floors":[7,13],"current_hp_per_floor":[75,75,74,59,54,54,54,47,47,42,42,42,42,29,29,30,75,66,51,51,51,51],"gold":298,"neow_bonus":"ONE_RANDOM_RARE_CARD","is_daily":false,"chose_seed":false,"campfire_upgraded":2,"win_rate":0.0,"timestamp":1609682119,"path_taken":["M","?","?","?","M","R","$","M","T","M","$","?","?","E","R","BOSS","M","M","?","?"],"items_purchased_type":["Relic","Relic"],"build_version":"2020-12-22","purchased_purges":2,"victory":false,"max_hp_per_floor":[75,75,75,75,75,75,75,75,75,75,75,75,75,75,75,75,75,75,75,75,75,75],"card_choices":[{"not_picked":["hermit:ShadowCloak","hermit:HighCaliber"],"picked":"hermit:ItchyTrigger","floor":1},{"not_picked":["hermit:NoHoldsBarred","hermit:Coalescence"],"picked":"hermit:Roulette","floor":3},{"not_picked":["hermit:Horror","hermit:SprayPray"],"picked":"hermit:Headshot","floor":5},{"not_picked":["hermit:Glare","hermit:Shortfuse"],"picked":"hermit:WideOpen","floor":8},{"not_picked":["hermit:BigShot","hermit:Snipe"],"picked":"hermit:Quickdraw","floor":10},{"not_picked":["hermit:FullyLoaded","hermit:ShadowCloak"],"picked":"hermit:DeadOrAlive","floor":14},{"not_picked":["hermit:Adapt","hermit:DeadOrAlive"],"picked":"hermit:RoundhouseKick","floor":16},{"not_picked":["hermit:Desperado+1","hermit:Snipe"],"picked":"hermit:Grudge","floor":18},{"not_picked":["hermit:Midnight","hermit:PistolWhip"],"picked":"hermit:Vantage+1","floor":19}],"player_experience":604831,"relics_obtained":[{"floor":9,"key":"Snack Pack"},{"floor":12,"key":"Ring of Fury"},{"floor":14,"key":"MawBank"}],"event_choices":[{"damage_healed":0,"gold_gain":100,"player_choice":"Gold","damage_taken":0,"max_hp_gain":0,"max_hp_loss":0,"event_name":"Wheel of Change","floor":2,"gold_loss":0},{"damage_healed":0,"gold_gain":0,"player_choice":"Entered Light","damage_taken":15,"max_hp_gain":0,"max_hp_loss":0,"event_name":"Shining Light","floor":4,"gold_loss":0,"cards_upgraded":["hermit:Defend_Hermit","hermit:Roulette"]},{"cards_removed":["hermit:HighNoon"],"damage_healed":0,"gold_gain":0,"player_choice":"Purged","damage_taken":0,"max_hp_gain":0,"max_hp_loss":0,"event_name":"Purifier","floor":20,"gold_loss":0}],"is_beta":false,"boss_relics":[{"not_picked":["Runic Dome","SlaversCollar"],"picked":"Ring of Chaos"}],"items_purged_floors":[7,11],"is_endless":false,"potions_floor_spawned":[5,10,19],"killed_by":"Snake Plant","ascension_level":0}}