{"host":"0jile2yd1dg679g0","time":1609637788,"event":{"mods":["AchievementEnabler","Act Like it!","BaseMod","Better Third Choice","Colored Map","Colored Powertips","Gensokyo","Hermit","Luminous","Marisa????????","Minty Spire (QoL Compilation)","Random Character Button","Spicy Shops","StSLib","The Servant 0.9.4","Transform Curses","Waifu the Spire"],"gold_per_floor":[116,116,116,116,133,133,163,163,218,12,25,25,25,59,59,159,159,172,172,2,19,30,30,45,45,68,68,18,29,29,49,49,145,145,163,178,178,178,27,27,38,38,38,52,75,94,94,110,110,110],"floor_reached":51,"playtime":2838,"items_purged":["Doubt","Writhe"],"score":781,"play_id":"b670b1ee-1948-4e1f-9396-4c7fd8c4e3d2","local_time":"20210102203628","is_ascension_mode":true,"campfire_choices":[{"data":"Demon Form","floor":6,"key":"SMITH"},{"data":"Anger","floor":8,"key":"SMITH"},{"floor":13,"key":"REST"},{"data":"Inflame","floor":15,"key":"SMITH"},{"data":"Heavy Blade","floor":23,"key":"SMITH"},{"data":"Shockwave","floor":25,"key":"SMITH"},{"floor":27,"key":"REST"},{"data":"Sword Boomerang","floor":32,"key":"SMITH"},{"data":"Reaper","floor":40,"key":"SMITH"},{"data":"Double Tap","floor":47,"key":"SMITH"},{"data":"Limit Break","floor":49,"key":"SMITH"}],"circlet_count":0,"master_deck":["Strike_R","Strike_R","Strike_R","Defend_R","Defend_R+1","Defend_R","Bash","Demon Form+1","Sword Boomerang+1","Spot Weakness","Anger+1","Inflame+1","Shockwave+1","Limit Break+1","Sword Boomerang+1","Heavy Blade+1","Battle Trance+1","Anger","Shrug It Off+1","Reaper+1","Dual Wield+1","Warcry+1","Dual Wield+1","Double Tap+1","Inflame"],"relics":["Burning Blood","Strawberry","Blood Vial","Tiny Chest","Membership Card","Blue Candle","Philosopher\u0027s Stone","Matryoshka","Vajra","Toolbox","White Beast Statue","Omamori","Red Skull","Bottled Tornado","SacredBark","Lantern","Bag of Marbles","War Paint","Orichalcum"],"acts_visited":["Exordium","TheCity","TheBeyond"],"potions_floor_usage":[14,16,18,22,24,33,35,50,50],"damage_taken":[{"damage":6,"enemies":"Small Slimes","floor":1,"turns":4},{"damage":9,"enemies":"Jaw Worm","floor":5,"turns":4},{"damage":30,"enemies":"Lagavulin","floor":7,"turns":7},{"damage":6,"enemies":"2 Louse","floor":11,"turns":3},{"damage":17,"enemies":"Gremlin Nob","floor":14,"turns":4},{"damage":29,"enemies":"The Guardian","floor":16,"turns":5},{"damage":14,"enemies":"Shell Parasite","floor":18,"turns":4},{"damage":8,"enemies":"Spheric Guardian","floor":21,"turns":3},{"damage":39,"enemies":"Shelled Parasite and Fungi","floor":22,"turns":4},{"damage":8,"enemies":"Snecko","floor":24,"turns":4},{"damage":5,"enemies":"3 Cultists","floor":29,"turns":3},{"damage":4,"enemies":"Cultist and Chosen","floor":31,"turns":3},{"damage":47,"enemies":"Collector","floor":33,"turns":5},{"damage":25,"enemies":"3 Darklings","floor":35,"turns":3},{"damage":23,"enemies":"3 Shapes","floor":36,"turns":3},{"damage":0,"enemies":"Writhing Mass","floor":41,"turns":1},{"damage":8,"enemies":"Transient","floor":44,"turns":5},{"damage":4,"enemies":"Sphere and 2 Shapes","floor":46,"turns":2},{"damage":7,"enemies":"Writhing Mass","floor":48,"turns":3},{"damage":67,"enemies":"Donu and Deca","floor":50,"turns":4}],"seed_played":"-5268474015513090143","potions_obtained":[{"floor":7,"key":"Block Potion"},{"floor":11,"key":"Regen Potion"},{"floor":14,"key":"DistilledChaos"},{"floor":22,"key":"DistilledChaos"},{"floor":29,"key":"Strength Potion"},{"floor":31,"key":"SpeedPotion"},{"floor":33,"key":"Energy Potion"},{"floor":35,"key":"Energy Potion"},{"floor":36,"key":"AttackPotion"},{"floor":44,"key":"PowerPotion"}],"is_trial":false,"path_per_floor":["M","?","?","?","M","R","E","R","T","$","M","$","R","E","R","B",null,"M","?","$","M","M","R","M","R","T","R","$","M","T","M","R","B",null,"M","M","?","?","$","R","M","?","T","M","T","M","R","M","R","B",null],"character_chosen":"IRONCLAD","items_purchased":["Inflame","Membership Card","PowerPotion","Vajra","Heavy Blade","Toolbox","Lantern","Bag of Marbles"],"campfire_rested":2,"item_purchase_floors":[10,10,10,20,20,20,39,39],"current_hp_per_floor":[80,75,68,73,70,70,46,46,46,46,48,48,75,66,66,45,80,74,74,74,74,55,55,55,55,55,82,82,85,85,89,89,50,82,92,92,92,92,92,92,92,92,92,92,92,92,92,91,91,31],"gold":110,"neow_bonus":"ONE_RANDOM_RARE_CARD","is_daily":false,"chose_seed":false,"campfire_upgraded":9,"win_rate":0.0,"timestamp":1609637788,"path_taken":["M","?","?","?","M","R","E","R","T","$","?","?","R","E","R","BOSS","M","?","$","M","M","R","M","R","T","R","$","M","?","M","R","BOSS","M","M","?","?","$","R","M","?","T","M","?","M","R","?","R","BOSS"],"items_purchased_type":["Card","Relic","Potion","Relic","Card","Relic","Relic","Relic"],"build_version":"2020-12-22","purchased_purges":2,"victory":true,"max_hp_per_floor":[80,87,87,92,92,92,92,92,92,92,92,92,92,92,92,92,92,92,92,92,92,92,92,92,92,92,92,92,92,92,92,92,92,92,92,92,92,92,92,92,92,92,92,92,92,92,92,92,92,92],"card_choices":[{"not_picked":["Headbutt","Fire Breathing"],"picked":"Sword Boomerang","floor":1},{"not_picked":["Sentinel","Disarm"],"picked":"Spot Weakness","floor":5},{"not_picked":["Clash","Havoc"],"picked":"Anger","floor":7},{"not_picked":["Rampage","Immolate"],"picked":"Shockwave","floor":11},{"not_picked":["Twin Strike","Rupture","Wild Strike"],"picked":"SKIP","floor":14},{"not_picked":["Feed","Fiend Fire"],"picked":"Limit Break","floor":16},{"not_picked":["Carnage","Blood for Blood"],"picked":"Sword Boomerang+1","floor":18},{"not_picked":["Infernal Blade","Clothesline+1","Wild Strike"],"picked":"SKIP","floor":21},{"not_picked":["Perfected Strike","Power Through+1"],"picked":"Battle Trance+1","floor":22},{"not_picked":["Cleave","Entrench","Burning Pact"],"picked":"SKIP","floor":24},{"not_picked":["Armaments","Havoc"],"picked":"Anger","floor":29},{"not_picked":["Dropkick","Rupture"],"picked":"Shrug It Off+1","floor":31},{"not_picked":["Brutality","Immolate"],"picked":"Reaper","floor":33},{"not_picked":["Twin Strike","Infernal Blade+1"],"picked":"Dual Wield+1","floor":35},{"not_picked":["Flex","Havoc"],"picked":"Warcry","floor":36},{"not_picked":["Sentinel","Iron Wave+1","Shrug It Off"],"picked":"SKIP","floor":41},{"not_picked":["Shrug It Off+1","Pummel"],"picked":"Dual Wield+1","floor":44},{"not_picked":["Shrug It Off+1","Hemokinesis+1"],"picked":"Double Tap","floor":46},{"not_picked":["Disarm+1","Sentinel"],"picked":"Inflame","floor":48}],"player_experience":229384,"relics_obtained":[{"floor":7,"key":"Blood Vial"},{"floor":9,"key":"Tiny Chest"},{"floor":14,"key":"Blue Candle"},{"floor":26,"key":"White Beast Statue"},{"floor":26,"key":"Omamori"},{"floor":30,"key":"Red Skull"},{"floor":30,"key":"Bottled Tornado"},{"floor":43,"key":"War Paint"},{"floor":45,"key":"Orichalcum"}],"event_choices":[{"damage_healed":0,"gold_gain":0,"player_choice":"Relic ","damage_taken":12,"max_hp_gain":0,"max_hp_loss":0,"event_name":"betterThird:BetterScrap","floor":2,"gold_loss":0,"cards_obtained":["Catalyst"]},{"cards_removed":["Strike_R"],"damage_healed":0,"gold_gain":0,"player_choice":"Card Removal","damage_taken":7,"max_hp_gain":0,"max_hp_loss":0,"event_name":"Golden Wing","floor":3,"gold_loss":0},{"damage_healed":0,"gold_gain":0,"player_choice":"Donut","damage_taken":0,"max_hp_gain":5,"max_hp_loss":0,"event_name":"Big Fish","floor":4,"gold_loss":0},{"damage_healed":0,"gold_gain":0,"player_choice":"Opened","damage_taken":0,"relics_obtained":["Matryoshka"],"max_hp_gain":0,"max_hp_loss":0,"event_name":"The Mausoleum","floor":19,"gold_loss":0,"cards_obtained":["Writhe"]},{"damage_healed":0,"gold_gain":0,"player_choice":"Ignored","damage_taken":0,"max_hp_gain":0,"max_hp_loss":0,"event_name":"Tomb of Lord Red Mask","floor":37,"gold_loss":0},{"cards_removed":["Defend_R"],"damage_healed":0,"gold_gain":0,"player_choice":"Removed Skill","damage_taken":0,"max_hp_gain":0,"max_hp_loss":0,"event_name":"Falling","floor":38,"gold_loss":0},{"cards_removed":["Strike_R"],"damage_healed":0,"gold_gain":0,"player_choice":"Offered Basic","damage_taken":0,"max_hp_gain":0,"max_hp_loss":0,"event_name":"Bonfire Elementals","floor":42,"gold_loss":0}],"is_beta":false,"boss_relics":[{"not_picked":["Tiny House","Coffee Dripper"],"picked":"Philosopher\u0027s Stone"},{"not_picked":["Sozu","Velvet Choker"],"picked":"SacredBark"}],"items_purged_floors":[20,28],"is_endless":false,"potions_floor_spawned":[7,11,14,22,29,31,33,35,36,41,44,46,48],"ascension_level":5}}