{"host":"uy3vg6glkp8m6iit","time":1609668055,"event":{"mods":["AchievementEnabler","BaseMod","Colored Map","DeckTracker","Highlight Path","Keyboard Shortcuts","Minty Spire (QoL Compilation)","Quick Restart","Random Character Button","Rare Cards Sparkle","Relic Stats","StSLib","SuperFastMode","everything is the same but u backflip on backflip"],"gold_per_floor":[111,111,129,9,9,9,40,40,40,68,84,13,28,54,54,151,151,165,90,110,145,158,158,184,184,184,196,196,227,227,247,247,348,348,361,120,136,136,136,169,189,206,230,259,274,286,302,50,50,50,50,50,50,79,79],"floor_reached":56,"playtime":2586,"items_purged":["Defend_G","Strike_G+1"],"score":2033,"play_id":"9d4b7efd-fa06-4f0c-a07c-889d7d7d44b0","local_time":"20210103190055","is_ascension_mode":true,"campfire_choices":[{"data":"Predator","floor":6.0,"key":"SMITH"},{"data":"All Out Attack","floor":8.0,"key":"SMITH"},{"data":"Caltrops","floor":15.0,"key":"SMITH"},{"data":"Calculated Gamble","floor":23.0,"key":"SMITH"},{"data":"Acrobatics","floor":25.0,"key":"SMITH"},{"data":"Grand Finale","floor":30.0,"key":"SMITH"},{"data":"Wraith Form v2","floor":32.0,"key":"SMITH"},{"floor":49.0,"key":"RECALL"},{"data":"Purity","floor":52.0,"key":"SMITH"}],"circlet_count":0,"master_deck":["Strike_G+1","Defend_G","Defend_G","Defend_G","Defend_G","Survivor","Neutralize","Flying Knee","Predator+1","All Out Attack+1","Backflip","Leg Sweep","Caltrops+1","Grand Finale+1","Calculated Gamble+1","Wraith Form v2+1","Acrobatics+1","Tactician+1","Prepared+1","Outmaneuver","Escape Plan+1","Purity+1","Footwork+1"],"relics":["Ring of the Snake","Oddly Smooth Stone","Eternal Feather","Singing Bowl","CaptainsWheel","MealTicket","Blood Vial","Runic Pyramid","Red Mask","Whetstone","Blue Candle","Akabeko","Sozu","White Beast Statue","Omamori","Medical Kit","Mummified Hand"],"acts_visited":["Exordium","TheCity","TheBeyond","TheEnding"],"potions_floor_usage":[55],"damage_taken":[{"damage":0.0,"enemies":"Jaw Worm","floor":1.0,"turns":6.0},{"damage":0.0,"enemies":"2 Louse","floor":3.0,"turns":3.0},{"damage":31.0,"enemies":"Lagavulin","floor":7.0,"turns":8.0},{"damage":12.0,"enemies":"Gremlin Nob","floor":10.0,"turns":3.0},{"damage":0.0,"enemies":"Small Slimes","floor":11.0,"turns":2.0},{"damage":0.0,"enemies":"3 Louse","floor":13.0,"turns":1.0},{"damage":3.0,"enemies":"Lagavulin","floor":14.0,"turns":6.0},{"damage":64.0,"enemies":"Hexaghost","floor":16.0,"turns":11.0},{"damage":0.0,"enemies":"Shell Parasite","floor":18.0,"turns":4.0},{"damage":13.0,"enemies":"3 Byrds","floor":20.0,"turns":3.0},{"damage":6.0,"enemies":"Masked Bandits","floor":21.0,"turns":4.0},{"damage":0.0,"enemies":"Snake Plant","floor":22.0,"turns":3.0},{"damage":0.0,"enemies":"Book of Stabbing","floor":24.0,"turns":5.0},{"damage":0.0,"enemies":"Shelled Parasite and Fungi","floor":27.0,"turns":4.0},{"damage":0.0,"enemies":"Gremlin Leader","floor":29.0,"turns":6.0},{"damage":0.0,"enemies":"Snecko","floor":31.0,"turns":3.0},{"damage":15.0,"enemies":"Collector","floor":33.0,"turns":9.0},{"damage":0.0,"enemies":"Orb Walker","floor":35.0,"turns":4.0},{"damage":0.0,"enemies":"3 Shapes","floor":37.0,"turns":6.0},{"damage":0.0,"enemies":"Nemesis","floor":40.0,"turns":17.0},{"damage":0.0,"enemies":"Transient","floor":41.0,"turns":5.0},{"damage":0.0,"enemies":"Sphere and 2 Shapes","floor":42.0,"turns":5.0},{"damage":0.0,"enemies":"Reptomancer","floor":44.0,"turns":6.0},{"damage":8.0,"enemies":"Maw","floor":45.0,"turns":6.0},{"damage":0.0,"enemies":"Jaw Worm Horde","floor":46.0,"turns":4.0},{"damage":0.0,"enemies":"Sphere and 2 Shapes","floor":47.0,"turns":4.0},{"damage":0.0,"enemies":"Awakened One","floor":50.0,"turns":14.0},{"damage":12,"enemies":"Shield and Spear","floor":54,"turns":6},{"damage":36,"enemies":"The Heart","floor":55,"turns":11}],"seed_played":"-7532792061860487455","potions_obtained":[{"floor":3.0,"key":"ColorlessPotion"},{"floor":10.0,"key":"Strength Potion"},{"floor":13.0,"key":"LiquidMemories"},{"floor":18.0,"key":"GhostInAJar"},{"floor":22.0,"key":"Swift Potion"},{"floor":24.0,"key":"Fire Potion"},{"floor":31.0,"key":"Ancient Potion"}],"is_trial":false,"path_per_floor":["M","?","M","$","?","R","E","R","T","E","M","$","M","E","R","B",null,"M","?","M","?","M","R","E","R","T","M","?","E","R","M","R","B",null,"M","$","M","?","?","E","M","M","T","E","M","M","M","$","R","B",null,"R","$","E","B",null],"character_chosen":"THE_SILENT","items_purchased":["All Out Attack","Backflip","Caltrops","Purity","Footwork","Medical Kit"],"campfire_rested":0,"item_purchase_floors":[4,4,12,36,36,48],"current_hp_per_floor":[63,63,63,63,60,69,40,49,49,39,39,54,54,51,63,1,56,58,58,47,45,47,59,63,75,75,79,79,80,80,82,82,69,80,84,86,88,88,88,90,92,94,94,96,90,94,98,102,102,102,102,102,102,92,58],"gold":79,"neow_bonus":"RANDOM_COMMON_RELIC","is_daily":false,"chose_seed":false,"campfire_upgraded":8,"win_rate":0.0,"timestamp":1609668055,"path_taken":["M","?","M","$","?","R","E","R","T","E","M","?","M","E","R","BOSS","M","?","M","?","M","R","E","R","T","M","?","E","R","?","R","BOSS","M","$","M","?","?","E","M","M","T","E","?","M","M","$","R","BOSS","R","$","E","BOSS"],"items_purchased_type":["Card","Card","Card","Card","Card","Relic"],"build_version":"2020-12-22","purchased_purges":2,"victory":true,"max_hp_per_floor":[70,70,70,70,70,70,72,72,72,74,74,74,74,74,74,74,74,74,74,74,76,76,76,78,78,78,80,80,80,80,82,82,84,84,86,86,88,88,88,90,92,94,94,96,98,100,102,102,102,102,102,102,102,104,104],"relic_stats":{"Blood Vial":23,"Sozu":8,"Singing Bowl":34,"counters":[29,169],"Mummified Hand":[2],"Blue Candle":[0],"Eternal Feather":54,"MealTicket":21,"Whetstone":["Strike_G","Strike_G"],"Medical Kit":[9],"obtain_stats":[{"Singing Bowl":7,"Blue Candle":26,"Oddly Smooth Stone":0,"Eternal Feather":5,"Omamori":44,"Whetstone":24,"Medical Kit":48,"Akabeko":29,"White Beast Statue":40,"Blood Vial":14,"Sozu":34,"CaptainsWheel":9,"Mummified Hand":54,"MealTicket":10,"Red Mask":21,"Ring of the Snake":0,"Runic Pyramid":17},{"Singing Bowl":3,"Blue Candle":13,"Oddly Smooth Stone":0,"Eternal Feather":2,"Omamori":23,"Whetstone":13,"Medical Kit":26,"Akabeko":15,"White Beast Statue":20,"Blood Vial":7,"Sozu":17,"CaptainsWheel":3,"Mummified Hand":28,"MealTicket":4,"Red Mask":11,"Ring of the Snake":0,"Runic Pyramid":8},{"Singing Bowl":17,"Blue Candle":59,"Oddly Smooth Stone":0,"Eternal Feather":9,"Omamori":124,"Whetstone":59,"Medical Kit":138,"Akabeko":69,"White Beast Statue":108,"Blood Vial":29,"Sozu":81,"CaptainsWheel":17,"Mummified Hand":158,"MealTicket":20,"Red Mask":51,"Ring of the Snake":0,"Runic Pyramid":40}],"Ring of the Snake":[58]},"card_choices":[{"not_picked":["Outmaneuver","Bane"],"picked":"Flying Knee","floor":1.0},{"not_picked":["Acrobatics","Backflip"],"picked":"Predator","floor":3.0},{"not_picked":["Skewer","Bane","Acrobatics"],"picked":"Singing Bowl","floor":7.0},{"not_picked":["Prepared","Dagger Spray","Noxious Fumes"],"picked":"Singing Bowl","floor":10.0},{"not_picked":["Slice","Endless Agony"],"picked":"Leg Sweep","floor":11.0},{"not_picked":["Backstab","Bane"],"picked":"Grand Finale","floor":13.0},{"not_picked":["Noxious Fumes","Outmaneuver"],"picked":"Calculated Gamble","floor":14.0},{"not_picked":["Glass Knife","A Thousand Cuts"],"picked":"Wraith Form v2","floor":16.0},{"not_picked":["Poisoned Stab","Bane"],"picked":"Acrobatics","floor":18.0},{"not_picked":["Poisoned Stab","Acrobatics+1"],"picked":"Tactician+1","floor":20.0},{"not_picked":["Dagger Throw","Dodge and Roll+1","Deadly Poison"],"picked":"Singing Bowl","floor":21.0},{"not_picked":["All Out Attack+1","Dodge and Roll"],"picked":"Prepared+1","floor":22.0},{"not_picked":["PiercingWail","Phantasmal Killer","All Out Attack"],"picked":"Singing Bowl","floor":24.0},{"not_picked":["Accuracy+1","Cloak And Dagger+1","Catalyst"],"picked":"Singing Bowl","floor":27.0},{"not_picked":["Doppelganger","Prepared"],"picked":"Escape Plan+1","floor":29.0},{"not_picked":["Noxious Fumes","Blade Dance+1","Prepared+1"],"picked":"Singing Bowl","floor":31.0},{"not_picked":["Glass Knife","Phantasmal Killer","Storm of Steel"],"picked":"Singing Bowl","floor":33.0},{"not_picked":["Prepared+1","Poisoned Stab+1","Flechettes+1"],"picked":"Singing Bowl","floor":35.0},{"not_picked":["Eviscerate","Footwork+1","Cloak And Dagger+1"],"picked":"Singing Bowl","floor":37.0},{"not_picked":["Setup","PiercingWail","Infinite Blades"],"picked":"Singing Bowl","floor":40.0},{"not_picked":["Infinite Blades+1","Slice","Outmaneuver"],"picked":"Singing Bowl","floor":41.0},{"not_picked":["Poisoned Stab","Underhanded Strike","Outmaneuver+1"],"picked":"Singing Bowl","floor":42.0},{"not_picked":["Acrobatics","Night Terror","Flying Knee+1"],"picked":"Singing Bowl","floor":44.0},{"not_picked":["Escape Plan","Underhanded Strike+1","Prepared+1"],"picked":"Singing Bowl","floor":45.0},{"not_picked":["Noxious Fumes","Flechettes","Endless Agony+1"],"picked":"Singing Bowl","floor":46.0},{"not_picked":["Cloak And Dagger","Flying Knee+1","Bane+1"],"picked":"Singing Bowl","floor":47.0},{"not_picked":["Acrobatics+1","Escape Plan","Flechettes"],"picked":"Singing Bowl","floor":54}],"player_experience":1455983,"relics_obtained":[{"floor":7.0,"key":"Singing Bowl"},{"floor":9.0,"key":"CaptainsWheel"},{"floor":10.0,"key":"MealTicket"},{"floor":14.0,"key":"Blood Vial"},{"floor":21.0,"key":"Red Mask"},{"floor":24.0,"key":"Whetstone"},{"floor":26.0,"key":"Blue Candle"},{"floor":29.0,"key":"Akabeko"},{"floor":40.0,"key":"White Beast Statue"},{"floor":44.0,"key":"Omamori"},{"floor":54,"key":"Mummified Hand"}],"event_choices":[{"damage_healed":0.0,"max_hp_gain":0.0,"max_hp_loss":0.0,"gold_gain":0.0,"event_name":"The Cleric","player_choice":"Leave","floor":2.0,"gold_loss":0.0,"damage_taken":0.0},{"damage_healed":0.0,"max_hp_gain":0.0,"max_hp_loss":0.0,"gold_gain":0.0,"event_name":"Scrap Ooze","player_choice":"Success","floor":5.0,"gold_loss":0.0,"damage_taken":3.0,"relics_obtained":["Eternal Feather"]},{"cards_removed":["Strike_G"],"damage_healed":0.0,"max_hp_gain":0.0,"max_hp_loss":0.0,"gold_gain":0.0,"event_name":"Beggar","player_choice":"Gave Gold","floor":19.0,"gold_loss":75.0,"damage_taken":0.0},{"damage_healed":0.0,"max_hp_gain":0.0,"max_hp_loss":0.0,"gold_gain":0.0,"event_name":"Masked Bandits","player_choice":"Fought Bandits","floor":21.0,"gold_loss":0.0,"damage_taken":0.0},{"damage_healed":0.0,"max_hp_gain":0.0,"max_hp_loss":0.0,"gold_gain":0.0,"cards_transformed":["Strike_G"],"event_name":"Transmorgrifier","player_choice":"Transformed","floor":28.0,"gold_loss":0.0,"damage_taken":0.0,"cards_obtained":["Outmaneuver"]},{"cards_removed":["Strike_G"],"damage_healed":0.0,"max_hp_gain":0.0,"max_hp_loss":0.0,"gold_gain":0.0,"event_name":"Falling","player_choice":"Removed Attack","floor":38.0,"gold_loss":0.0,"damage_taken":0.0},{"damage_healed":0.0,"max_hp_gain":0.0,"max_hp_loss":0.0,"gold_gain":0.0,"event_name":"Upgrade Shrine","player_choice":"Upgraded","floor":39.0,"gold_loss":0.0,"damage_taken":0.0,"cards_upgraded":["Footwork"]}],"is_beta":false,"boss_relics":[{"not_picked":["Black Star","Ectoplasm"],"picked":"Runic Pyramid"},{"not_picked":["Calling Bell","Velvet Choker"],"picked":"Sozu"}],"items_purged_floors":[36,48],"is_endless":false,"potions_floor_spawned":[3,10,13,18,22,24,31,40,41,42,44,45,46,47,54],"ascension_level":9}}