{"host":"vhikgave70uorr7d","time":1609650748,"event":{"mods":["AchievementEnabler","Act Like it!","Ascension Reborn","Ascension Unlocker","BaseMod","Beaked The Cultist","Better Altar","Better Match","Better Note","Better Sensory Stone","Better Skull","Better Third Choice","BetterRewards","ChefMod","Colored Powertips","Custom Start","Defuse TimeMaze Blight","Downfall","Elementarium","Energized Spire","GifTheSpireLib","Hermit","Hero for Fun","Highlight Path","Hubris","Infinite Spire","JesterMod","Menagerie","Mimic Mod","Minty Spire (QoL Compilation)","MostiFishMod","Permanent Neow","Pikachu Mod","Quick Restart","Rare Cards Sparkle","Relic Filter","Remove Card Discount Mod","Replay The Spire","Retaliation","Shade Mod","Small Relic Pack","Spicy Shops","StSLib","Swap Starting Deck Mod","Td1madao Mod","The Accelerator","The Alterego","The Animator","The Bladedancer","The Blue Laboratory","The Bug Knight","The Construct","The Cursed","The Disciple","The Hayseed","The Hierophant","The Mystic","The Necromancer","The Runesmith","The Servant 0.9.4","The Vixen","The Wild Card","TheFirefly","TheSwordswoman","TheVacant","Transform Curses"],"gold_per_floor":[113,113,113,81,101,131,131,131,158,173,173,10,10,10,10,114,114],"floor_reached":16,"playtime":2000,"items_purged":["MostiFishMod:Neptune","MostiFishMod:TheEndOfMoonlight","MostiFishMod:FantasySummer","MostiFishMod:NightSea","Runesmith:Defend_RS","Runesmith:Defend_RS","Runesmith:Defend_RS","Runesmith:Defend_RS","Runesmith:Strike_RS","Runesmith:Strike_RS","Runesmith:Strike_RS","Runesmith:Superposition","Runesmith:Strike_RS","Runesmith:WhiteBalance","Runesmith:HammerThrow","Runesmith:MakeshiftArmor"],"score":221,"play_id":"b98e613a-1e8d-45ae-8687-4c263e7bb649","local_time":"20210103001228","is_ascension_mode":false,"campfire_choices":[{"floor":8,"key":"RECALL"},{"data":"Runesmith:OneForEveryone","floor":11,"key":"SMITH"},{"data":"Runesmith:Grindstone","floor":15,"key":"SMITH"}],"circlet_count":0,"master_deck":["Runesmith:CraftFirestone+1","Runesmith:Fortify","MostiFishMod:SparklingWater","Runesmith:CraftProtectio","Runesmith:ChiselStab","Runesmith:OneForEveryone+1","Runesmith:EarthShield","Runesmith:Grindstone+1","Runesmith:Duplicate","Replay:SS_hec_2"],"relics":["Runesmith:BrokenRuby","DaveBox","MoonlightInvasionPlan","SynthV:TestCard","Tiny Chest","FaceOfCleric","beaked:ShinyBauble"],"acts_visited":["Exordium"],"potions_floor_usage":[],"damage_taken":[{"damage":0,"enemies":"Cultist","floor":1,"turns":1},{"damage":0,"enemies":"Jaw Worm","floor":5,"turns":3},{"damage":0,"enemies":"Gremlin Nob","floor":6,"turns":4},{"damage":0,"enemies":"2 Louse","floor":10,"turns":2},{"damage":6,"enemies":"Fading Forest","floor":16,"turns":11}],"seed_played":"-8578996217891211240","potions_obtained":[{"floor":0,"key":"blueLaboratory:BubblePotion"},{"floor":0,"key":"CultistPotion"},{"floor":0,"key":"Elixir"},{"floor":1,"key":"sneckomod:MuddlingPotion"}],"is_trial":false,"path_per_floor":["M","?","?","$","M","E","?","R","T","M","R","$","?","T","R","B"],"character_chosen":"RUNESMITH_CLASS","items_purchased":["Runesmith:Duplicate"],"campfire_rested":0,"item_purchase_floors":[12],"current_hp_per_floor":[70,70,70,70,70,70,70,70,70,71,71,71,71,71,71,66,66],"gold":114,"neow_bonus":"THREE_SMALL_POTIONS","is_daily":false,"chose_seed":false,"campfire_upgraded":2,"win_rate":0.0,"timestamp":1609650748,"path_taken":["M","?","?","$","M","E","?","R","T","?","R","$","?","?","R","BOSS"],"items_purchased_type":["Card"],"build_version":"2020-12-22","purchased_purges":16,"victory":false,"max_hp_per_floor":[70,70,70,70,70,70,70,70,70,71,71,71,71,71,71,72,72],"card_choices":[{"not_picked":["Runesmith:Repurpose","Runesmith:HeatExchange"],"picked":"Runesmith:CraftProtectio","floor":1},{"not_picked":["Runesmith:StaticCage","Runesmith:CraftObretio","Runesmith:Retool","Runesmith:Electrocute"],"picked":"Runesmith:OneForEveryone","floor":5},{"not_picked":["Runesmith:Retool","Runesmith:Permafrost","Runesmith:StaticCage","Runesmith:ShiftingStrike"],"picked":"Runesmith:EarthShield","floor":6},{"not_picked":["Runesmith:MakeshiftArmor","Runesmith:LastStand","Runesmith:Refine","Runesmith:Accelerate"],"picked":"Runesmith:Grindstone","floor":10},{"not_picked":["expansioncontent:DefensiveStance","Replay:SS_fish_1","expansioncontent:StudyTheSpire","Replay:Sssssssssshield"],"picked":"Replay:SS_hec_2","floor":13}],"player_experience":354322,"relics_obtained":[{"floor":1,"key":"SynthV:TestCard"},{"floor":6,"key":"Tiny Chest"},{"floor":14,"key":"beaked:ShinyBauble"}],"event_choices":[{"damage_healed":0,"gold_gain":0,"player_choice":"Trade","damage_taken":0,"relics_obtained":["FaceOfCleric"],"max_hp_gain":0,"max_hp_loss":0,"event_name":"FaceTrader","floor":7,"gold_loss":0},{"damage_healed":0,"gold_gain":1,"player_choice":"1","damage_taken":0,"max_hp_gain":0,"max_hp_loss":0,"event_name":"betterStone:BetterStone","floor":13,"gold_loss":0}],"is_beta":false,"boss_relics":[],"items_purged_floors":[4,4,4,4,4,4,4,4,4,4,4,4,4,4,4,4],"is_endless":false,"potions_floor_spawned":[1],"killed_by":"Fading Forest","ascension_level":0}}