{"host":"7p63k8szfb1ag0cd","time":1609692552,"event":{"mods":["2.2 Compatiblity","Bard","BaseMod","Colored Map","Minty Spire (QoL Compilation)","Rare Cards Sparkle","StSLib","The Disciple","The Hierophant","The Jungle","The Runesmith","The Senshi"],"gold_per_floor":[112,112,130,149,224,224,149,249,249,260,274,224,224,124,124,124,124],"floor_reached":16,"playtime":1022,"items_purged":["Defend_Br","Strike_Br"],"score":90,"play_id":"92c072ad-c9a0-4e32-a6f5-1479689c6f74","local_time":"20210103174912","is_ascension_mode":false,"campfire_choices":[{"data":"ExoVibe","floor":6,"key":"SMITH"},{"data":"Goo","floor":13,"key":"SMITH"},{"data":"SecondHand","floor":15,"key":"SMITH"}],"circlet_count":0,"master_deck":["Strike_Br","Strike_Br","Defend_Br","Defend_Br","Defend_Br","SecondHand+1","PatternShift","ReapSow","ExoVibe+9","AlternateTimeline","Goo+8"],"relics":["Chronometer","IceCream?","Blue Candle"],"acts_visited":["Exordium"],"potions_floor_usage":[],"damage_taken":[{"damage":2,"enemies":"Small Slimes","floor":1,"turns":6},{"damage":0,"enemies":"Cultist","floor":3,"turns":4},{"damage":0,"enemies":"Jaw Worm","floor":4,"turns":7},{"damage":10,"enemies":"Looter","floor":10,"turns":3},{"damage":16,"enemies":"Lots of Slimes","floor":11,"turns":5},{"damage":7,"enemies":"Hexaghost","floor":16,"turns":15}],"seed_played":"2323249413706653167","potions_obtained":[{"floor":3,"key":"WardPotion"},{"floor":10,"key":"Dexterity Potion"}],"is_trial":false,"path_per_floor":["M","?","M","M","?","R","$","?","T","M","M","?","R","$","R","B"],"character_chosen":"CHRONO_CLASS","items_purchased":[],"campfire_rested":0,"item_purchase_floors":[],"current_hp_per_floor":[69,69,69,69,58,58,58,58,58,48,32,32,32,32,32,25,25],"gold":124,"neow_bonus":"TEN_PERCENT_HP_BONUS","is_daily":false,"chose_seed":false,"campfire_upgraded":3,"win_rate":0.0,"timestamp":1609692552,"path_taken":["M","?","M","M","?","R","$","?","T","?","M","?","R","$","R","BOSS"],"items_purchased_type":[],"build_version":"2020-12-22","purchased_purges":2,"victory":false,"max_hp_per_floor":[71,71,71,71,71,71,71,71,71,71,71,71,71,71,71,71,71],"card_choices":[{"not_picked":["ExoVibe","HandsUpB"],"picked":"ReapSow","floor":1},{"not_picked":["Backlash","Keepsakes"],"picked":"ExoVibe","floor":3},{"not_picked":["Engulf","CrunchTime"],"picked":"AlternateTimeline","floor":4},{"not_picked":["Tempo","LockedMawBank"],"picked":"Goo","floor":10},{"not_picked":["CrunchTime","AlternateTimeline","EscortCommand"],"picked":"SKIP","floor":11}],"player_experience":357733,"relics_obtained":[{"floor":9,"key":"Blue Candle"}],"event_choices":[{"damage_healed":0,"gold_gain":75,"player_choice":"Gather Gold","damage_taken":11,"max_hp_gain":0,"max_hp_loss":0,"event_name":"World of Goop","floor":5,"gold_loss":0},{"damage_healed":0,"gold_gain":100,"player_choice":"Pray","damage_taken":0,"max_hp_gain":0,"max_hp_loss":0,"event_name":"Golden Shrine","floor":8,"gold_loss":0},{"cards_removed":["Strike_Br"],"damage_healed":0,"gold_gain":0,"player_choice":"Card Removal","damage_taken":0,"max_hp_gain":0,"max_hp_loss":0,"event_name":"The Cleric","floor":12,"gold_loss":50}],"is_beta":false,"boss_relics":[],"items_purged_floors":[7,14],"is_endless":false,"potions_floor_spawned":[3,10],"killed_by":"Hexaghost","ascension_level":0}}