{"host":"0cgp910o8339lr91","time":1609657314,"event":{"mods":["BaseMod","Block Reminder","Colored Map","Colored Powertips","Filter the Spire","Minty Spire (QoL Compilation)","Relic Stats","Slay-I","ojb\u0027s Better Paths Mod","ojb\u0027s Info Mod"],"gold_per_floor":[117,130,150,130,141,141,171,190,213,213,241,241,259,0,0,71,71,82,30,46,46,62,88,102,131,131,146,178,178,20,53,53,132,132,144,163,177,189,207,237,47,47,70,70,103,378,406,26,26,26,26,26],"floor_reached":51,"playtime":6898,"items_purged":["Regret"],"score":1954,"play_id":"859c14f9-4414-46eb-a271-d324091c6b0f","local_time":"20210103080154","is_ascension_mode":true,"campfire_choices":[{"data":"Eruption","floor":6.0,"key":"SMITH"},{"data":"CutThroughFate","floor":10.0,"key":"SMITH"},{"data":"Blasphemy","floor":12.0,"key":"SMITH"},{"data":"Adaptation","floor":15.0,"key":"SMITH"},{"data":"Fasting2","floor":29.0,"key":"SMITH"},{"data":"Protect","floor":32,"key":"SMITH"},{"data":"Apotheosis","floor":42,"key":"SMITH"},{"floor":44,"key":"RECALL"},{"data":"WindmillStrike","floor":49,"key":"SMITH"}],"circlet_count":0,"master_deck":["AscendersBane","Eruption+1","Vigilance","FlurryOfBlows","FlurryOfBlows","FlurryOfBlows","CutThroughFate+1","Protect+1","Meditate","Blasphemy+1","CutThroughFate","Adaptation+1","Evaluate","FollowUp","Swivel","ClearTheMind","SashWhip","WindmillStrike+1","Sanctity","FlyingSleeves","EmptyBody","Crescendo","Adaptation+1","Fasting2+1","Wallop+1","TalkToTheHand+1","WheelKick+1","Protect","WheelKick+1","Ragnarok+1","Adaptation+1","CutThroughFate+1","Crescendo+1","Apotheosis+1","TalkToTheHand+1"],"relics":["Philosopher\u0027s Stone","Bronze Scales","Centennial Puzzle","MealTicket","ClockworkSouvenir","Pandora\u0027s Box","Ancient Tea Set","PreservedInsect","Pantograph","Molten Egg 2","Orrery","Anchor","Sozu","Gambling Chip","Smiling Mask","Bottled Tornado","Membership Card","Bird Faced Urn"],"acts_visited":["Exordium","TheCity","TheBeyond"],"potions_floor_usage":[31,33,40],"damage_taken":[{"damage":0.0,"enemies":"Small Slimes","floor":1.0,"turns":2.0},{"damage":1.0,"enemies":"Cultist","floor":2.0,"turns":3.0},{"damage":5.0,"enemies":"2 Louse","floor":3.0,"turns":3.0},{"damage":6.0,"enemies":"Gremlin Gang","floor":5.0,"turns":5.0},{"damage":18.0,"enemies":"Gremlin Nob","floor":7.0,"turns":3.0},{"damage":2.0,"enemies":"Red Slaver","floor":8.0,"turns":2.0},{"damage":8.0,"enemies":"Lagavulin","floor":11.0,"turns":4.0},{"damage":0.0,"enemies":"Blue Slaver","floor":13.0,"turns":2.0},{"damage":17.0,"enemies":"Hexaghost","floor":16.0,"turns":3.0},{"damage":0.0,"enemies":"Spheric Guardian","floor":18.0,"turns":2.0},{"damage":18.0,"enemies":"2 Thieves","floor":20.0,"turns":3.0},{"damage":11.0,"enemies":"Snake Plant","floor":22.0,"turns":2.0},{"damage":34.0,"enemies":"Slavers","floor":23.0,"turns":4.0},{"damage":0.0,"enemies":"Snecko","floor":24.0,"turns":2.0},{"damage":0.0,"enemies":"Gremlin Leader","floor":25.0,"turns":2.0},{"damage":0.0,"enemies":"Sentry and Sphere","floor":27.0,"turns":3.0},{"damage":0.0,"enemies":"Book of Stabbing","floor":28.0,"turns":2.0},{"damage":0,"enemies":"Slavers","floor":31,"turns":2},{"damage":17,"enemies":"Champ","floor":33,"turns":7},{"damage":0,"enemies":"Orb Walker","floor":35,"turns":1},{"damage":9,"enemies":"3 Darklings","floor":36,"turns":3},{"damage":7,"enemies":"Writhing Mass","floor":37,"turns":3},{"damage":4,"enemies":"Sphere and 2 Shapes","floor":38,"turns":2},{"damage":0,"enemies":"Transient","floor":39,"turns":6},{"damage":0,"enemies":"Nemesis","floor":40,"turns":3},{"damage":0,"enemies":"Giant Head","floor":45,"turns":3},{"damage":6,"enemies":"Reptomancer","floor":47,"turns":3},{"damage":13,"enemies":"Time Eater","floor":50,"turns":5},{"damage":72,"enemies":"Awakened One","floor":51,"turns":5}],"seed_played":"5693384322016410396","potions_obtained":[{"floor":3.0,"key":"Ancient Potion"},{"floor":4.0,"key":"LiquidMemories"},{"floor":5.0,"key":"PowerPotion"},{"floor":11.0,"key":"EssenceOfSteel"},{"floor":16.0,"key":"Block Potion"},{"floor":24.0,"key":"SteroidPotion"},{"floor":25.0,"key":"EntropicBrew"},{"floor":28.0,"key":"AttackPotion"},{"floor":33,"key":"ColorlessPotion"}],"is_trial":false,"path_per_floor":["M","M","M","?","M","R","E","M","T","R","E","R","M","$","R","B",null,"M","$","M","?","M","E","M","E","T","M","E","R","$","E","R","B",null,"M","M","M","M","M","E","$","R","T","R","E","?","E","$","R","B","B"],"character_chosen":"WATCHER","items_purchased":["ClockworkSouvenir","Adaptation","Crescendo","Orrery","Apotheosis","Membership Card","Bird Faced Urn"],"campfire_rested":0,"item_purchase_floors":[14,14,19,30,41,48,48],"current_hp_per_floor":[61,60,55,55,49,49,31,29,29,29,21,21,21,36,36,19,56,56,68,50,50,39,5,5,5,5,5,5,5,20,20,20,28,58,58,49,42,38,38,38,53,53,53,53,53,53,47,62,62,58,0,0],"gold":26,"neow_bonus":"BOSS_RELIC","is_daily":false,"chose_seed":false,"campfire_upgraded":8,"win_rate":0.0,"timestamp":1609657314,"path_taken":["M","M","M","?","?","R","E","M","T","R","E","R","M","$","R","BOSS","M","$","M","?","M","E","M","E","T","M","E","R","?","E","R","BOSS","M","M","M","M","M","E","$","R","T","R","E","?","E","$","R","BOSS","BOSS"],"items_purchased_type":["Relic","Card","Card","Relic","Card","Relic","Relic"],"build_version":"2020-12-22","purchased_purges":1,"victory":false,"max_hp_per_floor":[68,68,68,68,68,68,68,68,68,68,68,68,68,68,68,68,68,68,68,68,68,68,68,68,68,68,68,68,68,68,68,68,68,68,68,68,68,68,68,68,68,68,68,68,68,68,68,68,68,68,68,68],"relic_stats":{"Sozu":3,"Centennial Puzzle":[36],"counters":[29,90],"Bronze Scales":[190],"Pantograph":41,"Gambling Chip":[8],"Bird Faced Urn":[5],"MealTicket":72,"Pandora\u0027s Box":["Evaluate","FollowUp","Swivel","ClearTheMind","SashWhip","WindmillStrike","Sanctity","FlyingSleeves"],"PreservedInsect":324,"Smiling Mask":-12,"obtain_stats":[{"PreservedInsect":25,"Bottled Tornado":47,"Ancient Tea Set":23,"Smiling Mask":45,"ClockworkSouvenir":14,"Sozu":34,"Centennial Puzzle":9,"Anchor":31,"Bronze Scales":7,"Pantograph":26,"Gambling Chip":40,"Bird Faced Urn":48,"Orrery":30,"Philosopher\u0027s Stone":0,"MealTicket":11,"Pandora\u0027s Box":17,"Molten Egg 2":28,"Membership Card":48,"PureWater":0},{"PreservedInsect":15,"Bottled Tornado":27,"Ancient Tea Set":13,"Smiling Mask":26,"ClockworkSouvenir":8,"Sozu":19,"Centennial Puzzle":6,"Anchor":18,"Bronze Scales":5,"Pantograph":15,"Gambling Chip":25,"Bird Faced Urn":27,"Orrery":17,"Philosopher\u0027s Stone":0,"MealTicket":7,"Pandora\u0027s Box":9,"Molten Egg 2":17,"Membership Card":27,"PureWater":0},{"PreservedInsect":42,"Bottled Tornado":80,"Ancient Tea Set":38,"Smiling Mask":77,"ClockworkSouvenir":24,"Sozu":56,"Centennial Puzzle":18,"Anchor":49,"Bronze Scales":16,"Pantograph":42,"Gambling Chip":74,"Bird Faced Urn":80,"Orrery":47,"Philosopher\u0027s Stone":0,"MealTicket":22,"Pandora\u0027s Box":27,"Molten Egg 2":47,"Membership Card":80,"PureWater":0}]},"card_choices":[{"not_picked":["FollowUp","InnerPeace"],"picked":"FlurryOfBlows","floor":1.0},{"not_picked":["ThirdEye","CrushJoints"],"picked":"FlurryOfBlows","floor":2.0},{"not_picked":["BowlingBash","Swivel"],"picked":"FlurryOfBlows","floor":3.0},{"not_picked":["WindmillStrike","SashWhip"],"picked":"CutThroughFate","floor":5.0},{"not_picked":["EmptyBody","BowlingBash"],"picked":"Protect","floor":7.0},{"not_picked":["EmptyBody","BattleHymn"],"picked":"Meditate","floor":8.0},{"not_picked":["Halt","EmptyFist"],"picked":"Blasphemy","floor":11.0},{"not_picked":["CrushJoints","EmptyFist"],"picked":"CutThroughFate","floor":13.0},{"not_picked":["Collect+1","Perseverance"],"picked":"EmptyBody","floor":18.0},{"not_picked":["Protect","WaveOfTheHand","Prostrate"],"picked":"SKIP","floor":20.0},{"not_picked":["Perseverance","BowlingBash"],"picked":"Fasting2","floor":22.0},{"not_picked":["SashWhip","JustLucky","Consecrate"],"picked":"SKIP","floor":23.0},{"not_picked":["Prostrate","WheelKick","JustLucky"],"picked":"SKIP","floor":24.0},{"not_picked":["Wish","BowlingBash","Evaluate"],"picked":"SKIP","floor":25.0},{"not_picked":["WindmillStrike","FlyingSleeves","FollowUp"],"picked":"SKIP","floor":27.0},{"not_picked":["WindmillStrike","FlyingSleeves","FollowUp"],"picked":"SKIP","floor":27.0},{"not_picked":["Consecrate+1","SashWhip+1"],"picked":"Wallop+1","floor":28.0},{"not_picked":["PathToVictory","Prostrate"],"picked":"TalkToTheHand+1","floor":30.0},{"not_picked":["Weave+1","EmptyFist+1"],"picked":"WheelKick+1","floor":30.0},{"not_picked":["Halt","EmptyFist+1"],"picked":"Protect","floor":30.0},{"not_picked":["SandsOfTime+1","FlurryOfBlows+1"],"picked":"WheelKick+1","floor":31},{"not_picked":["Brilliance+1","Scrawl"],"picked":"Ragnarok+1","floor":33},{"not_picked":["JustLucky+1","Prostrate"],"picked":"Adaptation+1","floor":35},{"not_picked":["FlyingSleeves+1","PathToVictory","Swivel"],"picked":"SKIP","floor":36},{"not_picked":["EmptyMind","BowlingBash+1"],"picked":"CutThroughFate+1","floor":37},{"not_picked":["Vengeance","SashWhip+1"],"picked":"Crescendo+1","floor":38},{"not_picked":["WaveOfTheHand+1","Crescendo","FlyingSleeves+1"],"picked":"SKIP","floor":39},{"not_picked":["WindmillStrike+1","Halt+1","Crescendo"],"picked":"SKIP","floor":40},{"not_picked":["Fasting2","Vault"],"picked":"TalkToTheHand+1","floor":45},{"not_picked":["JustLucky+1","Halt","Evaluate"],"picked":"SKIP","floor":47}],"player_experience":1367886,"relics_obtained":[{"floor":7.0,"key":"Bronze Scales"},{"floor":9.0,"key":"Centennial Puzzle"},{"floor":11.0,"key":"MealTicket"},{"floor":23.0,"key":"Ancient Tea Set"},{"floor":25.0,"key":"PreservedInsect"},{"floor":26.0,"key":"Pantograph"},{"floor":28.0,"key":"Molten Egg 2"},{"floor":31,"key":"Anchor"},{"floor":40,"key":"Gambling Chip"},{"floor":45,"key":"Smiling Mask"},{"floor":47,"key":"Bottled Tornado"}],"event_choices":[{"damage_healed":0.0,"max_hp_gain":0.0,"max_hp_loss":0.0,"gold_gain":0.0,"event_name":"The Woman in Blue","player_choice":"Bought 1 Potion","floor":4.0,"gold_loss":0.0,"damage_taken":0.0},{"damage_healed":0.0,"max_hp_gain":0.0,"max_hp_loss":0.0,"gold_gain":0.0,"event_name":"Duplicator","player_choice":"Copied","floor":21.0,"gold_loss":0.0,"damage_taken":0.0,"cards_obtained":["Adaptation"]},{"damage_healed":0,"gold_gain":275,"player_choice":"Desecrate","damage_taken":0,"max_hp_gain":0,"max_hp_loss":0,"event_name":"Golden Shrine","floor":46,"gold_loss":0,"cards_obtained":["Regret"]}],"is_beta":false,"boss_relics":[{"not_picked":["Astrolabe","Black Star"],"picked":"Pandora\u0027s Box"},{"not_picked":["Busted Crown","Empty Cage"],"picked":"Sozu"}],"items_purged_floors":[48],"is_endless":false,"potions_floor_spawned":[3,5,11,16,24,25,28,33,37,39,40],"killed_by":"Awakened One","ascension_level":20}}