{"host":"l0047jjvlunvhvbu","time":1609638824,"event":{"mods":["BaseMod","Colored Map","Colored Powertips","GifTheSpireLib","Minty Spire (QoL Compilation)","Permanent Neow","Quick Restart","StSLib"],"gold_per_floor":[20,20,39,114,139,139,183,183,183,183,218,232,43,67,67,186,186,199,220,239,338,112,112,145,145,199,199,233,248,271,285,285,414,477,491,491,28,48,73,73,107,107,131,131,169,194,0,20,20,20],"floor_reached":51,"playtime":9692,"items_purged":["Injury"],"score":1129,"play_id":"c3115d7a-728d-43d0-92d9-c8ee4c5aefc2","local_time":"20210103025344","is_ascension_mode":true,"campfire_choices":[{"data":"Go for the Eyes","floor":6.0,"key":"SMITH"},{"floor":8.0,"key":"REST"},{"floor":10.0,"key":"REST"},{"data":"Scrape","floor":15.0,"key":"SMITH"},{"floor":23.0,"key":"REST"},{"floor":25.0,"key":"REST"},{"data":"Zap","floor":32.0,"key":"SMITH"},{"data":"Rainbow","floor":40.0,"key":"SMITH"},{"data":"Good Instincts","floor":42.0,"key":"SMITH"},{"data":"All For One","floor":44.0,"key":"SMITH"},{"data":"Defend_B","floor":49.0,"key":"SMITH"}],"circlet_count":0,"master_deck":["Defend_B","Defend_B+1","Zap+1","Dualcast","Go for the Eyes+1","Gash","Machine Learning","Scrape+1","Sweeping Beam+1","Compile Driver+1","Reboot+1","Steam+1","BootSequence+1","Rainbow+1","All For One+1","Good Instincts+1","Parasite"],"relics":["Cracked Core","Golden Idol","Singing Bowl","Bottled Flame","Pen Nib","Lee\u0027s Waffle","Astrolabe","Strange Spoon","MealTicket","Toy Ornithopter","Matryoshka","Tiny House","Sling","Cables","Ancient Tea Set","Blood Vial","Potion Belt","Pear","Red Mask"],"acts_visited":["Exordium","TheCity","TheBeyond"],"potions_floor_usage":[50,50,50],"damage_taken":[{"damage":1.0,"enemies":"Cultist","floor":1.0,"turns":3.0},{"damage":2.0,"enemies":"Jaw Worm","floor":3.0,"turns":4.0},{"damage":0.0,"enemies":"2 Louse","floor":5.0,"turns":2.0},{"damage":47.0,"enemies":"3 Sentries","floor":7.0,"turns":8.0},{"damage":20.0,"enemies":"Lagavulin","floor":11.0,"turns":6.0},{"damage":10.0,"enemies":"Blue Slaver","floor":12.0,"turns":4.0},{"damage":10.0,"enemies":"Red Slaver","floor":14.0,"turns":2.0},{"damage":45.0,"enemies":"The Guardian","floor":16.0,"turns":9.0},{"damage":3.0,"enemies":"Chosen","floor":18.0,"turns":3.0},{"damage":4.0,"enemies":"Shell Parasite","floor":19.0,"turns":3.0},{"damage":27.0,"enemies":"Shelled Parasite and Fungi","floor":20.0,"turns":3.0},{"damage":8.0,"enemies":"Slavers","floor":24.0,"turns":6.0},{"damage":22.0,"enemies":"Book of Stabbing","floor":28.0,"turns":5.0},{"damage":0.0,"enemies":"Snake Plant","floor":29.0,"turns":4.0},{"damage":0.0,"enemies":"Chosen and Byrds","floor":30.0,"turns":4.0},{"damage":14.0,"enemies":"Snecko","floor":31.0,"turns":5.0},{"damage":32.0,"enemies":"Champ","floor":33.0,"turns":8.0},{"damage":6.0,"enemies":"3 Darklings","floor":35.0,"turns":4.0},{"damage":0.0,"enemies":"3 Shapes","floor":38.0,"turns":4.0},{"damage":0.0,"enemies":"Maw","floor":39.0,"turns":7.0},{"damage":4.0,"enemies":"Nemesis","floor":41.0,"turns":5.0},{"damage":17.0,"enemies":"Giant Head","floor":45.0,"turns":7.0},{"damage":0.0,"enemies":"Writhing Mass","floor":46.0,"turns":5.0},{"damage":0.0,"enemies":"3 Darklings","floor":48.0,"turns":4.0},{"damage":42,"enemies":"Awakened One","floor":50,"turns":13}],"seed_played":"8517951571132840910","potions_obtained":[{"floor":7.0,"key":"CultistPotion"},{"floor":11.0,"key":"EssenceOfSteel"},{"floor":14.0,"key":"DistilledChaos"},{"floor":16.0,"key":"BlessingOfTheForge"},{"floor":18.0,"key":"Swift Potion"},{"floor":20.0,"key":"SpeedPotion"},{"floor":29.0,"key":"Block Potion"},{"floor":33.0,"key":"SkillPotion"},{"floor":34.0,"key":"Strength Potion"},{"floor":35.0,"key":"Swift Potion"},{"floor":41.0,"key":"GamblersBrew"},{"floor":46.0,"key":"LiquidBronze"}],"is_trial":false,"path_per_floor":["M","?","M","?","M","R","E","R","T","R","E","M","$","M","R","B",null,"M","M","M","?","$","R","E","R","T","?","E","M","M","M","R","B",null,"M","?","$","M","M","R","E","R","T","R","E","M","?","M","R","B",null],"character_chosen":"DEFECT","items_purchased":["Scrape","Lee\u0027s Waffle","Strange Spoon","BootSequence","Sling","Cables"],"campfire_rested":4,"item_purchase_floors":[13,13,22,22,37,37],"current_hp_per_floor":[67,67,65,54,54,54,7,29,29,51,33,25,86,78,78,35,76,75,73,46,46,46,74,68,96,96,96,74,76,78,71,71,41,95,91,91,106,108,110,110,113,113,113,113,110,114,114,123,123,98],"gold":20,"neow_bonus":"REMOVE_TWO","is_daily":false,"chose_seed":false,"campfire_upgraded":7,"win_rate":0.0,"timestamp":1609638824,"path_taken":["M","?","M","?","M","R","E","R","T","R","E","M","?","M","R","BOSS","M","M","?","?","$","R","E","R","T","?","E","M","M","M","R","BOSS","M","?","$","M","M","R","E","R","T","R","E","M","?","M","R","BOSS"],"items_purchased_type":["Card","Relic","Relic","Card","Relic","Relic"],"build_version":"2020-12-22","purchased_purges":1,"victory":true,"max_hp_per_floor":[75,75,75,75,75,75,75,75,75,75,77,79,86,88,88,90,90,92,94,94,94,94,94,96,96,96,96,96,98,100,102,102,104,111,113,113,113,115,117,117,119,119,119,119,131,133,133,135,135,135],"card_choices":[{"not_picked":["Rebound","Ball Lightning"],"picked":"Go for the Eyes","floor":1.0},{"not_picked":["Undo","Compile Driver","Streamline"],"picked":"SKIP","floor":3.0},{"not_picked":["Hologram","Cold Snap"],"picked":"Gash","floor":5.0},{"not_picked":["Blizzard","Self Repair"],"picked":"Machine Learning","floor":7.0},{"not_picked":["Gash","Reinforced Body","Rebound"],"picked":"Singing Bowl","floor":11.0},{"not_picked":["Capacitor","Chill","Go for the Eyes"],"picked":"Singing Bowl","floor":12.0},{"not_picked":["Darkness","Redo","Recycle"],"picked":"Singing Bowl","floor":14.0},{"not_picked":["Creative AI","Multi-Cast","Machine Learning"],"picked":"Singing Bowl","floor":16.0},{"not_picked":["Ball Lightning","Barrage+1","Rebound"],"picked":"Singing Bowl","floor":18.0},{"not_picked":["Leap","Barrage","Redo"],"picked":"Singing Bowl","floor":19.0},{"not_picked":["Go for the Eyes","Melter"],"picked":"Steam+1","floor":20.0},{"not_picked":["Compile Driver","Defragment","White Noise"],"picked":"Singing Bowl","floor":24.0},{"not_picked":["Self Repair","Stack"],"picked":"All For One","floor":28.0},{"not_picked":["Cold Snap+1","Compile Driver","Lockon"],"picked":"Singing Bowl","floor":29.0},{"not_picked":["Sunder","Cold Snap","Rebound"],"picked":"Singing Bowl","floor":30.0},{"not_picked":["Coolheaded","Scrape","Conserve Battery"],"picked":"Singing Bowl","floor":31.0},{"not_picked":["Amplify","Thunder Strike","Core Surge"],"picked":"Singing Bowl","floor":33.0},{"not_picked":["Storm","Ball Lightning","Doom and Gloom"],"picked":"Singing Bowl","floor":34.0},{"not_picked":["Turbo","Tempest","Coolheaded+1"],"picked":"Singing Bowl","floor":35.0},{"not_picked":["The Bomb","Purity"],"picked":"Good Instincts","floor":36.0},{"not_picked":["Chill+1","Undo+1","FTL"],"picked":"Singing Bowl","floor":38.0},{"not_picked":["Tempest+1","Blizzard+1","Storm"],"picked":"Singing Bowl","floor":39.0},{"not_picked":["Ball Lightning+1","Sweeping Beam+1","Capacitor"],"picked":"Singing Bowl","floor":41.0},{"not_picked":["Conserve Battery+1","Streamline+1","Undo+1"],"picked":"Singing Bowl","floor":45.0},{"not_picked":["Ball Lightning","Hologram","Chaos"],"picked":"Singing Bowl","floor":46.0},{"not_picked":["Barrage+1","Stack+1","Melter+1"],"picked":"Singing Bowl","floor":48.0}],"player_experience":236413,"relics_obtained":[{"floor":7.0,"key":"Singing Bowl"},{"floor":9.0,"key":"Bottled Flame"},{"floor":11.0,"key":"Pen Nib"},{"floor":24.0,"key":"MealTicket"},{"floor":26.0,"key":"Toy Ornithopter"},{"floor":28.0,"key":"Matryoshka"},{"floor":41.0,"key":"Ancient Tea Set"},{"floor":43.0,"key":"Blood Vial"},{"floor":43.0,"key":"Potion Belt"},{"floor":45.0,"key":"Pear"}],"event_choices":[{"damage_healed":0.0,"max_hp_gain":0.0,"max_hp_loss":0.0,"gold_gain":0.0,"event_name":"Golden Idol","player_choice":"Take Wound","floor":2.0,"gold_loss":0.0,"damage_taken":0.0,"relics_obtained":["Golden Idol"],"cards_obtained":["Injury"]},{"damage_healed":0.0,"max_hp_gain":0.0,"max_hp_loss":0.0,"gold_gain":75.0,"event_name":"World of Goop","player_choice":"Gather Gold","floor":4.0,"gold_loss":0.0,"damage_taken":11.0},{"damage_healed":0.0,"max_hp_gain":0.0,"max_hp_loss":0.0,"gold_gain":99.0,"event_name":"Nest","player_choice":"Stole From Cult","floor":21.0,"gold_loss":0.0,"damage_taken":0.0},{"damage_healed":0.0,"max_hp_gain":0.0,"max_hp_loss":0.0,"gold_gain":0.0,"cards_transformed":["Strike_B"],"event_name":"Transmorgrifier","player_choice":"Transformed","floor":27.0,"gold_loss":0.0,"damage_taken":0.0,"cards_obtained":["Rainbow"]},{"damage_healed":0.0,"max_hp_gain":0.0,"max_hp_loss":0.0,"gold_gain":0.0,"event_name":"SensoryStone","player_choice":"Memory 1","floor":36.0,"gold_loss":0.0,"damage_taken":0.0},{"damage_healed":0.0,"max_hp_gain":0.0,"max_hp_loss":0.0,"gold_gain":0.0,"event_name":"Tomb of Lord Red Mask","player_choice":"Paid","floor":47.0,"gold_loss":194.0,"damage_taken":0.0,"relics_obtained":["Red Mask"]}],"is_beta":false,"boss_relics":[{"not_picked":["Nuclear Battery","Busted Crown"],"picked":"Astrolabe"},{"not_picked":["SacredBark","Black Star"],"picked":"Tiny House"}],"items_purged_floors":[37],"is_endless":false,"potions_floor_spawned":[7,11,14,16,18,20,29,33,35,41,46],"ascension_level":7}}