{"host":"yvb207ks1sg3cxef","time":1609667938,"event":{"mods":["2.2 Compatiblity","BaseMod","Bestiary","Colored Powertips","Minty Spire (QoL Compilation)","Permanent Neow","Quick Restart","Relic Stats","StSLib"],"gold_per_floor":[117,117,136,136,150,185,185,210,235,253,280,340,340,359,359,435,435,454,47,57,73,90,121,121,121],"floor_reached":24,"playtime":1380,"items_purged":["Grand Finale"],"score":476,"play_id":"bee5374c-bb11-42dd-a603-30f0375c5308","local_time":"20210103152858","is_ascension_mode":true,"campfire_choices":[{"data":"Quick Slash","floor":7.0,"key":"SMITH"},{"data":"Dagger Spray","floor":13.0,"key":"SMITH"},{"data":"Predator","floor":15.0,"key":"SMITH"}],"circlet_count":0,"master_deck":["AscendersBane","Survivor","Neutralize","Dagger Throw+1","Backflip","Backflip","Quick Slash+1","Dagger Throw","Dagger Spray+1","Predator+1","Tools of the Trade","Venomology","Bullet Time","Calculated Gamble","Choke","Grand Finale","Phantasmal Killer","Flechettes","Expertise","Bouncing Flask","Backflip","Escape Plan","Noxious Fumes"],"relics":["Ring of the Snake","PreservedInsect","Toy Ornithopter","Lantern","Pantograph","Blood Vial","Pandora\u0027s Box","Shuriken","Peace Pipe"],"acts_visited":["Exordium","TheCity"],"potions_floor_usage":[20,21,21,21,21,23,23,24,24],"damage_taken":[{"damage":1.0,"enemies":"Small Slimes","floor":1.0,"turns":4.0},{"damage":3.0,"enemies":"2 Louse","floor":3.0,"turns":4.0},{"damage":2.0,"enemies":"Jaw Worm","floor":5.0,"turns":7.0},{"damage":24.0,"enemies":"3 Sentries","floor":6.0,"turns":14.0},{"damage":11.0,"enemies":"Lagavulin","floor":8.0,"turns":7.0},{"damage":1.0,"enemies":"Looter","floor":10.0,"turns":3.0},{"damage":10.0,"enemies":"3 Sentries","floor":11.0,"turns":6.0},{"damage":5.0,"enemies":"3 Sentries","floor":12.0,"turns":5.0},{"damage":0.0,"enemies":"2 Fungi Beasts","floor":14.0,"turns":2.0},{"damage":44.0,"enemies":"Slime Boss","floor":16.0,"turns":12.0},{"damage":21.0,"enemies":"Shell Parasite","floor":18.0,"turns":5.0},{"damage":5,"enemies":"Chosen","floor":20,"turns":5},{"damage":9,"enemies":"Snake Plant","floor":21,"turns":2},{"damage":50,"enemies":"3 Cultists","floor":22,"turns":5},{"damage":28,"enemies":"Slavers","floor":23,"turns":4},{"damage":20,"enemies":"Shelled Parasite and Fungi","floor":24,"turns":3}],"seed_played":"-6793816778426457048","potions_obtained":[{"floor":3.0,"key":"Weak Potion"},{"floor":6.0,"key":"SpeedPotion"},{"floor":14.0,"key":"Fire Potion"},{"floor":16.0,"key":"Regen Potion"},{"floor":22,"key":"GamblersBrew"},{"floor":23,"key":"SkillPotion"}],"is_trial":false,"path_per_floor":["M","?","M","?","M","E","R","E","T","M","E","?","R","M","R","B",null,"M","$","M","M","M","E","M"],"character_chosen":"THE_SILENT","items_purchased":["Shuriken","Backflip"],"campfire_rested":0,"item_purchase_floors":[19,19],"current_hp_per_floor":[58,58,55,60,58,34,34,28,28,27,17,12,12,14,14,2,54,40,40,54,67,19,3,0,0],"gold":121,"neow_bonus":"RANDOM_COMMON_RELIC","is_daily":false,"chose_seed":false,"campfire_upgraded":3,"win_rate":0.0,"timestamp":1609667938,"path_taken":["M","?","M","?","M","E","R","E","T","M","E","?","R","?","R","BOSS","M","$","M","M","M","E","M"],"items_purchased_type":["Relic","Card"],"build_version":"2020-12-22","purchased_purges":1,"victory":false,"max_hp_per_floor":[66,66,66,71,71,71,71,71,71,71,71,71,71,71,71,71,71,71,71,71,71,71,71,71,71],"relic_stats":{"Blood Vial":16,"Peace Pipe":0,"counters":[16,88],"Shuriken":[7],"Pantograph":25,"Pandora\u0027s Box":["Venomology","Bullet Time","Grand Finale","Calculated Gamble","Choke","Grand Finale","Phantasmal Killer","Flechettes","Expertise","Bouncing Flask"],"PreservedInsect":174,"obtain_stats":[{"Blood Vial":12,"Peace Pipe":23,"Lantern":8,"Shuriken":19,"Pantograph":11,"Pandora\u0027s Box":17,"PreservedInsect":0,"Toy Ornithopter":6,"Ring of the Snake":0},{"Blood Vial":8,"Peace Pipe":15,"Lantern":5,"Shuriken":11,"Pantograph":7,"Pandora\u0027s Box":10,"PreservedInsect":0,"Toy Ornithopter":4,"Ring of the Snake":0},{"Blood Vial":50,"Peace Pipe":85,"Lantern":36,"Shuriken":69,"Pantograph":45,"Pandora\u0027s Box":64,"PreservedInsect":0,"Toy Ornithopter":29,"Ring of the Snake":0}],"Toy Ornithopter":60,"Ring of the Snake":[32]},"card_choices":[{"not_picked":["Riddle With Holes","Deadly Poison"],"picked":"Dagger Throw","floor":1.0},{"not_picked":["PiercingWail","Deadly Poison"],"picked":"Backflip","floor":3.0},{"not_picked":["Infinite Blades","Tactician"],"picked":"Backflip","floor":5.0},{"not_picked":["Outmaneuver","Concentrate"],"picked":"Quick Slash","floor":6.0},{"not_picked":["Sucker Punch","Night Terror","Expertise"],"picked":"SKIP","floor":8.0},{"not_picked":["Prepared","Underhanded Strike"],"picked":"Dagger Throw","floor":10.0},{"not_picked":["Underhanded Strike","Acrobatics"],"picked":"Dagger Spray","floor":11.0},{"not_picked":["Acrobatics","Infinite Blades"],"picked":"Predator","floor":14.0},{"not_picked":["Envenom","Night Terror"],"picked":"Tools of the Trade","floor":16.0},{"not_picked":["Flying Knee","Accuracy","Dodge and Roll"],"picked":"SKIP","floor":18.0},{"not_picked":["Flying Knee","Accuracy","Dodge and Roll"],"picked":"SKIP","floor":18.0},{"not_picked":["Quick Slash+1","Slice","Dash"],"picked":"SKIP","floor":20},{"not_picked":["Dagger Throw","Riddle With Holes"],"picked":"Escape Plan","floor":21},{"not_picked":["Caltrops","Cloak And Dagger","Terror"],"picked":"SKIP","floor":22},{"not_picked":["Predator","Distraction"],"picked":"Noxious Fumes","floor":23}],"player_experience":293533,"relics_obtained":[{"floor":6.0,"key":"Toy Ornithopter"},{"floor":8.0,"key":"Lantern"},{"floor":11.0,"key":"Pantograph"},{"floor":12.0,"key":"Blood Vial"},{"floor":23,"key":"Peace Pipe"}],"event_choices":[{"damage_healed":0.0,"max_hp_gain":0.0,"max_hp_loss":0.0,"gold_gain":0.0,"event_name":"Living Wall","player_choice":"Grow","floor":2.0,"gold_loss":0.0,"damage_taken":0.0,"cards_upgraded":["Dagger Throw"]},{"damage_healed":0.0,"max_hp_gain":5.0,"max_hp_loss":0.0,"gold_gain":0.0,"event_name":"Big Fish","player_choice":"Donut","floor":4.0,"gold_loss":0.0,"damage_taken":0.0},{"damage_healed":0.0,"max_hp_gain":0.0,"max_hp_loss":0.0,"gold_gain":30.0,"event_name":"Dead Adventurer","player_choice":"Searched \u00273\u0027 times","floor":12.0,"gold_loss":0.0,"damage_taken":0.0}],"is_beta":false,"boss_relics":[{"not_picked":["Coffee Dripper","Fusion Hammer"],"picked":"Pandora\u0027s Box"}],"items_purged_floors":[19],"is_endless":false,"potions_floor_spawned":[3,6,14,16,22,23],"killed_by":"Shelled Parasite and Fungi","ascension_level":20}}