{"host":"0i8dz4ityulxi1rd","time":1609646529,"event":{"mods":["BaseMod","Colored Map","Colored Powertips","Custom Start","Highlight Path","Hubris","Keyboard Shortcuts","Minty Spire (QoL Compilation)","StSLib","SuperFastMode"],"gold_per_floor":[117,87,0,14,24,24,53,53,80,5,5,5],"floor_reached":11,"playtime":393,"items_purged":["Strike_R"],"score":142,"play_id":"9049d053-88bc-4d54-8d99-e425c674d20a","local_time":"20210103130209","is_ascension_mode":true,"campfire_choices":[{"data":"Dark Embrace","floor":6.0,"key":"SMITH"},{"data":"Mayhem","floor":8,"key":"SMITH"}],"circlet_count":0,"master_deck":["AscendersBane","Strike_R","Strike_R","Strike_R","Strike_R","Defend_R","Defend_R","Defend_R","Defend_R","Bash","Mayhem+1","Second Wind","Dark Embrace+1","Shrug It Off","Battle Trance","Limit Break"],"relics":["Burning Blood","hubris:DisguiseKit","Lantern"],"acts_visited":["Exordium"],"potions_floor_usage":[7,7],"damage_taken":[{"damage":5.0,"enemies":"Small Slimes","floor":1.0,"turns":3.0},{"damage":7.0,"enemies":"Cultist","floor":4.0,"turns":4.0},{"damage":2.0,"enemies":"Jaw Worm","floor":5.0,"turns":5.0},{"damage":14,"enemies":"3 Sentries","floor":7,"turns":10},{"damage":35,"enemies":"Lagavulin","floor":11,"turns":7}],"seed_played":"-1449271872940642801","potions_obtained":[{"floor":1.0,"key":"DistilledChaos"},{"floor":2.0,"key":"DistilledChaos"},{"floor":5.0,"key":"DistilledChaos"}],"is_trial":false,"path_per_floor":["M","?","$","M","M","R","E","R","T","$","E"],"character_chosen":"IRONCLAD","items_purchased":["Dark Embrace"],"campfire_rested":0,"item_purchase_floors":[3],"current_hp_per_floor":[51,51,51,50,54,54,46,46,46,46,11,11],"gold":5,"neow_bonus":"RANDOM_COLORLESS_2","is_daily":false,"chose_seed":false,"campfire_upgraded":2,"win_rate":0.0,"timestamp":1609646529,"path_taken":["M","?","?","M","M","R","E","R","T","$","E"],"items_purchased_type":["Card"],"build_version":"2020-12-22","purchased_purges":1,"victory":false,"max_hp_per_floor":[75,75,75,75,75,75,75,75,75,75,75,75],"card_choices":[{"not_picked":["Secret Weapon","Magnetism"],"picked":"Mayhem","floor":0.0},{"not_picked":["Rage","hubris:ReadiedAction"],"picked":"Second Wind","floor":1.0},{"not_picked":["Thunderclap","Clash"],"picked":"Shrug It Off","floor":4.0},{"not_picked":["Metallicize","Flex"],"picked":"Battle Trance","floor":5.0},{"not_picked":["Armaments","Clothesline"],"picked":"Limit Break","floor":7}],"player_experience":1308073,"relics_obtained":[{"floor":7,"key":"hubris:DisguiseKit"},{"floor":9,"key":"Lantern"}],"event_choices":[{"damage_healed":0.0,"max_hp_gain":0.0,"max_hp_loss":0.0,"gold_gain":0.0,"event_name":"The Woman in Blue","player_choice":"Bought 2 Potions","floor":2.0,"gold_loss":0.0,"damage_taken":0.0}],"is_beta":false,"boss_relics":[],"items_purged_floors":[10],"is_endless":false,"potions_floor_spawned":[1,4,5],"killed_by":"Lagavulin","ascension_level":20}}