{"host":"qfskrnw3pl1q86j0","time":1609676674,"event":{"mods":["BaseMod","Block Reminder","Hermit","Marisa????????","Minty Spire (QoL Compilation)","Quick Restart","Random Character Button","Relic Stats","StSLib","The Poker Player","slay the spire mod where everything is the same but ironclad has a cowboy hat"],"gold_per_floor":[116,134,134,152,164,164,180,180,180,180,196,196,213,240,240,335,335,347,272,282,282,296,296,147,162,162,176,176,193,207,220,220,220,220],"floor_reached":33,"playtime":1063,"items_purged":["Strike_R","Defend_R"],"score":255,"play_id":"22ecc859-b63e-47a5-bcb9-aa4263b202db","local_time":"20210103132434","is_ascension_mode":false,"campfire_choices":[{"data":"Bash","floor":6.0,"key":"SMITH"},{"data":"Rampage","floor":8,"key":"SMITH"},{"data":"True Grit","floor":10,"key":"SMITH"},{"data":"Carnage","floor":12,"key":"SMITH"},{"data":"Headbutt","floor":15,"key":"SMITH"},{"data":"Flame Barrier","floor":23,"key":"SMITH"},{"data":"Inflame","floor":28,"key":"SMITH"},{"data":"Sword Boomerang","floor":32,"key":"SMITH"}],"circlet_count":0,"master_deck":["Strike_R","Strike_R","Strike_R","Defend_R","Defend_R","Defend_R","Bash+1","Exhume","Rampage+1","True Grit+1","Carnage+1","Battle Trance","Headbutt+1","Offering","Flame Barrier+1","Shrug It Off","Inflame+1","Sword Boomerang+1"],"relics":["Burning Blood","Blue Candle","Bag of Preparation","Busted Crown","Sundial"],"acts_visited":["Exordium","TheCity"],"potions_floor_usage":[14,31,33],"damage_taken":[{"damage":7.0,"enemies":"2 Louse","floor":1.0,"turns":3.0},{"damage":1.0,"enemies":"Cultist","floor":2.0,"turns":3.0},{"damage":3.0,"enemies":"Small Slimes","floor":4.0,"turns":4.0},{"damage":13.0,"enemies":"Exordium Thugs","floor":5.0,"turns":6.0},{"damage":5.0,"enemies":"Blue Slaver","floor":7.0,"turns":2.0},{"damage":1,"enemies":"Exordium Wildlife","floor":11,"turns":3},{"damage":7,"enemies":"3 Louse","floor":13,"turns":3},{"damage":35,"enemies":"Lagavulin","floor":14,"turns":4},{"damage":29,"enemies":"The Guardian","floor":16,"turns":7},{"damage":5,"enemies":"Spheric Guardian","floor":18,"turns":3},{"damage":23,"enemies":"2 Thieves","floor":20,"turns":4},{"damage":20,"enemies":"Centurion and Healer","floor":22,"turns":5},{"damage":6,"enemies":"Snake Plant","floor":25,"turns":3},{"damage":6,"enemies":"Cultist and Chosen","floor":27,"turns":4},{"damage":6,"enemies":"Sentry and Sphere","floor":29,"turns":3},{"damage":6,"enemies":"Centurion and Healer","floor":30,"turns":4},{"damage":11,"enemies":"Snake Plant","floor":31,"turns":4},{"damage":44,"enemies":"Collector","floor":33,"turns":4}],"seed_played":"-7982340508707389234","potions_obtained":[{"floor":1.0,"key":"Energy Potion"},{"floor":11,"key":"Dexterity Potion"},{"floor":13,"key":"CultistPotion"},{"floor":22,"key":"DuplicationPotion"},{"floor":25,"key":"ElixirPotion"},{"floor":31,"key":"Strength Potion"}],"is_trial":false,"path_per_floor":["M","M","?","M","M","R","M","R","T","R","M","R","M","E","R","B",null,"M","$","M","?","M","R","$","M","T","M","R","M","M","M","R","B"],"character_chosen":"IRONCLAD","items_purchased":["Shrug It Off"],"campfire_rested":0,"item_purchase_floors":[24],"current_hp_per_floor":[79,80,80,80,73,73,74,74,74,74,79,79,78,49,49,26,80,80,80,63,63,49,49,49,49,49,49,49,49,49,44,44,0,0],"gold":220,"neow_bonus":"ONE_RANDOM_RARE_CARD","is_daily":false,"chose_seed":false,"campfire_upgraded":8,"win_rate":0.0,"timestamp":1609676674,"path_taken":["M","M","?","?","?","R","M","R","T","R","M","R","M","E","R","BOSS","M","$","M","?","M","R","$","M","T","M","R","M","M","?","R","BOSS"],"items_purchased_type":["Card"],"build_version":"2020-12-22","purchased_purges":2,"victory":false,"max_hp_per_floor":[80,80,80,80,80,80,80,80,80,80,80,80,80,80,80,80,80,80,80,80,80,80,80,80,80,80,80,80,80,80,80,80,80,80],"relic_stats":{"Busted Crown":16,"counters":[18,69],"Sundial":[4],"Blue Candle":[0],"Bag of Preparation":[20],"obtain_stats":[{"Busted Crown":17,"Sundial":26,"Blue Candle":9,"Bag of Preparation":14,"Burning Blood":0},{"Busted Crown":9,"Sundial":13,"Blue Candle":5,"Bag of Preparation":8,"Burning Blood":0},{"Busted Crown":35,"Sundial":50,"Blue Candle":18,"Bag of Preparation":28,"Burning Blood":0}],"Burning Blood":94},"card_choices":[{"not_picked":["Sever Soul","Carnage"],"picked":"Rampage","floor":1.0},{"not_picked":["Wild Strike","Warcry"],"picked":"True Grit","floor":2.0},{"not_picked":["Infernal Blade","Demon Form","Wild Strike"],"picked":"SKIP","floor":4.0},{"not_picked":["True Grit","Flex"],"picked":"Battle Trance","floor":5.0},{"not_picked":["Burning Pact","Cleave"],"picked":"Headbutt","floor":7},{"not_picked":["Thunderclap","Flex","Havoc"],"picked":"SKIP","floor":11},{"not_picked":["Body Slam","Battle Trance","Infernal Blade"],"picked":"SKIP","floor":13},{"not_picked":["Pummel","Battle Trance","Disarm"],"picked":"SKIP","floor":14},{"not_picked":["Bludgeon","Berserk"],"picked":"Offering","floor":16},{"not_picked":["Intimidate"],"picked":"SKIP","floor":18},{"not_picked":[],"picked":"Flame Barrier","floor":20},{"not_picked":["Anger+1"],"picked":"SKIP","floor":22},{"not_picked":[],"picked":"Inflame","floor":25},{"not_picked":["Heavy Blade"],"picked":"SKIP","floor":27},{"not_picked":["Flex+1"],"picked":"SKIP","floor":29},{"not_picked":["Sword Boomerang"],"picked":"SKIP","floor":30},{"not_picked":[],"picked":"Sword Boomerang","floor":30},{"not_picked":["Iron Wave"],"picked":"SKIP","floor":31}],"player_experience":910466,"relics_obtained":[{"floor":9,"key":"Blue Candle"},{"floor":14,"key":"Bag of Preparation"},{"floor":26,"key":"Sundial"}],"event_choices":[{"damage_healed":0.0,"max_hp_gain":0.0,"max_hp_loss":0.0,"gold_gain":0.0,"cards_transformed":["Strike_R"],"event_name":"Transmorgrifier","player_choice":"Transformed","floor":3.0,"gold_loss":0.0,"damage_taken":0.0,"cards_obtained":["Carnage"]},{"damage_healed":0,"gold_gain":0,"player_choice":"Ignored","damage_taken":0,"max_hp_gain":0,"max_hp_loss":0,"event_name":"NoteForYourself","floor":21,"gold_loss":0}],"is_beta":false,"boss_relics":[{"not_picked":["Tiny House","Empty Cage"],"picked":"Busted Crown"}],"items_purged_floors":[19,24],"is_endless":false,"potions_floor_spawned":[1,11,13,22,25,31],"killed_by":"Collector","ascension_level":0}}