{"host":"gt33m9bhmcfydaop","time":1609697802,"event":{"mods":["2.2 Compatiblity","AchievementEnabler","BaseMod","Colored Map","DeckTracker","Highlight Path","Minty Spire (QoL Compilation)","Random Character Button","Rare Cards Sparkle"],"gold_per_floor":[119,85,97,113,113,113,90,90,90,106,31,61,61,61,61,159,159,170,181,181,198,103,153,170,170,170,181,46,78,98,110,110,211,211,227,227,227],"floor_reached":36,"playtime":1853,"items_purged":["Regret"],"score":403,"play_id":"8401f080-0397-4428-955c-bc7e62a2de18","local_time":"20210103191642","is_ascension_mode":true,"campfire_choices":[{"floor":6,"key":"RECALL"},{"data":"Zap","floor":8,"key":"SMITH"},{"floor":13,"key":"REST"},{"data":"Zap","floor":15,"key":"SMITH"},{"floor":25,"key":"REST"},{"floor":32,"key":"REST"}],"circlet_count":0,"master_deck":["Strike_B","Strike_B","Strike_B","Strike_B","Defend_B","Defend_B","Defend_B","Defend_B","Zap+1","Dualcast","Barrage","Self Repair","FTL","Glacier","Sunder","Ball Lightning","Zap+1","Electrodynamics","Echo Form","Fusion","Capacitor","Ball Lightning","Conserve Battery","Loop","Scrape","Beam Cell+1","Cold Snap","Madness","Defragment","FTL","Conserve Battery","Creative AI","Gash+1"],"relics":["Cracked Core","Orichalcum","Gambling Chip","Inserter","Kunai","Bird Faced Urn","Cursed Key"],"acts_visited":["Exordium","TheCity","TheBeyond"],"potions_floor_usage":[21,21,27,29,33,33],"damage_taken":[{"damage":0,"enemies":"Small Slimes","floor":1,"turns":3},{"damage":11,"enemies":"Jaw Worm","floor":3,"turns":4},{"damage":4,"enemies":"Cultist","floor":4,"turns":4},{"damage":10,"enemies":"2 Fungi Beasts","floor":10,"turns":4},{"damage":19,"enemies":"Lagavulin","floor":12,"turns":8},{"damage":56,"enemies":"Hexaghost","floor":16,"turns":10},{"damage":5,"enemies":"Chosen","floor":18,"turns":4},{"damage":3,"enemies":"Shell Parasite","floor":19,"turns":5},{"damage":28,"enemies":"Shelled Parasite and Fungi","floor":21,"turns":5},{"damage":21,"enemies":"Centurion and Healer","floor":24,"turns":6},{"damage":11,"enemies":"Snecko","floor":27,"turns":4},{"damage":8,"enemies":"Gremlin Leader","floor":29,"turns":5},{"damage":18,"enemies":"Cultist and Chosen","floor":30,"turns":7},{"damage":19,"enemies":"Shelled Parasite and Fungi","floor":31,"turns":5},{"damage":65,"enemies":"Collector","floor":33,"turns":12},{"damage":52,"enemies":"3 Shapes","floor":35,"turns":5},{"damage":50,"enemies":"3 Darklings","floor":36,"turns":4}],"seed_played":"4120536650435409801","potions_obtained":[{"floor":4,"key":"Energy Potion"},{"floor":12,"key":"EssenceOfSteel"},{"floor":16,"key":"PowerPotion"},{"floor":24,"key":"AttackPotion"},{"floor":27,"key":"FocusPotion"},{"floor":30,"key":"SkillPotion"}],"is_trial":false,"path_per_floor":["M","$","M","M","?","R","?","R","T","M","$","E","R","?","R","B",null,"M","M","$","M","$","?","M","R","T","M","$","E","M","M","R","B",null,"M","M"],"character_chosen":"DEFECT","items_purchased":["Self Repair","Conserve Battery","Loop","Cold Snap","Madness"],"campfire_rested":3,"item_purchase_floors":[2,22,22,28,28],"current_hp_per_floor":[68,68,64,67,67,67,67,67,67,64,64,52,78,78,78,29,89,89,89,89,61,61,61,40,66,66,62,62,54,53,40,66,11,89,41,0,0],"gold":227,"neow_bonus":"TWENTY_PERCENT_HP_BONUS","is_daily":false,"chose_seed":false,"campfire_upgraded":2,"win_rate":0.0,"timestamp":1609697802,"path_taken":["M","$","M","M","?","R","?","R","T","M","?","E","R","?","R","BOSS","M","M","$","M","?","?","M","R","T","M","$","E","?","M","R","BOSS","M","M"],"items_purchased_type":["Card","Card","Card","Card","Card"],"build_version":"2020-12-22","purchased_purges":1,"victory":false,"max_hp_per_floor":[89,89,89,89,89,89,89,89,89,89,89,89,89,89,89,89,89,89,89,89,89,89,89,89,89,89,89,89,89,89,89,89,89,89,89,89,89],"card_choices":[{"not_picked":["Stack","Go for the Eyes"],"picked":"Barrage","floor":1},{"not_picked":["Go for the Eyes","Conserve Battery"],"picked":"FTL","floor":3},{"not_picked":["Beam Cell","BootSequence"],"picked":"Glacier","floor":4},{"not_picked":["Fission","Stack"],"picked":"Sunder","floor":10},{"not_picked":["Aggregate","Gash"],"picked":"Ball Lightning","floor":12},{"not_picked":["All For One","Biased Cognition"],"picked":"Echo Form","floor":16},{"not_picked":["Hologram","Darkness"],"picked":"Fusion","floor":18},{"not_picked":["Coolheaded","Reinforced Body+1"],"picked":"Capacitor","floor":19},{"not_picked":["Leap","Seek"],"picked":"Ball Lightning","floor":21},{"not_picked":["Go for the Eyes","Skim"],"picked":"Scrape","floor":24},{"not_picked":["Conserve Battery","FTL"],"picked":"Beam Cell+1","floor":27},{"not_picked":["Go for the Eyes","Glacier"],"picked":"Defragment","floor":29},{"not_picked":["Steam","Compile Driver"],"picked":"FTL","floor":30},{"not_picked":["Sweeping Beam","Fission"],"picked":"Conserve Battery","floor":31},{"not_picked":["Multi-Cast","Seek"],"picked":"Creative AI","floor":33},{"not_picked":["Auto Shields","Darkness"],"picked":"Gash+1","floor":35}],"player_experience":27557,"relics_obtained":[{"floor":12,"key":"Gambling Chip"},{"floor":26,"key":"Kunai"},{"floor":29,"key":"Bird Faced Urn"}],"event_choices":[{"damage_healed":0,"gold_gain":0,"player_choice":"Box","damage_taken":0,"relics_obtained":["Orichalcum"],"max_hp_gain":0,"max_hp_loss":0,"event_name":"Big Fish","floor":5,"gold_loss":0,"cards_obtained":["Regret"]},{"damage_healed":0,"gold_gain":0,"player_choice":"Left Gold","damage_taken":0,"max_hp_gain":0,"max_hp_loss":0,"event_name":"World of Goop","floor":7,"gold_loss":23},{"damage_healed":0,"gold_gain":0,"player_choice":"2 cards matched","damage_taken":0,"max_hp_gain":0,"max_hp_loss":0,"event_name":"Match and Keep!","floor":14,"gold_loss":0,"cards_obtained":["Zap","Electrodynamics"]},{"damage_healed":0,"gold_gain":100,"player_choice":"Bet on Murderer","damage_taken":0,"max_hp_gain":0,"max_hp_loss":0,"event_name":"The Joust","floor":23,"gold_loss":50}],"is_beta":false,"boss_relics":[{"not_picked":["Runic Dome","Sozu"],"picked":"Inserter"},{"not_picked":["Astrolabe","Snecko Eye"],"picked":"Cursed Key"}],"items_purged_floors":[11],"is_endless":false,"potions_floor_spawned":[4,12,16,19,24,27,30],"killed_by":"3 Darklings","ascension_level":1}}