{"host":"1tmagqyeywr2w44t","time":1609667760,"event":{"mods":["2.2 Compatiblity","BaseMod","Colored Powertips","Downfall","Marisa£¨Ùöéë¡¡Øª×âÞÞ£©","Minty Spire (QoL Compilation)","Rare Cards Sparkle","Replay The Spire","StSLib","SuperFastMode","The Cursed"],"gold_per_floor":[111,111,122,132,132,132,41,41,41,51,51,63,90,103,103,103,103],"floor_reached":16,"playtime":470,"items_purged":[],"score":122,"play_id":"382abff2-ee10-4f21-8730-08b3b6986aec","local_time":"20210103185600","is_ascension_mode":true,"campfire_choices":[{"data":"Shrug It Off","floor":6,"key":"SMITH"},{"data":"Flex","floor":11,"key":"SMITH"},{"data":"Eclipse","floor":15,"key":"SMITH"}],"circlet_count":0,"master_deck":["Strike_R","Strike_R","Strike_R","Strike_R","Defend_R","Defend_R","Defend_R","Defend_R","Bash","Dual Wield","Heavy Blade","Shrug It Off+1","Headbutt","Exhume+1","expansioncontent:Sear","Flex+1","Seeing Red","Thunderclap","Eclipse+1"],"relics":["Burning Blood","Mercury Hourglass","Ancient Tea Set"],"acts_visited":["Exordium"],"potions_floor_usage":[13,14],"damage_taken":[{"damage":13,"enemies":"2 Louse","floor":1,"turns":4},{"damage":1,"enemies":"Cultist","floor":3,"turns":3},{"damage":3,"enemies":"Jaw Worm","floor":4,"turns":5},{"damage":5,"enemies":"Gremlin Gang","floor":10,"turns":4},{"damage":12,"enemies":"Looter","floor":12,"turns":3},{"damage":29,"enemies":"Lagavulin","floor":13,"turns":7},{"damage":0,"enemies":"Large Slime","floor":14,"turns":6},{"damage":59,"enemies":"The Guardian","floor":16,"turns":7}],"seed_played":"-3152455557009890326","potions_obtained":[{"floor":3,"key":"BlessingOfTheForge"},{"floor":12,"key":"Toxic Potion"},{"floor":13,"key":"Block Potion"}],"is_trial":false,"path_per_floor":["M","?","M","M","?","R","$","$","T","M","R","M","E","M","R","B"],"character_chosen":"IRONCLAD","items_purchased":["expansioncontent:Sear"],"campfire_rested":0,"item_purchase_floors":[7],"current_hp_per_floor":[73,73,78,80,80,80,80,80,80,80,80,74,51,57,57,0,0],"gold":103,"neow_bonus":"TRANSFORM_CARD","is_daily":false,"chose_seed":false,"campfire_upgraded":3,"win_rate":0.0,"timestamp":1609667760,"path_taken":["M","?","M","?","?","R","?","$","T","M","R","?","E","M","R","BOSS"],"items_purchased_type":["Card"],"build_version":"2020-12-22","purchased_purges":0,"victory":false,"max_hp_per_floor":[80,80,80,80,80,80,80,80,80,80,80,80,80,80,80,80,80],"card_choices":[{"not_picked":["Twin Strike","Shrug It Off"],"picked":"Heavy Blade","floor":1},{"not_picked":["Clothesline","Run Through"],"picked":"Shrug It Off","floor":3},{"not_picked":["Second Wind","Armaments"],"picked":"Headbutt","floor":4},{"not_picked":["Evolve","ReplayTheSpireMod:Corrosion Curse"],"picked":"Flex","floor":10},{"not_picked":["Evolve","Metallicize"],"picked":"Seeing Red","floor":12},{"not_picked":["ReplayTheSpireMod:Strike From Hell","Pommel Strike"],"picked":"Thunderclap","floor":13},{"not_picked":["Dark Embrace","Havoc"],"picked":"Eclipse","floor":14}],"player_experience":95816,"relics_obtained":[{"floor":9,"key":"Mercury Hourglass"},{"floor":13,"key":"Ancient Tea Set"}],"event_choices":[{"damage_healed":0,"gold_gain":0,"player_choice":"1 cards matched","damage_taken":0,"max_hp_gain":0,"max_hp_loss":0,"event_name":"Match and Keep!","floor":2,"gold_loss":0,"cards_obtained":["Double Tap"]}],"is_beta":false,"boss_relics":[],"items_purged_floors":[],"is_endless":false,"potions_floor_spawned":[3,12,13],"killed_by":"The Guardian","ascension_level":4}}