{"host":"xu0zbcebhy6w9mdv","time":1609647283,"event":{"mods":["AchievementEnabler","Act Like it!","Aspiration","BaseMod","Better Match","Better Third Choice","BetterRewards","Colored Powertips","Downfall","Duelist Mod","Friendly Minions","Gensokyo","Hallownest","Hubris","Infinite Spire","Marisa????????","Minty Spire (QoL Compilation)","Potionbrewer","Quick Restart","READ ME - Guardian Mod","READ ME - Snecko Mod","Rare Cards Sparkle","Replay The Spire","Shop Mod","StSLib","The Animator","The Blackbeard","The Bug Knight","The Cursed","The Hierophant","The Necromancer","The Runesmith","The Servant 0.9.4"],"gold_per_floor":[144,67,80,90,109,109,141,141,164,164,177,177,177,195,195,266,366,382,50,82,115,146,146,178,207,207,207,107,127,164,193,193,276,276,294,321,196,226,76,76,121,149,222,222,72,103,103,144,144,158,158],"floor_reached":50,"playtime":7187,"items_purged":["theDuelist:Blockman","theDuelist:AttackMetronome","theDuelist:AttackMetronome"],"score":1393,"play_id":"34303721-63e5-4cdf-8d7a-eb595a6dc371","local_time":"20210102231443","is_ascension_mode":true,"campfire_choices":[{"floor":6,"key":"REST"},{"floor":8,"key":"REST"},{"data":"theDuelist:OrbMetronome","floor":10,"key":"SMITH"},{"floor":15,"key":"REST"},{"floor":23,"key":"REST"},{"data":"theDuelist:MillenniumGolem","floor":27,"key":"SMITH"},{"floor":32,"key":"REST"},{"floor":40,"key":"REST"},{"floor":44,"key":"REST"},{"data":"theDuelist:DinosaurMetronome","floor":47,"key":"SMITH"},{"floor":49,"key":"REST"}],"circlet_count":0,"master_deck":["theDuelist:BlockMetronome","theDuelist:SpellcasterMetronome","theDuelist:OrbMetronome","theDuelist:BlockMetronome","theDuelist:UncommonAttackMetronome","theDuelist:Metronome","theDuelist:AttackMetronome","theDuelist:BlockMetronome","theDuelist:TrapMetronome","theDuelist:AttackMetronome","theDuelist:SkillMetronome","theDuelist:PowerMetronome","theDuelist:Metronome","AscendersBane","theDuelist:SkillMetronome","theDuelist:OrbMetronome+1","theDuelist:RareBlockMetronome","theDuelist:WeepingIdol","theDuelist:MillenniumGolem+1","theDuelist:DinosaurMetronome","theDuelist:DinosaurMetronome+1","theDuelist:DragonMetronome+1"],"relics":["theDuelist:MillenniumPuzzle","theDuelist:CardPoolRelic","theDuelist:CardPoolBasicRelic","theDuelist:BoosterPackPoolRelic","theDuelist:CardPoolAddRelic","theDuelist:CardPoolMinusRelic","theDuelist:CardPoolSaveRelic","theDuelist:CardPoolOptionsRelic","theDuelist:MerchantPendant","Medical Kit","hubris:CuriousFeather","Replay:Wax Seal","Toy Ornithopter","aspiration:ChemicalBlood","theDuelist:YugiMirror","Replay:Wanted Poster","Replay:Bandana","Blood Vial","Replay:Accelerometer","potionbrewer:SlideRule","aspiration:MobileForge","Pen Nib","Red Skull","theDuelist:BoosterBetterBoostersRelic","Toolbox","infinitespire:Bottled Soul"],"acts_visited":["Exordium","TheCity","TheBeyond"],"potions_floor_usage":[14,18,20,20,21,21,22,24,25,25,30,31,31,31,33,33,33,35,35,35,38,38,38,41,41,41,42,46,48,48,48,50],"damage_taken":[{"damage":0,"enemies":"Small Slimes","floor":1,"turns":3},{"damage":0,"enemies":"Jaw Worm","floor":3,"turns":2},{"damage":19,"enemies":"infinitespire:Voidling","floor":4,"turns":3},{"damage":23,"enemies":"Gremlin Gang","floor":5,"turns":3},{"damage":4,"enemies":"Lagavulin","floor":7,"turns":5},{"damage":16,"enemies":"Lots of Slimes","floor":11,"turns":3},{"damage":0,"enemies":"3 Louse","floor":14,"turns":2},{"damage":0,"enemies":"Slime Boss","floor":16,"turns":6},{"damage":1,"enemies":"Chosen","floor":18,"turns":6},{"damage":34,"enemies":"Spheric Guardian","floor":20,"turns":6},{"damage":19,"enemies":"Shelled Parasite and Fungi","floor":21,"turns":4},{"damage":12,"enemies":"Centurion and Healer","floor":22,"turns":5},{"damage":0,"enemies":"Snake Plant","floor":24,"turns":4},{"damage":20,"enemies":"Shelled Parasite and Fungi","floor":25,"turns":6},{"damage":13,"enemies":"Chosen and Byrds","floor":29,"turns":5},{"damage":0,"enemies":"theDuelist:KaibaA2","floor":30,"turns":4},{"damage":47,"enemies":"Cultist and Chosen","floor":31,"turns":6},{"damage":14,"enemies":"Champ","floor":33,"turns":8},{"damage":45,"enemies":"3 Darklings","floor":35,"turns":7},{"damage":18,"enemies":"3 Shapes","floor":36,"turns":5},{"damage":12,"enemies":"Spire Growth","floor":38,"turns":5},{"damage":39,"enemies":"R_Hoarder","floor":41,"turns":4},{"damage":10,"enemies":"3 Darklings","floor":42,"turns":3},{"damage":4,"enemies":"Writhing Mass","floor":46,"turns":5},{"damage":49,"enemies":"Nightmare","floor":48,"turns":8},{"damage":75,"enemies":"Donu and Deca","floor":50,"turns":6}],"seed_played":"-3895098570146185639","potions_obtained":[{"floor":5,"key":"theDuelist:FlamingBottle"},{"floor":11,"key":"Swift Potion"},{"floor":14,"key":"Energy Potion"},{"floor":14,"key":"theDuelist:LavaBottle"},{"floor":21,"key":"theDuelist:FireBottle"},{"floor":24,"key":"EssenceOfSteel"},{"floor":29,"key":"Ancient Potion"},{"floor":30,"key":"theDuelist:SummonFuryPotion"},{"floor":31,"key":"sneckomod:MuddlingPotion"},{"floor":33,"key":"potionbrewer:InfectionPotion"},{"floor":35,"key":"sneckomod:MuddlingPotion"},{"floor":36,"key":"theDuelist:CoolBottle"},{"floor":38,"key":"theDuelist:SealedPackB"},{"floor":41,"key":"theDuelist:TokenPotionB"},{"floor":46,"key":"theDuelist:SealedPack"},{"floor":50,"key":"potionbrewer:QuicksilverPotion"}],"is_trial":false,"path_per_floor":["M","$","M","M","M","R","E","R","T","R","M","?","?","M","R","B",null,"M","$","M","M","M","R","M","M","T","R","$","M","E","M","R","B",null,"M","M","$","M","$","R","E","M","T","R","$","M","R","NM","R","B"],"character_chosen":"THE_DUELIST","items_purchased":["theDuelist:MerchantPendant","Medical Kit","hubris:CuriousFeather","theDuelist:OrbMetronome","Replay:Wax Seal","Replay:Bandana","theDuelist:DestructPotionPotB","Pen Nib","Toolbox"],"campfire_rested":8,"item_purchase_floors":[0,0,0,0,2,19,19,39,45],"current_hp_per_floor":[63,63,63,49,26,47,43,64,64,64,48,48,40,45,66,66,69,69,69,45,38,33,54,61,53,53,53,53,42,49,19,40,43,63,35,19,19,24,24,45,37,34,34,58,58,61,61,29,53,0,0],"gold":158,"neow_bonus":"","is_daily":false,"chose_seed":false,"campfire_upgraded":3,"win_rate":0.0,"timestamp":1609647283,"path_taken":["M","$","M","M","M","R","E","R","T","R","M","?","?","M","R","BOSS","M","$","M","?","?","R","M","M","T","R","?","M","E","?","R","BOSS","M","?","$","M","?","R","E","M","T","R","$","M","R","NM","R","BOSS"],"items_purchased_type":["Relic","Relic","Relic","Card","Relic","Relic","Potion","Relic","Relic"],"build_version":"2020-12-22","purchased_purges":3,"victory":false,"max_hp_per_floor":[70,70,70,70,70,70,70,70,70,70,70,70,70,70,70,70,70,70,70,70,70,70,70,70,70,70,70,70,70,70,70,70,70,70,70,70,70,70,70,70,80,80,80,80,80,80,80,80,80,80,80],"card_choices":[{"not_picked":["theDuelist:UncommonMonsterMetronome","theDuelist:SpiderMetronome","theDuelist:ShiranuiMetronome","theDuelist:PowerMetronome","theDuelist:FiendMetronome"],"picked":"SKIP","floor":1},{"not_picked":["theDuelist:RockMetronome","theDuelist:RecklessMetronome","theDuelist:RareSkillMetronome","theDuelist:MonsterMetronome"],"picked":"theDuelist:SpellcasterMetronome","floor":3},{"not_picked":["theDuelist:GauntletWarrior","theDuelist:BigKoala","theDuelist:MagicCylinder","theDuelist:SolemnStrike"],"picked":"theDuelist:Blockman","floor":4},{"not_picked":["theDuelist:UncommonMetronome","theDuelist:MonsterMetronome","theDuelist:BlockMetronome","theDuelist:AttackTrapMetronome"],"picked":"theDuelist:RareBlockMetronome","floor":5},{"not_picked":["theDuelist:EvilswarmHeliotrope","theDuelist:GaiaMidNightSun","theDuelist:GauntletWarrior","theDuelist:ForbiddenLance","theDuelist:WormKing"],"picked":"SKIP","floor":7},{"not_picked":["theDuelist:VampireMetronome","theDuelist:UncommonMonsterMetronome","theDuelist:PotMetronome","theDuelist:NaturiaMetronome","theDuelist:CommonSpireMetronome"],"picked":"SKIP","floor":11},{"not_picked":["theDuelist:UndeadMetronome","theDuelist:UncommonMonsterMetronome","theDuelist:RareSkillMetronome","theDuelist:OverflowMetronome","theDuelist:MegatypeMetronome"],"picked":"SKIP","floor":14},{"not_picked":["theDuelist:WormKing","theDuelist:WormBarses","theDuelist:Blockman","theDuelist:SolemnStrike","theDuelist:YellowBelliedOni"],"picked":"SKIP","floor":18},{"not_picked":["theDuelist:GaiaMidNightSun","theDuelist:GauntletWarrior","theDuelist:MagicalStone","theDuelist:GreyGreedOni"],"picked":"theDuelist:WeepingIdol","floor":20},{"not_picked":["theDuelist:UncommonMonsterMetronome","theDuelist:PlantMetronome","theDuelist:MachineMonsterMetronome","theDuelist:FieldMetronome","theDuelist:OjamaMetronome"],"picked":"SKIP","floor":21},{"not_picked":["theDuelist:BattleguardKing","theDuelist:DestroyerGolem+1","theDuelist:FeatherPho","theDuelist:GemElephant","theDuelist:AttackTheMoon"],"picked":"SKIP","floor":22},{"not_picked":["theDuelist:DestroyerGolem","theDuelist:ClearKuriboh","theDuelist:GraniteLoyalist","theDuelist:BattleOx","theDuelist:WormWarlord+1"],"picked":"SKIP","floor":24},{"not_picked":["theDuelist:EvilswarmHeliotrope+1","theDuelist:ClearKuriboh","theDuelist:FuryFire","theDuelist:ForbiddenLance"],"picked":"theDuelist:MillenniumGolem","floor":25},{"not_picked":["theDuelist:ShiranuiMetronome+1","theDuelist:MachineMonsterMetronome","theDuelist:LabyrinthNightmareMetronome","theDuelist:DeskbotMetronome"],"picked":"theDuelist:DinosaurMetronome","floor":29},{"not_picked":["theDuelist:UndeadMetronome+1","theDuelist:UncommonMonsterMetronome","theDuelist:RecklessMetronome","theDuelist:MegatypeMetronome","theDuelist:ArcaneMonsterMetronome"],"picked":"SKIP","floor":30},{"not_picked":["theDuelist:RockMetronome","theDuelist:RarePowerMetronome","theDuelist:MagnetMetronome","theDuelist:LegendBlueEyesMetronome+1"],"picked":"theDuelist:DinosaurMetronome","floor":31},{"not_picked":["theDuelist:BattleguardKing","theDuelist:GreyGreedOni+1","theDuelist:Blockman+1","theDuelist:SolemnStrike","theDuelist:YellowBelliedOni"],"picked":"SKIP","floor":35},{"not_picked":["theDuelist:UncommonSpireMetronome","theDuelist:PelagicMetronome","theDuelist:MaliciousMetronome","theDuelist:DeskbotMetronome+1"],"picked":"theDuelist:DragonMetronome+1","floor":36},{"not_picked":["theDuelist:FuryFire","theDuelist:Sangan","theDuelist:BigKoala","theDuelist:GemElephant","theDuelist:Jinzo+1"],"picked":"SKIP","floor":38},{"not_picked":["theDuelist:GaiaMidNightSun","theDuelist:WormApocalypse","theDuelist:Blockman","theDuelist:Raigeki","theDuelist:YellowBelliedOni"],"picked":"SKIP","floor":41},{"not_picked":["theDuelist:WarriorMetronome","theDuelist:UndeadMetronome","theDuelist:UncommonMetronome","theDuelist:TokenMetronome","theDuelist:CombatMetronome"],"picked":"SKIP","floor":42},{"not_picked":["theDuelist:BattleOx","theDuelist:AttackTheMoon","theDuelist:FeatherPho","theDuelist:ScrapFactory","theDuelist:FuryFire"],"picked":"SKIP","floor":46},{"not_picked":["theDuelist:SkillMetronome","theDuelist:PelagicMetronome+1","theDuelist:MayakashiMetronome","theDuelist:MachineMetronome","theDuelist:CyberMetronome"],"picked":"SKIP","floor":48}],"player_experience":524632,"relics_obtained":[{"floor":7,"key":"Toy Ornithopter"},{"floor":9,"key":"aspiration:ChemicalBlood"},{"floor":26,"key":"Replay:Accelerometer"},{"floor":30,"key":"potionbrewer:SlideRule"},{"floor":41,"key":"Red Skull"},{"floor":43,"key":"theDuelist:BoosterBetterBoostersRelic"},{"floor":48,"key":"infinitespire:Bottled Soul"}],"event_choices":[{"damage_healed":0,"gold_gain":0,"player_choice":"Dig - random Duelist relic","duelist":true,"damage_taken":0,"max_hp_gain":0,"max_hp_loss":0,"event_name":"Aknamkanon\u0027s Tomb","floor":13,"gold_loss":0}],"is_beta":false,"boss_relics":[{"not_picked":["Tiny House","Empty Cage"],"picked":"Replay:Wanted Poster"},{"not_picked":["infinitespire:Burning Sword","Busted Crown"],"picked":"aspiration:MobileForge"}],"items_purged_floors":[19,28,37],"is_endless":false,"potions_floor_spawned":[5,11,14,16,21,24,29,30,31,33,35,36,38,41,46],"killed_by":"Donu and Deca","ascension_level":15}}