{"host":"f3hht8mkjlux7n9k","time":1609703051,"event":{"mods":["Aspiration","BaseMod","Colored Map","Colored Powertips","Custom Start","DeckTracker","Highlight Path","Hubris","Infinite Spire","Minty Spire (QoL Compilation)","Quick Restart","Random Character Button","Relic Sorter","Replay The Spire","StSLib","Synergy Search","The Jungle"],"gold_per_floor":[119,154,174,174,174,205,241,272,334,360,372,459,471,515,527,643,655,680,705,747,759,871,883,925,937,1030,1070,1092,1118,1148,1160,1172,1283,1345,1377,1399,1422,1434,1464,1515,1527,1574,1586,1598,1610,1610],"floor_reached":45,"playtime":5659,"items_purged":["Toxin Wave","Toxin Wave"],"score":1075,"play_id":"4c484d6d-2e48-4a0a-91b4-e7be167d5302","local_time":"20210103144411","daily_mods":["Uncertain Future"],"is_ascension_mode":true,"campfire_choices":[{"data":"1","floor":11,"key":"LIFT"},{"data":"2","floor":13,"key":"LIFT"},{"data":"3","floor":15,"key":"LIFT"},{"data":"Adrenaline","floor":23,"key":"SMITH"},{"data":"Atom Bomb","floor":25,"key":"SMITH"},{"data":"infinitespire:Oblivion","floor":32,"key":"SMITH"},{"data":"Noxious Fumes","floor":41,"key":"SMITH"}],"circlet_count":0,"master_deck":["ReplayTheSpireMod:Chaos Vortex","ReplayTheSpireMod:Chaos Vortex","Finesse","HandOfGreed","Finesse","ReplayTheSpireMod:Brewmster","ReplayTheSpireMod:Brewmster","ReplayTheSpireMod:Brewmster","Fluid Movement","Noxious Fumes","Noxious Fumes","Noxious Fumes+1","Venomology","Adrenaline+1","Venomology","Deadly Poison","Deadly Poison","Escape Plan","Deflect","Blur","Deflect","Deflect","Atom Bomb+1","Bane+1","Poisoned Stab","Neutralize","Poisoned Stab","Poisoned Stab","Shame","infinitespire:Oblivion+1","FIFO Queue+1"],"relics":["Ring of the Snake","TwistedFunnel","The Specimen","Snake Skull","Replay:Rubber Ducky","aspiration:DefectSkillbook","Bird Faced Urn","SacredBark","aspiration:VileToxins","Potion Belt","hubris:CuriousFeather","infinitespire:Bottled Soul","aspiration:MysteriousAuxiliaryCore","InkBottle","Happy Flower","Bottled Tornado","Girya","Oddly Smooth Stone","Toy Ornithopter","CloakClasp","hubris:EmptyBottle","Sizzling Blood","Blood Vial","infinitespire:PuzzleCube","Centennial Puzzle","MawBank","Odd Mushroom","ReplayTheSpireMod:Lightbulb","theJungle:SneckoAutograph","hubris:GlazedTorus","Question Card","hubris:SlimyHat","Tiny House","infinitespire:FocusingShard","infinitespire:Midas Blood","Replay:Bottled Steam","Basket Of Snakes"],"acts_visited":["Exordium","Exordium","TheBeyond"],"potions_floor_usage":[2,3,3,6,6,6,7,7,7,8,14,14,14,14,16,16,16,16,16,16,16,16,16,16,18,18,19,20,20,24,24,24,24,27,27,27,27,27,27,28,30,30,33,33,33,33,33,33,33,33,35,35,35,36,37,37,37,37,37,39,39,39,40,40,40,42,42,42,42],"damage_taken":[{"damage":0,"enemies":"2 Louse","floor":1,"turns":2},{"damage":0,"enemies":"Small Slimes","floor":2,"turns":2},{"damage":0,"enemies":"Jaw Worm","floor":3,"turns":2},{"damage":0,"enemies":"3 Sentries","floor":6,"turns":4},{"damage":0,"enemies":"The Mushroom Lair","floor":7,"turns":2},{"damage":0,"enemies":"Lots of Slimes","floor":8,"turns":1},{"damage":0,"enemies":"3 Louse","floor":10,"turns":2},{"damage":0,"enemies":"Lagavulin","floor":14,"turns":1},{"damage":0,"enemies":"Slime Boss","floor":16,"turns":3},{"damage":12,"enemies":"Shell Parasite","floor":18,"turns":1},{"damage":0,"enemies":"theJungle:MUSHROOMGANG","floor":19,"turns":3},{"damage":0,"enemies":"theJungle:2_Snecko_Cultists","floor":20,"turns":1},{"damage":12,"enemies":"Nightmare","floor":24,"turns":2},{"damage":0,"enemies":"theJungle:Cassacara","floor":27,"turns":3},{"damage":0,"enemies":"theJungle:Lyon","floor":28,"turns":2},{"damage":0,"enemies":"theJungle:SlimyTreeVines","floor":29,"turns":3},{"damage":0,"enemies":"theJungle:JungleHuntersEncounter","floor":30,"turns":3},{"damage":0,"enemies":"theJungle:TotemBoss","floor":33,"turns":4},{"damage":0,"enemies":"3 Darklings","floor":35,"turns":2},{"damage":0,"enemies":"3 Shapes","floor":36,"turns":3},{"damage":0,"enemies":"Writhing Mass","floor":37,"turns":1},{"damage":0,"enemies":"3 Darklings","floor":39,"turns":3},{"damage":0,"enemies":"Reptomancer","floor":40,"turns":4},{"damage":0,"enemies":"Nightmare","floor":42,"turns":5}],"seed_played":"1653837904250562131","potions_obtained":[{"floor":1,"key":"Milkshake"},{"floor":3,"key":"PowerPotion"},{"floor":7,"key":"Energy Potion"},{"floor":8,"key":"LiquidBronze"},{"floor":10,"key":"LifebloodPotion"},{"floor":19,"key":"Adrenaline Potion"},{"floor":28,"key":"Toxic Potion"},{"floor":33,"key":"Dexterity Potion"},{"floor":34,"key":"Explosive Potion"},{"floor":37,"key":"Regen Potion"},{"floor":39,"key":"EssenceOfSteel"}],"is_trial":true,"path_per_floor":["M","M","M","$","?","E","?","M","T","M","R","?","R","E","R","B",null,"M","M","M","?","?","R","NM","R","T","E","M","M","M","AVR","R","B",null,"M","M","M","?","M","E","R","NM","T","AVR","R"],"character_chosen":"THE_SILENT","items_purchased":[],"campfire_rested":0,"item_purchase_floors":[],"current_hp_per_floor":[74,74,74,74,74,74,74,74,74,74,74,63,63,74,74,74,74,71,74,74,74,74,74,74,74,74,74,74,74,74,74,74,74,79,79,79,79,82,82,82,82,82,82,82,82,82],"gold":1610,"neow_bonus":"","is_daily":false,"chose_seed":false,"campfire_upgraded":4,"win_rate":0.0,"timestamp":1609703051,"path_taken":["M","M","M","$","?","E","?","M","T","M","R","?","R","E","R","BOSS","M","M","M","?","?","R","NM","R","T","E","M","M","?","AVR","R","BOSS","M","M","M","?","M","E","R","NM","T","AVR","R"],"items_purchased_type":[],"build_version":"2020-12-22","purchased_purges":2,"victory":false,"max_hp_per_floor":[74,74,74,74,74,74,74,74,74,74,74,74,74,74,74,74,74,74,74,74,74,74,74,74,74,74,74,74,74,74,74,74,74,79,79,79,79,82,82,82,82,82,82,82,82,82],"card_choices":[{"not_picked":["Hidden Blade","BootSequence","Prepared","Tempest"],"picked":"SKIP","floor":1},{"not_picked":["Terror","Turbo","Masterful Stab","Go for the Eyes"],"picked":"SKIP","floor":2},{"not_picked":["Panic Button","Acrobatics","Deflect","Redo"],"picked":"SKIP","floor":3},{"not_picked":["Consume","Tactician","All Out Attack","Bane"],"picked":"SKIP","floor":6},{"not_picked":["Poisoned Stab","Hologram","Stack","Leap"],"picked":"SKIP","floor":8},{"not_picked":["Crippling Poison","Prepared","Flying Knee","Steam Power"],"picked":"SKIP","floor":10},{"not_picked":["Blizzard","Deadly Poison","Time Bomb","Cloak And Dagger"],"picked":"SKIP","floor":14},{"not_picked":["Skim","ReplayTheSpireMod:Scrap Shanks","Stack","ReplayTheSpireMod:Shiv Toss"],"picked":"SKIP","floor":18},{"not_picked":["Leg Sweep","Coolheaded","Backflip","Flying Knee"],"picked":"SKIP","floor":19},{"not_picked":["Hidden Blade","Beam Cell+1","Acrobatics","Consume"],"picked":"SKIP","floor":20},{"not_picked":["Choke","Streamline","Blizzard","PiercingWail+1"],"picked":"SKIP","floor":24},{"not_picked":["Outmaneuver","Double Energy","Atom Bomb","Prepared","Time Bomb"],"picked":"SKIP","floor":27},{"not_picked":["Skim","Self Repair","Ball Lightning","Steam","Cold Snap"],"picked":"SKIP","floor":28},{"not_picked":["Poisoned Stab","BasicCrystalCard","Skim","Dagger Spray+1","Tools of the Trade"],"picked":"SKIP","floor":29},{"not_picked":["Calculated Gamble","Dagger Spray+1","ReplayTheSpireMod:System Scan","Barrage","Coolheaded+1"],"picked":"SKIP","floor":30},{"not_picked":["Backflip","Beam Cell","Streamline+1","Aggregate+1","Steam+1"],"picked":"SKIP","floor":35},{"not_picked":["Backstab","Panic Button","Sweeping Beam","Prepared+1","Underhanded Strike+1"],"picked":"SKIP","floor":36},{"not_picked":["Coolheaded+1","Outmaneuver","Barrage+1","Cloak And Dagger+1","Conserve Battery"],"picked":"SKIP","floor":37},{"not_picked":["ReplayTheSpireMod:Shiv Toss","Flying Knee+1","ReplaySolidLightProjector+1","Streamline"],"picked":"FIFO Queue+1","floor":39},{"not_picked":["Sucker Punch","hubris:SlightOfHand","Fusion+1","Storm+1","Doppelganger"],"picked":"SKIP","floor":40},{"not_picked":["Prepared","PiercingWail+1","Scrape","FIFO Queue","Deflect"],"picked":"SKIP","floor":42}],"player_experience":465081,"relics_obtained":[{"floor":6,"key":"MawBank"},{"floor":7,"key":"Odd Mushroom"},{"floor":9,"key":"ReplayTheSpireMod:Lightbulb"},{"floor":24,"key":"hubris:GlazedTorus"},{"floor":26,"key":"Question Card"},{"floor":27,"key":"hubris:SlimyHat"},{"floor":40,"key":"infinitespire:FocusingShard"},{"floor":42,"key":"infinitespire:Midas Blood"},{"floor":43,"key":"Replay:Bottled Steam"}],"event_choices":[{"damage_healed":0,"gold_gain":0,"player_choice":"Fought Mushrooms","damage_taken":0,"max_hp_gain":0,"max_hp_loss":0,"event_name":"Mushrooms","floor":7,"gold_loss":0},{"damage_healed":0,"gold_gain":75,"player_choice":"Gather Gold","damage_taken":11,"max_hp_gain":0,"max_hp_loss":0,"event_name":"World of Goop","floor":12,"gold_loss":0},{"damage_healed":0,"gold_gain":100,"player_choice":"Pray","damage_taken":0,"max_hp_gain":0,"max_hp_loss":0,"event_name":"Golden Shrine","floor":22,"gold_loss":0}],"is_beta":false,"boss_relics":[{"not_picked":["hubris:Stopwatch","aspiration:RitualDagger","hubris:GrandSneckoEye"]},{"not_picked":["hubris:VirtuousBlindfold","Replay:Fungal Core"],"picked":"Tiny House"}],"items_purged_floors":[31,44],"is_endless":false,"potions_floor_spawned":[1,3,7,8,10,19,28,29,33,37,39],"ascension_level":5}}