{"host":"xwqwvmlzre68xjvm","time":1609659456,"event":{"mods":["AchievementEnabler","BaseMod","Colored Map","Colored Powertips","Hermit","Marisa£¨Ùöéë¡¡Øª×âÞÞ£©","Minty Spire (QoL Compilation)","Replay The Spire","StSLib","SuperFastMode","The Bug Knight","The Cursed","The Hierophant","The Runesmith"],"gold_per_floor":[115,115,131,406,94,119,119],"floor_reached":6,"playtime":257,"items_purged":["Regret"],"score":46,"play_id":"cef09f07-983f-4014-a650-b02569ab3b9d","local_time":"20210103163736","is_ascension_mode":true,"campfire_choices":[],"circlet_count":0,"master_deck":["Strike_R","Strike_R","Strike_R","Strike_R","Strike_R","Defend_R","Defend_R","Defend_R","Defend_R","Bash","AlicesGift","Flash of Steel","AsteroidBelt"],"relics":["Burning Blood","Orichalcum","WingedGreaves","Boot","HollowMod:PaleOreRelic"],"acts_visited":["Exordium"],"potions_floor_usage":[],"damage_taken":[{"damage":0,"enemies":"Small Slimes","floor":1,"turns":3},{"damage":8,"enemies":"Cultist","floor":3,"turns":5},{"damage":6,"enemies":"Gremlin Nob","floor":6,"turns":5}],"seed_played":"-5295903802619947744","potions_obtained":[{"floor":3,"key":"Languid Potion"}],"is_trial":false,"path_per_floor":["M","?","M","?","$","E"],"character_chosen":"IRONCLAD","items_purchased":["Flash of Steel","Boot"],"campfire_rested":0,"item_purchase_floors":[5,5],"current_hp_per_floor":[80,80,78,78,78,78,78],"gold":119,"neow_bonus":"RANDOM_COMMON_RELIC","is_daily":false,"chose_seed":false,"campfire_upgraded":0,"win_rate":0.0,"timestamp":1609659456,"path_taken":["M","?","?","?","?","E"],"items_purchased_type":["Card","Relic"],"build_version":"2020-12-22","purchased_purges":1,"victory":false,"max_hp_per_floor":[80,80,80,80,80,80,80],"card_choices":[{"not_picked":["HollowMod:HowlingWraiths","HollowMod:SoulVessel"],"picked":"Sword Boomerang","floor":1},{"not_picked":["hermit:FullyLoaded","hermit:BodyArmor"],"picked":"AlicesGift","floor":3},{"not_picked":["HollowMod:CycloneSlash","NonDirectionalLaser"],"picked":"AsteroidBelt","floor":6}],"player_experience":43240,"relics_obtained":[{"floor":6,"key":"HollowMod:PaleOreRelic"}],"event_choices":[{"cards_removed":["Sword Boomerang"],"damage_healed":0,"gold_gain":0,"player_choice":"Gave Card","damage_taken":0,"relics_obtained":["WingedGreaves"],"max_hp_gain":0,"max_hp_loss":0,"event_name":"WeMeetAgain","floor":2,"gold_loss":0},{"damage_healed":0,"gold_gain":275,"player_choice":"Desecrate","damage_taken":0,"max_hp_gain":0,"max_hp_loss":0,"event_name":"Golden Shrine","floor":4,"gold_loss":0,"cards_obtained":["Regret"]}],"is_beta":false,"boss_relics":[],"items_purged_floors":[5],"is_endless":false,"potions_floor_spawned":[3],"killed_by":"Gremlin Nob","ascension_level":1}}