{"host":"sav7uxregyirlf69","time":1609640082,"event":{"mods":["AchievementEnabler","BaseMod","Colored Map","DeckTracker","Keyboard Shortcuts","Minty Spire (QoL Compilation)","READ ME - Guardian Mod","StSLib","SuperFastMode"],"gold_per_floor":[362,362,380,169,169,169,202,202,202,202,214,214,114,129,129,203,203,216,233,233,252,252,252,278,278,278,278,312,312,312,332,332,332,332],"floor_reached":33,"playtime":505,"items_purged":["Strike_B","Strike_B"],"score":562,"play_id":"6aa481d0-72bd-40ef-a2f0-af4e43a748dd","local_time":"20210103111442","is_ascension_mode":true,"campfire_choices":[{"data":"Sunder","floor":6,"key":"SMITH"},{"floor":10,"key":"REST"},{"data":"Recycle","floor":12,"key":"SMITH"},{"data":"Go for the Eyes","floor":15,"key":"SMITH"},{"floor":23,"key":"REST"},{"floor":25,"key":"REST"},{"data":"Coolheaded","floor":27,"key":"SMITH"},{"floor":32,"key":"REST"}],"circlet_count":0,"master_deck":["AscendersBane","Defend_B","Defend_B","Defend_B","Zap","Dualcast","Streamline","Sunder+1","Self Repair","Recycle+1","Leap","Go for the Eyes+1","Electrodynamics","All For One+1","Force Field+1","Aggregate+1","Coolheaded+1","Ball Lightning","Undo","Core Surge"],"relics":["Cracked Core","Nunchaku","Bronze Scales","Astrolabe","Singing Bowl","Mercury Hourglass","Sundial"],"acts_visited":["Exordium","TheCity"],"potions_floor_usage":[16,21,24,33],"damage_taken":[{"damage":14,"enemies":"2 Louse","floor":1,"turns":2},{"damage":4,"enemies":"Jaw Worm","floor":3,"turns":3},{"damage":20,"enemies":"3 Sentries","floor":7,"turns":6},{"damage":0,"enemies":"Small Slimes","floor":11,"turns":2},{"damage":3,"enemies":"Blue Slaver","floor":14,"turns":3},{"damage":2,"enemies":"The Guardian","floor":16,"turns":9},{"damage":30,"enemies":"Shell Parasite","floor":18,"turns":5},{"damage":15,"enemies":"Spheric Guardian","floor":19,"turns":4},{"damage":4,"enemies":"Snecko","floor":21,"turns":4},{"damage":25,"enemies":"Slavers","floor":24,"turns":3},{"damage":33,"enemies":"Book of Stabbing","floor":28,"turns":5},{"damage":31,"enemies":"Snake Plant","floor":31,"turns":4},{"damage":49,"enemies":"Automaton","floor":33,"turns":6}],"seed_played":"3425851300155286203","potions_obtained":[{"floor":11,"key":"DistilledChaos"},{"floor":18,"key":"AttackPotion"},{"floor":31,"key":"PotionOfCapacity"}],"is_trial":false,"path_per_floor":["M","?","M","$","?","R","E","?","T","R","M","R","$","M","R","B",null,"M","M","?","M","?","R","E","R","T","R","E","?","?","M","R","B"],"character_chosen":"DEFECT","items_purchased":["Self Repair","SkillPotion"],"campfire_rested":4,"item_purchase_floors":[4,4],"current_hp_per_floor":[50,15,11,11,32,32,19,19,19,38,38,38,38,42,42,47,60,37,29,20,23,23,42,24,43,43,43,19,19,32,10,30,0,0],"gold":332,"neow_bonus":"TWO_FIFTY_GOLD","is_daily":false,"chose_seed":false,"campfire_upgraded":4,"win_rate":0.0,"timestamp":1609640082,"path_taken":["M","?","M","$","?","R","E","?","T","R","M","R","?","?","R","BOSS","M","M","?","?","?","R","E","R","T","R","E","?","?","M","R","BOSS"],"items_purchased_type":["Card","Potion"],"build_version":"2020-12-22","purchased_purges":2,"victory":false,"max_hp_per_floor":[64,64,64,64,64,64,64,64,64,64,64,64,64,64,64,64,64,64,64,64,64,64,64,64,64,64,64,66,66,66,68,68,68,68],"card_choices":[{"not_picked":["Go for the Eyes","Static Discharge"],"picked":"Streamline","floor":1},{"not_picked":["Sweeping Beam","Leap"],"picked":"Sunder","floor":3},{"not_picked":["Capacitor","Self Repair"],"picked":"Recycle","floor":7},{"not_picked":["Aggregate","Barrage"],"picked":"Leap","floor":11},{"not_picked":["Rebound","Coolheaded"],"picked":"Go for the Eyes","floor":14},{"not_picked":["Biased Cognition","Thunder Strike"],"picked":"Electrodynamics","floor":16},{"not_picked":["White Noise","Compile Driver"],"picked":"Coolheaded","floor":18},{"not_picked":["Leap","Hologram"],"picked":"Ball Lightning","floor":19},{"not_picked":["Force Field","Streamline"],"picked":"Undo","floor":21},{"not_picked":["Hologram","Ball Lightning"],"picked":"Core Surge","floor":24},{"not_picked":["Amplify","Scrape","Ball Lightning"],"picked":"Singing Bowl","floor":28},{"not_picked":["Tempest","Streamline","Rebound"],"picked":"Singing Bowl","floor":31}],"player_experience":1113881,"relics_obtained":[{"floor":7,"key":"Bronze Scales"},{"floor":24,"key":"Singing Bowl"},{"floor":26,"key":"Mercury Hourglass"},{"floor":28,"key":"Sundial"}],"event_choices":[{"damage_healed":0,"gold_gain":0,"player_choice":"Success","damage_taken":35,"relics_obtained":["Nunchaku"],"max_hp_gain":0,"max_hp_loss":0,"event_name":"Scrap Ooze","floor":2,"gold_loss":0},{"damage_healed":21,"gold_gain":0,"player_choice":"Banana","damage_taken":0,"max_hp_gain":0,"max_hp_loss":0,"event_name":"Big Fish","floor":5,"gold_loss":0},{"damage_healed":0,"gold_gain":0,"player_choice":"Ignored","damage_taken":0,"max_hp_gain":0,"max_hp_loss":0,"event_name":"Shining Light","floor":8,"gold_loss":0},{"damage_healed":0,"gold_gain":0,"player_choice":"Damaged","damage_taken":9,"max_hp_gain":0,"max_hp_loss":0,"event_name":"Wheel of Change","floor":20,"gold_loss":0},{"damage_healed":0,"gold_gain":0,"player_choice":"Ignored","damage_taken":0,"max_hp_gain":0,"max_hp_loss":0,"event_name":"Vampires","floor":22,"gold_loss":0},{"damage_healed":0,"gold_gain":0,"player_choice":"Ignored","damage_taken":0,"max_hp_gain":0,"max_hp_loss":0,"event_name":"The Mausoleum","floor":29,"gold_loss":0},{"damage_healed":13,"gold_gain":0,"player_choice":"Heal","damage_taken":0,"max_hp_gain":0,"max_hp_loss":0,"event_name":"The Library","floor":30,"gold_loss":0}],"is_beta":false,"boss_relics":[{"not_picked":["Black Star","Fusion Hammer"],"picked":"Astrolabe"}],"items_purged_floors":[4,13],"is_endless":false,"potions_floor_spawned":[11,14,18,19,31],"killed_by":"Automaton","ascension_level":20}}