{"host":"15dd7v8o90xso62x","time":1609633709,"event":{"mods":["BaseMod","Minty Spire (QoL Compilation)","Quick Restart","StSLib","SuperFastMode"],"gold_per_floor":[11,29,48,48,64,64,82,98,152,179,28,47,47,82,82,161,161,171,71,71,90,118,149,168,168,194,194,206,239,252,268,268,339,339,357,357,50,62,72,107,126,137,164,14,24,24,70,70,70,70,70,70,70,13,40,40],"floor_reached":57,"playtime":2851,"items_purged":["Strike_R","Armaments","Hemokinesis","Bash"],"score":2706,"play_id":"f7f3c390-630b-40dd-b1c7-bbde55e2c37b","local_time":"20210103092829","is_ascension_mode":true,"campfire_choices":[{"data":"Apotheosis","floor":6.0,"key":"SMITH"},{"data":"Feel No Pain","floor":13.0,"key":"SMITH"},{"data":"Pommel Strike","floor":15.0,"key":"SMITH"},{"data":"Fire Breathing","floor":27.0,"key":"SMITH"},{"floor":32.0,"key":"REST"},{"floor":46,"key":"REST"},{"floor":49,"key":"RECALL"},{"floor":53,"key":"REST"}],"circlet_count":0,"master_deck":["AscendersBane","Apotheosis+1","Power Through","Pommel Strike+1","Flame Barrier","Spot Weakness","Body Slam","Feel No Pain+1","Carnage","Offering","Evolve","Ghostly Armor","Power Through","Fire Breathing+1","Shrug It Off","Shrug It Off","Entrench","Sentinel","Second Wind","Barricade","Madness","Master of Strategy"],"relics":["Burning Blood","Bronze Scales","Odd Mushroom","Gremlin Horn","Pandora\u0027s Box","Red Mask","Pear","Potion Belt","Bag of Marbles","Dream Catcher","Busted Crown","Art of War","Calipers","Strawberry"],"acts_visited":["Exordium","TheCity","TheBeyond","TheEnding"],"potions_floor_usage":[39,39,47,50,56],"damage_taken":[{"damage":16.0,"enemies":"Small Slimes","floor":1.0,"turns":4.0},{"damage":0.0,"enemies":"Cultist","floor":2.0,"turns":3.0},{"damage":4.0,"enemies":"Jaw Worm","floor":3.0,"turns":4.0},{"damage":0.0,"enemies":"3 Louse","floor":5.0,"turns":1.0},{"damage":4.0,"enemies":"2 Fungi Beasts","floor":7.0,"turns":3.0},{"damage":3.0,"enemies":"Blue Slaver","floor":8.0,"turns":5.0},{"damage":24.0,"enemies":"The Mushroom Lair","floor":10.0,"turns":4.0},{"damage":10.0,"enemies":"Gremlin Gang","floor":12.0,"turns":5.0},{"damage":22.0,"enemies":"Gremlin Nob","floor":14.0,"turns":4.0},{"damage":37.0,"enemies":"Hexaghost","floor":16.0,"turns":9.0},{"damage":6.0,"enemies":"Spheric Guardian","floor":18.0,"turns":4.0},{"damage":23.0,"enemies":"Shell Parasite","floor":21.0,"turns":4.0},{"damage":9.0,"enemies":"Masked Bandits","floor":22.0,"turns":3.0},{"damage":15.0,"enemies":"Slavers","floor":23.0,"turns":3.0},{"damage":1.0,"enemies":"Centurion and Healer","floor":24.0,"turns":8.0},{"damage":15.0,"enemies":"Snecko","floor":28.0,"turns":6.0},{"damage":12.0,"enemies":"Book of Stabbing","floor":29.0,"turns":5.0},{"damage":8.0,"enemies":"Snake Plant","floor":30.0,"turns":2.0},{"damage":13.0,"enemies":"3 Cultists","floor":31.0,"turns":4.0},{"damage":35.0,"enemies":"Automaton","floor":33.0,"turns":10.0},{"damage":12.0,"enemies":"Orb Walker","floor":35.0,"turns":4.0},{"damage":6,"enemies":"3 Shapes","floor":38,"turns":3},{"damage":21,"enemies":"Jaw Worm Horde","floor":39,"turns":4},{"damage":6,"enemies":"Giant Head","floor":40,"turns":8},{"damage":4,"enemies":"3 Darklings","floor":41,"turns":5},{"damage":6,"enemies":"Sphere and 2 Shapes","floor":42,"turns":4},{"damage":6,"enemies":"Jaw Worm Horde","floor":45,"turns":4},{"damage":12,"enemies":"2 Orb Walkers","floor":47,"turns":4},{"damage":23,"enemies":"Time Eater","floor":50,"turns":11},{"damage":26,"enemies":"Donu and Deca","floor":51,"turns":6},{"damage":35,"enemies":"Shield and Spear","floor":55,"turns":5},{"damage":29,"enemies":"The Heart","floor":56,"turns":8}],"seed_played":"-3494229582585803079","potions_obtained":[{"floor":1.0,"key":"Explosive Potion"},{"floor":4.0,"key":"Fruit Juice"},{"floor":4.0,"key":"Block Potion"},{"floor":5.0,"key":"Swift Potion"},{"floor":7.0,"key":"Strength Potion"},{"floor":10.0,"key":"Block Potion"},{"floor":14.0,"key":"BlessingOfTheForge"},{"floor":16.0,"key":"SteroidPotion"},{"floor":23.0,"key":"Fire Potion"},{"floor":24.0,"key":"ColorlessPotion"},{"floor":28.0,"key":"SpeedPotion"},{"floor":29.0,"key":"Explosive Potion"},{"floor":30.0,"key":"Weak Potion"},{"floor":38,"key":"EssenceOfSteel"},{"floor":40,"key":"Energy Potion"},{"floor":41,"key":"ColorlessPotion"}],"is_trial":false,"path_per_floor":["M","M","M","?","M","R","M","M","T","?","$","M","R","E","R","B",null,"M","$","?","M","?","E","M","T","T","R","M","E","M","M","R","B",null,"M","?","$","M","M","E","M","M","T","$","M","R","?","?","R","B","B",null,"R","$","E","B",null],"character_chosen":"IRONCLAD","items_purchased":["Carnage","Master of Strategy","SkillPotion"],"campfire_rested":3,"item_purchase_floors":[11,37,54],"current_hp_per_floor":[58,64,66,71,77,77,79,80,80,62,62,58,58,42,42,11,63,63,63,63,46,43,44,49,49,49,49,40,34,32,25,52,23,73,67,57,57,57,42,42,44,44,44,44,44,71,65,65,65,48,28,75,90,90,68,45],"gold":40,"neow_bonus":"RANDOM_COLORLESS_2","is_daily":false,"chose_seed":false,"campfire_upgraded":4,"win_rate":0.0,"timestamp":1609633709,"path_taken":["M","M","M","?","?","R","M","M","T","?","?","M","R","E","R","BOSS","M","$","?","M","?","E","M","?","T","R","?","E","M","M","R","BOSS","M","?","$","M","M","E","M","M","T","$","M","R","?","?","R","BOSS","BOSS","R","$","E","BOSS"],"items_purchased_type":["Card","Card","Potion"],"build_version":"2020-12-22","purchased_purges":4,"victory":true,"max_hp_per_floor":[75,75,75,80,80,80,80,80,80,80,80,80,80,80,80,80,80,80,80,80,80,80,90,90,90,90,90,90,90,90,90,90,90,90,90,90,90,90,90,90,90,90,90,90,90,90,90,90,90,90,90,90,90,90,97,97],"card_choices":[{"not_picked":["Metamorphosis","Chrysalis"],"picked":"Apotheosis","floor":0.0},{"not_picked":["Blood for Blood","Pommel Strike"],"picked":"Uppercut","floor":1.0},{"not_picked":["Clothesline","Body Slam"],"picked":"Power Through","floor":2.0},{"not_picked":["Clash","Armaments"],"picked":"Pommel Strike","floor":3.0},{"not_picked":["Intimidate","Body Slam"],"picked":"Flame Barrier","floor":5.0},{"not_picked":["Seeing Red","Thunderclap"],"picked":"Spot Weakness","floor":7.0},{"not_picked":["Cleave","Clash"],"picked":"Body Slam","floor":8.0},{"not_picked":["Power Through","Rampage"],"picked":"Feel No Pain","floor":10.0},{"not_picked":["Havoc","Bloodletting","True Grit"],"picked":"SKIP","floor":12.0},{"not_picked":["Cleave","Anger","Entrench"],"picked":"SKIP","floor":14.0},{"not_picked":["Demon Form","Berserk"],"picked":"Offering","floor":16.0},{"not_picked":["Headbutt","Uppercut+1"],"picked":"Shrug It Off","floor":18.0},{"not_picked":["Havoc","Shrug It Off","Rupture"],"picked":"SKIP","floor":21.0},{"not_picked":["Armaments","Reckless Charge","Body Slam"],"picked":"SKIP","floor":23.0},{"not_picked":["Metallicize","Clash+1","Feel No Pain"],"picked":"SKIP","floor":24.0},{"not_picked":["Blood for Blood","Juggernaut","Perfected Strike"],"picked":"SKIP","floor":28.0},{"not_picked":["Flex","Flame Barrier","Uppercut"],"picked":"SKIP","floor":29.0},{"not_picked":["Body Slam+1","Cleave"],"picked":"Sentinel","floor":30.0},{"not_picked":["Pommel Strike","Heavy Blade"],"picked":"Second Wind","floor":31.0},{"not_picked":["Juggernaut","Feed"],"picked":"Barricade","floor":33.0},{"not_picked":["Flex"],"picked":"SKIP","floor":35.0},{"not_picked":[],"picked":"Madness","floor":36.0},{"not_picked":["Dual Wield+1"],"picked":"SKIP","floor":38},{"not_picked":["Sentinel+1"],"picked":"SKIP","floor":39},{"not_picked":["Uppercut"],"picked":"SKIP","floor":40},{"not_picked":["Sword Boomerang"],"picked":"SKIP","floor":41},{"not_picked":["Flame Barrier"],"picked":"SKIP","floor":42},{"not_picked":["Anger"],"picked":"SKIP","floor":45},{"not_picked":["Perfected Strike+1"],"picked":"SKIP","floor":55}],"player_experience":991773,"relics_obtained":[{"floor":9.0,"key":"Bronze Scales"},{"floor":10.0,"key":"Odd Mushroom"},{"floor":14.0,"key":"Gremlin Horn"},{"floor":22.0,"key":"Red Mask"},{"floor":23.0,"key":"Pear"},{"floor":25.0,"key":"Potion Belt"},{"floor":26.0,"key":"Bag of Marbles"},{"floor":29.0,"key":"Dream Catcher"},{"floor":40,"key":"Art of War"},{"floor":47,"key":"Calipers"},{"floor":55,"key":"Strawberry"}],"event_choices":[{"damage_healed":0.0,"max_hp_gain":0.0,"max_hp_loss":0.0,"gold_gain":0.0,"event_name":"Lab","player_choice":"Got Potions","floor":4.0,"gold_loss":0.0,"damage_taken":0.0},{"damage_healed":0.0,"max_hp_gain":0.0,"max_hp_loss":0.0,"gold_gain":0.0,"event_name":"Mushrooms","player_choice":"Fought Mushrooms","floor":10.0,"gold_loss":0.0,"damage_taken":0.0},{"damage_healed":0.0,"max_hp_gain":0.0,"max_hp_loss":0.0,"gold_gain":0.0,"cards_transformed":["Infernal Blade","Infernal Blade"],"event_name":"Drug Dealer","player_choice":"Became Test Subject","floor":20.0,"gold_loss":0.0,"damage_taken":0.0,"cards_obtained":["Entrench","Hemokinesis"]},{"damage_healed":0.0,"max_hp_gain":0.0,"max_hp_loss":0.0,"gold_gain":0.0,"event_name":"Masked Bandits","player_choice":"Fought Bandits","floor":22.0,"gold_loss":0.0,"damage_taken":0.0},{"damage_healed":0.0,"max_hp_gain":0.0,"max_hp_loss":0.0,"gold_gain":0.0,"event_name":"SensoryStone","player_choice":"Memory 3","floor":36.0,"gold_loss":0.0,"damage_taken":10.0},{"damage_healed":0,"gold_gain":0,"player_choice":"Fight","damage_taken":0,"max_hp_gain":0,"max_hp_loss":0,"event_name":"Mysterious Sphere","floor":47,"gold_loss":0},{"cards_removed":["Uppercut"],"damage_healed":0,"gold_gain":0,"player_choice":"Removed Attack","damage_taken":0,"max_hp_gain":0,"max_hp_loss":0,"event_name":"Falling","floor":48,"gold_loss":0}],"is_beta":false,"boss_relics":[{"not_picked":["Black Blood","Sozu"],"picked":"Pandora\u0027s Box"},{"not_picked":["Runic Cube","Runic Dome"],"picked":"Busted Crown"}],"items_purged_floors":[11,19,37,44],"is_endless":false,"potions_floor_spawned":[1,5,7,10,14,16,23,24,28,29,30,38,40,41],"ascension_level":20}}