{"host":"56ghxnzsglgdq727","time":1609663659,"event":{"mods":["AchievementEnabler","BaseMod","Downfall","Minty Spire (QoL Compilation)","StSLib"],"gold_per_floor":[99,134,134,584,584,689,769,769,831,831],"floor_reached":9,"playtime":181,"items_purged":[],"score":60,"play_id":"94413c0a-11a8-45ed-873a-dffd744ef77e","local_time":"20210103034739","is_ascension_mode":true,"campfire_choices":[{"data":"sneckomod:GlitteringGambit","floor":1,"key":"SMITH"}],"circlet_count":0,"master_deck":["sneckomod:Strike","sneckomod:Strike","sneckomod:Strike","sneckomod:Defend","sneckomod:Defend","sneckomod:Defend","sneckomod:TailWhip","sneckomod:SnekBite","sneckomod:Unknown","sneckomod:Unknown","sneckomod:GlitteringGambit+1","sneckomod:UnknownX","Slimebound:Icky","Slimebound:Icky","Slimebound:Icky","sneckomod:SoulRoll"],"relics":["sneckomod:SneckoSoul","StoneCalendar","Boot","Blue Candle","Mummified Hand"],"acts_visited":["Exordium"],"potions_floor_usage":[],"damage_taken":[{"damage":0,"enemies":"2 Louse","floor":2,"turns":3},{"damage":41,"enemies":"3 Sentries","floor":6,"turns":7},{"damage":6,"enemies":"Gremlin Nob","floor":9,"turns":3}],"seed_played":"-1023770465457030806","potions_obtained":[],"is_trial":false,"path_per_floor":["R","M","?","?","?","E","T","?","E"],"character_chosen":"THE_SNECKO","items_purchased":[],"campfire_rested":0,"item_purchase_floors":[],"current_hp_per_floor":[63,64,64,64,61,20,20,20,14,14],"gold":831,"neow_bonus":"THREE_RARE_CARDS","is_daily":false,"chose_seed":false,"campfire_upgraded":1,"win_rate":0.0,"timestamp":1609663659,"path_taken":["R","M","?","?","?","E","T","?","E"],"items_purchased_type":[],"build_version":"2020-12-22","purchased_purges":0,"victory":false,"max_hp_per_floor":[90,91,91,91,91,91,91,91,91,91],"card_choices":[{"not_picked":["sneckomod:Mudshield","sneckomod:Restock"],"picked":"sneckomod:GlitteringGambit","floor":0},{"not_picked":["sneckomod:Nope","sneckomod:UnknownUncommonPower"],"picked":"sneckomod:UnknownX","floor":2},{"not_picked":["sneckomod:UnknownWeak","sneckomod:MixItUp"],"picked":"sneckomod:SoulRoll","floor":6}],"player_experience":105784,"relics_obtained":[{"floor":6,"key":"Blue Candle"},{"floor":7,"key":"Mummified Hand"}],"event_choices":[{"damage_healed":0,"gold_gain":0,"player_choice":"Box","damage_taken":0,"relics_obtained":["StoneCalendar"],"max_hp_gain":0,"max_hp_loss":0,"event_name":"Big Fish","floor":3,"gold_loss":0,"cards_obtained":["Regret"]},{"damage_healed":0,"gold_gain":0,"player_choice":"Success","damage_taken":3,"relics_obtained":["Boot"],"max_hp_gain":0,"max_hp_loss":0,"event_name":"Scrap Ooze","floor":5,"gold_loss":0},{"cards_removed":["Regret"],"damage_healed":0,"gold_gain":0,"player_choice":"Card Removal","damage_taken":0,"max_hp_gain":0,"max_hp_loss":0,"event_name":"The Cleric","floor":8,"gold_loss":0}],"is_beta":false,"boss_relics":[],"items_purged_floors":[],"is_endless":false,"potions_floor_spawned":[],"killed_by":"Gremlin Nob","ascension_level":1}}