{"host":"wghdsg8ym2wc7ov9","time":1609639840,"event":{"mods":["AchievementEnabler","Astrologer","BaseMod","Beaked The Cultist","Better Altar","Better Note","Colored Map","Hermit","Highlight Path","Jorbs\u0027s Wanderer Trilogy","KinomotoSakuraMod(????)","Minty Spire (QoL Compilation)","Random Character Button","Relic Stats","SIMod","Shop Mod","StSLib","The Blackbeard","The Bladedancer","The Construct","The Cursed","The Death Knight","The Gatherer","The Hierophant","The Marked","The Mystic","The Necromancer","The Runesmith","The Senshi","The Servant 0.9.4"],"gold_per_floor":[111,111,129,140,140,140,171,171,171,15,54,75,75,103,103,212,212,235,254,278,278,296,296,320,354,429,23,23,51,60,81,81,81,81],"floor_reached":33,"playtime":3998,"items_purged":[],"score":277,"play_id":"e3202af1-9d7d-4256-b80a-dd54def91b55","local_time":"20210102181040","is_ascension_mode":false,"campfire_choices":[{"data":"theMarked:ComboAttacks","floor":6,"key":"SMITH"},{"floor":8,"key":"REST"},{"data":"theMarked:BanishingStrike","floor":15,"key":"SMITH"},{"floor":23,"key":"REST"},{"floor":28,"key":"REST"},{"floor":32,"key":"REST"}],"circlet_count":0,"master_deck":["theMarked:Strike","theMarked:Strike","theMarked:Strike","theMarked:Strike","theMarked:Defend","theMarked:Defend","theMarked:Defend","theMarked:Defend","theMarked:SoldierOfQuellstein","theMarked:ElementalBlade","theMarked:ParalyzingBlade","theMarked:ResourceFulStrike","theMarked:ComboAttacks+1","theMarked:PowerFlow","theMarked:Overcharge","theMarked:SwordAndMagic","theMarked:BanishingStrike+1","theMarked:Challenge","theMarked:CreepingChasm","theMarked:RepellingDischarge","Swift Strike","theMarked:ThrowWeapon","theMarked:Frustration","theMarked:ElementalBlade","theMarked:ElectricStrings","theMarked:MuscleMemory","theMarked:Improvise"],"relics":["theMarked:ArtifactOfAir","Mercury Hourglass","PreservedInsect","Strange Spoon","CeramicFish","Busted Crown","Toy Ornithopter","Sundial","MerchantsRug","theSenshi:FeatherClipsRelic"],"acts_visited":["Exordium","TheCity"],"potions_floor_usage":[16,16,25,25,33],"damage_taken":[{"damage":5,"enemies":"Jaw Worm","floor":1,"turns":4},{"damage":2,"enemies":"2 Louse","floor":3,"turns":2},{"damage":4,"enemies":"Cultist","floor":4,"turns":3},{"damage":37,"enemies":"3 Sentries","floor":7,"turns":7},{"damage":15,"enemies":"Gremlin Nob","floor":11,"turns":3},{"damage":1,"enemies":"2 Fungi Beasts","floor":12,"turns":2},{"damage":0,"enemies":"Looter","floor":14,"turns":3},{"damage":39,"enemies":"Hexaghost","floor":16,"turns":7},{"damage":17,"enemies":"2 Thieves","floor":18,"turns":3},{"damage":21,"enemies":"Shell Parasite","floor":19,"turns":5},{"damage":6,"enemies":"Centurion and Healer","floor":20,"turns":3},{"damage":23,"enemies":"Shelled Parasite and Fungi","floor":24,"turns":4},{"damage":11,"enemies":"Slavers","floor":25,"turns":4},{"damage":5,"enemies":"3 Cultists","floor":29,"turns":4},{"damage":20,"enemies":"Centurion and Healer","floor":31,"turns":4},{"damage":69,"enemies":"Automaton","floor":33,"turns":6}],"seed_played":"7025919470424916760","potions_obtained":[{"floor":1,"key":"GamblersBrew"},{"floor":3,"key":"construct:ShiftPotion"},{"floor":11,"key":"LiquidMemories"},{"floor":12,"key":"SteroidPotion"},{"floor":18,"key":"SmokeBomb"},{"floor":20,"key":"Block Potion"},{"floor":24,"key":"SteroidPotion"}],"is_trial":false,"path_per_floor":["M","?","M","M","?","R","E","R","T","$","E","M","?","M","R","B",null,"M","M","M","?","?","R","M","E","T","$","R","M","?","M","R","B"],"character_chosen":"THE_DEFAULT","items_purchased":["Strange Spoon","MerchantsRug","theSenshi:FeatherClipsRelic"],"campfire_rested":4,"item_purchase_floors":[10,27,27],"current_hp_per_floor":[72,72,70,66,71,71,34,58,58,58,43,42,82,82,82,43,82,65,44,38,38,38,62,39,28,28,28,52,53,53,39,63,0,0],"gold":81,"neow_bonus":"TEN_PERCENT_HP_BONUS","is_daily":false,"chose_seed":false,"campfire_upgraded":2,"win_rate":0.0,"timestamp":1609639840,"path_taken":["M","?","M","M","?","R","E","R","T","$","E","M","?","?","R","BOSS","M","M","M","?","?","R","M","E","T","$","R","?","?","M","R","BOSS"],"items_purchased_type":["Relic","Relic","Relic"],"build_version":"2020-12-22","purchased_purges":0,"victory":false,"max_hp_per_floor":[77,77,77,77,82,82,82,82,82,82,82,82,82,82,82,82,82,82,82,82,82,82,82,82,82,82,82,82,82,82,82,82,82,82],"relic_stats":{"Strange Spoon":[21],"Busted Crown":14,"counters":[16,63],"Sundial":[0],"CeramicFish":126,"PreservedInsect":62,"obtain_stats":[{"theMarked:ArtifactOfAir":0,"Strange Spoon":10,"MerchantsRug":27,"Busted Crown":17,"Sundial":26,"CeramicFish":11,"PreservedInsect":9,"theSenshi:FeatherClipsRelic":27,"Toy Ornithopter":25,"Mercury Hourglass":7},{"theMarked:ArtifactOfAir":0,"Strange Spoon":4,"MerchantsRug":13,"Busted Crown":8,"Sundial":13,"CeramicFish":5,"PreservedInsect":4,"theSenshi:FeatherClipsRelic":13,"Toy Ornithopter":13,"Mercury Hourglass":4},{"theMarked:ArtifactOfAir":0,"Strange Spoon":16,"MerchantsRug":49,"Busted Crown":31,"Sundial":49,"CeramicFish":19,"PreservedInsect":16,"theSenshi:FeatherClipsRelic":49,"Toy Ornithopter":49,"Mercury Hourglass":16}],"Toy Ornithopter":5,"Mercury Hourglass":[194]},"card_choices":[{"not_picked":["theMarked:GodGivenPower","theMarked:ElectricStrings"],"picked":"theMarked:ElementalBlade","floor":1},{"not_picked":["theMarked:Standoff","theMarked:SwordAndMagic"],"picked":"theMarked:ResourceFulStrike","floor":3},{"not_picked":["theMarked:WardOff","theMarked:StartUp"],"picked":"theMarked:ComboAttacks","floor":4},{"not_picked":["theMarked:EnhanceMovement","theMarked:BanishingWave"],"picked":"theMarked:PowerFlow","floor":7},{"not_picked":["theMarked:EnhanceMovement","theMarked:Opportunist"],"picked":"theMarked:Overcharge","floor":11},{"not_picked":["theMarked:RepellingDischarge","theMarked:TakeCover"],"picked":"theMarked:SwordAndMagic","floor":12},{"not_picked":["theMarked:WastefulAttack","theMarked:LightningStrikesTwice"],"picked":"theMarked:BanishingStrike","floor":14},{"not_picked":["theMarked:Defy","theMarked:SoldierForm"],"picked":"theMarked:Challenge","floor":16},{"not_picked":[],"picked":"theMarked:CreepingChasm","floor":18},{"not_picked":[],"picked":"theMarked:RepellingDischarge","floor":19},{"not_picked":[],"picked":"theMarked:Electrify","floor":20},{"not_picked":[],"picked":"theMarked:Frustration","floor":24},{"not_picked":[],"picked":"theMarked:ElementalBlade","floor":25},{"not_picked":[],"picked":"theMarked:ElectricStrings","floor":29},{"not_picked":[],"picked":"theMarked:Improvise","floor":31}],"player_experience":585315,"relics_obtained":[{"floor":7,"key":"Mercury Hourglass"},{"floor":9,"key":"PreservedInsect"},{"floor":11,"key":"CeramicFish"},{"floor":25,"key":"Toy Ornithopter"},{"floor":26,"key":"Sundial"}],"event_choices":[{"damage_healed":0,"gold_gain":0,"cards_transformed":["theMarked:Strike"],"player_choice":"Change","damage_taken":0,"max_hp_gain":0,"max_hp_loss":0,"event_name":"Living Wall","floor":2,"gold_loss":0,"cards_obtained":["theMarked:ParalyzingBlade"]},{"damage_healed":0,"gold_gain":0,"player_choice":"Donut","damage_taken":0,"max_hp_gain":5,"max_hp_loss":0,"event_name":"Big Fish","floor":5,"gold_loss":0},{"damage_healed":40,"gold_gain":0,"player_choice":"Full Heal","damage_taken":0,"max_hp_gain":0,"max_hp_loss":0,"event_name":"Wheel of Change","floor":13,"gold_loss":0},{"damage_healed":0,"gold_gain":0,"player_choice":"Bought 0 Potions","damage_taken":0,"max_hp_gain":0,"max_hp_loss":0,"event_name":"The Woman in Blue","floor":21,"gold_loss":0},{"damage_healed":0,"gold_gain":0,"player_choice":"2 cards matched","damage_taken":0,"max_hp_gain":0,"max_hp_loss":0,"event_name":"Match and Keep!","floor":22,"gold_loss":0,"cards_obtained":["Swift Strike","theMarked:ThrowWeapon"]},{"damage_healed":0,"gold_gain":0,"cards_transformed":["theMarked:Electrify"],"player_choice":"Transformed","damage_taken":0,"max_hp_gain":0,"max_hp_loss":0,"event_name":"Transmorgrifier","floor":30,"gold_loss":0,"cards_obtained":["theMarked:MuscleMemory"]}],"is_beta":false,"boss_relics":[{"not_picked":["construct:WeddingRing","Coffee Dripper"],"picked":"Busted Crown"}],"items_purged_floors":[],"is_endless":false,"potions_floor_spawned":[1,3,11,12,18,20,24],"killed_by":"Automaton","ascension_level":0}}