{"host":"b4oqa93y40rb9616","time":1609706791,"event":{"mods":["BaseMod","Colored Map","Custom Start","DeckTracker","Downfall","Keyboard Shortcuts","Minty Spire (QoL Compilation)","Permanent Neow","Quick Restart","READ ME - Guardian Mod","StSLib","SuperFastMode","everything is the same but u backflip on backflip"],"gold_per_floor":[99,109,124,8,28,40,40,69,82,95,95,95,95,113,125,125,125,125],"floor_reached":16,"playtime":604,"items_purged":["Slimebound:Strike_Slimebound"],"score":156,"play_id":"f0f01e60-1cb1-49e6-a8d7-d1f2d5683933","local_time":"20210104054631","is_ascension_mode":false,"campfire_choices":[{"data":"Slimebound:MassFeed","floor":1.0,"key":"SMITH"},{"floor":11,"key":"REST"},{"data":"Slimebound:Split","floor":13,"key":"SMITH"}],"circlet_count":0,"master_deck":["Slimebound:Tackle","Slimebound:Defend_Slimebound","Slimebound:Defend_Slimebound","Slimebound:Defend_Slimebound","Slimebound:Defend_Slimebound+1","Slimebound:Split+1","Slimebound:CorrosiveSpit","Slimebound:RallyTheTroops","Slimebound:MassFeed+1","Slimebound:SplitMire+1","Slimebound:DivideAndConquer","Slimebound:AcidTongue","Slimebound:SplitAcid","Slimebound:GoopTackle","Slimebound:SplitAcid","Slimebound:LeechingTouch+1","Slimebound:Schlurp","Regret","Slimebound:Nibble","Slimebound:DisruptingSlam"],"relics":["Slimebound:AbsorbEndCombat","Kunai"],"acts_visited":["Exordium"],"potions_floor_usage":[5,9,16,16,16],"damage_taken":[{"damage":8.0,"enemies":"2 Louse","floor":2.0,"turns":2.0},{"damage":4.0,"enemies":"Small Slimes","floor":3.0,"turns":3.0},{"damage":13.0,"enemies":"downfall:FleeingMerchant","floor":4.0,"turns":4.0},{"damage":8,"enemies":"Jaw Worm","floor":5,"turns":2},{"damage":23,"enemies":"Exordium Thugs","floor":6,"turns":3},{"damage":58,"enemies":"Gremlin Nob","floor":8,"turns":4},{"damage":16,"enemies":"Red Slaver","floor":9,"turns":3},{"damage":4,"enemies":"3 Louse","floor":10,"turns":1},{"damage":21,"enemies":"Large Slime","floor":14,"turns":3},{"damage":26,"enemies":"Red Slaver","floor":15,"turns":3},{"damage":73,"enemies":"downfall:Defect","floor":16,"turns":5}],"seed_played":"9081623698710249337","potions_obtained":[{"floor":2.0,"key":"champ:CounterPotion"},{"floor":3.0,"key":"Guardian:BlockOnCardUsePotion"},{"floor":6,"key":"SpeedPotion"},{"floor":9,"key":"FearPotion"},{"floor":10,"key":"Block Potion"},{"floor":15,"key":"Regen Potion"}],"is_trial":false,"path_per_floor":["R","M","M","$","M","M","T","E","M","M","R","?","R","M","M","B"],"character_chosen":"SLIMEBOUND","items_purchased":["Slimebound:SplitAcid"],"campfire_rested":1,"item_purchase_floors":[4],"current_hp_per_floor":[54,50,60,61,66,59,59,21,17,29,54,54,54,55,51,0,0,0],"gold":125,"neow_bonus":"TRANSFORM_TWO_CARDS","is_daily":false,"chose_seed":false,"campfire_upgraded":2,"win_rate":0.0,"timestamp":1609706791,"path_taken":["R","M","M","$","M","M","T","E","M","M","R","?","R","M","M","BOSS"],"items_purchased_type":["Card"],"build_version":"2020-12-22","purchased_purges":1,"victory":false,"max_hp_per_floor":[54,58,62,62,66,70,70,74,74,86,86,86,86,86,90,90,90,90],"card_choices":[{"not_picked":["Slimebound:ItLooksTasty","Slimebound:SplitAcid"],"picked":"Slimebound:SplitMire","floor":2.0},{"not_picked":["Slimebound:RejuvenatingLick","Slimebound:Grow"],"picked":"Slimebound:DivideAndConquer","floor":3.0},{"not_picked":["Slimebound:Grow","Slimebound:BestDefense"],"picked":"Slimebound:AcidTongue","floor":4.0},{"not_picked":["Slimebound:GoopSpray","Slimebound:DisruptingSlam"],"picked":"Slimebound:GoopTackle","floor":5},{"not_picked":["Slimebound:MegaLick","Slimebound:FlameTackle"],"picked":"Slimebound:SplitAcid","floor":6},{"not_picked":["Slimebound:CheckThePlaybook","Slimebound:FinishingTackle"],"picked":"Slimebound:LeechingTouch","floor":8},{"not_picked":["Slimebound:LeadByExample","Slimebound:DivideAndConquer"],"picked":"Slimebound:Schlurp","floor":9},{"not_picked":["Slimebound:SplitAcid","Slimebound:PressTheAttack","Slimebound:GrowthPunch"],"picked":"SKIP","floor":10},{"not_picked":["Slimebound:SplitBruiser","Slimebound:GoopSpray"],"picked":"Slimebound:Nibble","floor":14},{"not_picked":["Slimebound:DivideAndConquer","Slimebound:ViciousTackle"],"picked":"Slimebound:DisruptingSlam","floor":15}],"player_experience":427770,"relics_obtained":[{"floor":8,"key":"Kunai"}],"event_choices":[],"is_beta":false,"boss_relics":[],"items_purged_floors":[4],"is_endless":false,"potions_floor_spawned":[2,3,6,9,10,15],"killed_by":"downfall:Defect","ascension_level":0}}