{"host":"lzpp66udqthct9jv","time":1609633054,"event":{"mods":["Act Like it!","BaseMod","Better-Laid Plans","Chen","Emptier Cage","Gensokyo","Highlight Path","Koishi","Marisa£®ÏF”Í°°ƒß¿Ì…≥£©","Minty Spire (QoL Compilation)","Pale of the Ancients","Quick Restart","Reimu£®≤©¿ˆ¡È√Œ£©","Remilia£®¿Ÿ√◊¿Ú—«£©","Shop Mod","StSLib","The Administrix","The Servant 0.9.4","Yakumo Yukari mod","Youmu£®ªÍ∆«—˝√Œ£©","Yuyuko","ÛÙª÷∏ƒœ"],"gold_per_floor":[116,41,41,41,41,72,72,98,98,111,111,129,163,163,163,259,259,273,287,537,554,554,554,581,581,581,607,607,957,641,673,673,777,777,796,123,630,892,1056,1086,162,195,195,223,242,242,242,252,252,252,252,252,2,34,34],"floor_reached":56,"playtime":2857,"items_purged":["Strike_G","Defend_G","Defend_G"],"score":1714,"play_id":"2053c5cb-3b13-495a-bb52-ba1841e9443d","local_time":"20210103081734","is_ascension_mode":true,"campfire_choices":[{"data":"Neutralize","floor":7.0,"key":"SMITH"},{"data":"Footwork","floor":11.0,"key":"SMITH"},{"data":"Pain","floor":15.0,"key":"PURGE"},{"data":"Writhe","floor":23.0,"key":"PURGE"},{"floor":28.0,"key":"REST"},{"floor":32,"key":"REST"},{"floor":46,"key":"RECALL"},{"data":"Strike_G","floor":49,"key":"PURGE"},{"data":"Strike_G","floor":52,"key":"PURGE"}],"circlet_count":0,"master_deck":["Defend_G","Defend_G","Defend_G","Survivor","Neutralize+1","Deadly Poison+1","Footwork+1","Malaise","Die Die Die","Crippling Poison","Phantasmal Killer","Infinite Blades","Blur","Footwork","Adrenaline","Night Terror","Acrobatics+1","Gensokyo:TurboGranny","Reflex+1","Prepared+1","Catalyst","Well Laid Plans","Apotheosis","Corpse Explosion","Blur+1","Well Laid Plans","Backflip"],"relics":["Ring of the Serpent","NeowsBlessing","Gensokyo:OccultBall","Singing Bowl","Boot","Mercury Hourglass","Peace Pipe","Gensokyo:LunaticRedEyes","Fusion Hammer","Regal Pillow","Gensokyo:MosesMiracle","Turnip","Toy Ornithopter","ClockworkSouvenir","White Beast Statue","Medical Kit","OrangePellets","Strawberry","CrazyTorch:ReiMu","Lantern","PureWhite:ReiMu","Orrery","Bottled Lightning","HornCleat","InkBottle"],"acts_visited":["Gensokyo:Gensokyo","Gensokyo:Gensokyoer","Gensokyo:Gensokyoest","TheEnding"],"potions_floor_usage":[33,38,55,55,55],"damage_taken":[{"damage":0.0,"enemies":"Gensokyo:Gryphon","floor":1.0,"turns":1.0},{"damage":0.0,"enemies":"Gensokyo:Aya","floor":6.0,"turns":1.0},{"damage":0.0,"enemies":"Gensokyo:Mamizou","floor":8.0,"turns":3.0},{"damage":0.0,"enemies":"Gensokyo:Python","floor":10.0,"turns":2.0},{"damage":0.0,"enemies":"Gensokyo:2_Kodama","floor":12.0,"turns":3.0},{"damage":0.0,"enemies":"Gensokyo:Aya","floor":13.0,"turns":6.0},{"damage":12.0,"enemies":"Gensokyo:Kokoro","floor":16.0,"turns":9.0},{"damage":0.0,"enemies":"Gensokyo:3_Dogs","floor":18.0,"turns":3.0},{"damage":0.0,"enemies":"Gensokyo:2_Gloops","floor":19.0,"turns":5.0},{"damage":0.0,"enemies":"Gensokyo:Swordslinger","floor":21.0,"turns":3.0},{"damage":6.0,"enemies":"Gensokyo:Reisen","floor":24.0,"turns":8.0},{"damage":38.0,"enemies":"Gensokyo:Tenshi","floor":27.0,"turns":8.0},{"damage":34.0,"enemies":"Gensokyo:Wraith","floor":29.0,"turns":4.0},{"damage":5.0,"enemies":"Gensokyo:Reisen","floor":31.0,"turns":6.0},{"damage":11,"enemies":"Gensokyo:Kaguya","floor":33,"turns":13},{"damage":0,"enemies":"Gensokyo:AncientGuardian","floor":35,"turns":5},{"damage":39,"enemies":"Gensokyo:3_Bats","floor":37,"turns":4},{"damage":22,"enemies":"Gensokyo:AtlasGolem","floor":38,"turns":10},{"damage":3,"enemies":"Gensokyo:Dusk_and_Dawn","floor":39,"turns":6},{"damage":15,"enemies":"Gensokyo:Doremy","floor":40,"turns":5},{"damage":6,"enemies":"Gensokyo:Marisa","floor":42,"turns":6},{"damage":18,"enemies":"Gensokyo:Kasen","floor":44,"turns":5},{"damage":0,"enemies":"Gensokyo:4_Bats","floor":45,"turns":2},{"damage":0,"enemies":"Gensokyo:AtlasGolem","floor":48,"turns":4},{"damage":0,"enemies":"Gensokyo:Scarlet_Devils","floor":50,"turns":7},{"damage":0,"enemies":"Shield and Spear","floor":54,"turns":5},{"damage":0,"enemies":"The Heart","floor":55,"turns":15}],"seed_played":"3106784873483169166","potions_obtained":[{"floor":6.0,"key":"LiquidBronze"},{"floor":8.0,"key":"Dexterity Potion"},{"floor":12.0,"key":"Weak Potion"},{"floor":16.0,"key":"Swift Potion"},{"floor":33,"key":"PowerPotion"},{"floor":35,"key":"Strength Potion"},{"floor":38,"key":"Fruit Juice"},{"floor":39,"key":"ZuzhouPotion:ReiMu"},{"floor":44,"key":"EssenceOfSteel"},{"floor":54,"key":"Dexterity Potion"}],"is_trial":false,"path_per_floor":["M","$","?","?","?","E","R","E","T","M","R","M","E","?","R","B",null,"M","M","?","M","?","R","E","?","T","E","R","M","R","E","R","B",null,"M","COS","M","M","M","E","R","E","T","E","M","R","T","M","R","B",null,"R","$","E","B",null],"character_chosen":"THE_SILENT","items_purchased":["ClockworkSouvenir","Footwork","Catalyst","Well Laid Plans","Lantern","PureWhite:ReiMu","Apotheosis","Orrery","Well Laid Plans","Strength Potion"],"campfire_rested":2,"item_purchase_floors":[30,30,41,41,41,41,41,41,53,53],"current_hp_per_floor":[70,70,70,70,70,72,72,74,74,74,74,76,76,76,76,64,76,78,78,74,76,76,76,70,70,70,32,69,35,35,30,67,61,76,76,76,39,34,33,18,24,100,100,84,84,84,84,86,86,86,104,104,104,104,104],"gold":34,"neow_bonus":"THREE_ENEMY_KILL","is_daily":false,"chose_seed":false,"campfire_upgraded":2,"win_rate":0.0,"timestamp":1609633054,"path_taken":["M","$","?","?","?","E","R","E","T","?","R","M","E","?","R","BOSS","M","M","?","?","?","R","E","?","T","E","R","?","R","E","R","BOSS","M","COS","M","?","?","E","R","E","T","E","M","R","?","?","R","BOSS","R","$","E","BOSS"],"items_purchased_type":["Relic","Card","Card","Card","Relic","Relic","Card","Relic","Card","Potion"],"build_version":"2020-12-22","purchased_purges":3,"victory":true,"max_hp_per_floor":[70,70,70,70,70,72,72,74,74,74,74,76,76,76,76,76,76,78,78,74,76,76,76,76,76,76,76,76,76,76,76,76,76,76,76,76,78,90,92,92,98,100,100,102,102,102,102,104,104,104,104,104,104,104,104],"card_choices":[{"not_picked":["Finisher","Backflip"],"picked":"Deadly Poison","floor":1.0},{"not_picked":["Deadly Poison","Quick Slash","Dodge and Roll"],"picked":"Singing Bowl","floor":6.0},{"not_picked":["Endless Agony","Deadly Poison","Predator"],"picked":"Singing Bowl","floor":8.0},{"not_picked":["Distraction","Dagger Spray"],"picked":"Footwork","floor":10.0},{"not_picked":["Dagger Throw","Slice","Concentrate"],"picked":"Singing Bowl","floor":12.0},{"not_picked":["Distraction","Leg Sweep"],"picked":"Malaise","floor":13.0},{"not_picked":["Doppelganger","Glass Knife"],"picked":"Die Die Die","floor":16.0},{"not_picked":["Underhanded Strike","Quick Slash+1","Dodge and Roll"],"picked":"Singing Bowl","floor":18.0},{"not_picked":["Accuracy","Flechettes"],"picked":"Crippling Poison","floor":19.0},{"not_picked":["Slice","Blade Dance","Dodge and Roll"],"picked":"Singing Bowl","floor":21.0},{"not_picked":["Underhanded Strike","Dagger Throw"],"picked":"Phantasmal Killer","floor":24.0},{"not_picked":["Expertise+1","Distraction"],"picked":"Infinite Blades","floor":27.0},{"not_picked":["Underhanded Strike","Flying Knee+1"],"picked":"Blur","floor":29.0},{"not_picked":["Setup","Outmaneuver+1"],"picked":"Adrenaline","floor":31.0},{"not_picked":["Envenom","Grand Finale"],"picked":"Night Terror","floor":33},{"not_picked":["Deflect","Prepared"],"picked":"Acrobatics+1","floor":35},{"not_picked":["Slice","Crippling Poison","Deadly Poison+1"],"picked":"Singing Bowl","floor":37},{"not_picked":["Distraction","Blade Dance+1"],"picked":"Reflex+1","floor":38},{"not_picked":["Dagger Spray","Deadly Poison+1","Dagger Throw+1"],"picked":"Singing Bowl","floor":39},{"not_picked":["Outmaneuver+1","Eviscerate+1"],"picked":"Prepared+1","floor":40},{"not_picked":["Underhanded Strike+1","Heel Hook"],"picked":"Corpse Explosion","floor":41},{"not_picked":["Sucker Punch","Blade Dance+1","Flying Knee+1"],"picked":"Singing Bowl","floor":41},{"not_picked":["Envenom","Prepared","Acrobatics"],"picked":"Singing Bowl","floor":41},{"not_picked":["Blade Dance","Skewer","Caltrops"],"picked":"Singing Bowl","floor":41},{"not_picked":["Outmaneuver","Prepared","PiercingWail+1"],"picked":"Singing Bowl","floor":42},{"not_picked":["Infinite Blades","Bouncing Flask","Bane"],"picked":"Singing Bowl","floor":44},{"not_picked":["Deflect+1","Caltrops"],"picked":"Blur+1","floor":45},{"not_picked":["Outmaneuver","Poisoned Stab+1","Infinite Blades+1"],"picked":"Singing Bowl","floor":48},{"not_picked":["Slice","Venomology"],"picked":"Backflip","floor":54}],"player_experience":1813352,"relics_obtained":[{"floor":6.0,"key":"Singing Bowl"},{"floor":8.0,"key":"Boot"},{"floor":9.0,"key":"Mercury Hourglass"},{"floor":13.0,"key":"Peace Pipe"},{"floor":16.0,"key":"Gensokyo:OccultBall"},{"floor":18.0,"key":"Gensokyo:OccultBall"},{"floor":24.0,"key":"Regal Pillow"},{"floor":26.0,"key":"Turnip"},{"floor":27.0,"key":"Toy Ornithopter"},{"floor":31.0,"key":"Gensokyo:OccultBall"},{"floor":31.0,"key":"Gensokyo:MosesMiracle"},{"floor":31.0,"key":"White Beast Statue"},{"floor":33,"key":"Gensokyo:OccultBall"},{"floor":37,"key":"Gensokyo:OccultBall"},{"floor":40,"key":"CrazyTorch:ReiMu"},{"floor":42,"key":"Bottled Lightning"},{"floor":44,"key":"HornCleat"},{"floor":47,"key":"InkBottle"}],"event_choices":[],"is_beta":false,"boss_relics":[{"not_picked":["Runic Dome","SlaversCollar"],"picked":"Fusion Hammer"},{"not_picked":["Cursed Key","Sozu"],"picked":"Ring of the Serpent"}],"items_purged_floors":[2,30,53],"is_endless":false,"potions_floor_spawned":[6,8,12,16,21,33,35,37,38,39,40,42,44,45,48,54],"ascension_level":1}}