{"host":"64h6jdpsiwrne03s","time":1609664356,"event":{"mods":["Act Like it!","BaseMod","Bestiary","Colored Powertips","Gensokyo","Marisa£®ÏF”Í°°ƒß¿Ì…≥£©","Minty Spire (QoL Compilation)","Reimu£®≤©¿ˆ¡È√Œ£©","Remilia£®¿Ÿ√◊¿Ú—«£©","RumiaBox-¬∂√◊Ê´µƒ…Ò√ÿ∫–◊”","StSLib","The Servant 0.9.4","Youmu£®ªÍ∆«—˝√Œ£©"],"gold_per_floor":[119,119,119,135,135,165,165,165,165,10,10,10,29,45,45,119,119,137,87,87,104,114,142,142,173,173,173,208,208,218,245,245,322,322,338,338,338,143,143,168,168,168,192,218,218,397,397,413,413,413,413,413,40,65,65],"floor_reached":56,"playtime":4070,"items_purged":["Defend_Lin:ReiMu"],"score":2028,"play_id":"fda734be-8eb0-4bdc-a4c4-3bd4fd24540c","local_time":"20210103165916","is_ascension_mode":true,"campfire_choices":[{"data":"FantasyMoon:ReiMu","floor":7.0,"key":"SMITH"},{"data":"TightArray:ReiMu","floor":12.0,"key":"SMITH"},{"data":"ShadowOfCrow2:ReiMu","floor":15.0,"key":"SMITH"},{"data":"FoulBorder2:ReiMu","floor":24.0,"key":"SMITH"},{"floor":27.0,"key":"REST"},{"floor":29.0,"key":"REST"},{"data":"FoulBorder2:ReiMu","floor":32.0,"key":"SMITH"},{"data":"Free:ReiMu","floor":41.0,"key":"SMITH"},{"floor":49.0,"key":"RECALL"},{"data":"Free:ReiMu","floor":52,"key":"SMITH"}],"circlet_count":0,"master_deck":["AscendersBane","Strike_Lin:ReiMu","Strike_Lin:ReiMu","Strike_Lin:ReiMu","Defend_Lin:ReiMu+1","Defend_Lin:ReiMu","Defend_Lin:ReiMu","NB:ReiMu","Stagnation:ReiMu","TightArray:ReiMu+1","ShadowOfCrow2:ReiMu+1","FantasyMoon:ReiMu+1","WonderfulDomain:ReiMu+1","SubcavityFantasy:ReiMu","KamiRite:ReiMu","FoulBorder2:ReiMu+1","OctopathBindingBorder2:ReiMu","FoulBorder2:ReiMu+1","Free:ReiMu+1","FantasyMoon:ReiMu+1","Shading:ReiMu+1","PassingAway:ReiMu","Gensokyo:LifeSpringInfinity+1","Mountainwind:ReiMu+1","Free:ReiMu+1","DependentForm:ReiMu","CeremonyResonance:ReiMu"],"relics":["FlyPower:ReiMu","NeowsBlessing","Happy Flower","Orichalcum","SecretRecord","RedLine:ReiMu","GodSword1","StoneCalendar","Juzu Bracelet","RuthlessExorcism:ReiMu","BodyOfKamiR:ReiMu","CrownOfHeavens:ReiMu","Art of War","War Paint","Bronze Scales","Strawberry","Nunchaku","Question Card","Gambling Chip","Akabeko","GodSword4","Incense Burner"],"acts_visited":["Gensokyo:Gensokyo","Gensokyo:Gensokyoer","Gensokyo:Gensokyoest","TheEnding"],"potions_floor_usage":[55],"damage_taken":[{"damage":0.0,"enemies":"Gensokyo:2_Kodama","floor":1.0,"turns":1.0},{"damage":0.0,"enemies":"Gensokyo:3_Fairies","floor":4.0,"turns":2.0},{"damage":0.0,"enemies":"Gensokyo:Aya","floor":6.0,"turns":1.0},{"damage":0.0,"enemies":"Gensokyo:Python","floor":13.0,"turns":4.0},{"damage":0.0,"enemies":"Gensokyo:Gryphon_and_Rabbit","floor":14.0,"turns":2.0},{"damage":7.0,"enemies":"Gensokyo:Kokoro","floor":16.0,"turns":11.0},{"damage":10.0,"enemies":"Gensokyo:CosmicMonolith","floor":18.0,"turns":6.0},{"damage":5.0,"enemies":"Gensokyo:3_Dogs","floor":21.0,"turns":3.0},{"damage":0.0,"enemies":"Gensokyo:Slime_Group","floor":22.0,"turns":7.0},{"damage":20.0,"enemies":"Gensokyo:Koishi","floor":23.0,"turns":7.0},{"damage":14.0,"enemies":"Gensokyo:Tenshi","floor":25.0,"turns":5.0},{"damage":14.0,"enemies":"Gensokyo:Reisen","floor":28.0,"turns":5.0},{"damage":4.0,"enemies":"Gensokyo:Chomper_and_Gloop","floor":30.0,"turns":5.0},{"damage":0.0,"enemies":"Gensokyo:Koishi","floor":31.0,"turns":5.0},{"damage":24.0,"enemies":"Gensokyo:Eiki","floor":33.0,"turns":7.0},{"damage":0.0,"enemies":"Gensokyo:3_Bats","floor":35.0,"turns":3.0},{"damage":26.0,"enemies":"Gensokyo:Marisa","floor":40.0,"turns":7.0},{"damage":3.0,"enemies":"Gensokyo:Kasen","floor":44.0,"turns":5.0},{"damage":0.0,"enemies":"Gensokyo:Kasen","floor":45.0,"turns":3.0},{"damage":0.0,"enemies":"Gensokyo:Marisa","floor":46.0,"turns":6.0},{"damage":0.0,"enemies":"Gensokyo:3_Boulders","floor":48.0,"turns":3.0},{"damage":3,"enemies":"Gensokyo:Scarlet_Devils","floor":50,"turns":8},{"damage":0,"enemies":"Shield and Spear","floor":54,"turns":4},{"damage":28,"enemies":"The Heart","floor":55,"turns":8}],"seed_played":"-7999503670484784462","potions_obtained":[{"floor":6.0,"key":"SteroidPotion"},{"floor":13.0,"key":"HakureiPotion:ReiMu"},{"floor":23.0,"key":"DistilledChaos"},{"floor":30.0,"key":"Regen Potion"},{"floor":31.0,"key":"Energy Potion"},{"floor":40.0,"key":"Regen Potion"}],"is_trial":false,"path_per_floor":["M","?","?","M","?","E","R","?","T","COS","$","R","M","M","R","B",null,"M","?","?","M","M","E","R","E","T","R","E","R","M","E","R","B",null,"M","?","?","COS","T","E","R","?","T","E","?","E","?","M","R","B",null,"R","$","E","B",null],"character_chosen":"REIMU","items_purchased":["DependentForm:ReiMu","Akabeko"],"campfire_rested":2,"item_purchase_floors":[53,53],"current_hp_per_floor":[54,45,45,45,45,45,45,45,45,45,45,45,45,45,45,38,55,45,52,52,47,47,27,27,13,13,33,19,39,35,35,35,11,53,53,53,53,53,53,27,27,27,34,45,45,45,45,45,45,42,66,66,66,66,53],"gold":65,"neow_bonus":"THREE_ENEMY_KILL","is_daily":false,"chose_seed":false,"campfire_upgraded":7,"win_rate":0.0,"timestamp":1609664356,"path_taken":["M","?","?","M","?","E","R","?","T","COS","?","R","?","?","R","BOSS","M","?","?","M","M","E","R","E","T","R","E","R","M","E","R","BOSS","M","?","?","COS","?","E","R","?","T","E","?","E","?","M","R","BOSS","R","$","E","BOSS"],"items_purchased_type":["Card","Relic"],"build_version":"2020-12-22","purchased_purges":1,"victory":true,"max_hp_per_floor":[60,60,60,60,60,60,60,60,60,60,60,60,60,60,60,60,60,60,67,67,67,67,67,67,67,67,67,67,67,67,67,67,67,67,67,67,67,67,67,67,67,67,74,74,74,74,74,74,74,74,74,74,74,74,74],"card_choices":[{"not_picked":["SubAcupoint:ReiMu","Dreaming2:ReiMu"],"picked":"TightArray:ReiMu","floor":1.0},{"not_picked":["Enchanting:ReiMu","SpiritualOutbreak2:ReiMu","OrbThrow:ReiMu"],"picked":"SKIP","floor":4.0},{"not_picked":["ManaGlint:ReiMu","BarrageOfMoneybags:ReiMu"],"picked":"ShadowOfCrow2:ReiMu","floor":5.0},{"not_picked":["ForcedLanding:ReiMu","CareerPray:ReiMu"],"picked":"FantasyMoon:ReiMu","floor":5.0},{"not_picked":["WonderfulDomain:ReiMu","CareerPray:ReiMu","AirStrike:ReiMu"],"picked":"SKIP","floor":6.0},{"not_picked":["ForcedLanding:ReiMu+1","CeremonyResonance:ReiMu+1"],"picked":"WonderfulDomain:ReiMu+1","floor":13.0},{"not_picked":["Meditation:ReiMu","SafetyPray:ReiMu","CareerPray:ReiMu"],"picked":"SKIP","floor":13.0},{"not_picked":["EmergencyTakeOff:ReiMu","AirStrike:ReiMu","YinYangSange:ReiMu"],"picked":"SKIP","floor":14.0},{"not_picked":["CeremonyResonance:ReiMu","YinYang:ReiMu"],"picked":"SubcavityFantasy:ReiMu","floor":16.0},{"not_picked":["FantasyBorder:ReiMu","BarrageOfMoneybags:ReiMu+1","Intuition:ReiMu+1"],"picked":"SKIP","floor":18.0},{"not_picked":["SafetyPray:ReiMu","WonderfulDomain:ReiMu","Conquer:ReiMu"],"picked":"SKIP","floor":21.0},{"not_picked":["SubcavityInstant:ReiMu","Conquer:ReiMu+1"],"picked":"FoulBorder2:ReiMu","floor":22.0},{"not_picked":["AirStrike:ReiMu","CollectionFlower2:ReiMu","AlertArray:ReiMu"],"picked":"SKIP","floor":23.0},{"not_picked":["Meditation:ReiMu","KamiSacrifice:ReiMu+1","LovePray:ReiMu"],"picked":"SKIP","floor":25.0},{"not_picked":["TakeOff:ReiMu","YinYangSign:ReiMu"],"picked":"OctopathBindingBorder2:ReiMu","floor":28.0},{"not_picked":["YinYangSign:ReiMu","Amulet:ReiMu","ShadowOfCrow2:ReiMu"],"picked":"SKIP","floor":30.0},{"not_picked":["AirStrike:ReiMu","PrepareRite:ReiMu"],"picked":"FoulBorder2:ReiMu","floor":31.0},{"not_picked":["CeremonyResonance:ReiMu","HakureiPhantom:ReiMu"],"picked":"Free:ReiMu","floor":33.0},{"not_picked":["Amulet:ReiMu","SafetyPray:ReiMu"],"picked":"FantasyMoon:ReiMu","floor":35.0},{"not_picked":["Conquer:ReiMu","SpreadBorder2:ReiMu","Meditation:ReiMu"],"picked":"SKIP","floor":40.0},{"not_picked":["Enchanting:ReiMu+1","SpringWay:ReiMu+1"],"picked":"Shading:ReiMu+1","floor":44.0},{"not_picked":["Gathering:ReiMu","KyokaiOfKami:ReiMu"],"picked":"PassingAway:ReiMu","floor":44.0},{"not_picked":["Gensokyo:RainbowDanmaku+1","Gensokyo:Dawn+1"],"picked":"Gensokyo:LifeSpringInfinity+1","floor":45.0},{"not_picked":["SpreadBorder2:ReiMu","TakeOff:ReiMu+1","CareerPray:ReiMu+1"],"picked":"Mountainwind:ReiMu+1","floor":46.0},{"not_picked":["SpringWay:ReiMu","KamiSacrifice:ReiMu+1","SafetyPray:ReiMu+1","InherentArray:ReiMu"],"picked":"SKIP","floor":48.0},{"not_picked":["SpreadBorder2:ReiMu","BlastKick2:ReiMu","ManaGlint:ReiMu"],"picked":"CeremonyResonance:ReiMu","floor":54}],"player_experience":370851,"relics_obtained":[{"floor":6.0,"key":"Orichalcum"},{"floor":9.0,"key":"SecretRecord"},{"floor":23.0,"key":"Juzu Bracelet"},{"floor":25.0,"key":"RuthlessExorcism:ReiMu"},{"floor":31.0,"key":"BodyOfKamiR:ReiMu"},{"floor":39.0,"key":"Art of War"},{"floor":40.0,"key":"War Paint"},{"floor":43.0,"key":"Strawberry"},{"floor":44.0,"key":"Nunchaku"},{"floor":46.0,"key":"Gambling Chip"},{"floor":54,"key":"GodSword4"}],"event_choices":[],"is_beta":false,"boss_relics":[{"not_picked":["Astrolabe","SlaversCollar"],"picked":"RedLine:ReiMu"},{"not_picked":["Tiny House","Sozu"],"picked":"CrownOfHeavens:ReiMu"}],"items_purged_floors":[53],"is_endless":false,"potions_floor_spawned":[6,13,21,23,30,31,33,40],"ascension_level":14}}