{"host":"dntw6kil9p09eemm","time":1609698700,"event":{"mods":["Alarm Clock","Aspiration","BaseMod","Downfall","Hermit","Hubris","Minty Spire (QoL Compilation)","Permanent Neow","Replay The Spire","Shop Mod","StSLib","The Runesmith"],"gold_per_floor":[109,64,76,90,108,139,139,166,166,181,211,225,252,271,271,370,420,436,436,451,451,463,463,463,463],"floor_reached":23,"playtime":1818,"items_purged":[],"score":250,"play_id":"09b1fac5-c369-4eb1-9aea-53a6cd5aa592","local_time":"20210104033140","is_ascension_mode":false,"campfire_choices":[{"floor":7.0,"key":"REST"},{"data":"hexamod:Float","floor":15.0,"key":"SMITH"}],"circlet_count":0,"master_deck":["hexamod:Strike","hexamod:Strike","hexamod:Strike","hexamod:Strike","hexamod:Defend","hexamod:Defend","hexamod:Defend","hexamod:Defend","hexamod:Sear","hexamod:Float+1","hexamod:PhantomFireball","hexamod:FastForward","hexamod:FastForward","hexamod:ThermalTransfer","hexamod:ThermalTransfer","Reaper","hexamod:EmpoweredFlame","hexamod:SpectralSpark","hexamod:SearingWound+1","hexamod:Incineration","hexamod:SuperheatedStrike","Guardian:Aged","hexamod:Again"],"relics":["hexamod:SpiritBrand","aspiration:Nostalgia","m_DevilBlood","ReplayTheSpireMod:TigerMarble","Ice Cream","Pen Nib","ReplayTheSpireMod:Lightbulb","Tiny House","Kunai"],"acts_visited":["Exordium","TheCity"],"potions_floor_usage":[],"damage_taken":[{"damage":0.0,"enemies":"Cultist","floor":1.0,"turns":3.0},{"damage":0.0,"enemies":"Jaw Worm","floor":3.0,"turns":3.0},{"damage":0.0,"enemies":"Small Slimes","floor":4.0,"turns":4.0},{"damage":0.0,"enemies":"2 Fungi Beasts","floor":5.0,"turns":2.0},{"damage":33.0,"enemies":"3 Sentries","floor":6.0,"turns":7.0},{"damage":32.0,"enemies":"Gremlin Nob","floor":8.0,"turns":5.0},{"damage":0.0,"enemies":"3 Louse","floor":10.0,"turns":3.0},{"damage":2.0,"enemies":"Lagavulin","floor":11.0,"turns":5.0},{"damage":0.0,"enemies":"Looter","floor":12.0,"turns":3.0},{"damage":0.0,"enemies":"Gremlin Nob","floor":13.0,"turns":3.0},{"damage":1.0,"enemies":"Blue Slaver","floor":14.0,"turns":4.0},{"damage":16.0,"enemies":"The Guardian","floor":16.0,"turns":7.0},{"damage":0.0,"enemies":"3 Byrds","floor":18.0,"turns":5.0},{"damage":24.0,"enemies":"2 Thieves","floor":20.0,"turns":3.0},{"damage":15.0,"enemies":"3 Cultists","floor":22.0,"turns":5.0},{"damage":62,"enemies":"Slavers","floor":23,"turns":4}],"seed_played":"3605887779332823910","potions_obtained":[{"floor":5.0,"key":"Fire Potion"},{"floor":6.0,"key":"Doom Potion"},{"floor":10.0,"key":"Energy Potion"},{"floor":14.0,"key":"Doom Potion"}],"is_trial":false,"path_per_floor":["M","$","M","M","M","E","R","E","T","M","E","M","E","M","R","B",null,"M","?","M","?","M","E"],"character_chosen":"THE_SPIRIT","items_purchased":["hexamod:FastForward"],"campfire_rested":1,"item_purchase_floors":[2],"current_hp_per_floor":[70,70,70,70,70,47,68,46,46,56,64,70,70,70,70,70,75,75,75,55,55,50,0,0,0],"gold":463,"neow_bonus":"NOSTALGIA","is_daily":false,"chose_seed":false,"campfire_upgraded":1,"win_rate":0.0,"timestamp":1609698700,"path_taken":["M","?","M","?","M","E","R","E","T","M","E","M","E","M","R","BOSS","M","?","M","?","M","E"],"items_purchased_type":["Card"],"build_version":"2020-12-22","purchased_purges":0,"victory":false,"max_hp_per_floor":[70,70,70,70,70,70,70,70,70,70,70,70,70,70,70,70,75,75,75,75,75,75,75,75,75],"card_choices":[{"not_picked":["hexamod:SpectersWail","hexamod:ThirdSeal"],"picked":"hexamod:PhantomFireball","floor":1.0},{"not_picked":["hexamod:Haunt","Dark Embrace","hexamod:Rewind"],"picked":"SKIP","floor":3.0},{"not_picked":["hexamod:RainOfEmbers","hexamod:HeatCrush"],"picked":"hexamod:FastForward","floor":4.0},{"not_picked":["Warcry","True Grit","hexamod:GhostLash"],"picked":"SKIP","floor":5.0},{"not_picked":["hexamod:SwordOfDarkness","hexamod:SpectralAdrenaline"],"picked":"hexamod:ThermalTransfer","floor":6.0},{"not_picked":["hexamod:AdvancingGuard","hexamod:GhostLash","hexamod:BacktrackSmack"],"picked":"SKIP","floor":8.0},{"not_picked":["hexamod:PhantomCloak","hexamod:ApocalypseNow"],"picked":"hexamod:ThermalTransfer","floor":10.0},{"not_picked":["hexamod:SpectersWail","Carnage","hexamod:BacktrackSmack"],"picked":"SKIP","floor":11.0},{"not_picked":["hexamod:InspiringFlames","hexamod:Rewind"],"picked":"Reaper","floor":12.0},{"not_picked":["hexamod:FirstSeal","hexamod:ThermalTransfer"],"picked":"hexamod:EmpoweredFlame","floor":13.0},{"not_picked":["hexamod:SpectersWail","Feel No Pain"],"picked":"hexamod:SpectralSpark","floor":14.0},{"not_picked":["hexamod:VolcanoVisage","hexamod:UnlimitedPower"],"picked":"hexamod:SearingWound","floor":16.0},{"not_picked":["hexamod:Haunt","hexamod:FastForward"],"picked":"hexamod:Incineration","floor":17.0},{"not_picked":["hexamod:ShieldOfDarkness","hexamod:GhostLash","hexamod:ParanormalForm"],"picked":"SKIP","floor":18.0},{"not_picked":["hexamod:Hexaguard","hexamod:Rewind"],"picked":"hexamod:SuperheatedStrike","floor":20.0},{"not_picked":["hexamod:ShieldOfDarkness","hexamod:GhostOfSpirePast+1"],"picked":"hexamod:Again","floor":22.0}],"player_experience":540828,"relics_obtained":[{"floor":6.0,"key":"ReplayTheSpireMod:TigerMarble"},{"floor":8.0,"key":"Ice Cream"},{"floor":11.0,"key":"Pen Nib"},{"floor":13.0,"key":"ReplayTheSpireMod:Lightbulb"}],"event_choices":[],"is_beta":false,"boss_relics":[{"not_picked":["aspiration:RitualDagger","Replay:Drink Me"],"picked":"Tiny House"}],"items_purged_floors":[],"is_endless":false,"potions_floor_spawned":[5,6,10,14],"killed_by":"Slavers","ascension_level":0}}