{"host":"mytek2nu1hrzdnew","time":1609701054,"event":{"mods":["Aspiration","BaseMod","Conspire","Evolution","GifTheSpireLib","Glutton Mod","Gold Saver","Hubris","Minty Spire (QoL Compilation)","Replay The Spire","StSLib","Stuff the Spire","Uncapped"],"gold_per_floor":[447,465,12,12,23,58,81,81,81,99,140,110,110,10,10,122,122,150,39,51,0,23,23,23],"floor_reached":23,"playtime":1944,"items_purged":["Glutton:Defend"],"score":219,"play_id":"a0cbcfa5-2388-4306-ae51-19138890524a","local_time":"20210103141054","is_ascension_mode":true,"campfire_choices":[{"floor":8,"key":"REST"},{"floor":13,"key":"REST"},{"floor":15,"key":"REST"}],"circlet_count":0,"master_deck":["Glutton:Bite+1","Glutton:Strike","Glutton:Strike","Glutton:Strike+1","Glutton:Strike","Glutton:Strike","Glutton:Defend","Glutton:Defend","Glutton:Flail","Glutton:Chomp","Glutton:Demolish","Glutton:Revivification","Glutton:Revivification","Flash of Steel+1","Glutton:Treat","Glutton:Autotomy","Glutton:GnawingHunger","Glutton:Thrombosis","Glutton:Bite","Glutton:Enfeeblement","Glutton:Masochism","Glutton:Feed","Glutton:FragileMight"],"relics":["Glutton:EternalHunger","EVO:Axolotl","Akabeko","aspiration:ChemicalBlood","Whetstone","Odd Mushroom","StuffTheSpire:DarkSteelAnvil","CeramicFish"],"acts_visited":["Exordium","TheCity"],"potions_floor_usage":[6,6,7,11,11,11,16,16,16,16,16,16,16,16,16,16,16,18,20,20,22,23,23,23,23,23,23,23],"damage_taken":[{"damage":18,"enemies":"Jaw Worm","floor":1,"turns":3},{"damage":16,"enemies":"Small Slimes","floor":2,"turns":4},{"damage":9,"enemies":"Cultist","floor":5,"turns":3},{"damage":52,"enemies":"3 Sentries","floor":6,"turns":6},{"damage":43,"enemies":"The Mushroom Lair","floor":7,"turns":4},{"damage":45,"enemies":"Exordium Wildlife","floor":10,"turns":7},{"damage":61,"enemies":"Lagavulin","floor":11,"turns":6},{"damage":161,"enemies":"Slime Boss","floor":16,"turns":17},{"damage":64,"enemies":"Chosen","floor":18,"turns":7},{"damage":62,"enemies":"2 Thieves","floor":20,"turns":5},{"damage":58,"enemies":"Snecko","floor":22,"turns":6},{"damage":178,"enemies":"Gremlin Leader","floor":23,"turns":12}],"seed_played":"6155214897599204229","potions_obtained":[{"floor":1,"key":"AttackPotion"},{"floor":5,"key":"LiquidBronze"},{"floor":10,"key":"Elixir"},{"floor":12,"key":"EssenceOfSteel"},{"floor":20,"key":"FairyPotion"},{"floor":22,"key":"Strength Potion"}],"is_trial":false,"path_per_floor":["M","M","$","?","M","E","?","R","T","M","E","?","R","$","R","B",null,"M","$","M","?","M","E"],"character_chosen":"GLUTTON","items_purchased":["Glutton:Revivification","Flash of Steel","Akabeko","aspiration:ChemicalBlood","EntropicBrew","Glutton:Feed"],"campfire_rested":3,"item_purchase_floors":[3,3,3,3,14,19],"current_hp_per_floor":[106,103,103,106,121,91,76,112,112,86,67,67,103,103,123,29,123,88,88,62,62,36,0,0],"gold":23,"neow_bonus":"UPGRADE_CARD","is_daily":false,"chose_seed":false,"campfire_upgraded":0,"win_rate":0.0,"timestamp":1609701054,"path_taken":["M","M","$","?","M","E","?","R","T","M","E","?","R","$","R","BOSS","M","$","?","?","M","E"],"items_purchased_type":["Card","Card","Relic","Relic","Potion","Card"],"build_version":"2020-12-22","purchased_purges":1,"victory":false,"max_hp_per_floor":[120,120,120,123,123,123,123,123,123,123,123,123,123,123,123,123,123,123,123,123,123,126,126,126],"card_choices":[{"not_picked":["Glutton:ObsessiveGreed","Glutton:Thrombosis"],"picked":"Glutton:Chomp","floor":1},{"not_picked":["Glutton:Delusion","Glutton:Toxicity"],"picked":"Glutton:Demolish","floor":2},{"not_picked":["Glutton:Profligacy","Glutton:Thrombosis"],"picked":"Glutton:Treat","floor":5},{"not_picked":["Glutton:Treat","Glutton:Chrysosphagy"],"picked":"Glutton:Autotomy","floor":6},{"not_picked":["Glutton:Avarice","Glutton:FeverVisions"],"picked":"Glutton:GnawingHunger","floor":7},{"not_picked":["Glutton:Slam","Glutton:KneeJerk"],"picked":"Glutton:Thrombosis","floor":10},{"not_picked":["Glutton:GnawingHunger","Glutton:GuardStance"],"picked":"Glutton:Bite","floor":11},{"not_picked":["Glutton:FragileMight","Glutton:Reminisce"],"picked":"Glutton:Enfeeblement","floor":16},{"not_picked":["Glutton:ShareWeakness","Glutton:Delusion"],"picked":"Glutton:Masochism","floor":18},{"not_picked":["Glutton:GuardStance+1","Glutton:KneeJerk","Glutton:Treat"],"picked":"SKIP","floor":20},{"not_picked":["Glutton:Scab+1","Glutton:GnawingHunger"],"picked":"Glutton:FragileMight","floor":22}],"player_experience":1026767,"relics_obtained":[{"floor":6,"key":"Whetstone"},{"floor":7,"key":"Odd Mushroom"},{"floor":9,"key":"StuffTheSpire:DarkSteelAnvil"},{"floor":11,"key":"CeramicFish"}],"event_choices":[{"damage_healed":0,"gold_gain":0,"player_choice":"Fought Mushrooms","damage_taken":0,"max_hp_gain":0,"max_hp_loss":0,"event_name":"Mushrooms","floor":7,"gold_loss":0},{"damage_healed":0,"gold_gain":0,"player_choice":"Bought 2 Potions","damage_taken":0,"max_hp_gain":0,"max_hp_loss":0,"event_name":"The Woman in Blue","floor":12,"gold_loss":0},{"damage_healed":0,"gold_gain":0,"player_choice":"Paid Fearfully","damage_taken":0,"max_hp_gain":0,"max_hp_loss":0,"event_name":"Masked Bandits","floor":21,"gold_loss":51}],"is_beta":false,"boss_relics":[{"not_picked":["aspiration:FutureDiary","Replay:Wanted Poster","Replay:Cursed D8"]}],"items_purged_floors":[19],"is_endless":false,"potions_floor_spawned":[1,5,7,10,20,22],"killed_by":"Gremlin Leader","ascension_level":2}}