{"host":"zrerxgu8lagrk16e","time":1609633839,"event":{"mods":["AchievementEnabler","BaseMod","Better Altar","Better Match","Better Note","Better Sensory Stone","Better Skull","Better Third Choice","Colored Map","Colored Powertips","Minty Spire (QoL Compilation)","Permanent Neow","Quick Restart","Relic Stats","StSLib","Waifu the Spire","slay the spire mod where everything is the same but ironclad has a cowboy hat"],"gold_per_floor":[368,368,385,400,61,61,92,17,40,70,70,96,126,74,74,174,174,186,186,202,220,220,220,233,233,233,245,280,76,76,76,76,178,178,196,196,211,266,286,319,48,64,91,121,135,153,173,192,192,192,192],"floor_reached":50,"playtime":2717,"items_purged":["Pain"],"score":834,"play_id":"2195a5fc-ceb0-445c-af4e-e9d7ff1d4b86","local_time":"20210102193039","is_ascension_mode":true,"campfire_choices":[{"data":"Feed","floor":6.0,"key":"SMITH"},{"data":"Apotheosis","floor":15.0,"key":"SMITH"},{"floor":23.0,"key":"REST"},{"floor":25.0,"key":"REST"},{"floor":32.0,"key":"REST"},{"floor":49,"key":"RECALL"}],"circlet_count":0,"master_deck":["Strike_R+1","Strike_R","Strike_R","Strike_R","Strike_R","Defend_R","Defend_R","Defend_R","Bash","Perfected Strike","Anger","Twin Strike","Warcry","Armaments","Feed+1","Sword Boomerang+1","Wild Strike","Thunderclap","Apotheosis+1","Cleave","Wild Strike","Twin Strike","Twin Strike","Exhume","CurseOfTheBell","Fire Breathing","Perfected Strike+1","Wild Strike+1","Cleave","Iron Wave","Spot Weakness","Perfected Strike","Inflame","Writhe","Limit Break","Headbutt+1","AscendersBane","Crescendo","Wild Strike+1","True Grit+1","Wild Strike","Wild Strike","Exhume","Inflame","Flex+1","Pommel Strike+1","Parasite","Heavy Blade+1"],"relics":["Black Blood","Orrery","PreservedInsect","Red Skull","Odd Mushroom","Pen Nib","Calling Bell","Centennial Puzzle","Pear","Calipers","WarpedTongs","Enchiridion","Happy Flower","Bronze Scales","Membership Card","Ancient Tea Set","Art of War","Nunchaku","Unceasing Top","Akabeko","MealTicket","Whetstone"],"acts_visited":["Exordium","TheCity","TheBeyond"],"potions_floor_usage":[48,48],"damage_taken":[{"damage":8.0,"enemies":"2 Louse","floor":1.0,"turns":4.0},{"damage":2.0,"enemies":"Jaw Worm","floor":3.0,"turns":3.0},{"damage":1.0,"enemies":"Cultist","floor":4.0,"turns":3.0},{"damage":21.0,"enemies":"Gremlin Nob","floor":7.0,"turns":4.0},{"damage":13.0,"enemies":"3 Sentries","floor":10.0,"turns":5.0},{"damage":7.0,"enemies":"The Mushroom Lair","floor":12.0,"turns":3.0},{"damage":1.0,"enemies":"Lagavulin","floor":13.0,"turns":2.0},{"damage":0.0,"enemies":"Slime Boss","floor":16.0,"turns":4.0},{"damage":28.0,"enemies":"Shell Parasite","floor":18.0,"turns":3.0},{"damage":45.0,"enemies":"3 Byrds","floor":20.0,"turns":11.0},{"damage":19.0,"enemies":"Snake Plant","floor":21.0,"turns":3.0},{"damage":10.0,"enemies":"Cultist and Chosen","floor":24.0,"turns":4.0},{"damage":26.0,"enemies":"Snecko","floor":27.0,"turns":4.0},{"damage":26.0,"enemies":"Slavers","floor":28.0,"turns":3.0},{"damage":40.0,"enemies":"Champ","floor":33.0,"turns":5.0},{"damage":14.0,"enemies":"3 Darklings","floor":35.0,"turns":3.0},{"damage":8.0,"enemies":"Orb Walker","floor":37.0,"turns":2.0},{"damage":60.0,"enemies":"Writhing Mass","floor":39.0,"turns":4.0},{"damage":0.0,"enemies":"Nemesis","floor":40.0,"turns":1.0},{"damage":28.0,"enemies":"Maw","floor":42.0,"turns":5.0},{"damage":46.0,"enemies":"Giant Head","floor":44.0,"turns":6.0},{"damage":0.0,"enemies":"Jaw Worm Horde","floor":45.0,"turns":1.0},{"damage":3.0,"enemies":"Sphere and 2 Shapes","floor":46.0,"turns":4.0},{"damage":0.0,"enemies":"3 Darklings","floor":47.0,"turns":2.0},{"damage":28,"enemies":"Writhing Mass","floor":48,"turns":4},{"damage":37,"enemies":"Awakened One","floor":50,"turns":2}],"seed_played":"1067062858826319658","potions_obtained":[{"floor":7.0,"key":"PowerPotion"},{"floor":13.0,"key":"FearPotion"},{"floor":16.0,"key":"Ancient Potion"},{"floor":21.0,"key":"Swift Potion"},{"floor":24.0,"key":"SkillPotion"},{"floor":27.0,"key":"EntropicBrew"},{"floor":39.0,"key":"SneckoOil"},{"floor":40.0,"key":"SkillPotion"},{"floor":45.0,"key":"Strength Potion"},{"floor":47.0,"key":"Strength Potion"},{"floor":48,"key":"Strength Potion"}],"is_trial":false,"path_per_floor":["M","?","M","M","$","R","E","?","T","E","$","?","E","$","R","B",null,"M","?","M","M","?","R","M","R","T","M","E","$","?","?","R","B",null,"M","?","M","T","M","E","$","M","T","E","M","M","M","M","R","B"],"character_chosen":"IRONCLAD","items_purchased":["Orrery","Thunderclap","Apotheosis","Twin Strike","Membership Card","Perfected Strike","Inflame","Unceasing Top","Akabeko"],"campfire_rested":3,"item_purchase_floors":[5,5,5,14,29,29,29,41,41],"current_hp_per_floor":[54,47,51,56,56,56,41,41,41,38,38,37,42,42,42,48,94,72,72,37,24,8,37,37,67,67,47,31,31,31,31,62,28,106,104,104,106,106,58,70,70,54,54,20,32,41,53,37,37,0,0],"gold":192,"neow_bonus":"TWO_FIFTY_GOLD","is_daily":false,"chose_seed":false,"campfire_upgraded":2,"win_rate":0.0,"timestamp":1609633839,"path_taken":["M","?","M","M","$","R","E","?","T","E","?","?","E","$","R","BOSS","M","?","?","M","?","R","M","R","T","M","E","?","?","?","R","BOSS","M","?","M","?","M","E","$","M","T","E","M","?","M","M","R","BOSS"],"items_purchased_type":["Relic","Card","Card","Card","Relic","Card","Card","Relic","Relic"],"build_version":"2020-12-22","purchased_purges":1,"victory":false,"max_hp_per_floor":[80,80,80,80,80,80,80,80,80,84,84,84,84,84,84,84,94,94,94,98,98,98,98,102,102,102,102,106,106,106,106,106,106,106,106,106,106,106,106,106,106,106,106,106,106,106,106,106,106,106,106],"relic_stats":{"Happy Flower":[15],"counters":[33,107],"Black Blood":208,"PreservedInsect":272,"Pen Nib":[13],"Whetstone":["Sword Boomerang","Strike_R"],"WarpedTongs":[49],"Centennial Puzzle":[45],"Nunchaku":[4],"Bronze Scales":[64],"MealTicket":0,"Art of War":[4],"obtain_stats":[{"Lantern":38,"Calipers":0,"Vajra":9,"Black Blood":0,"Enchiridion":0,"Mango":26,"Ginger":37,"Whetstone":44,"Ancient Tea Set":0,"Old Coin":41,"Nunchaku":40,"Centennial Puzzle":0,"DollysMirror":21,"Tiny Chest":28,"Philosopher\u0027s Stone":34,"MealTicket":43,"WingedGreaves":7,"Necronomicon":30,"Red Mask":31,"Red Skull":0,"Potion Belt":4,"Pear":0,"Happy Flower":0,"Golden Idol":3,"PreservedInsect":0,"Pen Nib":0,"Omamori":25,"Odd Mushroom":0,"Akabeko":22,"Mercury Hourglass":44,"WarpedTongs":0,"Calling Bell":0,"SlaversCollar":17,"Bottled Flame":8,"CaptainsWheel":46,"Anchor":47,"Bronze Scales":0,"Orrery":0,"Molten Egg 2":23,"Art of War":38,"Membership Card":0,"PureWater":0,"Unceasing Top":41},{"Lantern":18,"Calipers":0,"Vajra":3,"Black Blood":0,"Enchiridion":0,"Mango":11,"Ginger":18,"Whetstone":28,"Ancient Tea Set":0,"Old Coin":19,"Nunchaku":26,"Centennial Puzzle":0,"DollysMirror":9,"Tiny Chest":12,"Philosopher\u0027s Stone":15,"MealTicket":27,"WingedGreaves":2,"Necronomicon":13,"Red Mask":14,"Red Skull":0,"Potion Belt":1,"Pear":0,"Happy Flower":0,"Golden Idol":1,"PreservedInsect":0,"Pen Nib":0,"Omamori":11,"Odd Mushroom":0,"Akabeko":9,"Mercury Hourglass":19,"WarpedTongs":0,"Calling Bell":0,"SlaversCollar":7,"Bottled Flame":3,"CaptainsWheel":21,"Anchor":21,"Bronze Scales":0,"Orrery":0,"Molten Egg 2":10,"Art of War":24,"Membership Card":0,"PureWater":0,"Unceasing Top":26},{"Lantern":60,"Calipers":0,"Vajra":14,"Black Blood":0,"Enchiridion":0,"Mango":39,"Ginger":60,"Whetstone":94,"Ancient Tea Set":0,"Old Coin":65,"Nunchaku":83,"Centennial Puzzle":0,"DollysMirror":32,"Tiny Chest":42,"Philosopher\u0027s Stone":53,"MealTicket":88,"WingedGreaves":9,"Necronomicon":44,"Red Mask":46,"Red Skull":0,"Potion Belt":3,"Pear":0,"Happy Flower":0,"Golden Idol":3,"PreservedInsect":0,"Pen Nib":0,"Omamori":39,"Odd Mushroom":0,"Akabeko":32,"Mercury Hourglass":65,"WarpedTongs":0,"Calling Bell":0,"SlaversCollar":23,"Bottled Flame":14,"CaptainsWheel":70,"Anchor":70,"Bronze Scales":0,"Orrery":0,"Molten Egg 2":35,"Art of War":78,"Membership Card":0,"PureWater":0,"Unceasing Top":83}],"Unceasing Top":[0]},"card_choices":[{"not_picked":["Clash","Bloodletting"],"picked":"Perfected Strike","floor":1.0},{"not_picked":["Power Through","Flame Barrier"],"picked":"Anger","floor":3.0},{"not_picked":["Inflame","Searing Blow"],"picked":"Twin Strike","floor":4.0},{"not_picked":["Power Through","Rampage"],"picked":"Warcry","floor":5.0},{"not_picked":["Combust","Uppercut"],"picked":"Armaments","floor":5.0},{"not_picked":["Pommel Strike","Havoc"],"picked":"Feed","floor":5.0},{"not_picked":["True Grit","Rupture"],"picked":"Sword Boomerang","floor":5.0},{"not_picked":["Burning Pact","Iron Wave"],"picked":"Wild Strike","floor":5.0},{"not_picked":["Blood for Blood","Anger"],"picked":"Cleave","floor":7.0},{"not_picked":["Iron Wave","Blood for Blood"],"picked":"Wild Strike","floor":10.0},{"not_picked":["Rupture","Body Slam"],"picked":"Twin Strike","floor":13.0},{"not_picked":["Juggernaut","Brutality"],"picked":"Exhume","floor":16.0},{"not_picked":["Sword Boomerang","Uppercut"],"picked":"Fire Breathing","floor":18.0},{"not_picked":["Hemokinesis","Warcry+1"],"picked":"Perfected Strike+1","floor":20.0},{"not_picked":["Clash+1","True Grit"],"picked":"Wild Strike+1","floor":21.0},{"not_picked":["Whirlwind+1","Warcry"],"picked":"Cleave","floor":24.0},{"not_picked":["Iron Wave","Cleave","Clothesline"],"picked":"SKIP","floor":27.0},{"not_picked":["Cleave","Clothesline"],"picked":"Iron Wave","floor":27.0},{"not_picked":["Shrug It Off","Brutality"],"picked":"Spot Weakness","floor":28.0},{"not_picked":["Juggernaut","Corruption"],"picked":"Limit Break","floor":33.0},{"not_picked":["Havoc","Searing Blow"],"picked":"Headbutt+1","floor":35.0},{"not_picked":["Flex","Anger+1"],"picked":"Wild Strike+1","floor":37.0},{"not_picked":["Dark Embrace+1","Cleave+1"],"picked":"True Grit+1","floor":39.0},{"not_picked":["Rupture+1","Cleave+1"],"picked":"Wild Strike","floor":40.0},{"not_picked":["Body Slam","Armaments+1"],"picked":"Wild Strike","floor":42.0},{"not_picked":["Carnage","Clothesline"],"picked":"Exhume","floor":44.0},{"not_picked":["Metallicize","Sword Boomerang+1"],"picked":"Inflame","floor":45.0},{"not_picked":["True Grit","Rupture+1"],"picked":"Flex+1","floor":46.0},{"not_picked":["Warcry","Shrug It Off"],"picked":"Pommel Strike+1","floor":47.0},{"not_picked":["Shrug It Off","Thunderclap+1"],"picked":"Heavy Blade+1","floor":48}],"player_experience":147758,"relics_obtained":[{"floor":7.0,"key":"PreservedInsect"},{"floor":10.0,"key":"Red Skull"},{"floor":12.0,"key":"Odd Mushroom"},{"floor":13.0,"key":"Pen Nib"},{"floor":17.0,"key":"Centennial Puzzle"},{"floor":17.0,"key":"Pear"},{"floor":17.0,"key":"Calipers"},{"floor":22.0,"key":"Enchiridion"},{"floor":26.0,"key":"Happy Flower"},{"floor":28.0,"key":"Bronze Scales"},{"floor":38.0,"key":"Art of War"},{"floor":40.0,"key":"Nunchaku"},{"floor":43.0,"key":"MealTicket"},{"floor":44.0,"key":"Whetstone"}],"event_choices":[{"cards_removed":["Defend_R"],"damage_healed":0.0,"max_hp_gain":0.0,"max_hp_loss":0.0,"gold_gain":0.0,"event_name":"Golden Wing","player_choice":"Card Removal","floor":2.0,"gold_loss":0.0,"damage_taken":7.0},{"damage_healed":0.0,"max_hp_gain":0.0,"max_hp_loss":0.0,"gold_gain":0.0,"event_name":"betterMatch:BetterMatch","player_choice":"3","floor":8.0,"gold_loss":0.0,"damage_taken":0.0,"cards_obtained":[]},{"damage_healed":0.0,"max_hp_gain":0.0,"max_hp_loss":0.0,"gold_gain":0.0,"event_name":"Mushrooms","player_choice":"Fought Mushrooms","floor":12.0,"gold_loss":0.0,"damage_taken":0.0},{"damage_healed":0.0,"max_hp_gain":0.0,"max_hp_loss":0.0,"gold_gain":0.0,"event_name":"Accursed Blacksmith","player_choice":"Rummage","floor":19.0,"gold_loss":0.0,"damage_taken":0.0,"relics_obtained":["WarpedTongs"],"cards_obtained":["Pain"]},{"damage_healed":0.0,"max_hp_gain":0.0,"max_hp_loss":0.0,"gold_gain":0.0,"event_name":"Cursed Tome","player_choice":"Obtained Book","floor":22.0,"gold_loss":0.0,"damage_taken":16.0},{"damage_healed":0.0,"max_hp_gain":0.0,"max_hp_loss":0.0,"gold_gain":0.0,"event_name":"The Mausoleum","player_choice":"Opened","floor":30.0,"gold_loss":0.0,"damage_taken":0.0,"relics_obtained":["Ancient Tea Set"],"cards_obtained":["Writhe"]},{"damage_healed":0.0,"max_hp_gain":0.0,"max_hp_loss":0.0,"gold_gain":0.0,"event_name":"Vampires","player_choice":"Ignored","floor":31.0,"gold_loss":0.0,"damage_taken":0.0},{"damage_healed":0.0,"max_hp_gain":0.0,"max_hp_loss":0.0,"gold_gain":3.0,"event_name":"betterStone:BetterStone","player_choice":"3","floor":36.0,"gold_loss":0.0,"damage_taken":0.0,"cards_obtained":["Crescendo"]}],"is_beta":false,"boss_relics":[{"not_picked":["Runic Cube","SlaversCollar"],"picked":"Calling Bell"},{"not_picked":["SacredBark","Runic Dome"],"picked":"Black Blood"}],"items_purged_floors":[41],"is_endless":false,"potions_floor_spawned":[7,13,16,21,24,27,39,40,45,47,48],"killed_by":"Awakened One","ascension_level":2}}