{"host":"gsmj583br51y3r1c","time":1609652430,"event":{"mods":["AchievementEnabler","BaseMod","Better Note","Colored Map","Downfall","Hermit","Highlight Path","Hubris","Infinite Spire","Marisa????????","Minty Spire (QoL Compilation)","Quick Restart","StSLib","The Administrix","The Bug Knight","The Cursed","The Disciple","The Hierophant","The Marked","The Necromancer","The Runesmith","The Servant 0.9.4","Unceasing Turn Reminder","everything is the same but u backflip on backflip"],"gold_per_floor":[111,111,111,128,128,158,108,108,108],"floor_reached":8,"playtime":553,"items_purged":[],"score":79,"play_id":"de6db7bd-651b-4458-8cbd-0e2f766fec41","local_time":"20210103074030","is_ascension_mode":false,"campfire_choices":[],"circlet_count":0,"master_deck":["Strike_MRS","Strike_MRS","Strike_MRS","Defend_MRS","Defend_MRS","Defend_MRS","Defend_MRS","MasterSpark","UpSweep","DoubleSpark","DeepEcoloBomb","PowerUp","infinitespire:Starlight","MagicAbsorber"],"relics":["MiniHakkero","NeowsBlessing","hubris:Towel","Question Card"],"acts_visited":["Exordium"],"potions_floor_usage":[],"damage_taken":[{"damage":0,"enemies":"Jaw Worm","floor":1,"turns":1},{"damage":0,"enemies":"Small Slimes","floor":4,"turns":1},{"damage":0,"enemies":"3 Sentries","floor":6,"turns":1},{"damage":22,"enemies":"Lagavulin","floor":8,"turns":4}],"seed_played":"8462142886961653809","potions_obtained":[],"is_trial":false,"path_per_floor":["M","?","$","M","?","E","?","E"],"character_chosen":"MARISA","items_purchased":[],"campfire_rested":0,"item_purchase_floors":[],"current_hp_per_floor":[75,75,75,75,57,67,67,45,45],"gold":108,"neow_bonus":"THREE_ENEMY_KILL","is_daily":false,"chose_seed":false,"campfire_upgraded":0,"win_rate":0.0,"timestamp":1609652430,"path_taken":["M","?","$","M","?","E","?","E"],"items_purchased_type":[],"build_version":"2020-12-22","purchased_purges":0,"victory":false,"max_hp_per_floor":[75,75,75,75,75,75,75,75,75],"card_choices":[{"not_picked":["PowerUp","DeepEcoloBomb"],"picked":"DoubleSpark","floor":1},{"not_picked":["PowerUp","DoubleSpark"],"picked":"DeepEcoloBomb","floor":1},{"not_picked":["IllusionStar","Orbital"],"picked":"PowerUp","floor":4},{"not_picked":["hubris:InfiniteBlow","infinitespire:SealOfDarkness+"],"picked":"infinitespire:Starlight","floor":5},{"not_picked":["AlicesGift","UnstableBomb"],"picked":"MagicAbsorber","floor":6}],"player_experience":278254,"relics_obtained":[{"floor":6,"key":"Question Card"}],"event_choices":[{"cards_removed":["Strike_MRS"],"damage_healed":0,"gold_gain":0,"player_choice":"Card Removal","damage_taken":0,"max_hp_gain":0,"max_hp_loss":0,"event_name":"The Cleric","floor":7,"gold_loss":50}],"is_beta":false,"boss_relics":[],"items_purged_floors":[],"is_endless":false,"potions_floor_spawned":[],"killed_by":"Lagavulin","ascension_level":0}}