{"host":"lklj3eidp7g5an38","time":1609695725,"event":{"mods":["BaseMod","Minty Spire (QoL Compilation)","Relic Stats","StSLib"],"gold_per_floor":[359,369,380,392,404,404,437,437,463,463,507,519,565,600,612,708,720,729,791,803,828,229,229,258,293,293,293,335,374,374,24,24,24,24],"floor_reached":33,"playtime":1967,"items_purged":["Strike_R","Strike_R"],"score":570,"play_id":"b4da9e08-500f-4208-a385-3d3fa8bccabe","local_time":"20210103174205","is_ascension_mode":true,"campfire_choices":[{"data":"Bash","floor":6,"key":"SMITH"},{"data":"Perfected Strike","floor":8,"key":"SMITH"},{"floor":10,"key":"REST"},{"data":"Fire Breathing","floor":15,"key":"SMITH"},{"floor":23,"key":"REST"},{"floor":27,"key":"REST"},{"floor":30,"key":"REST"},{"floor":32,"key":"REST"}],"circlet_count":0,"master_deck":["AscendersBane","Strike_R","Strike_R","Strike_R","Defend_R","Defend_R","Defend_R","Defend_R","Bash+1","Perfected Strike+1","Wild Strike","Ghostly Armor","Fire Breathing+1","Shrug It Off","Feed","Power Through","Fiend Fire","Whirlwind","Reaper","Inflame","Shrug It Off","Battle Trance+1","Carnage"],"relics":["Burning Blood","Question Card","CeramicFish","MawBank","Boot","Fusion Hammer","FossilizedHelix","WingedGreaves","The Courier","Red Mask","Bottled Lightning","Torii"],"acts_visited":["Exordium","TheCity"],"potions_floor_usage":[7,11,15,28,29,33],"damage_taken":[{"damage":6,"enemies":"Cultist","floor":1,"turns":4},{"damage":0,"enemies":"Small Slimes","floor":2,"turns":3},{"damage":12,"enemies":"2 Louse","floor":3,"turns":3},{"damage":7,"enemies":"Looter","floor":4,"turns":3},{"damage":11,"enemies":"Large Slime","floor":5,"turns":7},{"damage":25,"enemies":"Lagavulin","floor":7,"turns":5},{"damage":4,"enemies":"Gremlin Nob","floor":11,"turns":4},{"damage":33,"enemies":"Lagavulin","floor":13,"turns":7},{"damage":6,"enemies":"2 Fungi Beasts","floor":14,"turns":3},{"damage":29,"enemies":"The Guardian","floor":16,"turns":13},{"damage":11,"enemies":"2 Thieves","floor":18,"turns":4},{"damage":14,"enemies":"3 Byrds","floor":21,"turns":6},{"damage":25,"enemies":"Sentry and Sphere","floor":24,"turns":6},{"damage":43,"enemies":"Gremlin Leader","floor":25,"turns":6},{"damage":25,"enemies":"Masked Bandits","floor":28,"turns":3},{"damage":74,"enemies":"Slavers","floor":29,"turns":5},{"damage":102,"enemies":"Collector","floor":33,"turns":8}],"seed_played":"3200548864188316869","potions_obtained":[{"floor":1,"key":"AttackPotion"},{"floor":5,"key":"Swift Potion"},{"floor":7,"key":"Block Potion"},{"floor":11,"key":"SteroidPotion"},{"floor":13,"key":"SpeedPotion"},{"floor":14,"key":"Fruit Juice"},{"floor":25,"key":"ColorlessPotion"},{"floor":28,"key":"Regen Potion"}],"is_trial":false,"path_per_floor":["M","M","M","M","M","R","E","R","T","R","E","?","E","M","R","B",null,"M","?","?","M","$","R","M","E","T","R","?","E","R","$","R","B"],"character_chosen":"IRONCLAD","items_purchased":["FossilizedHelix","Reaper","Inflame","Torii"],"campfire_rested":5,"item_purchase_floors":[22,22,22,31],"current_hp_per_floor":[50,56,50,49,44,44,25,25,25,47,49,49,25,28,33,13,70,65,65,39,31,31,59,40,18,18,46,42,9,38,38,67,0,0],"gold":24,"neow_bonus":"TWO_FIFTY_GOLD","is_daily":false,"chose_seed":false,"campfire_upgraded":3,"win_rate":0.0,"timestamp":1609695725,"path_taken":["M","M","?","?","M","R","E","R","T","R","E","?","E","M","R","BOSS","M","?","?","M","$","R","M","E","T","R","?","E","R","$","R","BOSS"],"items_purchased_type":["Relic","Card","Card","Relic"],"build_version":"2020-12-22","purchased_purges":2,"victory":false,"max_hp_per_floor":[75,75,75,75,75,75,75,75,75,75,75,75,78,81,86,89,89,89,89,94,94,94,94,94,94,94,94,94,97,97,97,97,97,97],"relic_stats":{"Torii":0,"counters":[17,90],"CeramicFish":81,"Question Card":10,"MawBank":132,"Boot":[30],"obtain_stats":[{"Torii":31,"CeramicFish":9,"Fusion Hammer":17,"WingedGreaves":25,"The Courier":26,"Red Mask":28,"Bottled Lightning":29,"Question Card":7,"MawBank":11,"Boot":13,"Burning Blood":0,"FossilizedHelix":22},{"Torii":16,"CeramicFish":6,"Fusion Hammer":10,"WingedGreaves":14,"The Courier":14,"Red Mask":15,"Bottled Lightning":16,"Question Card":6,"MawBank":7,"Boot":8,"Burning Blood":0,"FossilizedHelix":12},{"Torii":82,"CeramicFish":25,"Fusion Hammer":52,"WingedGreaves":74,"The Courier":74,"Red Mask":77,"Bottled Lightning":82,"Question Card":25,"MawBank":29,"Boot":36,"Burning Blood":0,"FossilizedHelix":62}],"Burning Blood":96},"card_choices":[{"not_picked":["True Grit","Clothesline","Anger"],"picked":"SKIP","floor":1},{"not_picked":["Seeing Red","Ghostly Armor"],"picked":"Perfected Strike","floor":2},{"not_picked":["Metallicize","Havoc"],"picked":"Wild Strike","floor":3},{"not_picked":["Body Slam","Havoc"],"picked":"Ghostly Armor","floor":4},{"not_picked":["Twin Strike","Body Slam"],"picked":"Fire Breathing","floor":5},{"not_picked":["Dark Embrace","Twin Strike"],"picked":"Shrug It Off","floor":7},{"not_picked":["Anger","Ghostly Armor","Clothesline"],"picked":"Feed","floor":11},{"not_picked":["Perfected Strike","Clothesline","Searing Blow","Clash"],"picked":"SKIP","floor":13},{"not_picked":["Dark Embrace","Rupture","Sentinel"],"picked":"Power Through","floor":14},{"not_picked":["Juggernaut","Demon Form","Exhume"],"picked":"Fiend Fire","floor":16},{"not_picked":["Flex","Pommel Strike","Wild Strike"],"picked":"Whirlwind","floor":18},{"not_picked":["Clothesline","Clash","Twin Strike","Iron Wave"],"picked":"SKIP","floor":21},{"not_picked":["Warcry","Havoc","Iron Wave"],"picked":"Shrug It Off","floor":24},{"not_picked":["Wild Strike","Pommel Strike","Whirlwind","Berserk"],"picked":"SKIP","floor":25},{"not_picked":["True Grit","Hemokinesis","Seeing Red+1"],"picked":"Battle Trance+1","floor":28},{"not_picked":["Warcry","Flex","Heavy Blade"],"picked":"Carnage","floor":29}],"player_experience":899115,"relics_obtained":[{"floor":7,"key":"Question Card"},{"floor":9,"key":"CeramicFish"},{"floor":11,"key":"MawBank"},{"floor":13,"key":"Boot"},{"floor":25,"key":"WingedGreaves"},{"floor":26,"key":"The Courier"},{"floor":28,"key":"Red Mask"},{"floor":29,"key":"Bottled Lightning"}],"event_choices":[{"damage_healed":0,"gold_gain":0,"player_choice":"Searched \u00271\u0027 times","damage_taken":0,"max_hp_gain":0,"max_hp_loss":0,"event_name":"Dead Adventurer","floor":12,"gold_loss":0},{"damage_healed":0,"gold_gain":50,"player_choice":"Stole From Cult","damage_taken":0,"max_hp_gain":0,"max_hp_loss":0,"event_name":"Nest","floor":19,"gold_loss":0},{"damage_healed":0,"gold_gain":0,"player_choice":"Shed Blood","damage_taken":31,"max_hp_gain":5,"max_hp_loss":0,"event_name":"Forgotten Altar","floor":20,"gold_loss":0},{"damage_healed":0,"gold_gain":0,"player_choice":"Fought Bandits","damage_taken":0,"max_hp_gain":0,"max_hp_loss":0,"event_name":"Masked Bandits","floor":28,"gold_loss":0}],"is_beta":false,"boss_relics":[{"not_picked":["Runic Cube","Coffee Dripper"],"picked":"Fusion Hammer"}],"items_purged_floors":[22,31],"is_endless":false,"potions_floor_spawned":[1,5,7,11,13,14,25,28],"killed_by":"Collector","ascension_level":16}}