{"host":"sc0o2qwpf9j16a4i","time":1609688158,"event":{"mods":["AchievementEnabler","BaseMod","BetterRewards","Block Reminder","Colored Map","Colored Powertips","Custom Start","Highlight Path","Minty Spire (QoL Compilation)","Relic Stats"],"gold_per_floor":[119,119,130,55,73,73,87,87,87,87,100,182,48,83,83,160,160,178,178,190,190,190,190,190,190],"floor_reached":24,"playtime":550,"items_purged":["Strike_B"],"score":388,"play_id":"55e9fb7e-7aac-4ae1-96d5-661838bfe21d","local_time":"20210103173558","is_ascension_mode":true,"campfire_choices":[{"floor":6,"key":"REST"},{"data":"Fission","floor":8,"key":"SMITH"},{"floor":10,"key":"REST"},{"data":"Go for the Eyes","floor":15,"key":"SMITH"},{"floor":23,"key":"REST"}],"circlet_count":0,"master_deck":["AscendersBane","Strike_B+1","Strike_B","Defend_B","Defend_B","Defend_B+1","Defend_B","Zap+1","Dualcast","Ball Lightning","Compile Driver","Glacier","Fission+1","Go for the Eyes+1","Seek","Capacitor","Sweeping Beam"],"relics":["Cracked Core","Matryoshka","Cables","Meat on the Bone","DataDisk","Fusion Hammer"],"acts_visited":["Exordium","TheCity"],"potions_floor_usage":[11,16,18,24],"damage_taken":[{"damage":8,"enemies":"2 Louse","floor":1,"turns":3},{"damage":0,"enemies":"Small Slimes","floor":3,"turns":3},{"damage":7,"enemies":"Jaw Worm","floor":5,"turns":2},{"damage":9,"enemies":"Red Slaver","floor":7,"turns":2},{"damage":0,"enemies":"3 Louse","floor":11,"turns":1},{"damage":19,"enemies":"Gremlin Nob","floor":14,"turns":4},{"damage":34,"enemies":"Hexaghost","floor":16,"turns":13},{"damage":5,"enemies":"Shell Parasite","floor":18,"turns":4},{"damage":16,"enemies":"3 Byrds","floor":20,"turns":6},{"damage":59,"enemies":"Slavers","floor":24,"turns":6}],"seed_played":"-5179742339281803591","potions_obtained":[{"floor":7,"key":"Explosive Potion"},{"floor":11,"key":"DuplicationPotion"},{"floor":14,"key":"DuplicationPotion"},{"floor":16,"key":"Block Potion"}],"is_trial":false,"path_per_floor":["M","?","M","?","M","R","M","R","T","R","M","T","$","E","R","B",null,"M","?","M","?","?","R","E"],"character_chosen":"DEFECT","items_purchased":["Go for the Eyes"],"campfire_rested":3,"item_purchase_floors":[13],"current_hp_per_floor":[56,35,35,35,28,49,40,40,40,61,61,61,61,42,42,20,58,53,53,37,37,37,58,0,0],"gold":190,"neow_bonus":"UPGRADE_CARD","is_daily":false,"chose_seed":false,"campfire_upgraded":2,"win_rate":0.0,"timestamp":1609688158,"path_taken":["M","?","M","?","M","R","M","R","T","R","M","?","$","E","R","BOSS","M","?","M","?","?","R","E"],"items_purchased_type":["Card"],"build_version":"2020-12-22","purchased_purges":1,"victory":false,"max_hp_per_floor":[71,71,71,71,71,71,71,71,71,71,71,71,71,71,71,71,71,71,71,71,71,71,71,71,71],"relic_stats":{"counters":[10,44],"obtain_stats":[{"DataDisk":14,"Matryoshka":9,"Fusion Hammer":17,"Cracked Core":0,"Cables":12,"Meat on the Bone":12},{"DataDisk":6,"Matryoshka":4,"Fusion Hammer":7,"Cracked Core":0,"Cables":5,"Meat on the Bone":5},{"DataDisk":15,"Matryoshka":10,"Fusion Hammer":28,"Cracked Core":0,"Cables":11,"Meat on the Bone":11}],"Cables":[27,10,17,0,0],"Meat on the Bone":12},"card_choices":[{"not_picked":["Hologram","Blizzard"],"picked":"Ball Lightning","floor":1},{"not_picked":["BootSequence","Sweeping Beam"],"picked":"Compile Driver","floor":3},{"not_picked":["Static Discharge","Compile Driver"],"picked":"Glacier","floor":5},{"not_picked":["Redo","Conserve Battery"],"picked":"Fission","floor":7},{"not_picked":["Consume","Steam","Fusion"],"picked":"SKIP","floor":11},{"not_picked":["Force Field","Consume","Rebound"],"picked":"SKIP","floor":14},{"not_picked":["Machine Learning","Reboot"],"picked":"Seek","floor":16},{"not_picked":["Beam Cell","Recycle","Aggregate+1"],"picked":"SKIP","floor":18},{"not_picked":["Melter","Go for the Eyes"],"picked":"Sweeping Beam","floor":20}],"player_experience":540829,"relics_obtained":[{"floor":9,"key":"Matryoshka"},{"floor":12,"key":"Cables"},{"floor":12,"key":"Meat on the Bone"},{"floor":14,"key":"DataDisk"}],"event_choices":[{"damage_healed":0,"gold_gain":0,"player_choice":"Entered Light","damage_taken":21,"max_hp_gain":0,"max_hp_loss":0,"event_name":"Shining Light","floor":2,"gold_loss":0,"cards_upgraded":["Strike_B","Defend_B"]},{"cards_removed":["Strike_B"],"damage_healed":0,"gold_gain":0,"player_choice":"Card Removal","damage_taken":0,"max_hp_gain":0,"max_hp_loss":0,"event_name":"The Cleric","floor":4,"gold_loss":75},{"damage_healed":0,"gold_gain":0,"player_choice":"Read","damage_taken":0,"max_hp_gain":0,"max_hp_loss":0,"event_name":"The Library","floor":19,"gold_loss":0,"cards_obtained":["Capacitor"]},{"damage_healed":0,"gold_gain":0,"player_choice":"Ignored","damage_taken":0,"max_hp_gain":0,"max_hp_loss":0,"event_name":"Cursed Tome","floor":21,"gold_loss":0},{"damage_healed":0,"gold_gain":0,"player_choice":"Ignored","damage_taken":0,"max_hp_gain":0,"max_hp_loss":0,"event_name":"The Mausoleum","floor":22,"gold_loss":0}],"is_beta":false,"boss_relics":[{"not_picked":["Snecko Eye","FrozenCore"],"picked":"Fusion Hammer"}],"items_purged_floors":[13],"is_endless":false,"potions_floor_spawned":[7,11,14,16],"killed_by":"Slavers","ascension_level":20}}