{"host":"hjw1ay65n7jm40lc","time":1609640306,"event":{"mods":["AchievementEnabler","BaseMod","Block Reminder","Colored Map","Colored Powertips","Curses Come First","Downfall","Googly Eyes","Hermit","Highlight Path","Jorbs\u0027s Wanderer Trilogy","Minty Spire (QoL Compilation)","Quick Restart","Relic Stats","StSLib"],"gold_per_floor":[162,89,111,133,163,189,189,224,251,251,292,292,317,381,381,478,478,478,403,403,403,176,131,131,131,131,10,10,10,10,10,10,10,10,10,10,10,10,10,10,10,10,10,10,10,10,10,10,10,10],"floor_reached":51,"playtime":12817,"items_purged":["Shame"],"score":835,"play_id":"95ea13d2-80ea-4b69-aae0-4e62bb34d434","local_time":"20210102211826","is_ascension_mode":false,"campfire_choices":[{"floor":10.0,"key":"REST"},{"data":"stsjorbsmod:FindFamiliar","floor":12.0,"key":"SMITH"},{"data":"stsjorbsmod:ChatteringStrike","floor":15,"key":"SMITH"},{"data":"stsjorbsmod:MistyStep","floor":25,"key":"SMITH"},{"data":"stsjorbsmod:ArcaneForm","floor":32,"key":"SMITH"},{"data":"stsjorbsmod:GatherPower","floor":40,"key":"SMITH"},{"data":"stsjorbsmod:HoldMonster","floor":44,"key":"SMITH"},{"data":"stsjorbsmod:WanderingMind","floor":46,"key":"SMITH"},{"floor":49,"key":"REST"}],"circlet_count":0,"master_deck":["stsjorbsmod:ForbiddenGrimoire+1","stsjorbsmod:Defend_Wanderer","stsjorbsmod:Defend_Wanderer+1","stsjorbsmod:Defend_Wanderer","stsjorbsmod:Defend_Wanderer+1","stsjorbsmod:FreshAdventure+1","stsjorbsmod:EyeOfTheStorm+1","stsjorbsmod:UnseenServant+1","stsjorbsmod:ChatteringStrike+1","stsjorbsmod:LocateObject","stsjorbsmod:FindFamiliar+1","stsjorbsmod:Channel+1","stsjorbsmod:TrueStrike","stsjorbsmod:SmithingStrike","stsjorbsmod:RefuseToForget","stsjorbsmod:ArcaneForm+1","stsjorbsmod:Counterspell+1","stsjorbsmod:PurgeMind+1","stsjorbsmod:MistyStep+1","stsjorbsmod:WanderingMind+1","stsjorbsmod:ColorSpray","stsjorbsmod:GatherPower+1","stsjorbsmod:HoldMonster+1"],"relics":["Tiny House","Turnip","Bronze Scales","War Paint","Ectoplasm","stsjorbsmod:BottledMemoryRelic","Happy Flower","Nunchaku","stsjorbsmod:AlchemistsFireRelic","Calipers","Cursed Key","Ginger","Kunai","Molten Egg 2"],"acts_visited":["Exordium","TheCity","TheBeyond"],"potions_floor_usage":[16,16,33,37,41,41,50,50],"damage_taken":[{"damage":0.0,"enemies":"Cultist","floor":1.0,"turns":3.0},{"damage":0.0,"enemies":"Jaw Worm","floor":3.0,"turns":3.0},{"damage":2.0,"enemies":"Small Slimes","floor":4.0,"turns":4.0},{"damage":2.0,"enemies":"Blue Slaver","floor":5.0,"turns":6.0},{"damage":34.0,"enemies":"Lagavulin","floor":6.0,"turns":7.0},{"damage":14.0,"enemies":"Gremlin Nob","floor":8.0,"turns":3.0},{"damage":0.0,"enemies":"3 Louse","floor":11.0,"turns":4.0},{"damage":4.0,"enemies":"Gremlin Gang","floor":13.0,"turns":4.0},{"damage":2.0,"enemies":"Lots of Slimes","floor":14.0,"turns":3.0},{"damage":17,"enemies":"Hexaghost","floor":16,"turns":7},{"damage":0,"enemies":"3 Byrds","floor":18,"turns":2},{"damage":11,"enemies":"2 Thieves","floor":23,"turns":4},{"damage":5,"enemies":"Gremlin Leader","floor":24,"turns":6},{"damage":2,"enemies":"Snecko","floor":28,"turns":5},{"damage":14,"enemies":"Collector","floor":33,"turns":5},{"damage":2,"enemies":"3 Darklings","floor":35,"turns":4},{"damage":0,"enemies":"3 Shapes","floor":36,"turns":4},{"damage":10,"enemies":"Maw","floor":37,"turns":6},{"damage":1,"enemies":"3 Darklings","floor":38,"turns":3},{"damage":20,"enemies":"2 Orb Walkers","floor":41,"turns":5},{"damage":0,"enemies":"Giant Head","floor":42,"turns":6},{"damage":3,"enemies":"Reptomancer","floor":45,"turns":4},{"damage":7,"enemies":"Writhing Mass","floor":47,"turns":4},{"damage":42,"enemies":"Time Eater","floor":50,"turns":7}],"seed_played":"-6739342075182835548","potions_obtained":[{"floor":0.0,"key":"LiquidMemories"},{"floor":6.0,"key":"ColorlessPotion"},{"floor":11.0,"key":"Weak Potion"},{"floor":14.0,"key":"stsjorbsmod:BurningPotion"},{"floor":16,"key":"Regen Potion"},{"floor":24,"key":"Swift Potion"},{"floor":31,"key":"Weak Potion"},{"floor":35,"key":"BlessingOfTheForge"},{"floor":36,"key":"ColorlessPotion"},{"floor":37,"key":"Energy Potion"},{"floor":45,"key":"SteroidPotion"}],"is_trial":false,"path_per_floor":["M","$","M","M","M","E","?","E","T","R","M","R","M","M","R","B",null,"M","?","?","?","$","M","E","R","T","$","M","?","T","?","R","B",null,"M","M","M","M","?","R","?","E","T","R","E","R","M","T","R","B",null],"character_chosen":"WANDERER","items_purchased":["stsjorbsmod:LocateObject","Happy Flower","stsjorbsmod:ColorSpray","PowerPotion"],"campfire_rested":2,"item_purchase_floors":[2,22,27,27],"current_hp_per_floor":[75,75,75,73,71,37,22,8,8,30,30,30,26,24,24,7,75,75,75,75,75,75,64,61,61,61,61,59,59,59,59,59,45,77,75,75,65,64,64,64,44,46,46,46,43,43,38,38,62,22],"gold":10,"neow_bonus":"BOSS_RELIC","is_daily":false,"chose_seed":false,"campfire_upgraded":7,"win_rate":0.0,"timestamp":1609640306,"path_taken":["M","$","M","M","?","E","?","E","T","R","M","R","M","M","R","BOSS","M","?","?","?","$","M","E","R","T","$","?","?","?","?","R","BOSS","M","M","?","?","?","R","?","E","T","R","E","R","M","?","R","BOSS"],"items_purchased_type":["Card","Relic","Card","Potion"],"build_version":"2020-12-22","purchased_purges":1,"victory":true,"max_hp_per_floor":[75,75,75,75,75,75,75,75,75,75,75,75,75,75,75,75,75,75,75,75,75,75,75,77,77,77,77,77,77,77,77,77,77,77,77,77,77,77,77,77,77,79,79,79,79,79,81,81,81,83],"relic_stats":{"Nunchaku":[10],"Happy Flower":[21],"counters":[24,109],"Bronze Scales":[278],"Turnip":[6],"Ectoplasm":451,"Ginger":[6],"Kunai":[4],"War Paint":["stsjorbsmod:UnseenServant","stsjorbsmod:EyeOfTheStorm"],"Cursed Key":0,"obtain_stats":[{"stsjorbsmod:BottledMemoryRelic":20,"Tiny House":0,"Calipers":30,"Happy Flower":22,"stsjorbsmod:GrimoireRelic":0,"stsjorbsmod:AlchemistsFireRelic":26,"Ginger":41,"War Paint":9,"Cursed Key":34,"Nunchaku":24,"Bronze Scales":8,"Molten Egg 2":45,"Turnip":6,"Ectoplasm":17,"Kunai":42},{"stsjorbsmod:BottledMemoryRelic":11,"Tiny House":0,"Calipers":14,"Happy Flower":11,"stsjorbsmod:GrimoireRelic":0,"stsjorbsmod:AlchemistsFireRelic":13,"Ginger":20,"War Paint":6,"Cursed Key":15,"Nunchaku":13,"Bronze Scales":6,"Molten Egg 2":22,"Turnip":5,"Ectoplasm":10,"Kunai":21},{"stsjorbsmod:BottledMemoryRelic":46,"Tiny House":0,"Calipers":61,"Happy Flower":46,"stsjorbsmod:GrimoireRelic":0,"stsjorbsmod:AlchemistsFireRelic":56,"Ginger":88,"War Paint":26,"Cursed Key":66,"Nunchaku":56,"Bronze Scales":26,"Molten Egg 2":98,"Turnip":23,"Ectoplasm":44,"Kunai":94}]},"card_choices":[{"not_picked":["stsjorbsmod:WeightOfMemory","stsjorbsmod:MagicMirror"],"picked":"stsjorbsmod:UnseenServant","floor":0.0},{"not_picked":["stsjorbsmod:BurningFlask","stsjorbsmod:Hurt"],"picked":"stsjorbsmod:ChatteringStrike","floor":1.0},{"not_picked":["stsjorbsmod:BlackTentacles","stsjorbsmod:Message"],"picked":"stsjorbsmod:FindFamiliar","floor":3.0},{"not_picked":["stsjorbsmod:DisguiseSelf","stsjorbsmod:FaerieFire"],"picked":"stsjorbsmod:Channel","floor":4.0},{"not_picked":["stsjorbsmod:Thorns","stsjorbsmod:Hibernate","stsjorbsmod:UnseenServant"],"picked":"SKIP","floor":5.0},{"not_picked":["stsjorbsmod:LocateObject","stsjorbsmod:Banish","stsjorbsmod:UnseenServant"],"picked":"SKIP","floor":6.0},{"not_picked":["stsjorbsmod:FracturedMind","stsjorbsmod:Prestidigitation"],"picked":"stsjorbsmod:TrueStrike","floor":8.0},{"not_picked":["stsjorbsmod:TrueStrike","stsjorbsmod:Patron"],"picked":"stsjorbsmod:SmithingStrike","floor":11.0},{"not_picked":["stsjorbsmod:SmithingStrike","stsjorbsmod:FracturedMind"],"picked":"stsjorbsmod:RefuseToForget","floor":13.0},{"not_picked":["stsjorbsmod:ArcaneWeapon","stsjorbsmod:FracturedMind","stsjorbsmod:WanderingMind"],"picked":"SKIP","floor":14.0},{"not_picked":["stsjorbsmod:Withdraw","stsjorbsmod:Determination"],"picked":"stsjorbsmod:ArcaneForm","floor":16},{"not_picked":["stsjorbsmod:Will","stsjorbsmod:AnimateObjects","stsjorbsmod:BlackTentacles"],"picked":"SKIP","floor":18},{"not_picked":["stsjorbsmod:SmithingStrike","stsjorbsmod:LocateObject+1"],"picked":"stsjorbsmod:MistyStep","floor":23},{"not_picked":["stsjorbsmod:Hurt","stsjorbsmod:MageArmor+1"],"picked":"stsjorbsmod:WanderingMind","floor":24},{"not_picked":["stsjorbsmod:MagicMirror+1","stsjorbsmod:ParryingBlow","stsjorbsmod:Thorns"],"picked":"SKIP","floor":28},{"not_picked":["stsjorbsmod:MagicMirror+1","stsjorbsmod:ParryingBlow","stsjorbsmod:Thorns"],"picked":"SKIP","floor":28},{"not_picked":["stsjorbsmod:Feast","stsjorbsmod:ArcaneForm"],"picked":"stsjorbsmod:GatherPower","floor":33},{"not_picked":["stsjorbsmod:ColorSpray","stsjorbsmod:FracturedMind","stsjorbsmod:ChainLightning+1"],"picked":"SKIP","floor":35},{"not_picked":["stsjorbsmod:Will","stsjorbsmod:ScorchingRay+1","stsjorbsmod:MageArmor"],"picked":"SKIP","floor":36},{"not_picked":["stsjorbsmod:Index+1","stsjorbsmod:LocateObject+1","stsjorbsmod:MagicMissiles+1"],"picked":"SKIP","floor":37},{"not_picked":["stsjorbsmod:BlackTentacles+1","stsjorbsmod:WeightOfMemory+1"],"picked":"stsjorbsmod:HoldMonster","floor":38},{"not_picked":["stsjorbsmod:Hurt","stsjorbsmod:DisguiseSelf","stsjorbsmod:CorrodingBarrier"],"picked":"SKIP","floor":42},{"not_picked":["stsjorbsmod:Hibernate","stsjorbsmod:ArcaneForm","stsjorbsmod:Counterspell"],"picked":"SKIP","floor":45},{"not_picked":["stsjorbsmod:SmithingStrike+1","stsjorbsmod:Index","stsjorbsmod:Hibernate+1"],"picked":"SKIP","floor":47}],"player_experience":768031,"relics_obtained":[{"floor":6.0,"key":"Turnip"},{"floor":8.0,"key":"Bronze Scales"},{"floor":9.0,"key":"War Paint"},{"floor":24,"key":"Nunchaku"},{"floor":26,"key":"stsjorbsmod:AlchemistsFireRelic"},{"floor":30,"key":"Calipers"},{"floor":41,"key":"Ginger"},{"floor":42,"key":"Kunai"},{"floor":45,"key":"Molten Egg 2"}],"event_choices":[{"damage_healed":0.0,"max_hp_gain":0.0,"max_hp_loss":0.0,"gold_gain":0.0,"event_name":"Shining Light","player_choice":"Entered Light","floor":7.0,"gold_loss":0.0,"damage_taken":15.0,"cards_upgraded":["stsjorbsmod:Defend_Wanderer","stsjorbsmod:Channel"]},{"cards_removed":["stsjorbsmod:Strike_Wanderer"],"damage_healed":0,"gold_gain":0,"player_choice":"Gave Gold","damage_taken":0,"max_hp_gain":0,"max_hp_loss":0,"event_name":"Beggar","floor":19,"gold_loss":75},{"damage_healed":0,"gold_gain":0,"player_choice":"Stole Relic","damage_taken":0,"relics_obtained":["stsjorbsmod:BottledMemoryRelic"],"max_hp_gain":0,"max_hp_loss":0,"event_name":"Addict","floor":20,"gold_loss":0,"cards_obtained":["Shame"]},{"damage_healed":0,"gold_gain":0,"cards_transformed":["stsjorbsmod:Strike_Wanderer","stsjorbsmod:Strike_Wanderer"],"player_choice":"Became Test Subject","damage_taken":0,"max_hp_gain":0,"max_hp_loss":0,"event_name":"Drug Dealer","floor":21,"gold_loss":0,"cards_obtained":["stsjorbsmod:Counterspell","stsjorbsmod:PurgeMind"]},{"cards_removed":["stsjorbsmod:Strike_Wanderer"],"damage_healed":0,"gold_gain":0,"player_choice":"Elegance","damage_taken":0,"max_hp_gain":0,"max_hp_loss":0,"event_name":"Back to Basics","floor":29,"gold_loss":0},{"damage_healed":0,"gold_gain":0,"player_choice":"Got Potions","damage_taken":0,"max_hp_gain":0,"max_hp_loss":0,"event_name":"Lab","floor":31,"gold_loss":0},{"damage_healed":0,"gold_gain":0,"player_choice":"Memory 1","damage_taken":0,"max_hp_gain":0,"max_hp_loss":0,"event_name":"SensoryStone","floor":39,"gold_loss":0},{"damage_healed":0,"gold_gain":0,"player_choice":"Fight","damage_taken":0,"max_hp_gain":0,"max_hp_loss":0,"event_name":"Mysterious Sphere","floor":41,"gold_loss":0}],"is_beta":false,"boss_relics":[{"not_picked":["Coffee Dripper","Runic Pyramid"],"picked":"Ectoplasm"},{"not_picked":["SacredBark","Black Star"],"picked":"Cursed Key"}],"items_purged_floors":[22],"is_endless":false,"potions_floor_spawned":[6,11,14,16,24,28,35,36,37,45],"ascension_level":0}}