{"host":"2tgyrzvaa7l04o2e","time":1609710706,"event":{"mods":["BaseMod","Highlight Path","Minty Spire (QoL Compilation)","Permanent Neow","Relic Stats"],"gold_per_floor":[168,168,181,194,204,204,229,229,229,229,245,272,288,302,302,399,399,410,421,421,110,124,163,163,197,197,223,236,236,266,141,141,248,248,269,321,271,284,309,309,352,363,390,423,423,460,263,263,263,263,263,263,13,47,47,47],"floor_reached":55,"playtime":3735,"items_purged":["Strike_P","Strike_P","Defend_P","Defend_P"],"score":1169,"play_id":"436805f8-429d-4430-8195-a85611bb7009","local_time":"20210103225146","is_ascension_mode":true,"campfire_choices":[{"data":"Eruption","floor":6,"key":"SMITH"},{"data":"ClearTheMind","floor":8,"key":"SMITH"},{"data":"Protect","floor":10,"key":"SMITH"},{"floor":15,"key":"REST"},{"floor":24,"key":"REST"},{"floor":29,"key":"REST"},{"floor":32,"key":"REST"},{"data":"Vault","floor":40,"key":"SMITH"},{"floor":45,"key":"RECALL"},{"data":"Establishment","floor":49,"key":"SMITH"},{"data":"FlurryOfBlows","floor":52,"key":"SMITH"}],"circlet_count":0,"master_deck":["Strike_P+1","Strike_P","Defend_P","Defend_P","Eruption+1","Vigilance","FlurryOfBlows+1","Protect+1","CutThroughFate","MentalFortress","Protect","ClearTheMind+1","Evaluate","FollowUp+1","WheelKick+1","Establishment+1","Ragnarok+1","Wireheading","EmptyFist+1","Necronomicurse","Tantrum+1","Wallop+1","TalkToTheHand+1","FearNoEvil+1","InnerPeace","Vault+1","CrushJoints+1","WindmillStrike+1","FlurryOfBlows+1","Protect+1"],"relics":["Tiny House","Strawberry","Mercury Hourglass","Molten Egg 2","Pear","VioletLotus","Necronomicon","Membership Card","Tiny Chest","CeramicFish","HornCleat","Smiling Mask","White Beast Statue","Oddly Smooth Stone","Philosopher\u0027s Stone","Turnip","Du-Vu Doll","Ancient Tea Set","Akabeko","Bird Faced Urn","Calipers","Yang","Strange Spoon","Boot"],"acts_visited":["Exordium","TheCity","TheBeyond","TheEnding"],"potions_floor_usage":[7,7,12,18,23,35,42,50,55],"damage_taken":[{"damage":0,"enemies":"Jaw Worm","floor":1,"turns":5},{"damage":0,"enemies":"Cultist","floor":3,"turns":3},{"damage":4,"enemies":"Small Slimes","floor":4,"turns":4},{"damage":3,"enemies":"Looter","floor":5,"turns":3},{"damage":16,"enemies":"3 Sentries","floor":7,"turns":7},{"damage":3,"enemies":"Gremlin Gang","floor":11,"turns":3},{"damage":32,"enemies":"Gremlin Nob","floor":12,"turns":4},{"damage":3,"enemies":"Blue Slaver","floor":13,"turns":3},{"damage":14,"enemies":"Exordium Thugs","floor":14,"turns":4},{"damage":33,"enemies":"Slime Boss","floor":16,"turns":8},{"damage":18,"enemies":"3 Byrds","floor":18,"turns":4},{"damage":6,"enemies":"Chosen","floor":19,"turns":5},{"damage":0,"enemies":"Sentry and Sphere","floor":22,"turns":2},{"damage":17,"enemies":"Gremlin Leader","floor":23,"turns":4},{"damage":30,"enemies":"Book of Stabbing","floor":25,"turns":4},{"damage":34,"enemies":"Slavers","floor":27,"turns":5},{"damage":24,"enemies":"Snake Plant","floor":28,"turns":2},{"damage":4,"enemies":"Book of Stabbing","floor":30,"turns":4},{"damage":14,"enemies":"Champ","floor":33,"turns":6},{"damage":0,"enemies":"3 Darklings","floor":35,"turns":4},{"damage":3,"enemies":"2 Orb Walkers","floor":36,"turns":3},{"damage":0,"enemies":"Orb Walker","floor":38,"turns":4},{"damage":13,"enemies":"4 Shapes","floor":39,"turns":6},{"damage":0,"enemies":"Giant Head","floor":41,"turns":6},{"damage":0,"enemies":"Spire Growth","floor":42,"turns":3},{"damage":0,"enemies":"Reptomancer","floor":44,"turns":5},{"damage":0,"enemies":"Giant Head","floor":46,"turns":6},{"damage":18,"enemies":"Awakened One","floor":50,"turns":8},{"damage":0,"enemies":"Shield and Spear","floor":54,"turns":4},{"damage":155,"enemies":"The Heart","floor":55,"turns":6}],"seed_played":"-7561293260953975192","potions_obtained":[{"floor":0,"key":"DistilledChaos"},{"floor":4,"key":"GamblersBrew"},{"floor":5,"key":"DuplicationPotion"},{"floor":11,"key":"PowerPotion"},{"floor":14,"key":"FairyPotion"},{"floor":16,"key":"Regen Potion"},{"floor":22,"key":"Weak Potion"},{"floor":25,"key":"Dexterity Potion"},{"floor":30,"key":"EssenceOfSteel"},{"floor":33,"key":"Energy Potion"},{"floor":35,"key":"Strength Potion"},{"floor":36,"key":"FearPotion"},{"floor":41,"key":"SkillPotion"},{"floor":42,"key":"BlessingOfTheForge"},{"floor":46,"key":"FairyPotion"}],"is_trial":false,"path_per_floor":["M","?","M","M","M","R","E","R","T","R","M","E","M","M","R","B",null,"M","M","?","$","M","E","R","E","T","E","M","R","E","$","R","B",null,"M","?","$","M","M","R","E","M","T","E","R","E","$","?","R","B",null,"R","$","E","B"],"character_chosen":"WATCHER","items_purchased":["Membership Card","Tantrum+1","Wallop+1","Tiny Chest","Oddly Smooth Stone","Calipers","Yang","Strange Spoon","CultistPotion"],"campfire_rested":4,"item_purchase_floors":[21,21,21,21,31,47,53,53,53],"current_hp_per_floor":[77,84,84,80,77,77,61,61,61,61,58,36,33,19,47,14,74,68,62,46,46,46,29,57,27,27,28,4,32,28,28,56,42,81,81,78,78,78,65,65,65,65,65,65,65,65,65,104,104,86,100,100,100,104,0,0],"gold":47,"neow_bonus":"BOSS_RELIC","is_daily":false,"chose_seed":false,"campfire_upgraded":6,"win_rate":0.0,"timestamp":1609710706,"path_taken":["M","?","M","M","?","R","E","R","T","R","M","E","M","?","R","BOSS","M","M","?","$","M","E","R","E","T","E","M","R","E","$","R","BOSS","M","?","$","M","M","R","E","M","T","E","R","E","$","?","R","BOSS","R","$","E","BOSS"],"items_purchased_type":["Relic","Card","Card","Relic","Relic","Relic","Relic","Relic","Potion"],"build_version":"2020-12-22","purchased_purges":4,"victory":false,"max_hp_per_floor":[77,84,84,84,84,84,84,84,84,84,84,94,94,94,94,94,94,94,94,94,94,94,94,94,94,94,94,94,94,94,94,94,94,94,94,94,94,94,94,94,94,94,94,94,94,94,94,104,104,104,104,104,104,104,104,104],"relic_stats":{"counters":[30,134],"CeramicFish":72,"Yang":[33],"Smiling Mask":38,"Boot":[0],"Mercury Hourglass":[459],"Strange Spoon":[3],"Bird Faced Urn":[6],"Tiny Chest":0,"VioletLotus":[21],"Turnip":[2],"Necronomicon":[43],"obtain_stats":[{"Tiny House":0,"Calipers":47,"CeramicFish":23,"Yang":53,"Smiling Mask":27,"Ancient Tea Set":43,"Boot":54,"HornCleat":25,"Strawberry":2,"Tiny Chest":21,"Philosopher\u0027s Stone":34,"VioletLotus":17,"Necronomicon":20,"Pear":12,"Oddly Smooth Stone":31,"White Beast Statue":30,"Akabeko":44,"Mercury Hourglass":7,"Du-Vu Doll":41,"Strange Spoon":53,"Bird Faced Urn":46,"Molten Egg 2":9,"Turnip":36,"Membership Card":21,"PureWater":0},{"Tiny House":0,"Calipers":27,"CeramicFish":14,"Yang":28,"Smiling Mask":16,"Ancient Tea Set":25,"Boot":29,"HornCleat":15,"Strawberry":1,"Tiny Chest":12,"Philosopher\u0027s Stone":19,"VioletLotus":10,"Necronomicon":12,"Pear":7,"Oddly Smooth Stone":18,"White Beast Statue":18,"Akabeko":26,"Mercury Hourglass":5,"Du-Vu Doll":24,"Strange Spoon":28,"Bird Faced Urn":27,"Molten Egg 2":5,"Turnip":21,"Membership Card":12,"PureWater":0},{"Tiny House":0,"Calipers":116,"CeramicFish":58,"Yang":124,"Smiling Mask":67,"Ancient Tea Set":105,"Boot":128,"HornCleat":62,"Strawberry":5,"Tiny Chest":52,"Philosopher\u0027s Stone":79,"VioletLotus":43,"Necronomicon":52,"Pear":29,"Oddly Smooth Stone":73,"White Beast Statue":73,"Akabeko":110,"Mercury Hourglass":22,"Du-Vu Doll":102,"Strange Spoon":124,"Bird Faced Urn":116,"Molten Egg 2":22,"Turnip":86,"Membership Card":52,"PureWater":0}]},"card_choices":[{"not_picked":["BowlingBash","PathToVictory"],"picked":"FlurryOfBlows","floor":0},{"not_picked":["ThirdEye","BattleHymn"],"picked":"Protect","floor":1},{"not_picked":["Consecrate","Perseverance"],"picked":"CutThroughFate","floor":3},{"not_picked":["Halt","Prostrate"],"picked":"MentalFortress","floor":4},{"not_picked":["EmptyFist","Vengeance"],"picked":"Protect","floor":5},{"not_picked":["DeceiveReality","EmptyMind"],"picked":"ClearTheMind","floor":7},{"not_picked":["Adaptation","EmptyBody"],"picked":"Evaluate","floor":11},{"not_picked":["Nirvana","Protect"],"picked":"FollowUp+1","floor":12},{"not_picked":["Evaluate","PathToVictory"],"picked":"WheelKick+1","floor":13},{"not_picked":["ClearTheMind","WreathOfFlame"],"picked":"Establishment","floor":14},{"not_picked":["Scrawl","Brilliance+1"],"picked":"Ragnarok+1","floor":16},{"not_picked":["EmptyFist+1","ClearTheMind"],"picked":"Wireheading","floor":18},{"not_picked":["SashWhip+1","CarveReality+1"],"picked":"EmptyFist+1","floor":19},{"not_picked":["CrushJoints+1","FlurryOfBlows+1"],"picked":"TalkToTheHand+1","floor":22},{"not_picked":["JustLucky+1","CutThroughFate+1"],"picked":"FearNoEvil+1","floor":23},{"not_picked":["Sanctity+1","SignatureMove+1"],"picked":"InnerPeace","floor":25},{"not_picked":["ClearTheMind","PathToVictory","JustLucky+1"],"picked":"SKIP","floor":27},{"not_picked":["EmptyBody","ClearTheMind","EmptyMind"],"picked":"SKIP","floor":28},{"not_picked":["EmptyFist+1","SashWhip+1","Swivel+1"],"picked":"SKIP","floor":30},{"not_picked":["Alpha","ConjureBlade"],"picked":"Vault","floor":33},{"not_picked":["BattleHymn+1","Pray"],"picked":"CrushJoints+1","floor":35},{"not_picked":["ForeignInfluence+1","EmptyBody","Crescendo"],"picked":"SKIP","floor":38},{"not_picked":["ThirdEye","Vengeance+1"],"picked":"WindmillStrike+1","floor":39},{"not_picked":["Consecrate+1","EmptyFist+1"],"picked":"Vault","floor":41},{"not_picked":["SashWhip+1","PathToVictory+1","JustLucky+1"],"picked":"SKIP","floor":42},{"not_picked":["Fasting2","Judgement","CrushJoints+1"],"picked":"SKIP","floor":44},{"not_picked":["CrushJoints+1","FollowUp+1"],"picked":"FlurryOfBlows+1","floor":46},{"not_picked":["Study+1","EmptyBody+1"],"picked":"Protect+1","floor":54}],"player_experience":557766,"relics_obtained":[{"floor":7,"key":"Mercury Hourglass"},{"floor":9,"key":"Molten Egg 2"},{"floor":12,"key":"Pear"},{"floor":20,"key":"Necronomicon"},{"floor":23,"key":"CeramicFish"},{"floor":25,"key":"HornCleat"},{"floor":27,"key":"Smiling Mask"},{"floor":30,"key":"White Beast Statue"},{"floor":36,"key":"Turnip"},{"floor":41,"key":"Du-Vu Doll"},{"floor":43,"key":"Ancient Tea Set"},{"floor":44,"key":"Akabeko"},{"floor":46,"key":"Bird Faced Urn"},{"floor":54,"key":"Boot"}],"event_choices":[{"damage_healed":0,"gold_gain":0,"player_choice":"Gave Potion","damage_taken":0,"relics_obtained":["Strawberry"],"max_hp_gain":0,"max_hp_loss":0,"event_name":"WeMeetAgain","floor":2,"gold_loss":0},{"damage_healed":0,"gold_gain":0,"player_choice":"Obtained Book","damage_taken":16,"max_hp_gain":0,"max_hp_loss":0,"event_name":"Cursed Tome","floor":20,"gold_loss":0},{"damage_healed":0,"gold_gain":0,"player_choice":"Fight","damage_taken":0,"max_hp_gain":0,"max_hp_loss":0,"event_name":"Mysterious Sphere","floor":36,"gold_loss":0},{"cards_removed":["Vault"],"damage_healed":29,"gold_gain":0,"player_choice":"Offered Rare","damage_taken":0,"max_hp_gain":10,"max_hp_loss":0,"event_name":"Bonfire Elementals","floor":48,"gold_loss":0}],"is_beta":false,"boss_relics":[{"not_picked":["SlaversCollar","Empty Cage"],"picked":"VioletLotus"},{"not_picked":["Black Star","SacredBark"],"picked":"Philosopher\u0027s Stone"}],"items_purged_floors":[21,31,37,47],"is_endless":false,"potions_floor_spawned":[4,5,11,14,16,22,25,30,33,35,36,38,39,41,42,44,46,54],"killed_by":"The Heart","ascension_level":5}}