{"host":"e4wnmsyty9uvvtwf","time":1609674402,"event":{"mods":["Act Like it!","Aspiration","BaseMod","Colored Map","Colored Powertips","Gensokyo","Marisa£®ÏF”Í°°ƒß¿Ì…≥£©","Minty Spire (QoL Compilation)","Rare Cards Sparkle","Replay The Spire","StSLib"],"gold_per_floor":[109,41,78,98,114,114,39,39,39,205,215,233,233,263,275,362,374,401,432,504,516,65,123,135,127,213,225,257,284,296,408,420,450,450],"floor_reached":33,"playtime":1211,"items_purged":["ReplayTheSpireMod:Doomed"],"score":504,"play_id":"9fc8c232-9485-4047-869b-420c94b57848","local_time":"20210103194642","is_ascension_mode":true,"campfire_choices":[{"data":"BlazeAway","floor":6,"key":"SMITH"},{"floor":8,"key":"REST"},{"data":"DeepEcoloBomb","floor":13,"key":"SMITH"},{"floor":15,"key":"REST"},{"data":"CollectingQuirk","floor":24,"key":"SMITH"},{"data":"CollectingQuirk","floor":30,"key":"SMITH"},{"data":"DeepEcoloBomb","floor":32,"key":"SMITH"}],"circlet_count":0,"master_deck":["AscendersBane","Strike_MRS","Strike_MRS","Strike_MRS","Strike_MRS","Defend_MRS","Defend_MRS","Defend_MRS","Defend_MRS","MasterSpark","UpSweep","BlazeAway+1","DragonMeteor","PropBag","PowerUp","6A","ChargingUp","DeepEcoloBomb+1","DeepEcoloBomb+1","CollectingQuirk+1","Robbery","PropBag","MysteriousBeam","Gensokyo:TarnishedGold","Gensokyo:BlemishedSteel","CollectingQuirk+1","DragonMeteor","AsteroidBelt+1","PropBag+1"],"relics":["MiniHakkero","Lizard Tail","Bronze Scales","Bag of Marbles","Replay:Rubber Ducky","MawBank","Honey Jar","aspiration:Nostalgia","Cracked Core","OrangePellets","Toxic Egg 2","Kunai","Akabeko","aspiration:HatOfInfinitePower","SproutingBranch","Mummified Hand","Ornamental Fan","Sundial"],"acts_visited":["Exordium","Gensokyo:Gensokyo"],"potions_floor_usage":[5,23,33],"damage_taken":[{"damage":10.0,"enemies":"Gensokyo:3_Fairies","floor":1.0,"turns":5.0},{"damage":12,"enemies":"Gensokyo:Gryphon","floor":4,"turns":3},{"damage":9,"enemies":"Gensokyo:2_Kodama","floor":5,"turns":3},{"damage":10,"enemies":"Gensokyo:VengefulSpirit","floor":10,"turns":4},{"damage":5,"enemies":"Gensokyo:CorruptedTreant","floor":11,"turns":4},{"damage":0,"enemies":"Gensokyo:2_Rabbits","floor":12,"turns":2},{"damage":10,"enemies":"Gensokyo:Mamizou","floor":14,"turns":7},{"damage":30,"enemies":"Gensokyo:Kokoro","floor":16,"turns":9},{"damage":0,"enemies":"Gensokyo:CosmicMonolith","floor":18,"turns":3},{"damage":0,"enemies":"Gensokyo:Chomper","floor":19,"turns":2},{"damage":0,"enemies":"Gensokyo:Wraith","floor":20,"turns":4},{"damage":30,"enemies":"Gensokyo:Tenshi","floor":23,"turns":3},{"damage":34,"enemies":"Gensokyo:Monolith_and_Dog","floor":28,"turns":3},{"damage":21,"enemies":"Gensokyo:3_Gloops","floor":29,"turns":4},{"damage":0,"enemies":"Gensokyo:3_Gloops","floor":31,"turns":3},{"damage":66,"enemies":"Gensokyo:Eternal_Rivals","floor":33,"turns":8}],"seed_played":"5261997449251471787","potions_obtained":[{"floor":1.0,"key":"Fruit Juice"},{"floor":3,"key":"Block Potion"},{"floor":4,"key":"Toxic Potion"},{"floor":5,"key":"Elixir"},{"floor":18,"key":"Venom Potion"},{"floor":20,"key":"AttackPotion"},{"floor":29,"key":"Energy Potion"},{"floor":31,"key":"SpeedPotion"}],"is_trial":false,"path_per_floor":["M","COS","?","M","M","R","$","R","T","M","M","M","R","E","R","B",null,"M","M","M","?","COS","E","R","?","T","$","M","M","R","?","R","B"],"character_chosen":"MARISA","items_purchased":[],"campfire_rested":2,"item_purchase_floors":[],"current_hp_per_floor":[58,58,34,22,13,13,13,35,35,25,20,20,20,10,32,2,57,57,57,57,57,57,27,27,39,39,39,5,37,37,37,37,0,0],"gold":450,"neow_bonus":"ONE_RARE_RELIC","is_daily":false,"chose_seed":false,"campfire_upgraded":5,"win_rate":0.0,"timestamp":1609674402,"path_taken":["M","COS","?","M","M","R","?","R","T","M","M","M","R","E","R","BOSS","M","M","?","?","COS","E","R","?","T","?","M","?","R","?","R","BOSS"],"items_purchased_type":[],"build_version":"2020-12-22","purchased_purges":1,"victory":false,"max_hp_per_floor":[75,75,75,75,75,75,75,75,75,75,75,75,75,75,75,75,75,75,75,75,75,75,75,75,75,75,75,75,75,75,75,75,75,75],"card_choices":[{"not_picked":["WitchLeyline","UnstableBomb"],"picked":"BlazeAway","floor":1.0},{"not_picked":["LuminesStrike","DC"],"picked":"DragonMeteor","floor":3},{"not_picked":["EnergyFlow","MilkyWay"],"picked":"PropBag","floor":3},{"not_picked":["GravityBeat","6A"],"picked":"BlazeAway","floor":4},{"not_picked":["GalacticHalo","ShootingEcho"],"picked":"PowerUp","floor":5},{"not_picked":["GrandCross","GravityBeat"],"picked":"6A","floor":10},{"not_picked":["UnstableBomb","GravityBeat"],"picked":"ChargingUp","floor":11},{"not_picked":["Singularity","WitchLeyline"],"picked":"DeepEcoloBomb","floor":12},{"not_picked":["MaximisePower","BlazingStar"],"picked":"DeepEcoloBomb","floor":14},{"not_picked":["MillisecondPulsars","BlazingStar"],"picked":"CollectingQuirk","floor":16},{"not_picked":["GravityBeat","DC","NonDirectionalLaser"],"picked":"Robbery","floor":18},{"not_picked":["GravityBeat","Singularity","GrandCross"],"picked":"PropBag","floor":19},{"not_picked":["BlazingStar","DC","AlicesGift+1"],"picked":"MysteriousBeam","floor":20},{"not_picked":["Acceleration+1","GravityBeat","MysteriousBeam"],"picked":"CollectingQuirk","floor":23},{"not_picked":["WitchLeyline","6A","WitchOfGreed"],"picked":"DragonMeteor","floor":28},{"not_picked":["WitchOfGreed","ChargingUp+1","DC+1"],"picked":"AsteroidBelt+1","floor":29},{"not_picked":["SporeBomb+1","OortCloud","6A"],"picked":"PropBag+1","floor":31}],"player_experience":688221,"relics_obtained":[{"floor":3,"key":"Bronze Scales"},{"floor":9,"key":"Replay:Rubber Ducky"},{"floor":14,"key":"MawBank"},{"floor":23,"key":"Toxic Egg 2"},{"floor":26,"key":"Kunai"},{"floor":31,"key":"aspiration:HatOfInfinitePower"},{"floor":31,"key":"SproutingBranch"}],"event_choices":[],"is_beta":false,"boss_relics":[{"not_picked":["Replay:Ancient Bell","aspiration:SilentSkillbook"],"picked":"Honey Jar"}],"items_purged_floors":[7],"is_endless":false,"potions_floor_spawned":[1,4,5,14,18,20,29,31],"killed_by":"Gensokyo:Eternal_Rivals","ascension_level":20}}