{"host":"htqwg582tjjtn9p7","time":1609676387,"event":{"mods":["2.2 Compatiblity","AchievementEnabler","Act Like it!","Aspiration","BaseMod","Better Third Choice","Colored Map","Conspire","Curses Come First","Displayed Cursed Tome","Energized Spire","Force Act Four","GifTheSpireLib","Hermit","Highlight Path","JesterMod","Mad Scientist","Minty Spire (QoL Compilation)","Pale of the Ancients","Permanent Neow","Random Character Button","Relic Stats","Replay The Spire","Robot Space Explorer","Somnambulant","Spicy Shops","Spikes Relics","StSLib","Stuff the Spire","The Blue Laboratory","The Disciple","The Dragon Tamer","The Forsaken","The Gatherer","The Judge","The Jungle","The Marked","The Runesmith","The Servant 0.9.4","Uncapped"],"gold_per_floor":[113,38,38,38,38,38,69,81,81,116,116,116,126,140,140,219,219,231,506,523,537,269,282,311,337,349,361,373,373],"floor_reached":28,"playtime":1946,"items_purged":["theForsaken:TheForsaken_Strike","Regret"],"score":471,"play_id":"26388f5b-b4e4-4ff8-97c9-77050e1ff393","local_time":"20210103131947","is_ascension_mode":true,"campfire_choices":[{"data":"theForsaken:Smite","floor":6,"key":"SMITH"},{"data":"theForsaken:StoreUp","floor":12,"key":"SMITH"},{"data":"1","floor":15,"key":"LIFT"},{"data":"Mayhem","floor":27,"key":"SMITH"}],"circlet_count":0,"master_deck":["AscendersBane","theForsaken:TheForsaken_Strike","theForsaken:TheForsaken_Strike","theForsaken:TheForsaken_Defend","theForsaken:TheForsaken_Defend","theForsaken:TheForsaken_Defend","theForsaken:TheForsaken_Defend","theForsaken:Smite+1","theForsaken:Penitence","Mayhem+1","theForsaken:StoreUp+1","theForsaken:WrathOfGod","Injury","theForsaken:Parry+1","theForsaken:DarkBargain","theForsaken:DivineGuidance+1","theForsaken:StoreUp+1","theForsaken:HymnOfPatience+1","theForsaken:Smite+1","theForsaken:HymnOfPatience+1","theForsaken:HymnOfPatience+1"],"relics":["theForsaken:JudgementScales","Toxic Egg 2","Girya","Shuriken","Matryoshka","Runic Pyramid","DollysMirror","MawBank","Runesmith:AutoHammer","Bottled Tornado"],"acts_visited":["Exordium","TheCity"],"potions_floor_usage":[10,18,23],"damage_taken":[{"damage":5,"enemies":"Cultist","floor":1,"turns":5},{"damage":16,"enemies":"Lagavulin","floor":7,"turns":8},{"damage":12,"enemies":"Jaw Worm","floor":8,"turns":6},{"damage":16,"enemies":"Replay:BlueRogue","floor":10,"turns":7},{"damage":0,"enemies":"Small Slimes","floor":13,"turns":5},{"damage":9,"enemies":"Exordium Wildlife","floor":14,"turns":7},{"damage":72,"enemies":"Slime Boss","floor":16,"turns":12},{"damage":14,"enemies":"conspire:FuzzyDice","floor":18,"turns":12},{"damage":36,"enemies":"Spheric Guardian","floor":20,"turns":8},{"damage":80,"enemies":"Centurion and Healer","floor":21,"turns":13},{"damage":77,"enemies":"Cultist and Chosen","floor":23,"turns":10},{"damage":27,"enemies":"conspire:Head Lice","floor":24,"turns":16},{"damage":51,"enemies":"Sentry and Sphere","floor":25,"turns":9},{"damage":93,"enemies":"Gremlin Leader","floor":28,"turns":6}],"seed_played":"1714198907724608713","potions_obtained":[{"floor":8,"key":"AttackPotion"},{"floor":10,"key":"blueLaboratory:HeartbeatPotion"},{"floor":13,"key":"blueLaboratory:CorrosionFlask"},{"floor":16,"key":"blueLaboratory:FrostheartPotion"},{"floor":18,"key":"blueLaboratory:BottleOfRum"},{"floor":20,"key":"GamblersBrew"}],"is_trial":false,"path_per_floor":["M","$","?","$","?","R","E","M","T","E","?","R","M","M","R","B",null,"M","?","M","M","$","M","E","M","T","R","E"],"character_chosen":"THE_FORSAKEN","items_purchased":["DollysMirror"],"campfire_rested":0,"item_purchase_floors":[22],"current_hp_per_floor":[38,38,38,38,38,38,36,33,33,28,33,33,45,53,53,66,66,55,55,46,66,66,17,66,66,66,66,0,0],"gold":373,"neow_bonus":"RANDOM_COLORLESS_2","is_daily":false,"chose_seed":false,"campfire_upgraded":3,"win_rate":0.0,"timestamp":1609676387,"path_taken":["M","$","?","?","?","R","E","?","T","E","?","R","M","M","R","BOSS","M","?","?","M","$","M","E","M","T","R","E"],"items_purchased_type":["Relic"],"build_version":"2020-12-22","purchased_purges":2,"victory":false,"max_hp_per_floor":[61,61,61,61,61,61,61,61,61,61,66,66,66,66,66,66,66,66,66,66,66,66,66,66,66,66,66,66,66],"relic_stats":{"counters":[14,124],"Shuriken":[9],"MawBank":48,"obtain_stats":[{"Girya":7,"Matryoshka":10,"Shuriken":9,"DollysMirror":22,"Runesmith:AutoHammer":26,"Toxic Egg 2":5,"Bottled Tornado":26,"theForsaken:JudgementScales":0,"MawBank":24,"Runic Pyramid":17},{"Girya":2,"Matryoshka":4,"Shuriken":3,"DollysMirror":10,"Runesmith:AutoHammer":13,"Toxic Egg 2":1,"Bottled Tornado":13,"theForsaken:JudgementScales":0,"MawBank":12,"Runic Pyramid":7},{"Girya":13,"Matryoshka":26,"Shuriken":19,"DollysMirror":83,"Runesmith:AutoHammer":118,"Toxic Egg 2":5,"Bottled Tornado":118,"theForsaken:JudgementScales":0,"MawBank":109,"Runic Pyramid":50}]},"card_choices":[{"not_picked":["Midas Touch","Secret Weapon"],"picked":"Mayhem","floor":0},{"not_picked":["theForsaken:ShieldCharge","theForsaken:QuickAttack"],"picked":"theForsaken:StoreUp","floor":1},{"not_picked":["theForsaken:TearsOfSunlight","theForsaken:HorrifyingStrike"],"picked":"theForsaken:Parry+1","floor":7},{"not_picked":["theForsaken:FatRoll+1","theForsaken:ScorchingSunlight","theForsaken:ShieldBash"],"picked":"SKIP","floor":8},{"not_picked":["theForsaken:RainingSunlight","theForsaken:ChargeAttack","theForsaken:ShieldCharge"],"picked":"SKIP","floor":10},{"not_picked":["theForsaken:BlindFaith+1","theForsaken:RainingSunlight","theForsaken:HorrifyingStrike"],"picked":"SKIP","floor":13},{"not_picked":["theForsaken:DarkBarrier+1","theForsaken:AncientWords"],"picked":"theForsaken:DarkBargain","floor":14},{"not_picked":["theForsaken:DesperatePlea","theForsaken:CorruptedForm"],"picked":"theForsaken:DivineGuidance+1","floor":16},{"not_picked":["theForsaken:ScorchingSunlight","theForsaken:HealingLight+1"],"picked":"theForsaken:StoreUp+1","floor":18},{"not_picked":["theForsaken:PowerUp+1","theForsaken:ScorchingSunlight","theForsaken:ShieldCharge"],"picked":"SKIP","floor":20},{"not_picked":["theForsaken:CleansingLight+1","theForsaken:ScorchingSunlight"],"picked":"theForsaken:HymnOfPatience+1","floor":21},{"not_picked":["theForsaken:AncientWords","theForsaken:Backlash+1"],"picked":"theForsaken:HymnOfPatience+1","floor":23},{"not_picked":["theForsaken:DarkBarrier+1","theForsaken:CreepingInfection+1","theForsaken:Retribution+1"],"picked":"SKIP","floor":24},{"not_picked":["theForsaken:BindingThorns+1","theForsaken:Backlash+1"],"picked":"theForsaken:HymnOfPatience+1","floor":25}],"player_experience":1874301,"relics_obtained":[{"floor":7,"key":"Girya"},{"floor":9,"key":"Shuriken"},{"floor":10,"key":"Matryoshka"},{"floor":24,"key":"MawBank"},{"floor":26,"key":"Runesmith:AutoHammer"},{"floor":26,"key":"Bottled Tornado"}],"event_choices":[{"damage_healed":0,"gold_gain":0,"cards_transformed":["theForsaken:TheForsaken_Strike"],"player_choice":"Transformed","damage_taken":0,"max_hp_gain":0,"max_hp_loss":0,"event_name":"Transmorgrifier","floor":3,"gold_loss":0,"cards_obtained":["theForsaken:WrathOfGod"]},{"damage_healed":0,"gold_gain":0,"player_choice":"Donut","damage_taken":0,"max_hp_gain":5,"max_hp_loss":0,"event_name":"Big Fish","floor":11,"gold_loss":0},{"damage_healed":0,"gold_gain":275,"player_choice":"Desecrate","damage_taken":0,"max_hp_gain":0,"max_hp_loss":0,"event_name":"Golden Shrine","floor":19,"gold_loss":0,"cards_obtained":["Regret"]}],"is_beta":false,"boss_relics":[{"not_picked":["aspiration:FutureDiary","conspire:SlowCooker"],"picked":"Runic Pyramid"}],"items_purged_floors":[2,22],"is_endless":false,"potions_floor_spawned":[8,10,13,16,18,20],"killed_by":"Gremlin Leader","ascension_level":18}}