{"host":"ksmhkxap3eqvmwsu","time":1609696617,"event":{"mods":["AchievementEnabler","BaseMod","Infinite Spire","Minty Spire (QoL Compilation)","StSLib"],"gold_per_floor":[119,130,130,147,2,34,53,53,53],"floor_reached":8,"playtime":605,"items_purged":[],"score":61,"play_id":"b85356aa-4642-48ce-b89b-1c63fdcdd7f4","local_time":"20210103195657","is_ascension_mode":true,"campfire_choices":[],"circlet_count":0,"master_deck":["Strike_G","Strike_G","Strike_G","Strike_G","Strike_G","Defend_G","Defend_G","Defend_G","Defend_G","Defend_G","Survivor","Neutralize","Dagger Throw","Caltrops","Outmaneuver","Choke","Cloak And Dagger"],"relics":["Ring of the Snake","NeowsBlessing","Snake Skull","infinitespire:EmpoweringShard"],"acts_visited":["Exordium"],"potions_floor_usage":[6,6,6,8],"damage_taken":[{"damage":0,"enemies":"Cultist","floor":1,"turns":1},{"damage":0,"enemies":"2 Louse","floor":2,"turns":1},{"damage":0,"enemies":"Small Slimes","floor":4,"turns":1},{"damage":7,"enemies":"3 Sentries","floor":6,"turns":7},{"damage":13,"enemies":"3 Louse","floor":7,"turns":4},{"damage":66,"enemies":"Gremlin Nob","floor":8,"turns":6}],"seed_played":"18514002914374230","potions_obtained":[{"floor":2,"key":"Fire Potion"},{"floor":3,"key":"AttackPotion"},{"floor":4,"key":"Swift Potion"},{"floor":6,"key":"PowerPotion"}],"is_trial":false,"path_per_floor":["M","M","?","M","$","E","M","E"],"character_chosen":"THE_SILENT","items_purchased":["Snake Skull"],"campfire_rested":0,"item_purchase_floors":[5],"current_hp_per_floor":[70,70,70,70,70,63,50,0,0],"gold":53,"neow_bonus":"THREE_ENEMY_KILL","is_daily":false,"chose_seed":false,"campfire_upgraded":0,"win_rate":0.0,"timestamp":1609696617,"path_taken":["M","M","?","M","$","E","?","E"],"items_purchased_type":["Relic"],"build_version":"2020-12-22","purchased_purges":0,"victory":false,"max_hp_per_floor":[70,70,70,70,70,70,70,70,70],"card_choices":[{"not_picked":["Deadly Poison","Bane"],"picked":"Dagger Throw","floor":1},{"not_picked":["Riddle With Holes","Bouncing Flask"],"picked":"Caltrops","floor":2},{"not_picked":["Crippling Poison","Escape Plan"],"picked":"Outmaneuver","floor":4},{"not_picked":["Deadly Poison","Underhanded Strike"],"picked":"Choke","floor":6},{"not_picked":["Finisher","Underhanded Strike"],"picked":"Cloak And Dagger","floor":7}],"player_experience":186360,"relics_obtained":[{"floor":6,"key":"infinitespire:EmpoweringShard"}],"event_choices":[{"damage_healed":0,"gold_gain":0,"player_choice":"Got Potions","damage_taken":0,"max_hp_gain":0,"max_hp_loss":0,"event_name":"Lab","floor":3,"gold_loss":0}],"is_beta":false,"boss_relics":[],"items_purged_floors":[],"is_endless":false,"potions_floor_spawned":[2,4,6],"killed_by":"Gremlin Nob","ascension_level":1}}