{"host":"ynimr9ugvc6f046i","time":1609687112,"event":{"mods":["2.2 Compatiblity","BaseMod","Colored Map","DeckTracker","Highlight Path","Keyboard Shortcuts","Minty Spire (QoL Compilation)","Permanent Neow","Quick Restart","StSLib","SuperFastMode"],"gold_per_floor":[361,361,36,36,0,0,30,49,49,49,67,83,115,135,135,207,207,221,232,232,300,319,319,319],"floor_reached":23,"playtime":498,"items_purged":["Strike_G"],"score":402,"play_id":"7b89d88f-fcb5-4c5e-b5de-951e07926529","local_time":"20210104001832","is_ascension_mode":true,"campfire_choices":[{"data":"Skewer","floor":6.0,"key":"SMITH"},{"data":"Reflex","floor":15.0,"key":"SMITH"}],"circlet_count":0,"master_deck":["AscendersBane","Strike_G","Strike_G","Defend_G","Defend_G","Defend_G","Defend_G","Defend_G","Survivor","Neutralize","Dagger Throw","Skewer+1","Reflex+1","Well Laid Plans","Escape Plan","Adrenaline","Malaise","Acrobatics"],"relics":["Ring of the Snake","Chemical X","Potion Belt","FaceOfCleric","Mummified Hand","Black Star","Frozen Egg 2"],"acts_visited":["Exordium","TheCity"],"potions_floor_usage":[],"damage_taken":[{"damage":1.0,"enemies":"Small Slimes","floor":1.0,"turns":4.0},{"damage":10.0,"enemies":"Lagavulin","floor":7.0,"turns":3.0},{"damage":0.0,"enemies":"Cultist","floor":8.0,"turns":2.0},{"damage":0.0,"enemies":"2 Louse","floor":11.0,"turns":2.0},{"damage":11.0,"enemies":"Exordium Thugs","floor":12.0,"turns":4.0},{"damage":6.0,"enemies":"Gremlin Nob","floor":13.0,"turns":3.0},{"damage":5.0,"enemies":"Gremlin Gang","floor":14.0,"turns":5.0},{"damage":23.0,"enemies":"Hexaghost","floor":16.0,"turns":10.0},{"damage":4.0,"enemies":"2 Thieves","floor":18.0,"turns":3.0},{"damage":5.0,"enemies":"Shell Parasite","floor":19.0,"turns":4.0},{"damage":12.0,"enemies":"Centurion and Healer","floor":22.0,"turns":6.0},{"damage":0,"enemies":"Gremlin Leader","floor":23,"turns":1}],"seed_played":"-6224312333003061521","potions_obtained":[{"floor":8.0,"key":"GhostInAJar"},{"floor":14.0,"key":"BlessingOfTheForge"},{"floor":19.0,"key":"SmokeBomb"}],"is_trial":false,"path_per_floor":["M","?","$","?","?","R","E","M","T","?","M","M","E","M","R","B",null,"M","M","?","T","M","E"],"character_chosen":"THE_SILENT","items_purchased":["Chemical X","Skewer"],"campfire_rested":0,"item_purchase_floors":[3,3],"current_hp_per_floor":[58,63,63,56,56,56,46,46,46,46,47,37,32,28,28,6,54,51,47,47,47,36,36,36],"gold":319,"neow_bonus":"TWO_FIFTY_GOLD","is_daily":false,"chose_seed":false,"campfire_upgraded":2,"win_rate":0.0,"timestamp":1609687112,"path_taken":["M","?","$","?","?","R","E","M","T","?","M","?","E","M","R","BOSS","M","M","?","?","?","E"],"items_purchased_type":["Relic","Card"],"build_version":"2020-12-22","purchased_purges":1,"victory":false,"max_hp_per_floor":[60,65,65,65,65,65,65,65,65,65,66,67,68,69,69,70,70,71,72,72,72,73,73,73],"card_choices":[{"not_picked":["Deflect","Sucker Punch"],"picked":"Dagger Throw","floor":1.0},{"not_picked":["Prepared","Dagger Spray"],"picked":"Reflex","floor":7.0},{"not_picked":["Outmaneuver","Bullet Time","Sucker Punch"],"picked":"SKIP","floor":8.0},{"not_picked":["Deflect","Well Laid Plans","Quick Slash"],"picked":"SKIP","floor":11.0},{"not_picked":["Deflect","Quick Slash"],"picked":"Well Laid Plans","floor":11.0},{"not_picked":["Leg Sweep","Prepared"],"picked":"Escape Plan","floor":12.0},{"not_picked":["Footwork","Distraction"],"picked":"Adrenaline","floor":13.0},{"not_picked":["Backflip","Deflect","Underhanded Strike"],"picked":"SKIP","floor":14.0},{"not_picked":["Doppelganger","Burst"],"picked":"Malaise","floor":16.0},{"not_picked":["Dagger Spray+1","Backflip","Blade Dance"],"picked":"SKIP","floor":18.0},{"not_picked":["Poisoned Stab","Calculated Gamble"],"picked":"Acrobatics","floor":19.0},{"not_picked":["Dagger Spray","Riddle With Holes","Flying Knee"],"picked":"SKIP","floor":22.0}],"player_experience":534375,"relics_obtained":[{"floor":7.0,"key":"Potion Belt"},{"floor":13.0,"key":"Mummified Hand"},{"floor":21.0,"key":"Frozen Egg 2"}],"event_choices":[{"damage_healed":0.0,"max_hp_gain":5.0,"max_hp_loss":0.0,"gold_gain":0.0,"event_name":"Big Fish","player_choice":"Donut","floor":2.0,"gold_loss":0.0,"damage_taken":0.0},{"cards_removed":["Strike_G"],"damage_healed":0.0,"max_hp_gain":0.0,"max_hp_loss":0.0,"gold_gain":0.0,"event_name":"Golden Wing","player_choice":"Card Removal","floor":4.0,"gold_loss":0.0,"damage_taken":7.0},{"damage_healed":0.0,"max_hp_gain":0.0,"max_hp_loss":0.0,"gold_gain":0.0,"event_name":"The Cleric","player_choice":"Leave","floor":5.0,"gold_loss":0.0,"damage_taken":0.0},{"damage_healed":0.0,"max_hp_gain":0.0,"max_hp_loss":0.0,"gold_gain":0.0,"event_name":"FaceTrader","player_choice":"Trade","floor":10.0,"gold_loss":0.0,"damage_taken":0.0,"relics_obtained":["FaceOfCleric"]},{"damage_healed":0.0,"max_hp_gain":0.0,"max_hp_loss":0.0,"gold_gain":0.0,"event_name":"Vampires","player_choice":"Ignored","floor":20.0,"gold_loss":0.0,"damage_taken":0.0}],"is_beta":false,"boss_relics":[{"not_picked":["Snecko Eye","Ring of the Serpent"],"picked":"Black Star"}],"items_purged_floors":[3],"is_endless":false,"potions_floor_spawned":[8,14,19],"killed_by":"Gremlin Leader","ascension_level":20}}