{"host":"9l4mw5jqza9qz9hr","time":1609682757,"event":{"mods":["AchievementEnabler","Always Whale","BaseMod","Colored Map","Minty Spire (QoL Compilation)","StSLib","SuperFastMode"],"gold_per_floor":[113,63,63,83,83,116,116,149,149,163,163,187,187,212,212,331,331,352,365,264,264,13,52,52,95,95,130,130,130,155,195,195,323,323,347,347,347,370,15,53,53,68,68,108,441,476,476,495,495,495],"floor_reached":51,"playtime":2135,"items_purged":["Strike_R","Strike_R","Bash"],"score":1442,"play_id":"db1e9383-574c-4618-a668-c987274c963b","local_time":"20210103230557","is_ascension_mode":true,"campfire_choices":[{"data":"Body Slam","floor":7.0,"key":"SMITH"},{"data":"Armaments","floor":15.0,"key":"SMITH"},{"data":"Body Slam","floor":24.0,"key":"SMITH"},{"data":"Brutality","floor":29.0,"key":"SMITH"},{"data":"True Grit","floor":32.0,"key":"SMITH"},{"data":"Feel No Pain","floor":41.0,"key":"SMITH"},{"data":"Warcry","floor":49,"key":"SMITH"}],"circlet_count":0,"master_deck":["Strike_R","Defend_R","Defend_R","Defend_R","Defend_R","Body Slam+1","True Grit+1","Armaments+1","Warcry+1","Brutality+1","Body Slam+1","Shrug It Off","Shrug It Off","Shrug It Off+1","Feel No Pain+1","Offering","Battle Trance+1","Shrug It Off+1","Pain"],"relics":["Burning Blood","NeowsBlessing","TungstenRod","Matryoshka","Lantern","HornCleat","Cursed Key","Bag of Preparation","Molten Egg 2","Dream Catcher","Red Skull","Bronze Scales","Coffee Dripper","Strawberry","Blue Candle","Ancient Tea Set","Mercury Hourglass","Vajra","Sundial"],"acts_visited":["Exordium","TheCity","TheBeyond"],"potions_floor_usage":[],"damage_taken":[{"damage":0.0,"enemies":"2 Louse","floor":1.0,"turns":1.0},{"damage":0.0,"enemies":"Small Slimes","floor":4.0,"turns":1.0},{"damage":0.0,"enemies":"3 Sentries","floor":6.0,"turns":2.0},{"damage":61.0,"enemies":"Lagavulin","floor":8.0,"turns":9.0},{"damage":0.0,"enemies":"Cultist","floor":10.0,"turns":2.0},{"damage":11.0,"enemies":"Exordium Thugs","floor":12.0,"turns":4.0},{"damage":0.0,"enemies":"Exordium Wildlife","floor":14.0,"turns":4.0},{"damage":17.0,"enemies":"The Guardian","floor":16.0,"turns":14.0},{"damage":22.0,"enemies":"Chosen","floor":18.0,"turns":10.0},{"damage":14.0,"enemies":"2 Thieves","floor":19.0,"turns":5.0},{"damage":7.0,"enemies":"Gremlin Leader","floor":23.0,"turns":7.0},{"damage":0.0,"enemies":"Slavers","floor":25.0,"turns":12.0},{"damage":0.0,"enemies":"Book of Stabbing","floor":27.0,"turns":4.0},{"damage":0.0,"enemies":"Centurion and Healer","floor":30.0,"turns":5.0},{"damage":0.0,"enemies":"Slavers","floor":31.0,"turns":5.0},{"damage":43.0,"enemies":"Automaton","floor":33.0,"turns":8.0},{"damage":0.0,"enemies":"3 Darklings","floor":35.0,"turns":8.0},{"damage":5.0,"enemies":"Orb Walker","floor":38.0,"turns":2.0},{"damage":5.0,"enemies":"Nemesis","floor":40.0,"turns":7.0},{"damage":0.0,"enemies":"4 Shapes","floor":42.0,"turns":5.0},{"damage":5,"enemies":"Giant Head","floor":44,"turns":4},{"damage":7,"enemies":"Nemesis","floor":46,"turns":7},{"damage":5,"enemies":"3 Darklings","floor":48,"turns":2},{"damage":5,"enemies":"Awakened One","floor":50,"turns":7}],"seed_played":"8622301791443142829","potions_obtained":[{"floor":8.0,"key":"Weak Potion"},{"floor":10.0,"key":"Explosive Potion"},{"floor":14.0,"key":"SpeedPotion"},{"floor":27.0,"key":"Dexterity Potion"},{"floor":30.0,"key":"Explosive Potion"},{"floor":33.0,"key":"BlessingOfTheForge"},{"floor":35.0,"key":"SpeedPotion"}],"is_trial":false,"path_per_floor":["M","?","?","M","?","E","R","E","T","M","?","M","?","M","R","B",null,"M","M","$","?","$","E","R","E","T","E","T","R","M","E","R","B",null,"M","?","?","M","$","E","R","M","T","E","?","E","T","M","R","B",null],"character_chosen":"IRONCLAD","items_purchased":["Shrug It Off","Bag of Preparation","Strawberry","ElixirPotion"],"campfire_rested":0,"item_purchase_floors":[20,22,39,39],"current_hp_per_floor":[78,78,83,85,64,70,70,15,15,21,15,10,85,85,85,74,82,66,58,58,58,58,57,57,63,63,69,69,69,75,81,81,44,75,81,81,81,81,88,88,88,88,88,88,88,87,87,88,88,88],"gold":495,"neow_bonus":"THREE_ENEMY_KILL","is_daily":false,"chose_seed":false,"campfire_upgraded":7,"win_rate":0.0,"timestamp":1609682757,"path_taken":["M","?","?","M","?","E","R","E","T","M","?","M","?","M","R","BOSS","M","M","$","?","?","E","R","E","T","E","?","R","M","E","R","BOSS","M","?","?","M","$","E","R","?","T","E","?","E","?","M","R","BOSS"],"items_purchased_type":["Card","Relic","Relic","Potion"],"build_version":"2020-12-22","purchased_purges":3,"victory":true,"max_hp_per_floor":[80,80,85,85,85,85,85,85,85,85,85,85,85,85,85,85,85,85,85,85,85,85,85,85,85,85,85,85,85,85,85,85,85,85,85,81,81,81,88,88,88,88,88,88,88,88,88,88,88,88],"card_choices":[{"not_picked":["Twin Strike","Anger"],"picked":"Body Slam","floor":1.0},{"not_picked":["Reckless Charge","Second Wind","Flex"],"picked":"SKIP","floor":4.0},{"not_picked":["Flex","Warcry"],"picked":"True Grit","floor":6.0},{"not_picked":["Berserk","Evolve"],"picked":"Armaments","floor":8.0},{"not_picked":["Blood for Blood","Perfected Strike"],"picked":"Warcry","floor":10.0},{"not_picked":["Cleave","Whirlwind"],"picked":"Disarm","floor":12.0},{"not_picked":["Headbutt","Reckless Charge","Twin Strike"],"picked":"SKIP","floor":14.0},{"not_picked":["Bludgeon","Demon Form"],"picked":"Brutality","floor":16.0},{"not_picked":["Combust","Iron Wave","Disarm"],"picked":"SKIP","floor":18.0},{"not_picked":["Perfected Strike","Anger"],"picked":"Body Slam","floor":19.0},{"not_picked":["True Grit","Dual Wield","Whirlwind+1"],"picked":"SKIP","floor":23.0},{"not_picked":["Thunderclap+1","Offering"],"picked":"Shrug It Off+1","floor":25.0},{"not_picked":["Infernal Blade+1","Pommel Strike+1","Corruption"],"picked":"SKIP","floor":27.0},{"not_picked":["Burning Pact+1","Havoc","Thunderclap+1"],"picked":"SKIP","floor":30.0},{"not_picked":["Perfected Strike+1","Pommel Strike+1"],"picked":"Feel No Pain","floor":31.0},{"not_picked":["Berserk","Double Tap"],"picked":"Offering","floor":33.0},{"not_picked":["Intimidate","Inflame","Armaments+1"],"picked":"SKIP","floor":35.0},{"not_picked":["Rage+1","Clothesline+1","Anger+1"],"picked":"SKIP","floor":38.0},{"not_picked":["Twin Strike+1","Headbutt+1"],"picked":"Battle Trance+1","floor":40.0},{"not_picked":["Flame Barrier","Fiend Fire+1","Second Wind+1"],"picked":"SKIP","floor":42.0},{"not_picked":["Body Slam+1","Metallicize+1"],"picked":"Shrug It Off+1","floor":44},{"not_picked":["Iron Wave+1","Seeing Red+1","Perfected Strike+1"],"picked":"SKIP","floor":46},{"not_picked":["Iron Wave+1","Anger+1","Uppercut+1"],"picked":"SKIP","floor":48}],"player_experience":163173,"relics_obtained":[{"floor":6.0,"key":"TungstenRod"},{"floor":8.0,"key":"Matryoshka"},{"floor":9.0,"key":"Lantern"},{"floor":9.0,"key":"HornCleat"},{"floor":23.0,"key":"Molten Egg 2"},{"floor":25.0,"key":"Dream Catcher"},{"floor":27.0,"key":"Red Skull"},{"floor":31.0,"key":"Bronze Scales"},{"floor":40.0,"key":"Blue Candle"},{"floor":44,"key":"Ancient Tea Set"},{"floor":46,"key":"Mercury Hourglass"},{"floor":47,"key":"Vajra"},{"floor":47,"key":"Sundial"}],"event_choices":[{"cards_removed":["Strike_R"],"damage_healed":0.0,"max_hp_gain":0.0,"max_hp_loss":0.0,"gold_gain":0.0,"event_name":"The Cleric","player_choice":"Card Removal","floor":2.0,"gold_loss":50.0,"damage_taken":0.0},{"damage_healed":0.0,"max_hp_gain":5.0,"max_hp_loss":0.0,"gold_gain":0.0,"event_name":"Big Fish","player_choice":"Donut","floor":3.0,"gold_loss":0.0,"damage_taken":0.0},{"damage_healed":0.0,"max_hp_gain":0.0,"max_hp_loss":0.0,"gold_gain":0.0,"event_name":"Golden Idol","player_choice":"Take Damage","floor":5.0,"gold_loss":0.0,"damage_taken":21.0,"relics_obtained":["Golden Idol"]},{"cards_removed":["Strike_R"],"damage_healed":0.0,"max_hp_gain":0.0,"max_hp_loss":0.0,"gold_gain":0.0,"event_name":"Golden Wing","player_choice":"Card Removal","floor":11.0,"gold_loss":0.0,"damage_taken":7.0},{"cards_removed":["Disarm"],"damage_healed":75.0,"max_hp_gain":0.0,"max_hp_loss":0.0,"gold_gain":0.0,"event_name":"Bonfire Elementals","player_choice":"Offered Uncommon","floor":13.0,"gold_loss":0.0,"damage_taken":0.0},{"damage_healed":0.0,"max_hp_gain":0.0,"max_hp_loss":0.0,"gold_gain":0.0,"event_name":"Duplicator","player_choice":"Copied","floor":21.0,"gold_loss":0.0,"damage_taken":0.0,"cards_obtained":["Shrug It Off"]},{"damage_healed":0.0,"max_hp_gain":0.0,"max_hp_loss":4.0,"gold_gain":0.0,"event_name":"Winding Halls","player_choice":"Max HP","floor":36.0,"gold_loss":0.0,"damage_taken":0.0},{"damage_healed":0.0,"max_hp_gain":0.0,"max_hp_loss":0.0,"gold_gain":0.0,"event_name":"SecretPortal","player_choice":"Ignored","floor":37.0,"gold_loss":0.0,"damage_taken":0.0},{"damage_healed":0,"gold_gain":333,"player_choice":"Gave Idol","damage_taken":0,"max_hp_gain":0,"max_hp_loss":0,"event_name":"The Moai Head","floor":45,"relics_lost":["Golden Idol"],"gold_loss":0}],"is_beta":false,"boss_relics":[{"not_picked":["Runic Dome","Runic Pyramid"],"picked":"Cursed Key"},{"not_picked":["Black Star","Snecko Eye"],"picked":"Coffee Dripper"}],"items_purged_floors":[20,22,39],"is_endless":false,"potions_floor_spawned":[8,10,14,27,30,33,35,44],"ascension_level":7}}