{"host":"armnliea5o2aqs4b","time":1609661947,"event":{"mods":["BaseMod","Hubris","Infinite Spire","Minty Spire (QoL Compilation)","Quick Restart","StSLib"],"gold_per_floor":[110,129,129,129,229,258,258,269,296,306,338,349,349,371,371,371,371],"floor_reached":16,"playtime":337,"items_purged":[],"score":149,"play_id":"b1b12af8-24aa-4956-bc1a-d40c9d3b11d2","local_time":"20210103191907","is_ascension_mode":true,"campfire_choices":[{"data":"Thunderclap","floor":7,"key":"SMITH"},{"data":"Whirlwind","floor":13,"key":"SMITH"},{"floor":15,"key":"REST"}],"circlet_count":0,"master_deck":["Strike_R","Strike_R","Strike_R","Strike_R","Strike_R","Defend_R","Defend_R","Defend_R","Defend_R","Bash","Thunderclap+1","Seeing Red","Double Tap+1","Whirlwind+1","Armaments+1"],"relics":["Burning Blood","NeowsBlessing","hubris:Icosahedron","Toxic Egg 2","Tiny Chest","Dream Catcher","Odd Mushroom"],"acts_visited":["Exordium"],"potions_floor_usage":[16,16,16],"damage_taken":[{"damage":0,"enemies":"Jaw Worm","floor":1,"turns":1},{"damage":0,"enemies":"2 Louse","floor":2,"turns":1},{"damage":0,"enemies":"Lagavulin","floor":6,"turns":1},{"damage":1,"enemies":"Cultist","floor":8,"turns":3},{"damage":21,"enemies":"Gremlin Gang","floor":10,"turns":3},{"damage":24,"enemies":"Gremlin Nob","floor":11,"turns":4},{"damage":10,"enemies":"3 Louse","floor":12,"turns":2},{"damage":21,"enemies":"The Mushroom Lair","floor":14,"turns":3},{"damage":52,"enemies":"Slime Boss","floor":16,"turns":6}],"seed_played":"-4995270549559256991","potions_obtained":[{"floor":2,"key":"Swift Potion"},{"floor":11,"key":"LiquidBronze"},{"floor":12,"key":"Ancient Potion"}],"is_trial":false,"path_per_floor":["M","M","?","$","?","E","R","M","T","M","E","M","R","?","R","B"],"character_chosen":"IRONCLAD","items_purchased":[],"campfire_rested":1,"item_purchase_floors":[],"current_hp_per_floor":[80,80,80,80,80,80,80,80,80,65,47,43,43,28,52,0,0],"gold":371,"neow_bonus":"THREE_ENEMY_KILL","is_daily":false,"chose_seed":false,"campfire_upgraded":2,"win_rate":0.0,"timestamp":1609661947,"path_taken":["M","M","?","$","?","E","R","?","T","?","E","M","R","?","R","BOSS"],"items_purchased_type":[],"build_version":"2020-12-22","purchased_purges":0,"victory":false,"max_hp_per_floor":[80,80,80,80,80,80,80,80,80,80,80,80,80,80,80,80,80],"card_choices":[{"not_picked":["Armaments","Twin Strike"],"picked":"Thunderclap","floor":1},{"not_picked":["Perfected Strike","Sword Boomerang"],"picked":"Seeing Red","floor":2},{"not_picked":["Evolve","Intimidate+1"],"picked":"Double Tap+1","floor":6},{"not_picked":["True Grit+1","Twin Strike","Anger"],"picked":"SKIP","floor":8},{"not_picked":["Anger","Perfected Strike","Headbutt"],"picked":"SKIP","floor":10},{"not_picked":["Armaments+1","Juggernaut"],"picked":"Whirlwind","floor":11},{"not_picked":["Twin Strike","Dark Embrace","Pommel Strike"],"picked":"SKIP","floor":12},{"not_picked":["Twin Strike","Heavy Blade"],"picked":"Armaments+1","floor":15}],"player_experience":139451,"relics_obtained":[{"floor":6,"key":"Toxic Egg 2"},{"floor":9,"key":"Tiny Chest"},{"floor":11,"key":"Dream Catcher"},{"floor":14,"key":"Odd Mushroom"}],"event_choices":[{"damage_healed":0,"gold_gain":100,"player_choice":"Gold","damage_taken":0,"max_hp_gain":0,"max_hp_loss":0,"event_name":"Wheel of Change","floor":5,"gold_loss":0},{"damage_healed":0,"gold_gain":0,"player_choice":"Fought Mushrooms","damage_taken":0,"max_hp_gain":0,"max_hp_loss":0,"event_name":"Mushrooms","floor":14,"gold_loss":0}],"is_beta":false,"boss_relics":[],"items_purged_floors":[],"is_endless":false,"potions_floor_spawned":[2,11,12],"killed_by":"Slime Boss","ascension_level":2}}