{"host":"na09lpbrez4gbfiz","time":1609641725,"event":{"mods":["Act Like it!","BaseMod","BetterRewards","Colored Map","Colored Powertips","DeckTracker","Googly Eyes","Highlight Path","Minty Spire (QoL Compilation)","Quick Restart","Spicy Shops","StSLib","SuperFastMode","Synergy Search"],"gold_per_floor":[111,111,211,225,243,243,119,137,218,218,239,239,278,303,303,426,426,444,444,444,18,0,0,0,0,0,15,15,351,364,382,382,382,382],"floor_reached":33,"playtime":927,"items_purged":["Strike_R","Clash"],"score":424,"play_id":"17e9d141-033d-44f2-9ae7-5ec576326893","local_time":"20210103034205","is_ascension_mode":true,"campfire_choices":[{"data":"Carnage","floor":6,"key":"SMITH"},{"data":"Inflame","floor":10,"key":"SMITH"},{"data":"Shockwave","floor":12,"key":"SMITH"},{"floor":15,"key":"REST"},{"data":"Armaments","floor":23,"key":"SMITH"},{"data":"Metallicize","floor":25,"key":"SMITH"},{"floor":32,"key":"REST"}],"circlet_count":0,"master_deck":["AscendersBane","Bash","Carnage+1","Flex","Shockwave+1","Inflame+1","Shrug It Off+1","Bludgeon","Metallicize+1","Searing Blow","Feed","Sentinel","Fire Breathing","Battle Trance+1","Shrug It Off+1","Armaments+1","Shrug It Off","Havoc","Rampage+1","Sever Soul+1"],"relics":["Burning Blood","Potion Belt","Golden Idol","White Beast Statue","Anchor","Pandora\u0027s Box","Enchiridion","Membership Card","Thread and Needle","War Paint","Molten Egg 2","Old Coin"],"acts_visited":["Exordium","TheCity"],"potions_floor_usage":[13,13,14,16,16,18,29,31],"damage_taken":[{"damage":8,"enemies":"2 Louse","floor":1,"turns":4},{"damage":3,"enemies":"Jaw Worm","floor":4,"turns":4},{"damage":1,"enemies":"Cultist","floor":5,"turns":3},{"damage":9,"enemies":"3 Louse","floor":8,"turns":3},{"damage":16,"enemies":"Blue Slaver","floor":11,"turns":3},{"damage":19,"enemies":"Gremlin Nob","floor":13,"turns":4},{"damage":18,"enemies":"Large Slime","floor":14,"turns":5},{"damage":25,"enemies":"The Guardian","floor":16,"turns":8},{"damage":12,"enemies":"2 Thieves","floor":18,"turns":3},{"damage":15,"enemies":"Chosen","floor":27,"turns":6},{"damage":41,"enemies":"Slavers","floor":29,"turns":7},{"damage":12,"enemies":"Centurion and Healer","floor":30,"turns":6},{"damage":20,"enemies":"Snake Plant","floor":31,"turns":4},{"damage":80,"enemies":"Automaton","floor":33,"turns":6}],"seed_played":"8197781686286823531","potions_obtained":[{"floor":1,"key":"LiquidMemories"},{"floor":11,"key":"Energy Potion"},{"floor":13,"key":"Ancient Potion"},{"floor":14,"key":"EssenceOfSteel"},{"floor":16,"key":"Fire Potion"},{"floor":18,"key":"Regen Potion"},{"floor":27,"key":"Dexterity Potion"},{"floor":29,"key":"SmokeBomb"},{"floor":30,"key":"DuplicationPotion"},{"floor":31,"key":"Fruit Juice"}],"is_trial":false,"path_per_floor":["M","?","?","M","M","R","$","M","T","R","M","R","E","M","R","B",null,"M","?","?","$","?","R","?","R","T","M","?","E","M","M","R","B"],"character_chosen":"IRONCLAD","items_purchased":["AttackPotion","Membership Card","Thread and Needle","War Paint","Armaments"],"campfire_rested":2,"item_purchase_floors":[7,21,21,21,21],"current_hp_per_floor":[70,50,50,53,58,58,58,55,55,55,45,45,32,20,44,25,66,63,47,74,74,74,74,74,74,74,65,65,42,36,27,53,0,0],"gold":382,"neow_bonus":"RANDOM_COMMON_RELIC","is_daily":false,"chose_seed":false,"campfire_upgraded":5,"win_rate":0.0,"timestamp":1609641725,"path_taken":["M","?","?","M","M","R","$","?","T","R","M","R","E","M","R","BOSS","M","?","?","$","?","R","?","R","T","?","?","E","M","M","R","BOSS"],"items_purchased_type":["Potion","Relic","Relic","Relic","Card"],"build_version":"2020-12-22","purchased_purges":2,"victory":false,"max_hp_per_floor":[80,80,80,80,80,80,80,80,80,80,80,80,80,80,80,80,80,83,83,83,83,83,83,83,83,83,83,83,83,83,88,88,88,88],"card_choices":[{"not_picked":["Bloodletting","Shrug It Off"],"picked":"Carnage","floor":1},{"not_picked":["Infernal Blade","Sever Soul"],"picked":"Flex","floor":4},{"not_picked":["Cleave","Body Slam"],"picked":"Shockwave","floor":5},{"not_picked":["Clothesline","True Grit"],"picked":"Inflame","floor":8},{"not_picked":["Dropkick","Twin Strike","Warcry"],"picked":"SKIP","floor":11},{"not_picked":["Shockwave","Headbutt","Juggernaut"],"picked":"SKIP","floor":13},{"not_picked":["True Grit","Cleave"],"picked":"Shrug It Off","floor":14},{"not_picked":["Brutality","Juggernaut"],"picked":"Bludgeon","floor":16},{"not_picked":["Wild Strike","Second Wind"],"picked":"Shrug It Off+1","floor":18},{"not_picked":["Clothesline+1","Perfected Strike+1"],"picked":"Shrug It Off","floor":27},{"not_picked":["Pummel+1","Headbutt+1"],"picked":"Havoc","floor":29},{"not_picked":["Ghostly Armor","Shockwave"],"picked":"Rampage+1","floor":30},{"not_picked":["Sentinel","Dark Embrace"],"picked":"Sever Soul+1","floor":31}],"player_experience":263135,"relics_obtained":[{"floor":9,"key":"White Beast Statue"},{"floor":13,"key":"Anchor"},{"floor":19,"key":"Enchiridion"},{"floor":26,"key":"Molten Egg 2"},{"floor":29,"key":"Old Coin"}],"event_choices":[{"damage_healed":0,"gold_gain":0,"player_choice":"Take Damage","damage_taken":20,"relics_obtained":["Golden Idol"],"max_hp_gain":0,"max_hp_loss":0,"event_name":"Golden Idol","floor":2,"gold_loss":0},{"damage_healed":0,"gold_gain":100,"player_choice":"Gold","damage_taken":0,"max_hp_gain":0,"max_hp_loss":0,"event_name":"Wheel of Change","floor":3,"gold_loss":0},{"damage_healed":0,"gold_gain":0,"player_choice":"Obtained Book","damage_taken":16,"max_hp_gain":0,"max_hp_loss":0,"event_name":"Cursed Tome","floor":19,"gold_loss":0},{"damage_healed":27,"gold_gain":0,"player_choice":"Heal","damage_taken":0,"max_hp_gain":0,"max_hp_loss":0,"event_name":"The Library","floor":20,"gold_loss":0},{"damage_healed":0,"gold_gain":0,"player_choice":"Paid Fearfully","damage_taken":0,"max_hp_gain":0,"max_hp_loss":0,"event_name":"Masked Bandits","floor":22,"gold_loss":18},{"cards_removed":["Clothesline"],"damage_healed":0,"gold_gain":0,"player_choice":"Elegance","damage_taken":0,"max_hp_gain":0,"max_hp_loss":0,"event_name":"Back to Basics","floor":24,"gold_loss":0},{"damage_healed":0,"gold_gain":0,"player_choice":"Ignored","damage_taken":0,"max_hp_gain":0,"max_hp_loss":0,"event_name":"Vampires","floor":28,"gold_loss":0}],"is_beta":false,"boss_relics":[{"not_picked":["Busted Crown","SlaversCollar"],"picked":"Pandora\u0027s Box"}],"items_purged_floors":[7,21],"is_endless":false,"potions_floor_spawned":[1,11,13,14,16,18,27,29,30,31],"killed_by":"Automaton","ascension_level":12}}