{"host":"a5lz0e76zb3fcwkm","time":1609689287,"event":{"mods":["AchievementEnabler","BaseMod","Colored Map","Colored Powertips","Minty Spire (QoL Compilation)","StSLib","SuperFastMode"],"gold_per_floor":[116,116,130,130,206,242,256,279,279,279,279,279,292,323,323,414,414,433,358,358,358,13,56,69,110,135,149,149,173,173,187,187,286,286,300,300,324,345,370,370,391,414,414,414,414],"floor_reached":44,"playtime":967,"items_purged":["Bash"],"score":974,"play_id":"27be11e5-816f-4b09-aeb1-914ef5635ea7","local_time":"20210104005447","is_ascension_mode":true,"campfire_choices":[{"data":"Wild Strike","floor":10.0,"key":"SMITH"},{"data":"Fire Breathing","floor":12.0,"key":"SMITH"},{"data":"Wild Strike","floor":15.0,"key":"SMITH"},{"data":"Seeing Red","floor":28,"key":"SMITH"},{"data":"Body Slam","floor":30,"key":"SMITH"},{"data":"Offering","floor":32,"key":"SMITH"},{"floor":40,"key":"REST"}],"circlet_count":0,"master_deck":["AscendersBane","Defend_R","Defend_R+1","Defend_R","Defend_R+1","Fire Breathing+1","Wild Strike+1","Shrug It Off","Wild Strike+1","Offering+1","Flame Barrier+1","Fire Breathing+1","Power Through","Master of Strategy","Seeing Red+1","Body Slam+1","Immolate"],"relics":["Burning Blood","NeowsBlessing","Golden Idol","Eternal Feather","War Paint","Omamori","Astrolabe","Membership Card","Kunai","Sundial","Art of War","Philosopher\u0027s Stone","StrikeDummy","Shuriken"],"acts_visited":["Exordium","TheCity","TheBeyond"],"potions_floor_usage":[25,44],"damage_taken":[{"damage":0.0,"enemies":"Jaw Worm","floor":1.0,"turns":1.0},{"damage":0.0,"enemies":"Cultist","floor":3.0,"turns":1.0},{"damage":0.0,"enemies":"Lagavulin","floor":6.0,"turns":1.0},{"damage":4.0,"enemies":"2 Louse","floor":7.0,"turns":4.0},{"damage":6.0,"enemies":"Looter","floor":8.0,"turns":3.0},{"damage":10.0,"enemies":"Large Slime","floor":13.0,"turns":4.0},{"damage":57.0,"enemies":"Gremlin Nob","floor":14.0,"turns":5.0},{"damage":19.0,"enemies":"The Guardian","floor":16.0,"turns":13.0},{"damage":19,"enemies":"2 Thieves","floor":18,"turns":3},{"damage":25,"enemies":"Book of Stabbing","floor":23,"turns":5},{"damage":10,"enemies":"Spheric Guardian","floor":24,"turns":4},{"damage":11,"enemies":"Gremlin Leader","floor":25,"turns":4},{"damage":8,"enemies":"Cultist and Chosen","floor":27,"turns":2},{"damage":7,"enemies":"Centurion and Healer","floor":29,"turns":3},{"damage":6,"enemies":"3 Cultists","floor":31,"turns":4},{"damage":64,"enemies":"Automaton","floor":33,"turns":7},{"damage":49,"enemies":"3 Darklings","floor":35,"turns":3},{"damage":6,"enemies":"3 Shapes","floor":37,"turns":4},{"damage":27,"enemies":"Transient","floor":38,"turns":6},{"damage":6,"enemies":"Sphere and 2 Shapes","floor":39,"turns":3},{"damage":8,"enemies":"3 Darklings","floor":41,"turns":3},{"damage":51,"enemies":"Spire Growth","floor":42,"turns":4},{"damage":26,"enemies":"Reptomancer","floor":44,"turns":3}],"seed_played":"7849551976486245219","potions_obtained":[{"floor":1.0,"key":"AttackPotion"},{"floor":6.0,"key":"Strength Potion"},{"floor":13.0,"key":"Regen Potion"},{"floor":14.0,"key":"BlessingOfTheForge"},{"floor":18,"key":"FairyPotion"},{"floor":24,"key":"Swift Potion"},{"floor":27,"key":"FairyPotion"},{"floor":38,"key":"SkillPotion"},{"floor":42,"key":"BlessingOfTheForge"}],"is_trial":false,"path_per_floor":["M","?","M","?","T","E","M","M","T","R","?","R","M","E","R","B",null,"M","?","?","?","$","E","M","E","T","M","R","M","R","M","R","B",null,"M","?","M","M","M","R","M","M","T","E"],"character_chosen":"IRONCLAD","items_purchased":["Membership Card","Power Through","Master of Strategy"],"campfire_rested":1,"item_purchase_floors":[22,22,22],"current_hp_per_floor":[74,74,75,49,49,55,57,57,57,63,56,62,58,21,27,14,60,47,47,47,47,47,28,24,19,19,17,26,25,34,34,43,28,63,20,20,20,28,28,59,57,12,12,0,0],"gold":414,"neow_bonus":"THREE_ENEMY_KILL","is_daily":false,"chose_seed":false,"campfire_upgraded":6,"win_rate":0.0,"timestamp":1609689287,"path_taken":["M","?","M","?","?","E","M","?","T","R","?","R","M","E","R","BOSS","M","?","?","?","$","E","?","E","T","M","R","M","R","M","R","BOSS","M","?","M","?","M","R","?","M","T","E"],"items_purchased_type":["Relic","Card","Card"],"build_version":"2020-12-22","purchased_purges":1,"victory":false,"max_hp_per_floor":[75,75,75,75,75,75,75,75,75,75,75,75,75,75,75,75,75,75,75,75,75,75,75,75,75,75,75,75,75,75,75,75,75,75,75,75,75,75,75,75,75,75,75,75,75],"card_choices":[{"not_picked":["Dark Embrace","Havoc","Clothesline"],"picked":"SKIP","floor":1.0},{"not_picked":["Headbutt","Cleave"],"picked":"Wild Strike","floor":3.0},{"not_picked":["Disarm","Intimidate","Warcry"],"picked":"SKIP","floor":6.0},{"not_picked":["Clothesline","Whirlwind"],"picked":"Shrug It Off","floor":7.0},{"not_picked":["Rampage","Flex","Havoc"],"picked":"SKIP","floor":8.0},{"not_picked":["Rampage","Flex","Havoc"],"picked":"SKIP","floor":8.0},{"not_picked":["Thunderclap","Whirlwind","Armaments"],"picked":"SKIP","floor":13.0},{"not_picked":["Spot Weakness","Reaper"],"picked":"Wild Strike","floor":14.0},{"not_picked":["Bludgeon","Berserk"],"picked":"Offering","floor":16.0},{"not_picked":["Rage","Heavy Blade"],"picked":"Fire Breathing","floor":18},{"not_picked":["Bloodletting","Iron Wave","Rage"],"picked":"SKIP","floor":23},{"not_picked":["Spot Weakness","Clash+1","Reckless Charge"],"picked":"SKIP","floor":24},{"not_picked":["Heavy Blade","Spot Weakness","Rampage"],"picked":"SKIP","floor":25},{"not_picked":["Reckless Charge","Intimidate"],"picked":"Seeing Red","floor":27},{"not_picked":["Dual Wield","Twin Strike"],"picked":"Body Slam","floor":29},{"not_picked":["Burning Pact","Twin Strike","Sword Boomerang"],"picked":"SKIP","floor":31},{"not_picked":["Berserk","Limit Break"],"picked":"Immolate","floor":33},{"not_picked":["Clash+1","Thunderclap","Twin Strike"],"picked":"SKIP","floor":35},{"not_picked":["Clash","Thunderclap","Shrug It Off"],"picked":"SKIP","floor":37},{"not_picked":["Seeing Red","Perfected Strike","Thunderclap"],"picked":"SKIP","floor":38},{"not_picked":["Pummel","Heavy Blade","Ghostly Armor+1"],"picked":"SKIP","floor":39},{"not_picked":["Pommel Strike","Body Slam+1","Clash"],"picked":"SKIP","floor":41},{"not_picked":["Havoc","Pommel Strike+1","Dual Wield+1"],"picked":"SKIP","floor":42}],"player_experience":1664306,"relics_obtained":[{"floor":5.0,"key":"Eternal Feather"},{"floor":6.0,"key":"War Paint"},{"floor":14.0,"key":"Omamori"},{"floor":23,"key":"Kunai"},{"floor":25,"key":"Sundial"},{"floor":26,"key":"Art of War"},{"floor":43,"key":"Shuriken"}],"event_choices":[{"damage_healed":0.0,"max_hp_gain":0.0,"max_hp_loss":0.0,"gold_gain":0.0,"cards_transformed":["Strike_R"],"event_name":"Living Wall","player_choice":"Change","floor":2.0,"gold_loss":0.0,"damage_taken":0.0,"cards_obtained":["Fire Breathing"]},{"damage_healed":0.0,"max_hp_gain":0.0,"max_hp_loss":0.0,"gold_gain":0.0,"event_name":"Golden Idol","player_choice":"Take Damage","floor":4.0,"gold_loss":0.0,"damage_taken":26.0,"relics_obtained":["Golden Idol"]},{"cards_removed":["Strike_R"],"damage_healed":0.0,"max_hp_gain":0.0,"max_hp_loss":0.0,"gold_gain":0.0,"event_name":"Golden Wing","player_choice":"Card Removal","floor":11.0,"gold_loss":0.0,"damage_taken":7.0},{"cards_removed":["Clash"],"damage_healed":0,"gold_gain":0,"player_choice":"Gave Gold","damage_taken":0,"max_hp_gain":0,"max_hp_loss":0,"event_name":"Beggar","floor":19,"gold_loss":75},{"damage_healed":0,"gold_gain":0,"player_choice":"Ignored","damage_taken":0,"max_hp_gain":0,"max_hp_loss":0,"event_name":"Ghosts","floor":20,"gold_loss":0},{"damage_healed":0,"gold_gain":0,"player_choice":"Forge","damage_taken":0,"max_hp_gain":0,"max_hp_loss":0,"event_name":"Accursed Blacksmith","floor":21,"gold_loss":0,"cards_upgraded":["Fire Breathing"]},{"cards_removed":["Hemokinesis"],"damage_healed":0,"gold_gain":0,"player_choice":"Gave Card","damage_taken":0,"relics_obtained":["StrikeDummy"],"max_hp_gain":0,"max_hp_loss":0,"event_name":"WeMeetAgain","floor":36,"gold_loss":0}],"is_beta":false,"boss_relics":[{"not_picked":["Tiny House","Pandora\u0027s Box"],"picked":"Astrolabe"},{"not_picked":["SacredBark","Runic Pyramid"],"picked":"Philosopher\u0027s Stone"}],"items_purged_floors":[22],"is_endless":false,"potions_floor_spawned":[1,6,13,14,18,24,27,31,38,42],"killed_by":"Reptomancer","ascension_level":20}}