{"host":"nsu382cuivk29rjh","time":1609683376,"event":{"mods":["BaseMod","Downfall","Minty Spire (QoL Compilation)","StSLib"],"gold_per_floor":[99,119,133,43,61,74,99,124,224,224,224,224],"floor_reached":10,"playtime":499,"items_purged":["Guardian:Strike_Guardian"],"score":68,"play_id":"6e4c5dff-da5e-4569-b453-ab469f3efe71","local_time":"20210103221616","is_ascension_mode":false,"campfire_choices":[{"floor":1.0,"key":"RECALL"}],"circlet_count":0,"master_deck":["Guardian:Strike_Guardian","Guardian:Strike_Guardian","Guardian:Strike_Guardian","Guardian:Defend_Guardian","Guardian:Defend_Guardian","Guardian:Defend_Guardian","Guardian:Defend_Guardian","Guardian:CurlUp","Guardian:TwinSlam","Guardian:GuardianWhirl","Guardian:Gem_Cyan","Guardian:MultiBeam","Guardian:VentSteam","Guardian:Suspension"],"relics":["Black Star","Tiny Chest","Bag of Preparation","MealTicket"],"acts_visited":["Exordium"],"potions_floor_usage":[8],"damage_taken":[{"damage":1.0,"enemies":"Cultist","floor":2.0,"turns":4.0},{"damage":4.0,"enemies":"Jaw Worm","floor":3.0,"turns":4.0},{"damage":0.0,"enemies":"downfall:FleeingMerchant","floor":4.0,"turns":4.0},{"damage":2.0,"enemies":"2 Louse","floor":5.0,"turns":2.0},{"damage":17.0,"enemies":"Exordium Wildlife","floor":6.0,"turns":4.0},{"damage":49,"enemies":"3 Sentries","floor":8,"turns":11},{"damage":23,"enemies":"Lagavulin","floor":10,"turns":8}],"seed_played":"4920875667650759263","potions_obtained":[{"floor":3.0,"key":"Swift Potion"}],"is_trial":false,"path_per_floor":["R","M","M","$","M","M","T","E","?","E"],"character_chosen":"GUARDIAN","items_purchased":[],"campfire_rested":0,"item_purchase_floors":[],"current_hp_per_floor":[80,79,75,75,73,56,56,7,7,0,0,0],"gold":224,"neow_bonus":"BOSS_RELIC","is_daily":false,"chose_seed":false,"campfire_upgraded":0,"win_rate":0.0,"timestamp":1609683376,"path_taken":["R","M","?","$","M","M","T","E","?","E"],"items_purchased_type":[],"build_version":"2020-12-22","purchased_purges":1,"victory":false,"max_hp_per_floor":[80,80,80,80,80,80,80,80,80,80,80,80],"card_choices":[{"not_picked":["Guardian:VentSteam","Guardian:ArmoredProtocol"],"picked":"Guardian:GuardianWhirl","floor":2.0},{"not_picked":["Guardian:Gem_Purple","Guardian:WalkerClaw"],"picked":"Guardian:Gem_Cyan","floor":3.0},{"not_picked":["Guardian:PiercingHide","Guardian:ChargeCore"],"picked":"Guardian:MultiBeam","floor":4.0},{"not_picked":["Guardian:Gem_Red","Guardian:WalkerClaw","Guardian:MultiBeam"],"picked":"SKIP","floor":5.0},{"not_picked":["Guardian:Gem_Green","Guardian:ChargeCore"],"picked":"Guardian:VentSteam","floor":6.0},{"not_picked":["Guardian:FastForward","Guardian:ShieldCharger"],"picked":"Guardian:Suspension","floor":8}],"player_experience":1121070,"relics_obtained":[{"floor":7.0,"key":"Tiny Chest"},{"floor":8,"key":"Bag of Preparation"},{"floor":8,"key":"MealTicket"}],"event_choices":[],"is_beta":false,"boss_relics":[],"items_purged_floors":[4],"is_endless":false,"potions_floor_spawned":[3],"killed_by":"Lagavulin","ascension_level":0}}