{"host":"7bzprrpqr2usgpra","time":1609666589,"event":{"mods":["ATMod(阿瑾Mod)","BaseMod","BetterRewards","Dota2Spire","HololiveMod","Lobotomy","Minty Spire (QoL Compilation)","MostiFishMod","Quick Restart","Spicy Shops","StSLib","TestMod","TheWitcher","[IsaacMod]以撒尖塔","【遗物卡牌】REMEMod"],"gold_per_floor":[116,516,516,535,554,581,596,596,596],"floor_reached":8,"playtime":290,"items_purged":[],"score":102,"play_id":"cffacad7-b21a-4cbb-87e8-f205f360201b","local_time":"20210103173629","is_ascension_mode":true,"campfire_choices":[],"circlet_count":0,"master_deck":["AscendersBane","Strike_P","Strike_P","Strike_P","Strike_P","Defend_P","Defend_P","Defend_P","Defend_P","Eruption","Vigilance","BettingIsNotGood","MostiFishMod:FlyOverUtopia","AT_RealColorLess","BeautyBeast","Consecrate","Woodsman","MostiFishMod:Unraveling","MHz","Mercenary","MostiFishMod:StarWish","Scorched","Bomb"],"relics":["PureWater","AT_ATBox","testmod-TestBox","HushsDoor","REME_ComplimentaryCards","RhineSuit","CogitoBucket","DeadEye","testmod-CardMagician","SynthV:TestCard","testmod-Fortitude"],"acts_visited":["Exordium"],"potions_floor_usage":[],"damage_taken":[{"damage":4,"enemies":"Small Slimes","floor":1,"turns":2},{"damage":0,"enemies":"2 Louse","floor":4,"turns":1},{"damage":0,"enemies":"Jaw Worm","floor":5,"turns":2},{"damage":15,"enemies":"Lagavulin","floor":6,"turns":5},{"damage":0,"enemies":"2 Fungi Beasts","floor":7,"turns":2},{"damage":123,"enemies":"Gremlin Nob","floor":8,"turns":3}],"seed_played":"5142111055323710037","potions_obtained":[{"floor":4,"key":"BottledMiracle"}],"is_trial":false,"path_per_floor":["M","?","?","M","M","E","M","E"],"character_chosen":"WATCHER","items_purchased":[],"campfire_rested":0,"item_purchase_floors":[],"current_hp_per_floor":[57,57,57,57,63,54,66,0,0],"gold":596,"neow_bonus":"","is_daily":false,"chose_seed":false,"campfire_upgraded":0,"win_rate":0.0,"timestamp":1609666589,"path_taken":["M","?","?","M","M","E","M","E"],"items_purchased_type":[],"build_version":"2020-12-22","purchased_purges":0,"victory":false,"max_hp_per_floor":[68,68,68,68,68,68,68,68,68],"card_choices":[{"not_picked":[],"picked":"BettingIsNotGood","floor":0},{"not_picked":["CrumblingArmor","Laetitia"],"picked":"BeautyBeast","floor":1},{"not_picked":["EmptyBody","FollowUp"],"picked":"Consecrate","floor":1},{"not_picked":["Murderer","Wellcheers"],"picked":"Woodsman","floor":4},{"not_picked":["JustLucky","CrushJoints","PathToVictory","ClearTheMind"],"picked":"MostiFishMod:Unraveling","floor":4},{"not_picked":["Scorched","PunishingBird"],"picked":"MHz","floor":5},{"not_picked":["PathToVictory","ThirdEye","JustLucky","SashWhip","Halt"],"picked":"SKIP","floor":5},{"not_picked":["WallGazer","ShyLook"],"picked":"Mercenary","floor":6},{"not_picked":["Evaluate","ThirdEye","Prostrate","Crescendo"],"picked":"MostiFishMod:StarWish","floor":6},{"not_picked":["BlackArmy","MeatLantern"],"picked":"Scorched","floor":7},{"not_picked":["ThirdEye","JustLucky","SashWhip","Consecrate"],"picked":"Bomb","floor":7}],"player_experience":238018,"relics_obtained":[{"floor":1,"key":"SynthV:TestCard"},{"floor":6,"key":"testmod-Fortitude"}],"event_choices":[{"damage_healed":0,"gold_gain":400,"player_choice":"Sell","damage_taken":0,"max_hp_gain":0,"max_hp_loss":0,"event_name":"恩洛斯的盘子","floor":2,"relics_lost":["DaveBox"],"gold_loss":0},{"damage_healed":0,"gold_gain":0,"player_choice":"Swap Relic","damage_taken":0,"relics_obtained":["DaveBox"],"max_hp_gain":0,"max_hp_loss":0,"event_name":"给自己的盒子","floor":3,"relics_lost":["DaveBox"],"gold_loss":0}],"is_beta":false,"boss_relics":[],"items_purged_floors":[],"is_endless":false,"potions_floor_spawned":[4],"killed_by":"Gremlin Nob","ascension_level":15}}