{"host":"9v3x998ddbx8o276","time":1609672951,"event":{"mods":["AchievementEnabler","BaseMod","Colored Map","Colored Powertips","Highlight Path","Minty Spire (QoL Compilation)","Quick Restart","Rare Cards Sparkle"],"gold_per_floor":[115,115,127,127,277,277,52,81,81,91,91,106,106,117,117,194,194,207,18,68,82,52,52,52],"floor_reached":23,"playtime":548,"items_purged":["Doubt","Defend_B"],"score":478,"play_id":"5684b704-11ab-4aa5-be0f-0b04b04f41e3","local_time":"20210103215231","is_ascension_mode":true,"campfire_choices":[{"data":"Beam Cell","floor":6.0,"key":"SMITH"},{"floor":11,"key":"REST"},{"floor":13,"key":"REST"},{"floor":15,"key":"REST"}],"circlet_count":0,"master_deck":["AscendersBane","Strike_B","Strike_B","Strike_B","Defend_B","Defend_B","Defend_B","Zap+1","Dualcast","Go for the Eyes","Barrage+1","Beam Cell+1","Impatience","Sweeping Beam","Ball Lightning","Streamline","Seek","Electrodynamics","Static Discharge","Glacier","Conserve Battery+1"],"relics":["FrozenCore","Bag of Marbles","Shuriken"],"acts_visited":["Exordium","TheCity"],"potions_floor_usage":[10,10,18,23,23],"damage_taken":[{"damage":2.0,"enemies":"Cultist","floor":1.0,"turns":4.0},{"damage":0.0,"enemies":"Small Slimes","floor":3.0,"turns":3.0},{"damage":58.0,"enemies":"Gremlin Nob","floor":8.0,"turns":5.0},{"damage":0,"enemies":"Jaw Worm","floor":10,"turns":2},{"damage":8,"enemies":"Blue Slaver","floor":12,"turns":2},{"damage":17,"enemies":"Gremlin Gang","floor":14,"turns":2},{"damage":0,"enemies":"Slime Boss","floor":16,"turns":5},{"damage":0,"enemies":"3 Byrds","floor":18,"turns":2},{"damage":21,"enemies":"2 Thieves","floor":21,"turns":3},{"damage":44,"enemies":"Book of Stabbing","floor":23,"turns":4}],"seed_played":"-150230798241363198","potions_obtained":[{"floor":8.0,"key":"GamblersBrew"},{"floor":10,"key":"Block Potion"},{"floor":12,"key":"PowerPotion"},{"floor":22,"key":"EssenceOfSteel"}],"is_trial":false,"path_per_floor":["M","?","M","?","?","R","$","E","T","M","R","M","R","M","R","B",null,"M","$","?","M","?","E"],"character_chosen":"DEFECT","items_purchased":["FocusPotion","Impatience","Glacier"],"campfire_rested":3,"item_purchase_floors":[7,7,19],"current_hp_per_floor":[62,62,62,62,62,62,62,4,4,4,25,17,38,21,42,42,64,64,64,64,43,43,0,0],"gold":52,"neow_bonus":"TRANSFORM_CARD","is_daily":false,"chose_seed":false,"campfire_upgraded":1,"win_rate":0.0,"timestamp":1609672951,"path_taken":["M","?","?","?","?","R","$","E","T","M","R","?","R","M","R","BOSS","M","$","?","?","?","E"],"items_purchased_type":["Potion","Card","Card"],"build_version":"2020-12-22","purchased_purges":2,"victory":false,"max_hp_per_floor":[71,71,71,71,71,71,71,71,71,71,71,71,71,71,71,71,71,71,71,71,71,71,71,71],"card_choices":[{"not_picked":["Storm","Coolheaded"],"picked":"Barrage","floor":1.0},{"not_picked":["Reinforced Body","Fusion"],"picked":"Beam Cell","floor":3.0},{"not_picked":["Leap","Beam Cell"],"picked":"Sweeping Beam","floor":8.0},{"not_picked":["Redo","Rebound"],"picked":"Ball Lightning","floor":10},{"not_picked":["Redo","Stack"],"picked":"Streamline","floor":12},{"not_picked":["Fusion","Rip and Tear"],"picked":"Seek","floor":14},{"not_picked":["Rainbow","Creative AI"],"picked":"Electrodynamics","floor":16},{"not_picked":["Leap","Compile Driver"],"picked":"Static Discharge","floor":18},{"not_picked":["Darkness","Scrape"],"picked":"Conserve Battery+1","floor":21}],"player_experience":2080411,"relics_obtained":[{"floor":8.0,"key":"Bag of Marbles"},{"floor":9.0,"key":"Shuriken"}],"event_choices":[{"damage_healed":0.0,"max_hp_gain":0.0,"max_hp_loss":0.0,"gold_gain":0.0,"event_name":"Accursed Blacksmith","player_choice":"Forge","floor":2.0,"gold_loss":0.0,"damage_taken":0.0,"cards_upgraded":["Zap"]},{"damage_healed":0.0,"max_hp_gain":0.0,"max_hp_loss":0.0,"gold_gain":0.0,"event_name":"Living Wall","player_choice":"Grow","floor":4.0,"gold_loss":0.0,"damage_taken":0.0,"cards_upgraded":["Barrage"]},{"damage_healed":0.0,"max_hp_gain":0.0,"max_hp_loss":0.0,"gold_gain":150.0,"event_name":"Liars Game","player_choice":"AGREE","floor":5.0,"gold_loss":0.0,"damage_taken":0.0,"cards_obtained":["Doubt"]},{"damage_healed":0,"gold_gain":50,"player_choice":"Pray","damage_taken":0,"max_hp_gain":0,"max_hp_loss":0,"event_name":"Golden Shrine","floor":20,"gold_loss":0},{"damage_healed":0,"gold_gain":0,"player_choice":"Bought 2 Potions","damage_taken":0,"max_hp_gain":0,"max_hp_loss":0,"event_name":"The Woman in Blue","floor":22,"gold_loss":0}],"is_beta":false,"boss_relics":[{"not_picked":["Runic Pyramid","Runic Dome"],"picked":"FrozenCore"}],"items_purged_floors":[7,19],"is_endless":false,"potions_floor_spawned":[8,10,12],"killed_by":"Book of Stabbing","ascension_level":20}}