{"host":"bf9sa99gaumonoeu","time":1609691749,"event":{"mods":["AchievementEnabler","Act Like it!","BaseMod","Better Sensory Stone","Colored Map","Colored Powertips","Downfall","Duelist Mod","Friendly Minions","Gensokyo","GifTheSpireLib","Hallownest","Hermit","Hubris","Jorbs\u0027s Wanderer Trilogy","KinomotoSakuraMod(????)","Koishi","Lobotomy","Marisa????????","Minty Spire (QoL Compilation)","Reimu??????","Remilia??????","Replay The Spire","Shop Mod","StSLib","The Administrix","The Animator","The Blue Laboratory","The Bug Knight","The Construct","The Cursed","The Disciple","The Hierophant","The Mystic","The Necromancer","The Poker Player","The Runesmith","The Senshi","The Servant 0.9.4","Waifu the Spire"],"gold_per_floor":[124,140,140,156,3,46,46,64,64,88,130,130,144,191,191,292,292,312,326,339,357,376,402,402,417,442,210,225,125,186,198,198,303,303,315,315,315,328,342,354,269,269,269,269,287,314,314,326,326,326],"floor_reached":51,"playtime":7133,"items_purged":["Guardian:Aged","animator:Strike"],"score":845,"play_id":"5a2a94ff-e050-46fe-8043-03127b059fd4","local_time":"20210103143549","is_ascension_mode":true,"campfire_choices":[{"data":"animator:Hitei","floor":7,"key":"SMITH"},{"data":"animator:Biyorigo","floor":12,"key":"SMITH"},{"data":"animator:Shichika","floor":15,"key":"SMITH"},{"data":"animator:Shichika","floor":24,"key":"SMITH"},{"data":"animator:Rose","floor":32,"key":"SMITH"},{"data":"animator:Biyorigo","floor":42,"key":"SMITH"},{"data":"animator:Nanami","floor":44,"key":"SMITH"},{"floor":47,"key":"REST"},{"floor":49,"key":"REST"}],"circlet_count":0,"master_deck":["animator:Strike_Katanagatari","animator:Defend_Katanagatari","animator:Strike","animator:Strike","animator:Defend","animator:Defend","animator:Defend","animator:Azekura","animator:Emonzaemon","animator:HigakiRinne","animator:Hitei+1","animator:ZankiKiguchi","animator:Lancer","animator:Shimakaze","animator:Shichika+1","animator:Biyorigo+1","animator:Nanami+1","animator:Entoma+7","animator:Nanami","animator:Biyorigo+1","animator:Ara","animator:Azekura","animator:Shichika+1","animator:Nanami","animator:Chung+1","animator:Rose+1","animator:DolaCouronne","animator:DolaRiku","Looming Evil","animator:Lancer+1","animator:TsurugaMeisai+1","Hallownest:skillKingdomsEdgeMap","Gensokyo:ImpossibleRequest","animator:DolaRiku"],"relics":["animator:LivingPicture","animator:TheMissingPiece","Hallownest:DreamNailRelic","Vajra","theSenshi:FeatherClipsRelic","ReplayTheSpireMod:TigerMarble","hubris:CrystalStatue","Cursed Key","Oddly Smooth Stone","PreservedInsect","hubris:EmptyBottle","animator:CursedGlyph","Black Star","hubris:64BitClover","hubris:Towel","InkBottle","Centennial Puzzle"],"acts_visited":["Hallownest:Greenpath","Hallownest:CityofTears","Hallownest:KingdomsEdge"],"potions_floor_usage":[4,16,16,22,23,30,30,33,35,48,48,48,48,50],"damage_taken":[{"damage":2,"enemies":"Hallownest:monsterHuskGuard","floor":1,"turns":5},{"damage":2,"enemies":"Hallownest:monsterHuskWarrior","floor":2,"turns":4},{"damage":0,"enemies":"Hallownest:2_Tiktiks_and_1_Crawlid","floor":4,"turns":3},{"damage":14,"enemies":"Hallownest:eliteVengeflyKing","floor":6,"turns":7},{"damage":1,"enemies":"Hallownest:Wandering_and_Horned","floor":8,"turns":5},{"damage":0,"enemies":"Hallownest:monsterAspidMother","floor":10,"turns":3},{"damage":5,"enemies":"Hallownest:eliteMossKnight","floor":11,"turns":5},{"damage":0,"enemies":"Hallownest:monsterFoolEater","floor":13,"turns":3},{"damage":40,"enemies":"Hallownest:BossHornet","floor":16,"turns":6},{"damage":6,"enemies":"Hallownest:2_Mistakes","floor":18,"turns":5},{"damage":0,"enemies":"Hallownest:Flukemon_and_Top","floor":19,"turns":6},{"damage":0,"enemies":"Hallownest:Warrior_and_Youth","floor":20,"turns":5},{"damage":12,"enemies":"Hallownest:2_Husk_Sentries","floor":21,"turns":8},{"damage":0,"enemies":"Hallownest:3_Mistakes","floor":22,"turns":4},{"damage":6,"enemies":"Hallownest:eliteWatcherKnight","floor":23,"turns":11},{"damage":3,"enemies":"Hallownest:2_Flukemon","floor":25,"turns":7},{"damage":0,"enemies":"Hallownest:monsterShrumalOgre","floor":28,"turns":5},{"damage":3,"enemies":"Hallownest:Glutton_and_Coward","floor":30,"turns":3},{"damage":10,"enemies":"Hallownest:monsterMisterMushroom","floor":31,"turns":4},{"damage":3,"enemies":"Hallownest:BossSoulMaster","floor":33,"turns":7},{"damage":11,"enemies":"Hallownest:2_Littles","floor":35,"turns":7},{"damage":4,"enemies":"Hallownest:Shield_Heavy","floor":38,"turns":7},{"damage":21,"enemies":"Hallownest:2_Soldiers_and_1_Guardian","floor":39,"turns":10},{"damage":21,"enemies":"Hallownest:monsterPrimalAspid","floor":40,"turns":6},{"damage":11,"enemies":"Hallownest:2_Wandering_and_1_Horned","floor":45,"turns":7},{"damage":11,"enemies":"Hallownest:StalkingDevout","floor":46,"turns":7},{"damage":17,"enemies":"Hallownest:Xero_Hu_Marmu","floor":48,"turns":5},{"damage":67,"enemies":"Hallownest:BossHollowKnight","floor":50,"turns":13}],"seed_played":"-1215598608680382220","potions_obtained":[{"floor":1,"key":"Fire Potion"},{"floor":2,"key":"Elixir"},{"floor":6,"key":"Block Potion"},{"floor":11,"key":"blueLaboratory:HorrorPotion"},{"floor":14,"key":"SkillPotion"},{"floor":20,"key":"GrandPatriotsElixir:ReiMu"},{"floor":21,"key":"blueLaboratory:AbyssPotion"},{"floor":23,"key":"blueLaboratory:StoneskinPotion"},{"floor":25,"key":"MagicPotion:ReiMu"},{"floor":28,"key":"blueLaboratory:RememoryPotion"},{"floor":35,"key":"blueLaboratory:CorrosionFlask"},{"floor":39,"key":"AttackPotion"},{"floor":48,"key":"DuplicationPotion"}],"is_trial":false,"path_per_floor":["M","M","?","M","$","E","R","M","T","M","E","R","M","?","R","B",null,"M","M","M","M","M","E","R","M","T","$","M","$","M","M","R","B",null,"M","T","?","M","M","M","?","R","T","R","M","E","R","M","R","B",null],"character_chosen":"THE_ANIMATOR","items_purchased":["animator:Lancer","animator:Shimakaze","hubris:EmptyBottle"],"campfire_rested":2,"item_purchase_floors":[5,5,27],"current_hp_per_floor":[64,63,63,63,63,49,49,49,49,55,56,56,62,45,45,11,54,56,64,70,64,74,74,74,76,76,76,72,72,74,70,70,73,74,69,69,69,73,58,45,45,45,45,45,42,37,61,54,78,17],"gold":326,"neow_bonus":"ONE_RANDOM_RARE_CARD","is_daily":false,"chose_seed":false,"campfire_upgraded":7,"win_rate":0.0,"timestamp":1609691749,"path_taken":["M","M","?","M","$","E","R","M","T","?","E","R","M","?","R","BOSS","M","?","M","M","M","E","R","M","T","?","M","$","M","M","R","BOSS","M","?","?","M","M","?","?","R","T","R","?","E","R","M","R","BOSS"],"items_purchased_type":["Card","Card","Relic"],"build_version":"2020-12-22","purchased_purges":2,"victory":true,"max_hp_per_floor":[66,67,67,67,67,67,67,68,68,68,68,68,68,68,68,68,68,70,72,72,72,74,74,74,76,76,76,72,72,74,74,74,74,74,74,74,74,76,76,78,78,78,78,78,80,80,80,80,80,80],"card_choices":[{"not_picked":["animator:Laby","animator:Shalltear"],"picked":"animator:Hitei","floor":1},{"not_picked":["animator:Hitei","animator:ChlammyZell"],"picked":"animator:ZankiKiguchi","floor":2},{"not_picked":["animator:Azekura","animator:ShinjiMatou","animator:Hitei"],"picked":"SKIP","floor":4},{"not_picked":["animator:Azekura","animator:ShinjiMatou","animator:Hitei"],"picked":"SKIP","floor":4},{"not_picked":["animator:ZankiKiguchi","animator:Hitei"],"picked":"animator:Shichika","floor":6},{"not_picked":["animator:Rider","animator:Pride"],"picked":"animator:Biyorigo","floor":8},{"not_picked":["animator:PandorasActor","animator:RoyMustang"],"picked":"animator:Nanami","floor":10},{"not_picked":["animator:SakuraMatou","animator:Illya"],"picked":"animator:Entoma","floor":11},{"not_picked":["animator:UneriGinkaku","animator:Emonzaemon"],"picked":"animator:Nanami","floor":13},{"not_picked":["animator:ChaikaTrabant","animator:Father"],"picked":"animator:Biyorigo","floor":16},{"not_picked":["animator:Emonzaemon","animator:Illya"],"picked":"animator:Ara","floor":18},{"not_picked":["animator:Konayuki","animator:Ara","animator:Entoma"],"picked":"SKIP","floor":19},{"not_picked":["animator:Entoma","animator:Emonzaemon"],"picked":"animator:Azekura","floor":20},{"not_picked":["animator:UneriGinkaku","animator:Azekura"],"picked":"animator:Shichika","floor":21},{"not_picked":["animator:Raven+1","animator:Assassin"],"picked":"animator:Nanami","floor":22},{"not_picked":["animator:RoyMustang","animator:Sebas"],"picked":"animator:Chung+1","floor":23},{"not_picked":["animator:Demiurge","animator:AcuraShin","animator:Scar+1"],"picked":"SKIP","floor":25},{"not_picked":["animator:Demiurge","animator:AcuraShin","animator:Scar+1"],"picked":"SKIP","floor":25},{"not_picked":["animator:Eve","animator:Ara"],"picked":"animator:Rose","floor":28},{"not_picked":["animator:Saber","animator:Guy"],"picked":"animator:DolaCouronne","floor":30},{"not_picked":["animator:Scar","animator:Illya"],"picked":"animator:DolaRiku","floor":31},{"not_picked":["animator:Viivi","animator:Chung","animator:Rena+1"],"picked":"SKIP","floor":35},{"not_picked":["animator:Entoma","animator:DolaRiku"],"picked":"animator:Lancer+1","floor":38},{"not_picked":["animator:PandorasActor","animator:Albedo","animator:AcuraAkari"],"picked":"SKIP","floor":39},{"not_picked":["animator:ShinjiMatou+1","animator:Assassin"],"picked":"animator:TsurugaMeisai+1","floor":40},{"not_picked":["animator:WinryRockbell+1","animator:Sloth+1","animator:Guy"],"picked":"SKIP","floor":45},{"not_picked":["animator:Viivi+1","animator:AcuraShin"],"picked":"animator:DolaRiku","floor":46},{"not_picked":["animator:ElricAlphonse+1","animator:PandorasActor","animator:Sloth+1"],"picked":"SKIP","floor":48}],"player_experience":713505,"relics_obtained":[{"floor":6,"key":"Vajra"},{"floor":9,"key":"theSenshi:FeatherClipsRelic"},{"floor":11,"key":"ReplayTheSpireMod:TigerMarble"},{"floor":14,"key":"hubris:CrystalStatue"},{"floor":23,"key":"Oddly Smooth Stone"},{"floor":26,"key":"PreservedInsect"},{"floor":28,"key":"animator:CursedGlyph"},{"floor":36,"key":"hubris:64BitClover"},{"floor":46,"key":"InkBottle"},{"floor":46,"key":"Centennial Puzzle"}],"event_choices":[],"is_beta":false,"boss_relics":[{"not_picked":["hubris:Backtick","construct:WeddingRing"],"picked":"Cursed Key"},{"not_picked":["Painkiller Herb","Busted Crown"],"picked":"Black Star"}],"items_purged_floors":[27,29],"is_endless":false,"potions_floor_spawned":[1,2,6,11,20,21,23,25,28,31,35,39,48],"ascension_level":5}}