{"host":"t7mx8yfj1no5p62f","time":1609648754,"event":{"mods":["BaseMod","Colored Map","Colored Powertips","Minty Spire (QoL Compilation)","Relic Stats","StSLib"],"gold_per_floor":[114,133,147,163,175,175,200,200,200,200,219,250,250,281,281,355,355,366,385,385,399,427,427,427,427],"floor_reached":24,"playtime":996,"items_purged":[],"score":486,"play_id":"e83b4006-fefb-443f-bc95-971836351696","local_time":"20210102233914","is_ascension_mode":true,"campfire_choices":[{"data":"Dagger Spray","floor":6,"key":"SMITH"},{"data":"Crippling Poison","floor":8,"key":"SMITH"},{"data":"Unload","floor":10,"key":"SMITH"},{"data":"Neutralize","floor":13,"key":"SMITH"},{"data":"Endless Agony","floor":15,"key":"SMITH"},{"data":"Noxious Fumes","floor":23,"key":"SMITH"}],"circlet_count":0,"master_deck":["AscendersBane","Strike_G","Strike_G","Strike_G","Strike_G+1","Defend_G","Defend_G","Defend_G","Defend_G","Defend_G","Survivor","Neutralize+1","Crippling Poison+1","Endless Agony+1","Dagger Spray+1","Unload+1","Masterful Stab+1","Outmaneuver+1","Deflect+1","Adrenaline+1","Prepared+1","Bouncing Flask+1","Noxious Fumes+1","Tactician+1"],"relics":["Ring of the Snake","Orichalcum","Whetstone","Toxic Egg 2","Thread and Needle","Letter Opener","HoveringKite","Red Mask"],"acts_visited":["Exordium","TheCity"],"potions_floor_usage":[5,12,16,16],"damage_taken":[{"damage":5,"enemies":"Small Slimes","floor":1,"turns":6},{"damage":0,"enemies":"Cultist","floor":2,"turns":4},{"damage":0,"enemies":"2 Louse","floor":3,"turns":3},{"damage":3,"enemies":"Blue Slaver","floor":4,"turns":4},{"damage":0,"enemies":"Gremlin Gang","floor":5,"turns":3},{"damage":5,"enemies":"3 Sentries","floor":7,"turns":7},{"damage":3,"enemies":"Exordium Wildlife","floor":11,"turns":2},{"damage":19,"enemies":"Lagavulin","floor":12,"turns":7},{"damage":0,"enemies":"3 Sentries","floor":14,"turns":7},{"damage":13,"enemies":"Hexaghost","floor":16,"turns":11},{"damage":0,"enemies":"3 Byrds","floor":18,"turns":3},{"damage":2,"enemies":"Shell Parasite","floor":19,"turns":7},{"damage":11,"enemies":"Snake Plant","floor":21,"turns":5},{"damage":11,"enemies":"Masked Bandits","floor":22,"turns":4},{"damage":32,"enemies":"Book of Stabbing","floor":24,"turns":5}],"seed_played":"8906321562282658886","potions_obtained":[{"floor":1,"key":"ColorlessPotion"},{"floor":3,"key":"SpeedPotion"},{"floor":7,"key":"Swift Potion"},{"floor":12,"key":"SkillPotion"}],"is_trial":false,"path_per_floor":["M","M","M","M","M","R","E","R","T","R","M","E","R","E","R","B",null,"M","M","?","M","?","R","E"],"character_chosen":"THE_SILENT","items_purchased":[],"campfire_rested":0,"item_purchase_floors":[],"current_hp_per_floor":[54,54,54,51,51,51,46,46,46,46,43,24,24,24,24,11,52,52,50,50,39,28,28,0,0],"gold":427,"neow_bonus":"RANDOM_COMMON_RELIC","is_daily":false,"chose_seed":false,"campfire_upgraded":6,"win_rate":0.0,"timestamp":1609648754,"path_taken":["M","M","M","M","M","R","E","R","T","R","M","E","R","E","R","BOSS","M","M","?","?","?","R","E"],"items_purchased_type":[],"build_version":"2020-12-22","purchased_purges":0,"victory":false,"max_hp_per_floor":[66,66,66,66,66,66,66,66,66,66,66,66,66,66,66,66,66,66,66,66,66,66,66,66,66],"relic_stats":{"counters":[15,78],"HoveringKite":[9],"Whetstone":["Strike_G","Masterful Stab"],"Letter Opener":[62],"Orichalcum":[210],"obtain_stats":[{"HoveringKite":17,"Thread and Needle":12,"Red Mask":22,"Whetstone":7,"Letter Opener":14,"Orichalcum":0,"Toxic Egg 2":9,"Ring of the Snake":0},{"HoveringKite":10,"Thread and Needle":8,"Red Mask":14,"Whetstone":6,"Letter Opener":9,"Orichalcum":0,"Toxic Egg 2":6,"Ring of the Snake":0},{"HoveringKite":54,"Thread and Needle":36,"Red Mask":73,"Whetstone":27,"Letter Opener":43,"Orichalcum":0,"Toxic Egg 2":27,"Ring of the Snake":0}],"Ring of the Snake":[33]},"card_choices":[{"not_picked":["Reflex","Heel Hook"],"picked":"Crippling Poison","floor":1},{"not_picked":["Prepared","Outmaneuver"],"picked":"Endless Agony","floor":2},{"not_picked":["Acrobatics","Deadly Poison"],"picked":"Dagger Spray","floor":3},{"not_picked":["Acrobatics","Underhanded Strike"],"picked":"Unload","floor":4},{"not_picked":["Acrobatics","Deadly Poison"],"picked":"Masterful Stab","floor":5},{"not_picked":["Calculated Gamble","Infinite Blades","Choke"],"picked":"SKIP","floor":7},{"not_picked":["Underhanded Strike","Dagger Spray"],"picked":"Outmaneuver+1","floor":11},{"not_picked":["Flying Knee","Blade Dance+1"],"picked":"Deflect+1","floor":12},{"not_picked":["All Out Attack","Outmaneuver+1","Backstab"],"picked":"SKIP","floor":14},{"not_picked":["Grand Finale","A Thousand Cuts"],"picked":"Adrenaline+1","floor":16},{"not_picked":["Dagger Throw","Predator"],"picked":"Prepared+1","floor":18},{"not_picked":["Quick Slash","Deadly Poison+1"],"picked":"Bouncing Flask+1","floor":19},{"not_picked":["Flying Knee","Underhanded Strike","Quick Slash+1"],"picked":"SKIP","floor":21},{"not_picked":["Terror+1","Deflect+1"],"picked":"Tactician+1","floor":22}],"player_experience":1641706,"relics_obtained":[{"floor":7,"key":"Whetstone"},{"floor":9,"key":"Toxic Egg 2"},{"floor":12,"key":"Thread and Needle"},{"floor":14,"key":"Letter Opener"},{"floor":22,"key":"Red Mask"}],"event_choices":[{"damage_healed":0,"gold_gain":0,"cards_transformed":["Strike_G"],"player_choice":"Transformed","damage_taken":0,"max_hp_gain":0,"max_hp_loss":0,"event_name":"Transmorgrifier","floor":20,"gold_loss":0,"cards_obtained":["Noxious Fumes"]},{"damage_healed":0,"gold_gain":0,"player_choice":"Fought Bandits","damage_taken":0,"max_hp_gain":0,"max_hp_loss":0,"event_name":"Masked Bandits","floor":22,"gold_loss":0}],"is_beta":false,"boss_relics":[{"not_picked":["Black Star","Philosopher\u0027s Stone"],"picked":"HoveringKite"}],"items_purged_floors":[],"is_endless":false,"potions_floor_spawned":[1,3,7,12],"killed_by":"Book of Stabbing","ascension_level":20}}