{"host":"w3q5ijqu8eoknil3","time":1609702815,"event":{"mods":["AchievementEnabler","BaseMod","Block Reminder","Colored Powertips","Minty Spire (QoL Compilation)","Quick Restart","Relic Stats","ojb\u0027s Better Paths Mod","ojb\u0027s Info Mod","slay the spire mod where everything is the same but ironclad has a cowboy hat"],"gold_per_floor":[364,378,2,20,31,31,31,31],"floor_reached":7,"playtime":346,"items_purged":["Strike_G"],"score":75,"play_id":"4c5b2225-d8df-4b84-b8df-8ae17790b5f1","local_time":"20210103194015","is_ascension_mode":true,"campfire_choices":[],"circlet_count":0,"master_deck":["AscendersBane","Strike_G","Strike_G","Strike_G","Strike_G","Defend_G","Defend_G","Defend_G","Defend_G","Defend_G","Survivor","Neutralize","PiercingWail","Outmaneuver","Caltrops","Blade Dance"],"relics":["Ring of the Snake","Blood Vial","MealTicket"],"acts_visited":["Exordium"],"potions_floor_usage":[],"damage_taken":[{"damage":6,"enemies":"Jaw Worm","floor":1,"turns":6},{"damage":13,"enemies":"Small Slimes","floor":2,"turns":5},{"damage":3,"enemies":"2 Louse","floor":4,"turns":7},{"damage":8,"enemies":"Red Slaver","floor":5,"turns":7},{"damage":24,"enemies":"Lagavulin","floor":7,"turns":7}],"seed_played":"-6885767115628781411","potions_obtained":[],"is_trial":false,"path_per_floor":["M","M","$","M","M","?","E"],"character_chosen":"THE_SILENT","items_purchased":["Blood Vial","MealTicket"],"campfire_rested":0,"item_purchase_floors":[3,3],"current_hp_per_floor":[38,25,25,24,18,18,0,0],"gold":31,"neow_bonus":"TWO_FIFTY_GOLD","is_daily":false,"chose_seed":false,"campfire_upgraded":0,"win_rate":0.0,"timestamp":1609702815,"path_taken":["M","M","$","M","M","?","E"],"items_purchased_type":["Relic","Relic"],"build_version":"2020-12-22","purchased_purges":1,"victory":false,"max_hp_per_floor":[66,66,66,66,66,66,66,66],"relic_stats":{"Blood Vial":6,"counters":[5,32],"MealTicket":0,"obtain_stats":[{"Blood Vial":3,"MealTicket":3,"Ring of the Snake":0},{"Blood Vial":2,"MealTicket":2,"Ring of the Snake":0},{"Blood Vial":11,"MealTicket":11,"Ring of the Snake":0}],"Ring of the Snake":[10]},"card_choices":[{"not_picked":["Prepared","Underhanded Strike"],"picked":"PiercingWail","floor":1},{"not_picked":["Choke","Endless Agony"],"picked":"Outmaneuver","floor":2},{"not_picked":["Cloak And Dagger","Dagger Throw"],"picked":"Caltrops","floor":4},{"not_picked":["Escape Plan","Slice"],"picked":"Blade Dance","floor":5}],"player_experience":981109,"relics_obtained":[],"event_choices":[{"damage_healed":0,"gold_gain":0,"player_choice":"Ignored","damage_taken":0,"max_hp_gain":0,"max_hp_loss":0,"event_name":"Shining Light","floor":6,"gold_loss":0}],"is_beta":false,"boss_relics":[],"items_purged_floors":[3],"is_endless":false,"potions_floor_spawned":[],"killed_by":"Lagavulin","ascension_level":15}}