{"host":"jpcy2bclvs7juczu","time":1609717672,"event":{"mods":["AchievementEnabler","BaseMod","Block Reminder","Colored Powertips","Minty Spire (QoL Compilation)","Quick Restart","Relic Stats","ojb\u0027s Better Paths Mod","ojb\u0027s Info Mod","slay the spire mod where everything is the same but ironclad has a cowboy hat"],"gold_per_floor":[118,136,154,154,167,167,167],"floor_reached":6,"playtime":197,"items_purged":[],"score":76,"play_id":"e47e0121-5d32-494d-ba87-69d968fd3ecd","local_time":"20210103234752","is_ascension_mode":true,"campfire_choices":[],"circlet_count":0,"master_deck":["AscendersBane","Strike_G","Strike_G","Strike_G","Strike_G","Strike_G","Defend_G","Defend_G","Defend_G","Defend_G","Defend_G","Survivor","Neutralize","Dagger Spray","Poisoned Stab","Bane","Underhanded Strike"],"relics":["Runic Dome","Golden Idol"],"acts_visited":["Exordium"],"potions_floor_usage":[6],"damage_taken":[{"damage":2.0,"enemies":"Small Slimes","floor":1.0,"turns":5.0},{"damage":2.0,"enemies":"Jaw Worm","floor":2.0,"turns":4.0},{"damage":0.0,"enemies":"2 Louse","floor":3.0,"turns":3.0},{"damage":24.0,"enemies":"Gremlin Gang","floor":5.0,"turns":4.0},{"damage":49,"enemies":"Gremlin Nob","floor":6,"turns":4}],"seed_played":"1576158550046321092","potions_obtained":[{"floor":5.0,"key":"Regen Potion"}],"is_trial":false,"path_per_floor":["M","M","M","?","M","E"],"character_chosen":"THE_SILENT","items_purchased":[],"campfire_rested":0,"item_purchase_floors":[],"current_hp_per_floor":[57,55,55,55,31,0,0],"gold":167,"neow_bonus":"BOSS_RELIC","is_daily":false,"chose_seed":false,"campfire_upgraded":0,"win_rate":0.0,"timestamp":1609717672,"path_taken":["M","M","M","?","M","E"],"items_purchased_type":[],"build_version":"2020-12-22","purchased_purges":0,"victory":false,"max_hp_per_floor":[66,66,66,60,60,60,60],"relic_stats":{"counters":[5,20],"Golden Idol":3,"obtain_stats":[{"Runic Dome":0,"Golden Idol":4,"Ring of the Snake":0},{"Runic Dome":0,"Golden Idol":3,"Ring of the Snake":0},{"Runic Dome":0,"Golden Idol":12,"Ring of the Snake":0}]},"card_choices":[{"not_picked":["Backflip","Acrobatics"],"picked":"Dagger Spray","floor":1.0},{"not_picked":["Escape Plan","Underhanded Strike"],"picked":"Poisoned Stab","floor":2.0},{"not_picked":["Dagger Spray","Leg Sweep"],"picked":"Bane","floor":3.0},{"not_picked":["Slice","Finisher"],"picked":"Underhanded Strike","floor":5.0}],"player_experience":296061,"relics_obtained":[],"event_choices":[{"damage_healed":0.0,"max_hp_gain":0.0,"max_hp_loss":6.0,"gold_gain":0.0,"event_name":"Golden Idol","player_choice":"Lose Max HP","floor":4.0,"gold_loss":0.0,"damage_taken":0.0,"relics_obtained":["Golden Idol"]}],"is_beta":false,"boss_relics":[],"items_purged_floors":[],"is_endless":false,"potions_floor_spawned":[5],"killed_by":"Gremlin Nob","ascension_level":20}}