{"host":"52jmisti11ysmja4","time":1609700474,"event":{"mods":["Aspiration","BaseMod","Better Third Choice","Hermit","Koishi","Minty Spire (QoL Compilation)","Remove Card Discount Mod","Shade Mod","StSLib","The Cursed","The Servant 0.9.4","The Vixen"],"gold_per_floor":[114,129,33,43,43,77,77,106,106,134,146,146,146,181,181,282,282,295,305,305,322,339,370,370,396,423,298,316,347,362,391,391,488,488,500,500,500,547,148,179,179,195,195,224,236,266,266,278,278,278],"floor_reached":51,"playtime":2355,"items_purged":["Strike_P","Strike_P","Strike_P","Strike_P","Defend_P","Defend_P","Defend_P","Defend_P"],"score":1379,"play_id":"d131cc2d-05b8-4690-a6aa-b99eeaa3f830","local_time":"20210103110114","is_ascension_mode":true,"campfire_choices":[{"data":"Eruption","floor":7,"key":"SMITH"},{"data":"CutThroughFate","floor":13,"key":"SMITH"},{"data":"Halt","floor":15,"key":"SMITH"},{"data":"MasterReality","floor":32,"key":"SMITH"},{"data":"TalkToTheHand","floor":41,"key":"SMITH"},{"data":"Tantrum","floor":49,"key":"SMITH"}],"circlet_count":0,"master_deck":["Eruption+1","Vigilance","Consecrate","Consecrate","Consecrate","FollowUp","Perseverance","Adaptation+1","CutThroughFate+1","BowlingBash","Halt+1","MasterReality+1","FlurryOfBlows","Tantrum+1","Consecrate","Wish","BowlingBash+1","ClearTheMind","CutThroughFate+1"],"relics":["PureWater","aspiration:Nostalgia","Ring of the Snake","Yang","Darkstone Periapt","Shuriken","Ornamental Fan","TeardropLocket","Busted Crown","aspiration:SeaSaltIceCream","aspiration:Nostalgia","Shade:YorickSkull","Bag of Preparation","Strawberry","Pen Nib","The Courier","aspiration:RitualDagger","Du-Vu Doll","Bottled Lightning","Gremlin Horn","Pocketwatch","Molten Egg 2","Toxic Egg 2","Ginger"],"acts_visited":["Exordium","TheCity","TheBeyond"],"potions_floor_usage":[23,44,50,50,50],"damage_taken":[{"damage":0,"enemies":"2 Louse","floor":1,"turns":1},{"damage":0,"enemies":"Small Slimes","floor":2,"turns":1},{"damage":0,"enemies":"Cultist","floor":4,"turns":1},{"damage":0,"enemies":"3 Sentries","floor":6,"turns":2},{"damage":0,"enemies":"Lagavulin","floor":8,"turns":2},{"damage":0,"enemies":"3 Sentries","floor":10,"turns":2},{"damage":0,"enemies":"Looter","floor":11,"turns":1},{"damage":0,"enemies":"Lagavulin","floor":14,"turns":2},{"damage":6,"enemies":"Hexaghost","floor":16,"turns":4},{"damage":0,"enemies":"Spheric Guardian","floor":18,"turns":1},{"damage":0,"enemies":"Shell Parasite","floor":19,"turns":2},{"damage":0,"enemies":"Cultist and Chosen","floor":21,"turns":3},{"damage":0,"enemies":"Snecko","floor":22,"turns":2},{"damage":7,"enemies":"Book of Stabbing","floor":23,"turns":3},{"damage":4,"enemies":"Slavers","floor":25,"turns":3},{"damage":0,"enemies":"Shelled Parasite and Fungi","floor":28,"turns":1},{"damage":0,"enemies":"Gremlin Leader","floor":29,"turns":2},{"damage":0,"enemies":"Centurion and Healer","floor":30,"turns":1},{"damage":0,"enemies":"Book of Stabbing","floor":31,"turns":2},{"damage":0,"enemies":"Collector","floor":33,"turns":3},{"damage":6,"enemies":"3 Darklings","floor":35,"turns":2},{"damage":6,"enemies":"2 Orb Walkers","floor":38,"turns":2},{"damage":6,"enemies":"Reptomancer","floor":40,"turns":2},{"damage":14,"enemies":"3 Shapes","floor":42,"turns":2},{"damage":29,"enemies":"Nemesis","floor":44,"turns":3},{"damage":3,"enemies":"3 Darklings","floor":45,"turns":1},{"damage":12,"enemies":"Giant Head","floor":46,"turns":4},{"damage":18,"enemies":"4 Shapes","floor":48,"turns":2},{"damage":59,"enemies":"Time Eater","floor":50,"turns":3}],"seed_played":"-2132540180173300634","potions_obtained":[{"floor":1,"key":"BottledMiracle"},{"floor":4,"key":"SpeedPotion"},{"floor":16,"key":"PowerPotion"},{"floor":21,"key":"SkillPotion"},{"floor":25,"key":"Swift Potion"},{"floor":29,"key":"AttackPotion"},{"floor":45,"key":"EssenceOfSteel"},{"floor":46,"key":"PowerPotion"}],"is_trial":false,"path_per_floor":["M","M","$","M","?","E","R","E","T","E","M","?","R","E","R","B",null,"M","M","?","M","M","E","?","E","T","$","M","E","M","E","R","B",null,"M","?","$","?","$","E","R","M","T","E","M","E","?","M","R","B",null],"character_chosen":"WATCHER","items_purchased":["Consecrate","FollowUp","Tantrum","Consecrate","Bottled Lightning","Gremlin Horn"],"campfire_rested":0,"item_purchase_floors":[3,3,27,27,39,39],"current_hp_per_floor":[72,72,72,72,77,77,77,77,77,77,77,77,77,77,77,71,76,76,76,62,62,62,55,55,51,58,58,58,58,58,58,58,58,81,75,75,75,69,69,63,63,49,49,20,17,5,5,83,83,62],"gold":278,"neow_bonus":"NOSTALGIA","is_daily":false,"chose_seed":false,"campfire_upgraded":6,"win_rate":0.0,"timestamp":1609700474,"path_taken":["M","M","$","M","?","E","R","E","T","E","M","?","R","E","R","BOSS","M","M","?","M","M","E","?","E","T","$","M","E","M","E","R","BOSS","M","?","$","?","$","E","R","M","T","E","M","E","?","M","R","BOSS"],"items_purchased_type":["Card","Card","Card","Card","Relic","Relic"],"build_version":"2020-12-22","purchased_purges":8,"victory":true,"max_hp_per_floor":[72,72,72,72,77,77,77,77,77,77,77,77,77,77,77,77,77,77,77,82,82,82,82,82,82,89,89,89,89,89,89,89,89,89,89,85,85,85,85,85,85,85,85,85,85,85,85,85,85,85],"card_choices":[{"not_picked":["Wallop","Protect"],"picked":"Consecrate","floor":1},{"not_picked":["ThirdEye","FlyingSleeves"],"picked":"Consecrate","floor":2},{"not_picked":["Sanctity","Evaluate"],"picked":"Perseverance","floor":4},{"not_picked":["LikeWater","Evaluate"],"picked":"Adaptation","floor":6},{"not_picked":["Judgement","MentalFortress"],"picked":"CutThroughFate","floor":8},{"not_picked":["SashWhip","Tantrum"],"picked":"BowlingBash","floor":10},{"not_picked":["CrushJoints","EmptyFist","WaveOfTheHand"],"picked":"SKIP","floor":11},{"not_picked":["PathToVictory","Establishment"],"picked":"Halt","floor":14},{"not_picked":["Vault","Establishment"],"picked":"MasterReality","floor":16},{"not_picked":[],"picked":"FlurryOfBlows","floor":18},{"not_picked":["EmptyFist"],"picked":"SKIP","floor":19},{"not_picked":["Prostrate"],"picked":"SKIP","floor":21},{"not_picked":["Evaluate"],"picked":"SKIP","floor":22},{"not_picked":["ReachHeaven"],"picked":"SKIP","floor":23},{"not_picked":["WreathOfFlame"],"picked":"SKIP","floor":25},{"not_picked":["SashWhip+1"],"picked":"SKIP","floor":28},{"not_picked":[],"picked":"TalkToTheHand","floor":29},{"not_picked":["EmptyBody"],"picked":"SKIP","floor":30},{"not_picked":["Swivel"],"picked":"SKIP","floor":31},{"not_picked":[],"picked":"Wish","floor":33},{"not_picked":[],"picked":"BowlingBash+1","floor":35},{"not_picked":[],"picked":"ClearTheMind","floor":38},{"not_picked":["EmptyFist+1"],"picked":"SKIP","floor":40},{"not_picked":["Prostrate+1"],"picked":"SKIP","floor":42},{"not_picked":["SashWhip+1"],"picked":"SKIP","floor":44},{"not_picked":["Protect+1"],"picked":"SKIP","floor":45},{"not_picked":["MasterReality"],"picked":"SKIP","floor":46},{"not_picked":[],"picked":"CutThroughFate+1","floor":48}],"player_experience":653777,"relics_obtained":[{"floor":6,"key":"Yang"},{"floor":8,"key":"Darkstone Periapt"},{"floor":9,"key":"Shuriken"},{"floor":10,"key":"Ornamental Fan"},{"floor":14,"key":"TeardropLocket"},{"floor":23,"key":"aspiration:SeaSaltIceCream"},{"floor":25,"key":"Bag of Preparation"},{"floor":26,"key":"Strawberry"},{"floor":29,"key":"Pen Nib"},{"floor":31,"key":"The Courier"},{"floor":38,"key":"Du-Vu Doll"},{"floor":40,"key":"Pocketwatch"},{"floor":43,"key":"Molten Egg 2"},{"floor":44,"key":"Toxic Egg 2"},{"floor":46,"key":"Ginger"}],"event_choices":[{"damage_healed":0,"gold_gain":0,"player_choice":"Donut","damage_taken":0,"max_hp_gain":5,"max_hp_loss":0,"event_name":"Big Fish","floor":5,"gold_loss":0},{"damage_healed":0,"gold_gain":0,"player_choice":"Upgraded","damage_taken":0,"max_hp_gain":0,"max_hp_loss":0,"event_name":"Upgrade Shrine","floor":12,"gold_loss":0,"cards_upgraded":["Adaptation"]},{"damage_healed":0,"gold_gain":0,"player_choice":"Shed Blood","damage_taken":19,"max_hp_gain":5,"max_hp_loss":0,"event_name":"Forgotten Altar","floor":20,"gold_loss":0},{"damage_healed":0,"gold_gain":0,"player_choice":"Ignored","damage_taken":0,"max_hp_gain":0,"max_hp_loss":0,"event_name":"Beggar","floor":24,"gold_loss":0},{"damage_healed":0,"gold_gain":0,"player_choice":"Max HP","damage_taken":0,"max_hp_gain":0,"max_hp_loss":4,"event_name":"Winding Halls","floor":36,"gold_loss":0},{"damage_healed":0,"gold_gain":0,"player_choice":"Fight","damage_taken":0,"max_hp_gain":0,"max_hp_loss":0,"event_name":"Mysterious Sphere","floor":38,"gold_loss":0},{"cards_removed":["TalkToTheHand"],"damage_healed":0,"gold_gain":0,"player_choice":"Removed Attack","damage_taken":0,"max_hp_gain":0,"max_hp_loss":0,"event_name":"Falling","floor":47,"gold_loss":0}],"is_beta":false,"boss_relics":[{"not_picked":["Tiny House","Fusion Hammer"],"picked":"Busted Crown"},{"not_picked":["Runic Dome","Pandora\u0027s Box"],"picked":"aspiration:RitualDagger"}],"items_purged_floors":[3,3,3,3,3,3,3,3],"is_endless":false,"potions_floor_spawned":[1,4,16,21,25,29,30,31,33,38,42,45,46,48],"ascension_level":5}}