{"host":"newqdrzxfhh2im9e","time":1609643009,"event":{"mods":["AchievementEnabler","BaseMod","BetterRewards","Block Reminder","Colored Map","Jorbs\u0027s Wanderer Trilogy","Minty Spire (QoL Compilation)","Rare Cards Sparkle","Shop Mod","StSLib"],"gold_per_floor":[109,109,121,132,21,21,21,39,39,71,87,100,100,112,112,215,215,231,231,242,255,255,255,268,268,268,268,268,318,331,356,356,356,356],"floor_reached":33,"playtime":1034,"items_purged":[],"score":336,"play_id":"e6c3c65a-eb12-4190-b54c-95d30b4aa9de","local_time":"20210102190329","is_ascension_mode":true,"campfire_choices":[{"data":"Rainbow","floor":6,"key":"SMITH"},{"floor":13,"key":"REST"},{"floor":15,"key":"REST"},{"floor":23,"key":"REST"},{"floor":25,"key":"REST"},{"data":"RitualDagger","floor":27,"key":"SMITH"},{"floor":32,"key":"REST"}],"circlet_count":0,"master_deck":["Strike_B","Strike_B","Strike_B","Strike_B","Defend_B","Defend_B","Defend_B","Defend_B","Zap","Dualcast","Rainbow+1","Stack","Tempest","Hello World","Undo","Sunder","Storm","Undo","Beam Cell","Scrape","Electrodynamics","Hyperbeam","Auto Shields+1","Loop","Conserve Battery+1","RitualDagger+1","Storm+1","Normality","FTL+1","BootSequence+1"],"relics":["Cracked Core","Calipers","NlothsMask","Unceasing Top","Cursed Key","MutagenicStrength","Toy Ornithopter","WingedGreaves"],"acts_visited":["Exordium","TheCity"],"potions_floor_usage":[10,10,12,14,31,31,33],"damage_taken":[{"damage":4,"enemies":"Cultist","floor":1,"turns":3},{"damage":6,"enemies":"2 Louse","floor":3,"turns":3},{"damage":0,"enemies":"Small Slimes","floor":4,"turns":2},{"damage":10,"enemies":"2 Fungi Beasts","floor":8,"turns":3},{"damage":21,"enemies":"Gremlin Nob","floor":10,"turns":5},{"damage":0,"enemies":"Looter","floor":11,"turns":4},{"damage":11,"enemies":"Lots of Slimes","floor":12,"turns":5},{"damage":0,"enemies":"Large Slime","floor":14,"turns":5},{"damage":22,"enemies":"The Guardian","floor":16,"turns":10},{"damage":0,"enemies":"Chosen","floor":18,"turns":4},{"damage":6,"enemies":"Spheric Guardian","floor":20,"turns":3},{"damage":36,"enemies":"Chosen and Byrds","floor":21,"turns":6},{"damage":12,"enemies":"Snake Plant","floor":24,"turns":4},{"damage":26,"enemies":"Snecko","floor":30,"turns":5},{"damage":17,"enemies":"Slavers","floor":31,"turns":4},{"damage":65,"enemies":"Champ","floor":33,"turns":11}],"seed_played":"7972842375163986840","potions_obtained":[{"floor":4,"key":"Block Potion"},{"floor":8,"key":"Weak Potion"},{"floor":11,"key":"Energy Potion"},{"floor":12,"key":"LiquidMemories"},{"floor":16,"key":"Dexterity Potion"},{"floor":24,"key":"FearPotion"},{"floor":31,"key":"Regen Potion"}],"is_trial":false,"path_per_floor":["M","?","M","M","$","R","?","M","T","E","M","M","R","M","R","B",null,"M","?","M","M","?","R","M","R","T","R","?","T","M","E","R","B"],"character_chosen":"DEFECT","items_purchased":["Undo","Sunder"],"campfire_rested":5,"item_purchase_floors":[5,5],"current_hp_per_floor":[71,64,58,58,58,58,58,48,48,27,27,16,38,38,60,38,66,66,66,60,24,18,40,28,50,50,50,50,50,24,17,39,0,0],"gold":356,"neow_bonus":"ONE_RANDOM_RARE_CARD","is_daily":false,"chose_seed":false,"campfire_upgraded":2,"win_rate":0.0,"timestamp":1609643009,"path_taken":["M","?","M","M","$","R","?","M","T","E","M","?","R","M","R","BOSS","M","?","M","M","?","R","M","R","T","R","?","?","?","E","R","BOSS"],"items_purchased_type":["Card","Card"],"build_version":"2020-12-22","purchased_purges":0,"victory":false,"max_hp_per_floor":[75,75,75,75,75,75,75,75,75,75,75,75,75,75,75,75,75,75,75,75,75,75,75,75,75,75,75,75,75,75,75,75,75,75],"card_choices":[{"not_picked":["Hologram","Turbo"],"picked":"Stack","floor":1},{"not_picked":["Skim","Gash"],"picked":"Tempest","floor":3},{"not_picked":["Chaos","Hologram"],"picked":"Hello World","floor":4},{"not_picked":["Streamline","Go for the Eyes"],"picked":"Storm","floor":8},{"not_picked":["Turbo","Hologram"],"picked":"Undo","floor":10},{"not_picked":["Streamline","Meteor Strike"],"picked":"Beam Cell","floor":11},{"not_picked":["Beam Cell","Chaos"],"picked":"Scrape","floor":12},{"not_picked":["Go for the Eyes","Beam Cell"],"picked":"Electrodynamics","floor":14},{"not_picked":["Thunder Strike","Echo Form"],"picked":"Hyperbeam","floor":16},{"not_picked":["Coolheaded","Undo+1"],"picked":"Auto Shields+1","floor":18},{"not_picked":["Go for the Eyes","Double Energy"],"picked":"Loop","floor":20},{"not_picked":["Hologram","Lockon"],"picked":"Conserve Battery+1","floor":21},{"not_picked":["Rip and Tear","Coolheaded+1"],"picked":"Storm+1","floor":24},{"not_picked":["Static Discharge","Streamline+1"],"picked":"FTL+1","floor":30},{"not_picked":["Redo","Go for the Eyes"],"picked":"BootSequence+1","floor":31}],"player_experience":675011,"relics_obtained":[{"floor":10,"key":"Unceasing Top"},{"floor":29,"key":"Toy Ornithopter"},{"floor":31,"key":"WingedGreaves"}],"event_choices":[{"damage_healed":0,"gold_gain":0,"player_choice":"Success","damage_taken":7,"relics_obtained":["Calipers"],"max_hp_gain":0,"max_hp_loss":0,"event_name":"Scrap Ooze","floor":2,"gold_loss":0},{"damage_healed":0,"gold_gain":0,"player_choice":"Trade","damage_taken":0,"relics_obtained":["NlothsMask"],"max_hp_gain":0,"max_hp_loss":0,"event_name":"FaceTrader","floor":7,"gold_loss":0},{"damage_healed":0,"gold_gain":0,"player_choice":"Inject Mutagens","damage_taken":0,"relics_obtained":["MutagenicStrength"],"max_hp_gain":0,"max_hp_loss":0,"event_name":"Drug Dealer","floor":19,"gold_loss":0},{"damage_healed":0,"gold_gain":0,"player_choice":"Joined the Cult","damage_taken":6,"max_hp_gain":0,"max_hp_loss":0,"event_name":"Nest","floor":22,"gold_loss":0,"cards_obtained":["RitualDagger"]},{"damage_healed":0,"gold_gain":0,"player_choice":"Ignored","damage_taken":0,"max_hp_gain":0,"max_hp_loss":0,"event_name":"Ghosts","floor":28,"gold_loss":0}],"is_beta":false,"boss_relics":[{"not_picked":["Philosopher\u0027s Stone","Snecko Eye"],"picked":"Cursed Key"}],"items_purged_floors":[],"is_endless":false,"potions_floor_spawned":[4,8,11,12,16,24,31],"killed_by":"Champ","ascension_level":5}}