{"host":"cvdbfwtypahr1w62","time":1609712835,"event":{"mods":["AchievementEnabler","BaseMod","BetterRewards","Colored Map","Filter the Spire","Highlight Path","Jorbs\u0027s Wanderer Trilogy","Minty Spire (QoL Compilation)","Rare Cards Sparkle","Relic Stats","Shop Mod","StSLib"],"gold_per_floor":[114,39,39,63,83,116,116,26,26,50,68,92,92,107,107,107,107],"floor_reached":16,"playtime":716,"items_purged":["Strike_G"],"score":308,"play_id":"b678ab46-42be-4087-96b4-1a6b072272a5","local_time":"20210103232715","is_ascension_mode":true,"campfire_choices":[{"data":"Blade Dance","floor":7,"key":"SMITH"},{"floor":13,"key":"REST"},{"floor":15,"key":"REST"}],"circlet_count":0,"master_deck":["AscendersBane","Strike_G","Strike_G","Strike_G","Defend_G","Defend_G","Defend_G","Defend_G","Defend_G","Survivor","Neutralize","Infinite Blades","Deadly Poison","Dodge and Roll","Blade Dance+1","Noxious Fumes","Footwork","Blur","Cloak And Dagger"],"relics":["Ring of the Snake","Golden Idol","Bottled Tornado","Happy Flower"],"acts_visited":["Exordium"],"potions_floor_usage":[5,6,12,16,16],"damage_taken":[{"damage":0,"enemies":"2 Louse","floor":1,"turns":5},{"damage":3,"enemies":"Jaw Worm","floor":4,"turns":5},{"damage":0,"enemies":"Small Slimes","floor":5,"turns":4},{"damage":26,"enemies":"Lagavulin","floor":6,"turns":8},{"damage":1,"enemies":"Looter","floor":10,"turns":4},{"damage":6,"enemies":"Lots of Slimes","floor":11,"turns":4},{"damage":14,"enemies":"Large Slime","floor":12,"turns":7},{"damage":0,"enemies":"2 Fungi Beasts","floor":14,"turns":5},{"damage":38,"enemies":"Slime Boss","floor":16,"turns":9}],"seed_played":"3350060523996518022","potions_obtained":[{"floor":1,"key":"GhostInAJar"},{"floor":5,"key":"SneckoOil"},{"floor":12,"key":"LiquidMemories"},{"floor":14,"key":"BlessingOfTheForge"}],"is_trial":false,"path_per_floor":["M","?","?","M","M","E","R","$","T","M","M","M","R","M","R","B"],"character_chosen":"THE_SILENT","items_purchased":["Infinite Blades","Swift Potion","AttackPotion","Noxious Fumes"],"campfire_rested":2,"item_purchase_floors":[0,0,0,8],"current_hp_per_floor":[51,51,51,48,48,22,22,22,22,21,15,1,19,19,37,0,0],"gold":107,"neow_bonus":"","is_daily":false,"chose_seed":false,"campfire_upgraded":1,"win_rate":0.0,"timestamp":1609712835,"path_taken":["M","?","?","?","M","E","R","$","T","M","M","M","R","M","R","BOSS"],"items_purchased_type":["Card","Potion","Potion","Card"],"build_version":"2020-12-22","purchased_purges":1,"victory":false,"max_hp_per_floor":[66,66,60,60,60,60,60,60,60,60,60,60,60,60,60,60,60],"relic_stats":{"Happy Flower":[9],"counters":[46,287],"Golden Idol":33,"obtain_stats":[{"Singing Bowl":24,"Gremlin Horn":43,"Nilry\u0027s Codex":21,"Hammer of Thor":0,"Incense Burner":13,"Bottled Tornado":6,"Empty Cage":17,"Boot":23,"Ancient Tea Set":9,"Centennial Puzzle":47,"Mummified Hand":9,"Philosopher\u0027s Stone":17,"MealTicket":26,"Red Mask":27,"Chemical X":0,"Kunai":26,"InkBottle":3,"Pear":7,"Happy Flower":9,"Golden Idol":3,"stsjorbsmod:GrimoireRelic":0,"Eternal Feather":7,"Seething Fire":0,"Frozen Egg 2":41,"Busted Crown":34,"Anvil of the Gods":0,"Shuriken":20,"Bag of Marbles":2},{"Singing Bowl":24,"Gremlin Horn":32,"Nilry\u0027s Codex":23,"Hammer of Thor":0,"Incense Burner":20,"Bottled Tornado":41,"Empty Cage":8,"Boot":11,"Ancient Tea Set":17,"Centennial Puzzle":35,"Mummified Hand":5,"Philosopher\u0027s Stone":22,"MealTicket":25,"Red Mask":26,"Chemical X":2,"Kunai":12,"InkBottle":15,"Pear":17,"Happy Flower":41,"Golden Idol":38,"stsjorbsmod:GrimoireRelic":0,"Eternal Feather":4,"Seething Fire":0,"Frozen Egg 2":31,"Busted Crown":29,"Anvil of the Gods":0,"Shuriken":23,"Bag of Marbles":15},{"Singing Bowl":138,"Gremlin Horn":197,"Nilry\u0027s Codex":131,"Hammer of Thor":0,"Incense Burner":109,"Bottled Tornado":258,"Empty Cage":46,"Boot":59,"Ancient Tea Set":85,"Centennial Puzzle":223,"Mummified Hand":27,"Philosopher\u0027s Stone":127,"MealTicket":142,"Red Mask":150,"Chemical X":13,"Kunai":62,"InkBottle":72,"Pear":85,"Happy Flower":258,"Golden Idol":241,"stsjorbsmod:GrimoireRelic":0,"Eternal Feather":23,"Seething Fire":0,"Frozen Egg 2":191,"Busted Crown":178,"Anvil of the Gods":0,"Shuriken":131,"Bag of Marbles":72}],"Ring of the Snake":[18]},"card_choices":[{"not_picked":["Finisher","Flying Knee"],"picked":"Deadly Poison","floor":1},{"not_picked":["Bane","Outmaneuver","Dodge and Roll"],"picked":"SKIP","floor":4},{"not_picked":["Quick Slash","Deflect"],"picked":"Dodge and Roll","floor":5},{"not_picked":["Outmaneuver","Poisoned Stab"],"picked":"Blade Dance","floor":6},{"not_picked":["Blade Dance","Heel Hook"],"picked":"Footwork","floor":10},{"not_picked":["Prepared","Tools of the Trade","Deflect"],"picked":"SKIP","floor":11},{"not_picked":["Sucker Punch","Reflex"],"picked":"Blur","floor":12},{"not_picked":["Escape Plan","Flying Knee"],"picked":"Cloak And Dagger","floor":14}],"player_experience":708828,"relics_obtained":[{"floor":6,"key":"Bottled Tornado"},{"floor":9,"key":"Happy Flower"}],"event_choices":[{"cards_removed":["Strike_G"],"damage_healed":0,"gold_gain":0,"player_choice":"Card Removal","damage_taken":0,"max_hp_gain":0,"max_hp_loss":0,"event_name":"The Cleric","floor":2,"gold_loss":75},{"damage_healed":0,"gold_gain":0,"player_choice":"Lose Max HP","damage_taken":0,"relics_obtained":["Golden Idol"],"max_hp_gain":0,"max_hp_loss":6,"event_name":"Golden Idol","floor":3,"gold_loss":0}],"is_beta":false,"boss_relics":[],"items_purged_floors":[0],"is_endless":false,"potions_floor_spawned":[1,5,12,14],"killed_by":"Slime Boss","ascension_level":20}}