{"host":"p6s16n2sj7zvsuor","time":1609684805,"event":{"mods":["BaseMod","Minty Spire (QoL Compilation)"],"gold_per_floor":[109,34,34,209,223,257,268,268,314,314,67,81,81,98,98,202,202,219,119,129,129,64,92,92,92,92],"floor_reached":25,"playtime":693,"items_purged":["Strike_G","Doubt","Strike_G"],"score":317,"play_id":"b29f0c66-5207-4220-bc49-0870bff88a7a","local_time":"20210103164005","is_ascension_mode":true,"campfire_choices":[{"data":"Blade Dance","floor":8,"key":"SMITH"},{"data":"Cloak And Dagger","floor":10,"key":"SMITH"},{"data":"Infinite Blades","floor":15,"key":"SMITH"},{"data":"A Thousand Cuts","floor":24,"key":"SMITH"}],"circlet_count":0,"master_deck":["Strike_G","Strike_G","Strike_G","Defend_G","Defend_G","Defend_G","Defend_G","Defend_G","Survivor","Neutralize","Blade Dance+1","Cloak And Dagger+1","Riddle With Holes","Infinite Blades+1","Blade Dance","A Thousand Cuts+1","Quick Slash+1","Dash","Accuracy","Choke"],"relics":["Ring of the Snake","NeowsBlessing","Boot","Blood Vial","The Courier","Sozu","Tough Bandages","Toxic Egg 2"],"acts_visited":["Exordium","TheCity"],"potions_floor_usage":[16,16],"damage_taken":[{"damage":0,"enemies":"2 Louse","floor":1,"turns":1},{"damage":0,"enemies":"Jaw Worm","floor":5,"turns":1},{"damage":0,"enemies":"3 Sentries","floor":6,"turns":1},{"damage":0,"enemies":"Cultist","floor":7,"turns":3},{"damage":6,"enemies":"Exordium Wildlife","floor":12,"turns":3},{"damage":4,"enemies":"Gremlin Gang","floor":14,"turns":4},{"damage":60,"enemies":"The Guardian","floor":16,"turns":10},{"damage":2,"enemies":"Chosen","floor":18,"turns":4},{"damage":12,"enemies":"3 Byrds","floor":20,"turns":3},{"damage":34,"enemies":"Slavers","floor":23,"turns":4},{"damage":22,"enemies":"Book of Stabbing","floor":25,"turns":4}],"seed_played":"-5018768696492955001","potions_obtained":[{"floor":5,"key":"FearPotion"},{"floor":12,"key":"Explosive Potion"},{"floor":14,"key":"SmokeBomb"}],"is_trial":false,"path_per_floor":["M","$","?","?","M","E","M","R","T","R","$","M","T","M","R","B",null,"M","$","M","T","$","E","R","E"],"character_chosen":"THE_SILENT","items_purchased":["Blood Vial","Accuracy"],"campfire_rested":0,"item_purchase_floors":[11,22],"current_hp_per_floor":[63,63,68,68,68,68,68,68,68,68,68,64,64,62,62,4,57,57,57,47,47,47,15,15,0,0],"gold":92,"neow_bonus":"THREE_ENEMY_KILL","is_daily":false,"chose_seed":false,"campfire_upgraded":4,"win_rate":0.0,"timestamp":1609684805,"path_taken":["M","$","?","?","?","E","M","R","T","R","$","?","?","?","R","BOSS","M","$","M","?","$","E","R","E"],"items_purchased_type":["Relic","Card"],"build_version":"2020-12-22","purchased_purges":3,"victory":false,"max_hp_per_floor":[70,70,75,75,75,75,75,75,75,75,75,75,75,75,75,75,75,75,75,75,75,75,75,75,75,75],"card_choices":[{"not_picked":["Outmaneuver","PiercingWail"],"picked":"Blade Dance","floor":1},{"not_picked":["Eviscerate","Prepared"],"picked":"Cloak And Dagger","floor":5},{"not_picked":["Catalyst","Doppelganger","Poisoned Stab"],"picked":"SKIP","floor":6},{"not_picked":["Deadly Poison","Cloak And Dagger"],"picked":"Riddle With Holes","floor":7},{"not_picked":["Underhanded Strike","Tactician"],"picked":"Infinite Blades","floor":12},{"not_picked":["Slice","Cloak And Dagger"],"picked":"Blade Dance","floor":14},{"not_picked":["Bullet Time","Doppelganger"],"picked":"A Thousand Cuts","floor":16},{"not_picked":["Heel Hook","Dodge and Roll"],"picked":"Quick Slash+1","floor":18},{"not_picked":["Deadly Poison+1","PiercingWail"],"picked":"Dash","floor":20},{"not_picked":["Predator","Flying Knee+1"],"picked":"Choke","floor":23}],"player_experience":780807,"relics_obtained":[{"floor":6,"key":"Boot"},{"floor":13,"key":"The Courier"},{"floor":21,"key":"Tough Bandages"},{"floor":23,"key":"Toxic Egg 2"}],"event_choices":[{"damage_healed":0,"gold_gain":0,"player_choice":"Donut","damage_taken":0,"max_hp_gain":5,"max_hp_loss":0,"event_name":"Big Fish","floor":3,"gold_loss":0},{"damage_healed":0,"gold_gain":175,"player_choice":"AGREE","damage_taken":0,"max_hp_gain":0,"max_hp_loss":0,"event_name":"Liars Game","floor":4,"gold_loss":0,"cards_obtained":["Doubt"]}],"is_beta":false,"boss_relics":[{"not_picked":["HoveringKite","Ectoplasm"],"picked":"Sozu"}],"items_purged_floors":[2,11,19],"is_endless":false,"potions_floor_spawned":[5,12,14,18],"killed_by":"Book of Stabbing","ascension_level":6}}