{"host":"h0xw20cia6ppa69g","time":1609671237,"event":{"mods":["AchievementEnabler","BaseMod","Colored Map","Filter the Spire","Googly Eyes","Minty Spire (QoL Compilation)","Relic Stats","StSLib","The Awakened One except there are too many feathers","everything is the same but u backflip on backflip"],"gold_per_floor":[115,135,135,135,60,60,99,99,99,138,161,161,161],"floor_reached":12,"playtime":364,"items_purged":["Zap"],"score":90,"play_id":"1716899b-febb-48ff-8d2e-aeba7efffb22","local_time":"20210103045357","is_ascension_mode":true,"campfire_choices":[{"data":"Consume","floor":6,"key":"SMITH"},{"floor":8,"key":"REST"}],"circlet_count":0,"master_deck":["Dualcast","Consume+1","Steam","Stack","Barrage","Lockon","FTL","Compile Driver","Static Discharge","Leap","Ball Lightning","Sweeping Beam","BootSequence"],"relics":["Pandora\u0027s Box","Ginger","Golden Idol","WingedGreaves","Bag of Preparation","Meat on the Bone"],"acts_visited":["Exordium"],"potions_floor_usage":[12],"damage_taken":[{"damage":1,"enemies":"Small Slimes","floor":1,"turns":4},{"damage":4,"enemies":"2 Louse","floor":2,"turns":2},{"damage":30,"enemies":"3 Sentries","floor":7,"turns":5},{"damage":22,"enemies":"Gremlin Nob","floor":10,"turns":4},{"damage":0,"enemies":"Jaw Worm","floor":11,"turns":3},{"damage":27,"enemies":"3 Sentries","floor":12,"turns":4}],"seed_played":"-1709973051114651828","potions_obtained":[{"floor":2,"key":"FearPotion"},{"floor":10,"key":"Explosive Potion"}],"is_trial":false,"path_per_floor":["M","M","?","?","$","R","E","R","T","E","M","E"],"character_chosen":"DEFECT","items_purchased":[],"campfire_rested":1,"item_purchase_floors":[],"current_hp_per_floor":[74,70,58,40,40,40,10,32,32,10,22,0,0],"gold":161,"neow_bonus":"BOSS_RELIC","is_daily":false,"chose_seed":false,"campfire_upgraded":1,"win_rate":0.0,"timestamp":1609671237,"path_taken":["M","M","?","?","?","R","E","R","T","E","M","E"],"items_purchased_type":[],"build_version":"2020-12-22","purchased_purges":1,"victory":false,"max_hp_per_floor":[75,75,75,75,75,75,75,75,75,75,75,75,75],"relic_stats":{"counters":[6,22],"Golden Idol":21,"Pandora\u0027s Box":["Consume","Steam","Stack","Barrage","Lockon","FTL","Compile Driver","Static Discharge"],"Bag of Preparation":[6],"Ginger":[0],"obtain_stats":[{"Golden Idol":4,"Pandora\u0027s Box":0,"WingedGreaves":7,"Bag of Preparation":9,"Ginger":3,"Cracked Core":0,"Meat on the Bone":10},{"Golden Idol":2,"Pandora\u0027s Box":0,"WingedGreaves":3,"Bag of Preparation":3,"Ginger":2,"Cracked Core":0,"Meat on the Bone":4},{"Golden Idol":6,"Pandora\u0027s Box":0,"WingedGreaves":11,"Bag of Preparation":11,"Ginger":6,"Cracked Core":0,"Meat on the Bone":15}],"Meat on the Bone":12},"card_choices":[{"not_picked":["Streamline","Steam Power"],"picked":"Leap","floor":1},{"not_picked":["Hologram","Beam Cell"],"picked":"Ball Lightning","floor":2},{"not_picked":["Heatsinks","Barrage"],"picked":"Sweeping Beam","floor":7},{"not_picked":["Double Energy","Gash"],"picked":"BootSequence","floor":10},{"not_picked":["Barrage","Steam Power","Scrape"],"picked":"SKIP","floor":11}],"player_experience":3599366,"relics_obtained":[{"floor":7,"key":"WingedGreaves"},{"floor":9,"key":"Bag of Preparation"},{"floor":10,"key":"Meat on the Bone"}],"event_choices":[{"damage_healed":0,"gold_gain":0,"player_choice":"Success","damage_taken":12,"relics_obtained":["Ginger"],"max_hp_gain":0,"max_hp_loss":0,"event_name":"Scrap Ooze","floor":3,"gold_loss":0},{"damage_healed":0,"gold_gain":0,"player_choice":"Take Damage","damage_taken":18,"relics_obtained":["Golden Idol"],"max_hp_gain":0,"max_hp_loss":0,"event_name":"Golden Idol","floor":4,"gold_loss":0}],"is_beta":false,"boss_relics":[],"items_purged_floors":[5],"is_endless":false,"potions_floor_spawned":[2,10],"killed_by":"3 Sentries","ascension_level":1}}