{"host":"xlxcdpipts2sgx0a","time":1609677551,"event":{"mods":["Aspiration","Astrologer","BaseMod","CavMod","Friendly Minions","GungeonMod","HololiveMod","KinomotoSakuraMod(Ä¾Ö®±¾Ó£)","Kiyohime£¨Çå¼§£©","Koishi","LagranYue(À­¸ñÀÊ¡¤ÔÂ)","Marisa£¨ìFÓê¡¡Ä§ÀíÉ³£©","Minty Spire (QoL Compilation)","Nova Terra(ÅµÍÞ¡¤Ì©À­)","Permanent Neow","Prisma Mod","Reimu£¨²©ÀöÁéÃÎ£©","RumiaBox-Â¶Ã×æ«µÄÉñÃØºÐ×Ó","StSLib","Td1madao Mod","TestMod","The Bug Knight","The Mystic","Yohane!","Youmu£¨»êÆÇÑýÃÎ£©","Yuri Mod","[IsaacMod]ÒÔÈö¼âËþ"],"gold_per_floor":[119,139,159,174,349,349,378,1,73,73,90,114,144,144,144,255,255,276,1,17,39,55,95,113,144,168,568,568,600,600,619,619,726,726,789,818,839,866,895,939,939,963,989,661,720,210,210,239,239,253,253,253,27,63,67],"floor_reached":56,"playtime":5174,"items_purged":["Doubt","Yohane:Defend_Grey","Yohane:Strike_Grey"],"score":1404,"play_id":"7c99697f-0f67-4615-82db-79cf42ff909e","local_time":"20210103203911","is_ascension_mode":false,"campfire_choices":[{"data":"Yohane:Voodoo_Doll","floor":6,"key":"SMITH"},{"data":"Yohane:Little_Demon_Lily","floor":10,"key":"SMITH"},{"data":"Yohane:Reckless_Greed","floor":15,"key":"SMITH"},{"data":"Yohane:Little_Demon_Hanamaru","floor":28,"key":"SMITH"},{"floor":32,"key":"REST"},{"floor":49,"key":"RECALL"},{"data":"A Thousand Cuts","floor":52,"key":"SMITH"}],"circlet_count":0,"master_deck":["Yohane:Little_Demon_Lily+1","Yohane:Well_Laid_Ambush","Yohane:Wrath","Yohane:Wrath","Yohane:Voodoo_Doll+1","Yohane:Introspection","Yohane:Little_Demon_Ruby","Yohane:Reckless_Greed+1","Yohane:Unstable_World","Yohane:Runaway_Umbrella+1","Yohane:Adept_Technology+1","Yohane:Allure_of_Darkness+1","Yohane:Grace_Under_Fire","Yohane:Yousoro","Yohane:Little_Demon_Chika+1","Yohane:Little_Demon_Hanamaru+1","Yohane:Culinary_Genius+1","ClowCardTheFlower","A Thousand Cuts+1","CAV:MagicBookmark+1","Yohane:Miracle_Wave","MikOfLucky:ReiMu+1","Shockwave Tdmadao","Blur","Dash","Escape Plan","testmod-TemporaryDeletion","Flash of Steel+1"],"relics":["Yohane:AngelWings","HushsDoor","LagranYue:RandomDrawCardRelic","aspiration:Nostalgia","FlyPower:ReiMu","testmod-Justice","GuppysHead","testmod-Acrobat","testmod-Nyarlathotep","DemoMod:BlueGuonStone","SharpPlug","Oddly Smooth Stone","Astrolabe","Baka2","PreservedInsect","aspiration:ChemicalBlood","testmod-TurbochargingSystem","Tea:ReiMu","PrismaticShard","testmod-SaigiyounoYou","MagicDraw1","Lantern","aspiration:FetidBarrel","testmod-ArcanaOfDestiny","BFFS","Happy Flower","ZombieArmy","Whetstone"],"acts_visited":["Exordium","TheCity","TheBeyond","TheEnding"],"potions_floor_usage":[22,25,25,25,33,33,35,35,39,42,42,42,54,54],"damage_taken":[{"damage":0,"enemies":"Cultist","floor":1,"turns":3},{"damage":2,"enemies":"Jaw Worm","floor":2,"turns":3},{"damage":4,"enemies":"Small Slimes","floor":3,"turns":2},{"damage":4,"enemies":"Exordium Thugs","floor":4,"turns":2},{"damage":5,"enemies":"Gremlin Nob","floor":7,"turns":3},{"damage":0,"enemies":"Exordium Wildlife","floor":11,"turns":2},{"damage":3,"enemies":"Lagavulin","floor":13,"turns":3},{"damage":4,"enemies":"Hexaghost","floor":16,"turns":5},{"damage":0,"enemies":"3 Byrds","floor":18,"turns":2},{"damage":0,"enemies":"Chosen","floor":20,"turns":2},{"damage":0,"enemies":"Centurion and Healer","floor":21,"turns":3},{"damage":7,"enemies":"Snake Plant","floor":22,"turns":3},{"damage":0,"enemies":"Gremlin Leader","floor":23,"turns":5},{"damage":0,"enemies":"Cultist and Chosen","floor":24,"turns":4},{"damage":1,"enemies":"Book of Stabbing","floor":25,"turns":2},{"damage":22,"enemies":"Gremlin Leader","floor":29,"turns":2},{"damage":0,"enemies":"Centurion and Healer","floor":31,"turns":3},{"damage":8,"enemies":"Collector","floor":33,"turns":4},{"damage":0,"enemies":"3 Darklings","floor":35,"turns":3},{"damage":9,"enemies":"Orb Walker","floor":36,"turns":5},{"damage":0,"enemies":"Sphere and 2 Shapes","floor":37,"turns":3},{"damage":4,"enemies":"Maw","floor":38,"turns":6},{"damage":2,"enemies":"Transient","floor":39,"turns":5},{"damage":5,"enemies":"Giant Head","floor":40,"turns":5},{"damage":5,"enemies":"Jaw Worm Horde","floor":42,"turns":4},{"damage":0,"enemies":"Reptomancer","floor":48,"turns":1},{"damage":0,"enemies":"Time Eater","floor":50,"turns":5},{"damage":0,"enemies":"Shield and Spear","floor":54,"turns":2},{"damage":6,"enemies":"Delirium","floor":55,"turns":3}],"seed_played":"8778708306115245713","potions_obtained":[{"floor":3,"key":"PowerPotion"},{"floor":4,"key":"FearPotion"},{"floor":7,"key":"DuplicationPotion"},{"floor":20,"key":"GrandPatriotsElixir:ReiMu"},{"floor":22,"key":"Dexterity Potion"},{"floor":24,"key":"Energy Potion"},{"floor":25,"key":"Block Potion"},{"floor":37,"key":"ColorlessPotion"},{"floor":39,"key":"Dexterity Potion"}],"is_trial":false,"path_per_floor":["M","M","M","M","?","R","E","$","T","R","M","T","E","?","R","B",null,"M","$","M","M","M","E","M","E","T","?","R","E","?","M","R","B",null,"M","M","M","M","M","E","?","M","T","$","?","$","?","E","R","B",null,"R","$","E","B",null],"character_chosen":"FallenAngel","items_purchased":["testmod-Nyarlathotep","Yohane:Grace_Under_Fire","Yohane:Yousoro","aspiration:FetidBarrel","testmod-TemporaryDeletion","testmod-ArcanaOfDestiny","BFFS","ZombieArmy","Flash of Steel"],"campfire_rested":1,"item_purchase_floors":[8,19,19,44,44,46,46,53,53],"current_hp_per_floor":[60,58,54,50,50,50,45,45,45,45,45,45,42,35,35,31,60,60,60,60,60,53,53,53,52,52,52,52,30,22,20,40,32,49,49,51,52,52,50,52,52,52,52,52,37,37,37,43,43,52,52,52,52,52,51],"gold":67,"neow_bonus":"NOSTALGIA","is_daily":false,"chose_seed":false,"campfire_upgraded":5,"win_rate":0.0,"timestamp":1609677551,"path_taken":["M","M","?","M","?","R","E","?","T","R","M","?","E","?","R","BOSS","M","$","M","?","?","E","M","E","T","?","R","E","?","M","R","BOSS","M","M","?","M","M","E","?","?","T","$","?","$","?","E","R","BOSS","R","$","E","BOSS"],"items_purchased_type":["Relic","Card","Card","Relic","Card","Relic","Relic","Relic","Card"],"build_version":"2020-12-22","purchased_purges":3,"victory":true,"max_hp_per_floor":[60,60,60,60,60,60,60,60,60,60,60,60,60,60,60,60,60,60,60,60,60,60,60,60,60,60,60,60,60,60,67,67,49,49,49,52,52,52,52,52,52,52,52,52,52,52,52,52,52,52,52,52,52,52,51],"card_choices":[{"not_picked":["Yohane:Fallen_Dragon_Phoenix_Hold","Yohane:Livestream_Donation"],"picked":"Yohane:Wrath","floor":1},{"not_picked":["Yohane:Lailapse","Yohane:Little_Demon_Support"],"picked":"Yohane:Wrath","floor":2},{"not_picked":["Yohane:Backfoot","Yohane:Gluttony"],"picked":"Yohane:Voodoo_Doll","floor":3},{"not_picked":["Yohane:Dark_Rest","Yohane:Hakodate"],"picked":"Yohane:Introspection","floor":4},{"not_picked":["Yohane:Runaway_Umbrella","Yohane:Angel_Tears","Yohane:Dark_Shield"],"picked":"SKIP","floor":7},{"not_picked":["Yohane:Energy_Change","Yohane:Accelerator"],"picked":"Yohane:Little_Demon_Ruby","floor":11},{"not_picked":["Yohane:Voodoo_Doll","Yohane:Fallen_Dragon_Phoenix_Hold"],"picked":"Yohane:Reckless_Greed","floor":13},{"not_picked":["Yohane:Imagine_Breaker","Yohane:Snow_Halation"],"picked":"Yohane:Unstable_World","floor":16},{"not_picked":["Yohane:Energy_Change","Yohane:Hakodate","Yohane:Debut"],"picked":"SKIP","floor":18},{"not_picked":["Yohane:Dark_Rest+1","Yohane:Ice_Cream_Assault","Yohane:Miracle_Wave+1"],"picked":"SKIP","floor":20},{"not_picked":["Yohane:Gluttony","Yohane:Scorn"],"picked":"Yohane:Little_Demon_Chika+1","floor":21},{"not_picked":["Yohane:Wrath+1","Yohane:Livestream_Donation+1"],"picked":"Yohane:Little_Demon_Hanamaru","floor":22},{"not_picked":["Yohane:Livestream_Donation","Yohane:Lailapse+1","Yohane:Dark_Rest"],"picked":"SKIP","floor":23},{"not_picked":["Yohane:Miracle_Wave+1","Yohane:Unstable_World","Yohane:Dark_Shield"],"picked":"SKIP","floor":24},{"not_picked":["Yohane:Dark_Rest","Yohane:Lust"],"picked":"Yohane:Culinary_Genius","floor":25},{"not_picked":["Yohane:Impressive_Display","Yohane:Energy_Change","Yohane:Hell_Zone"],"picked":"SKIP","floor":29},{"not_picked":["Hololive_FlyingPonyTail","ClowCardTheSilent"],"picked":"ClowCardTheFlower","floor":31},{"not_picked":["Koishi:GrowingPain","JA"],"picked":"A Thousand Cuts","floor":33},{"not_picked":["Black Dance+1","Turbo","Acrobatics+1"],"picked":"SKIP","floor":35},{"not_picked":["NovaMod:TripleTap+1","SpiritCuttingSword"],"picked":"CAV:MagicBookmark+1","floor":36},{"not_picked":["astrologer:Still+1","PrismaMod:MiyuOrbIncreasePerm","LagranYue:RubyDefendCard+1"],"picked":"SKIP","floor":37},{"not_picked":["Blade Dance","Three Hit","Hololive_CallRoboco+1"],"picked":"SKIP","floor":38},{"not_picked":["Judgment","Yohane:Miracle_Wave"],"picked":"MikOfLucky:ReiMu+1","floor":39},{"not_picked":["Preparedness+1","MaximisePower"],"picked":"Shockwave Tdmadao","floor":40},{"not_picked":["LagranYue:AttackFutureCard+1","Outmaneuver+1","Cloak And Dagger"],"picked":"SKIP","floor":42},{"not_picked":["Anger+1","ChargingUp+1","yuri:DebugCard"],"picked":"SKIP","floor":48},{"not_picked":["testmod-Automaton","Cloak And Dagger+1","Sub Weapons+1"],"picked":"SKIP","floor":54}],"player_experience":184768,"relics_obtained":[{"floor":1,"key":"Baka"},{"floor":7,"key":"testmod-Acrobat"},{"floor":9,"key":"DemoMod:BlueGuonStone"},{"floor":13,"key":"SharpPlug"},{"floor":20,"key":"Baka2"},{"floor":23,"key":"PreservedInsect"},{"floor":25,"key":"aspiration:ChemicalBlood"},{"floor":26,"key":"testmod-TurbochargingSystem"},{"floor":29,"key":"Tea:ReiMu"},{"floor":30,"key":"PrismaticShard"},{"floor":40,"key":"MagicDraw1"},{"floor":43,"key":"Lantern"},{"floor":48,"key":"Happy Flower"},{"floor":54,"key":"Whetstone"}],"event_choices":[{"damage_healed":0,"gold_gain":175,"player_choice":"AGREE","damage_taken":0,"max_hp_gain":0,"max_hp_loss":0,"event_name":"Liars Game","floor":5,"gold_loss":0,"cards_obtained":["Doubt"]},{"damage_healed":0,"gold_gain":0,"player_choice":"Success","damage_taken":7,"relics_obtained":["Oddly Smooth Stone"],"max_hp_gain":0,"max_hp_loss":0,"event_name":"Scrap Ooze","floor":14,"gold_loss":0},{"damage_healed":0,"gold_gain":400,"player_choice":"Sell","damage_taken":0,"max_hp_gain":0,"max_hp_loss":0,"event_name":"¶÷ÂåË¹µÄÅÌ×Ó","floor":27,"relics_lost":["testmod-TestBox"],"gold_loss":0},{"damage_healed":0,"gold_gain":0,"player_choice":"Ignored","damage_taken":0,"max_hp_gain":0,"max_hp_loss":0,"event_name":"SecretPortal","floor":47,"gold_loss":0}],"is_beta":false,"boss_relics":[{"not_picked":["aspiration:PoetsPen_weak","testmod-PortableAltar"],"picked":"Astrolabe"},{"not_picked":[]},{"not_picked":["testmod-Prudence","Tiny House"],"picked":"testmod-SaigiyounoYou"},{"not_picked":[]}],"items_purged_floors":[8,19,46],"is_endless":false,"potions_floor_spawned":[3,4,7,16,20,22,24,25,37,39],"ascension_level":0}}