{"host":"oluf6aumjll4vfac","time":1609654139,"event":{"mods":["BaseMod","Colored Map","Colored Powertips","Conspire","Downfall","Minty Spire (QoL Compilation)","Quick Restart","Shop Mod","StSLib","SuperFastMode"],"gold_per_floor":[109,121,135,135,135,135,158,158,208,208,231,250,270,291,291,411,411,427,450,44,44,44,44,44],"floor_reached":23,"playtime":559,"items_purged":[],"score":210,"play_id":"f79ed08d-0eef-444d-9d29-a0cd6e71c7d6","local_time":"20210103140859","is_ascension_mode":false,"campfire_choices":[{"data":"Armaments","floor":6,"key":"SMITH"},{"floor":8,"key":"REST"},{"floor":15,"key":"REST"}],"circlet_count":0,"master_deck":["Strike_R","Strike_R","Strike_R","Strike_R","Strike_R","Defend_R","Defend_R","Defend_R","Defend_R","Bash","Armaments+1","Rampage","Wild Strike","Flex+1","Corruption","Dual Wield","Thunderclap","Anger","Barricade","Body Slam+1","Offering"],"relics":["Black Blood","Golden Idol","Vajra","MerchantsRug","Membership Card","Anchor"],"acts_visited":["Exordium","TheCity"],"potions_floor_usage":[7,13,16,23,23],"damage_taken":[{"damage":6,"enemies":"Cultist","floor":1,"turns":3},{"damage":2,"enemies":"2 Louse","floor":2,"turns":3},{"damage":13,"enemies":"Jaw Worm","floor":3,"turns":3},{"damage":15,"enemies":"Gremlin Gang","floor":7,"turns":5},{"damage":19,"enemies":"Blue Slaver","floor":11,"turns":3},{"damage":2,"enemies":"3 Louse","floor":12,"turns":3},{"damage":11,"enemies":"Exordium Wildlife","floor":13,"turns":3},{"damage":11,"enemies":"Lots of Slimes","floor":14,"turns":3},{"damage":63,"enemies":"The Guardian","floor":16,"turns":8},{"damage":34,"enemies":"Spheric Guardian","floor":18,"turns":5},{"damage":16,"enemies":"Chosen","floor":19,"turns":6},{"damage":109,"enemies":"Book of Stabbing","floor":23,"turns":7}],"seed_played":"6669962047607996506","potions_obtained":[{"floor":1,"key":"Guardian:BlockOnCardUsePotion"},{"floor":11,"key":"PowerPotion"},{"floor":14,"key":"PowerPotion"},{"floor":16,"key":"FairyPotion"},{"floor":19,"key":"PowerPotion"}],"is_trial":false,"path_per_floor":["M","M","M","?","$","R","M","R","T","?","M","M","M","M","R","B",null,"M","M","$","?","?","E"],"character_chosen":"IRONCLAD","items_purchased":["MerchantsRug","Membership Card","Offering","Strength Potion"],"campfire_rested":2,"item_purchase_floors":[20,20,20,20],"current_hp_per_floor":[72,76,69,45,45,45,36,64,64,64,51,55,50,45,73,16,96,74,70,70,61,61,0,0],"gold":44,"neow_bonus":"TWENTY_PERCENT_HP_BONUS","is_daily":false,"chose_seed":false,"campfire_upgraded":1,"win_rate":0.0,"timestamp":1609654139,"path_taken":["M","M","?","?","$","R","M","R","T","?","M","?","M","M","R","BOSS","M","M","$","?","?","E"],"items_purchased_type":["Relic","Relic","Card","Potion"],"build_version":"2020-12-22","purchased_purges":0,"victory":false,"max_hp_per_floor":[96,96,96,96,96,96,96,96,96,96,96,96,96,96,96,96,96,96,96,96,96,96,96,96],"card_choices":[{"not_picked":["Entrench","Wild Strike"],"picked":"Armaments","floor":1},{"not_picked":["Shrug It Off","Clash"],"picked":"Rampage","floor":2},{"not_picked":["Shrug It Off","Fire Breathing"],"picked":"Wild Strike","floor":3},{"not_picked":["Sentinel","Wild Strike"],"picked":"Flex","floor":7},{"not_picked":["Wild Strike","True Grit"],"picked":"Corruption","floor":11},{"not_picked":["Twin Strike","True Grit"],"picked":"Dual Wield","floor":12},{"not_picked":["Battle Trance","Burning Pact"],"picked":"Thunderclap","floor":13},{"not_picked":["Cleave","Armaments"],"picked":"Anger","floor":14},{"not_picked":["Fiend Fire","Berserk"],"picked":"Barricade","floor":16},{"not_picked":["Thunderclap","Twin Strike+1"],"picked":"Body Slam+1","floor":18},{"not_picked":["Metallicize","Clothesline","Disarm+1"],"picked":"SKIP","floor":19}],"player_experience":58102,"relics_obtained":[{"floor":9,"key":"Vajra"}],"event_choices":[{"damage_healed":0,"gold_gain":0,"player_choice":"Take Damage","damage_taken":24,"relics_obtained":["Golden Idol"],"max_hp_gain":0,"max_hp_loss":0,"event_name":"Golden Idol","floor":4,"gold_loss":0},{"damage_healed":0,"gold_gain":0,"player_choice":"Upgraded","damage_taken":0,"max_hp_gain":0,"max_hp_loss":0,"event_name":"Upgrade Shrine","floor":10,"gold_loss":0,"cards_upgraded":["Flex"]},{"damage_healed":0,"gold_gain":0,"player_choice":"Stopped","damage_taken":9,"max_hp_gain":0,"max_hp_loss":0,"event_name":"Cursed Tome","floor":21,"gold_loss":0},{"damage_healed":0,"gold_gain":0,"player_choice":"Opened","damage_taken":0,"relics_obtained":["Anchor"],"max_hp_gain":0,"max_hp_loss":0,"event_name":"The Mausoleum","floor":22,"gold_loss":0}],"is_beta":false,"boss_relics":[{"not_picked":["conspire:SlowCooker","Black Star"],"picked":"Black Blood"}],"items_purged_floors":[],"is_endless":false,"potions_floor_spawned":[1,11,14,16,19],"killed_by":"Book of Stabbing","ascension_level":0}}