{"host":"ixbvfs3so5a39bhe","time":1609657268,"event":{"mods":["BaseMod","Downfall","Minty Spire (QoL Compilation)","Quick Restart","StSLib"],"gold_per_floor":[99,99,121,132,158,33,33,67,76,26,20,34,48,48,61,174,174,49,76,76,176,200,25,25,41,41,66,92,104,98,83,102,211,265,165,188,355,369,394,258,258,279,279,217,117,132,161,195,207,207,207,250,12,12,12],"floor_reached":56,"playtime":4671,"items_purged":["Slimebound:Tackle","Slimebound:SpikyOuterGoop"],"score":1201,"play_id":"e0506f6e-f16b-404b-b178-68ba846d1a9b","local_time":"20210103150108","is_ascension_mode":false,"campfire_choices":[{"floor":1,"key":"RECALL"},{"data":"Slimebound:Split","floor":6,"key":"SMITH"},{"data":"Slimebound:LivingWall","floor":10,"key":"SMITH"},{"data":"Slimebound:FirmFortitude","floor":18,"key":"SMITH"},{"data":"Slimebound:MassRepurpose","floor":23,"key":"SMITH"},{"data":"Slimebound:GrowthPunch","floor":26,"key":"SMITH"},{"data":"Slimebound:SelfFormingGoo","floor":35,"key":"SMITH"},{"data":"Slimebound:SlimeBarrage","floor":45,"key":"SMITH"},{"data":"Slimebound:Overexert","floor":54,"key":"SMITH"}],"circlet_count":0,"master_deck":["Slimebound:Split+1","Slimebound:CorrosiveSpit+1","Slimebound:GrowthPunch+1","Slimebound:LivingWall+1","Slimebound:FirmFortitude+1","Slimebound:MassRepurpose+1","Slimebound:SplitAcid+1","Slimebound:SelfFormingGoo+1","Slimebound:Overexert+1","Slimebound:LevelUp","Slimebound:FormOfPuddle","Slimebound:LeechEnergy","Slimebound:SplitMire","Slimebound:RejuvenatingLick","Slimebound:SplitAcid","Slimebound:SplitBruiser","Slimebound:LevelUp","Slimebound:SplitLeeching","Slimebound:SplitMire","Slimebound:SplitLeeching","Slimebound:SlimeBarrage+1","Slimebound:LevelUp","Slimebound:SplitLeeching","Slimebound:WasteNot","Panache"],"relics":["Slimebound:AbsorbEndCombat","CeramicFish","Slimebound:GreedOozeRelic","downfall:HeartBlessingRed","Pear","War Paint","Tiny Chest","Black Star","downfall:HeartBlessingGreen","downfall:GremlinWheel","downfall:HeartBlessingBlue","StrikeDummy","TungstenRod","HornCleat","Pandora\u0027s Box","Sundial","Letter Opener","Centennial Puzzle","Boot","Bronze Scales"],"acts_visited":["Exordium","TheCity","TheBeyond","TheEnding"],"potions_floor_usage":[8,16,21,25,27,39,47,48,50,50],"damage_taken":[{"damage":4,"enemies":"Cultist","floor":3,"turns":3},{"damage":4,"enemies":"2 Louse","floor":4,"turns":3},{"damage":10,"enemies":"Jaw Worm","floor":5,"turns":3},{"damage":21,"enemies":"3 Sentries","floor":8,"turns":5},{"damage":9,"enemies":"downfall:FleeingMerchant","floor":11,"turns":4},{"damage":4,"enemies":"Blue Slaver","floor":12,"turns":3},{"damage":16,"enemies":"Gremlin Gang","floor":13,"turns":4},{"damage":9,"enemies":"Exordium Wildlife","floor":15,"turns":4},{"damage":60,"enemies":"downfall:Defect","floor":16,"turns":7},{"damage":24,"enemies":"Spheric Guardian","floor":19,"turns":5},{"damage":24,"enemies":"Spheric Guardian","floor":21,"turns":4},{"damage":10,"enemies":"Shell Parasite","floor":25,"turns":4},{"damage":10,"enemies":"Chosen and Byrds","floor":27,"turns":5},{"damage":44,"enemies":"Gremlin Leader","floor":28,"turns":6},{"damage":15,"enemies":"Snake Plant","floor":29,"turns":4},{"damage":6,"enemies":"downfall:FleeingMerchant","floor":30,"turns":4},{"damage":3,"enemies":"downfall:FleeingMerchant","floor":31,"turns":4},{"damage":18,"enemies":"Sentry and Sphere","floor":32,"turns":5},{"damage":34,"enemies":"downfall:Silent","floor":33,"turns":8},{"damage":41,"enemies":"3 Darklings","floor":36,"turns":4},{"damage":14,"enemies":"downfall:FleeingMerchant","floor":37,"turns":3},{"damage":20,"enemies":"Orb Walker","floor":38,"turns":3},{"damage":7,"enemies":"Maw","floor":39,"turns":6},{"damage":34,"enemies":"3 Darklings","floor":42,"turns":3},{"damage":23,"enemies":"Jaw Worm Horde","floor":46,"turns":3},{"damage":45,"enemies":"4 Shapes","floor":47,"turns":4},{"damage":58,"enemies":"Giant Head","floor":48,"turns":7},{"damage":23,"enemies":"Writhing Mass","floor":49,"turns":4},{"damage":24,"enemies":"downfall:Watcher","floor":50,"turns":6},{"damage":63,"enemies":"downfall:CharBossMerchant","floor":52,"turns":6},{"damage":31,"enemies":"downfall:NeowBoss","floor":55,"turns":20}],"seed_played":"-3967783272901797650","potions_obtained":[{"floor":3,"key":"Swift Potion"},{"floor":4,"key":"DistilledChaos"},{"floor":5,"key":"AttackPotion"},{"floor":12,"key":"FearPotion"},{"floor":25,"key":"Fruit Juice"},{"floor":27,"key":"Fruit Juice"},{"floor":28,"key":"Fire Potion"},{"floor":33,"key":"Weak Potion"},{"floor":36,"key":"ColorlessPotion"},{"floor":39,"key":"Swift Potion"},{"floor":46,"key":"Fire Potion"},{"floor":48,"key":"LiquidBronze"},{"floor":49,"key":"GamblersBrew"}],"is_trial":false,"path_per_floor":["R","?","M","M","M","R","T","E","?","R","$","M","M","?","M","B",null,"R","M","?","?","T","R","T","M","R","M","E","M","$","$","M","B",null,"R","M","$","M","M","$","T","M","?","$","R","M","M","E","M","B",null,"E","$","R","B",null],"character_chosen":"SLIMEBOUND","items_purchased":["Slimebound:SplitBruiser","Slimebound:LevelUp","Slimebound:SplitMire","Slimebound:SlimeBarrage","Slimebound:WasteNot","Panache"],"campfire_rested":0,"item_purchase_floors":[37,37,40,44,53,53],"current_hp_per_floor":[60,60,60,60,56,56,66,55,55,55,60,68,62,62,63,21,70,70,58,58,54,54,64,64,85,85,90,72,71,83,90,90,78,90,90,62,70,66,85,85,85,79,100,100,100,81,64,60,67,91,100,86,86,86,100],"gold":12,"neow_bonus":"RANDOM_COMMON_RELIC","is_daily":false,"chose_seed":false,"campfire_upgraded":8,"win_rate":0.0,"timestamp":1609657268,"path_taken":["R","?","M","M","M","R","T","E","?","R","$","M","M","?","M","BOSS","R","M","?","?","?","R","T","M","R","M","E","M","?","$","M","BOSS","R","M","$","M","M","$","T","M","?","$","R","?","M","E","M","BOSS","E","$","R","BOSS"],"items_purchased_type":["Card","Card","Card","Card","Card","Card"],"build_version":"2020-12-22","purchased_purges":2,"victory":true,"max_hp_per_floor":[60,60,60,60,60,60,70,70,70,70,70,70,70,70,70,70,70,70,70,70,70,70,80,80,85,85,90,90,90,90,90,90,90,90,90,90,90,90,90,90,90,90,100,100,100,100,100,100,100,100,100,100,100,100,100],"card_choices":[{"not_picked":["Slimebound:RainOfGoop","Slimebound:SplitBruiser"],"picked":"Slimebound:GrowthPunch","floor":3},{"not_picked":["Slimebound:LeechingTouch","Slimebound:SlimeBrawl","Slimebound:SplitAcid"],"picked":"SKIP","floor":4},{"not_picked":["Slimebound:SplitMire","Slimebound:Nibble"],"picked":"Slimebound:LivingWall","floor":5},{"not_picked":["Slimebound:LeechEnergy","Slimebound:SplitAcid","Slimebound:LivingWall"],"picked":"SKIP","floor":8},{"not_picked":["Slimebound:Schlurp","Slimebound:SplitAcid"],"picked":"Slimebound:FirmFortitude","floor":11},{"not_picked":["Slimebound:TongueLash","Slimebound:FinishingTackle","Slimebound:Prepare"],"picked":"SKIP","floor":12},{"not_picked":["Slimebound:OneTwoCombo","Slimebound:SplitLeeching","Slimebound:SplitAcid"],"picked":"SKIP","floor":13},{"not_picked":["Slimebound:FinishingTackle","Slimebound:SlimeSpikes","Slimebound:LeechingTouch"],"picked":"SKIP","floor":15},{"not_picked":["Slimebound:WasteNot","Slimebound:PrepareCrush"],"picked":"Slimebound:MassRepurpose","floor":16},{"not_picked":["Slimebound:RollThrough","Slimebound:Schlurp"],"picked":"Slimebound:SplitAcid+1","floor":19},{"not_picked":["Slimebound:SlimeSpikes","Slimebound:Grow+1","Slimebound:SplitMire"],"picked":"SKIP","floor":25},{"not_picked":["Slimebound:ComboTackle","Slimebound:SlimeTap"],"picked":"Slimebound:SelfFormingGoo","floor":27},{"not_picked":["Slimebound:SamplingLick","Slimebound:LivingWall+1","Slimebound:SlimeSpikes+1"],"picked":"SKIP","floor":28},{"not_picked":["Slimebound:ComboTackle","Slimebound:GrowthPunch","Slimebound:SlimeSpikes+1"],"picked":"SKIP","floor":29},{"not_picked":["Slimebound:Schlurp","Slimebound:Dissolve+1"],"picked":"Slimebound:SpikyOuterGoop","floor":30},{"not_picked":["Slimebound:Equalize","Slimebound:FormOfPuddle+1","Slimebound:LeechingTouch"],"picked":"SKIP","floor":31},{"not_picked":["Slimebound:SlimeTap","Slimebound:PressTheAttack","Slimebound:Teamwork"],"picked":"SKIP","floor":32},{"not_picked":["Slimebound:DuplicatedForm","Slimebound:Teamwork"],"picked":"Slimebound:Overexert","floor":33},{"not_picked":["Slimebound:GrowthPunch+1","Slimebound:SlimeSpikes"],"picked":"Slimebound:SplitAcid","floor":36},{"not_picked":["Slimebound:GoopTackle","Slimebound:ViciousTackle+1","Slimebound:FormOfPuddle+1"],"picked":"SKIP","floor":37},{"not_picked":["Slimebound:ViciousTackle+1","Slimebound:Grow+1","Slimebound:LeechEnergy+1"],"picked":"SKIP","floor":38},{"not_picked":["Slimebound:Schlurp+1","Slimebound:SamplingLick"],"picked":"Slimebound:SplitLeeching","floor":39},{"not_picked":["Slimebound:FirmFortitude","Slimebound:SlimeSpikes+1"],"picked":"Slimebound:SplitLeeching","floor":42},{"not_picked":["Slimebound:LeechEnergy","Slimebound:Chomp+1","Slimebound:FinishingTackle"],"picked":"SKIP","floor":46},{"not_picked":["Slimebound:RallyTheTroops","Slimebound:SlimeSpikes+1"],"picked":"Slimebound:LevelUp","floor":47},{"not_picked":["Slimebound:RollThrough","Slimebound:LeechEnergy","Slimebound:GrowthPunch"],"picked":"SKIP","floor":48},{"not_picked":["Slimebound:FormOfPuddle","Slimebound:ComboTackle","Slimebound:MegaLick+1"],"picked":"SKIP","floor":49},{"not_picked":["Slimebound:Schlurp+1","Slimebound:ViciousTackle"],"picked":"Slimebound:SplitLeeching","floor":52}],"player_experience":207197,"relics_obtained":[{"floor":7,"key":"Pear"},{"floor":8,"key":"War Paint"},{"floor":21,"key":"downfall:GremlinWheel"},{"floor":24,"key":"StrikeDummy"},{"floor":28,"key":"TungstenRod"},{"floor":28,"key":"HornCleat"},{"floor":41,"key":"Sundial"},{"floor":48,"key":"Letter Opener"},{"floor":48,"key":"Centennial Puzzle"},{"floor":52,"key":"Boot"},{"floor":52,"key":"Bronze Scales"}],"event_choices":[{"damage_healed":0,"gold_gain":0,"player_choice":"Box","damage_taken":0,"relics_obtained":["Tiny Chest"],"max_hp_gain":0,"max_hp_loss":0,"event_name":"Big Fish","floor":9,"gold_loss":0,"cards_obtained":["Regret"]},{"cards_removed":["Slimebound:MassFeed"],"damage_healed":11,"gold_gain":0,"player_choice":"Offered Rare","damage_taken":0,"max_hp_gain":10,"max_hp_loss":0,"event_name":"Bonfire Elementals","floor":43,"gold_loss":0}],"is_beta":false,"boss_relics":[{"not_picked":["Velvet Choker","Coffee Dripper"],"picked":"Black Star"},{"not_picked":["Fusion Hammer","Philosopher\u0027s Stone"],"picked":"Pandora\u0027s Box"}],"items_purged_floors":[37,40],"is_endless":false,"potions_floor_spawned":[3,4,5,12,25,27,28,33,36,39,46,48,49],"ascension_level":0}}