{"host":"gkp57zoegrd3f2ij","time":1609691406,"event":{"mods":["BaseMod","Colored Map","Colored Powertips","Downfall","Minty Spire (QoL Compilation)","StSLib"],"gold_per_floor":[111,130,130,130,130,130,163,163,208,243,267,267,280,294,294,294,294],"floor_reached":16,"playtime":559,"items_purged":[],"score":167,"play_id":"c810ea23-e7e7-4978-8dbf-b18d607a483d","local_time":"20210103173006","is_ascension_mode":true,"campfire_choices":[{"data":"Steam","floor":6,"key":"SMITH"},{"data":"Biased Cognition","floor":8,"key":"SMITH"},{"data":"FTL","floor":12,"key":"SMITH"},{"floor":15,"key":"REST"}],"circlet_count":0,"master_deck":["Strike_B","Strike_B","Strike_B","Strike_B","Defend_B","Defend_B","Defend_B","Defend_B","Zap+1","Dualcast","Steam+1","Injury","Biased Cognition+1","FTL+1","Auto Shields","BootSequence"],"relics":["Cracked Core","NeowsBlessing","Golden Idol","Strawberry","MealTicket","Pear"],"acts_visited":["Exordium"],"potions_floor_usage":[14,16,16],"damage_taken":[{"damage":0,"enemies":"Small Slimes","floor":1,"turns":1},{"damage":0,"enemies":"Jaw Worm","floor":2,"turns":1},{"damage":0,"enemies":"Gremlin Nob","floor":7,"turns":1},{"damage":23,"enemies":"Lagavulin","floor":10,"turns":6},{"damage":0,"enemies":"2 Louse","floor":11,"turns":3},{"damage":0,"enemies":"Large Slime","floor":13,"turns":3},{"damage":12,"enemies":"Gremlin Gang","floor":14,"turns":3},{"damage":86,"enemies":"Hexaghost","floor":16,"turns":14}],"seed_played":"8600224928800392888","potions_obtained":[{"floor":2,"key":"SpeedPotion"},{"floor":11,"key":"hexamod:EctoCoolerPotion"},{"floor":13,"key":"champ:CounterPotion"},{"floor":14,"key":"Energy Potion"}],"is_trial":false,"path_per_floor":["M","M","?","?","?","R","E","R","T","E","M","R","M","M","R","B"],"character_chosen":"DEFECT","items_purchased":[],"campfire_rested":1,"item_purchase_floors":[],"current_hp_per_floor":[75,75,75,75,75,75,82,82,82,69,69,69,69,57,84,0,0],"gold":294,"neow_bonus":"THREE_ENEMY_KILL","is_daily":false,"chose_seed":false,"campfire_upgraded":3,"win_rate":0.0,"timestamp":1609691406,"path_taken":["M","M","?","?","?","R","E","R","T","E","M","R","M","M","R","BOSS"],"items_purchased_type":[],"build_version":"2020-12-22","purchased_purges":0,"victory":false,"max_hp_per_floor":[75,75,75,75,75,75,82,82,82,92,92,92,92,92,92,92,92],"card_choices":[{"not_picked":["Gash","Reprogram","Recycle"],"picked":"SKIP","floor":1},{"not_picked":["Streamline","Recycle"],"picked":"Steam","floor":2},{"not_picked":["Rebound","Conserve Battery"],"picked":"Biased Cognition","floor":7},{"not_picked":["Gash","Conserve Battery","Machine Learning"],"picked":"SKIP","floor":10},{"not_picked":["Barrage","Recycle"],"picked":"FTL","floor":11},{"not_picked":["Genetic Algorithm","Hello World"],"picked":"Auto Shields","floor":13},{"not_picked":["Compile Driver","Conserve Battery"],"picked":"BootSequence","floor":14}],"player_experience":203906,"relics_obtained":[{"floor":7,"key":"Strawberry"},{"floor":9,"key":"MealTicket"},{"floor":10,"key":"Pear"}],"event_choices":[{"damage_healed":0,"gold_gain":0,"player_choice":"Grow","damage_taken":0,"max_hp_gain":0,"max_hp_loss":0,"event_name":"Living Wall","floor":3,"gold_loss":0,"cards_upgraded":["Zap"]},{"damage_healed":0,"gold_gain":0,"player_choice":"Ignored","damage_taken":0,"max_hp_gain":0,"max_hp_loss":0,"event_name":"Liars Game","floor":4,"gold_loss":0},{"damage_healed":0,"gold_gain":0,"player_choice":"Take Wound","damage_taken":0,"relics_obtained":["Golden Idol"],"max_hp_gain":0,"max_hp_loss":0,"event_name":"Golden Idol","floor":5,"gold_loss":0,"cards_obtained":["Injury"]}],"is_beta":false,"boss_relics":[],"items_purged_floors":[],"is_endless":false,"potions_floor_spawned":[2,11,13,14],"killed_by":"Hexaghost","ascension_level":1}}