{"host":"emut9mh212kd9b86","time":1609667786,"event":{"mods":["ATMod(阿瑾Mod)","Act Like it!","BaseMod","Better Vampires","Downfall","Koishi","KomeijiMod","Minty Spire (QoL Compilation)","MostiFishMod","Shop Mod","Spicy Shops","StSLib","TestMod","Waifu the Spire","noobMod","【遗物卡牌】REMEMod"],"gold_per_floor":[460,478,578,592,608,663,663,675,687,732,744,756,799,811,839,948,960,972,997,1020,1117,1140,1182,1194,1206,1247,1324,1442,1099,1151,1276,1363,1492,1492,1417,1459,1165,1255,1255,421,421,47,88,145,145,282,682,682,723,748],"floor_reached":51,"playtime":1563,"items_purged":["Culling","BloodSurge","Strike_Remiria","Strike_Remiria"],"score":1939,"play_id":"2f4d3f7b-a75f-4920-bb80-4051146eb5c8","local_time":"20210103175626","is_ascension_mode":true,"campfire_choices":[{"data":"AT_IchimonjiDouble","floor":1,"key":"SMITH"},{"data":"BloodyLaserofSeventeenArticles","floor":9,"key":"SMITH"},{"data":"Scratch","floor":12,"key":"SMITH"},{"floor":18,"key":"RECALL"},{"data":"expansioncontent:Corrupt","floor":35,"key":"SMITH"},{"data":"Finesse","floor":45,"key":"SMITH"}],"circlet_count":0,"master_deck":["Strike_Remiria+1","Strike_Remiria","Defend_Remirira","Defend_Remirira","Absorbed","Scratch+1","AT_IchimonjiDouble+1","BloodyLaserofSeventeenArticles+1","VampireKiss_Remiria+1","VampireClaw","expansioncontent:Corrupt+1","RedtheNightlessCastle","Finesse+1"],"relics":["ice","DaveBox","AT_ATBox","REME_ComplimentaryCards","testmod-Fortitude","Old Coin","AT_BladeRuinedKing","SpellCardsRuleRemi","testmod-TurbochargingSystem","AT_ArcaneBoots","REME_LowDesire","Vajra","AT_SunfireAegis","Ornamental Fan","White Beast Statue","AT_MibuBalloonWealth","AT_TimeSand","MerchantsRug","Kunai","testmod-ArcanaOfDestiny","Lee\u0027s Waffle","Lantern","MutagenicStrength","RhineSuit","downfall:HeartBlessingRed","Centennial Puzzle","Ginger","Happy Flower","StrikeDummy","Medical Kit","AT_BellDemon","HoshigumaDish","PreservedInsect","Bag of Marbles","Bottled Flame","Turnip"],"acts_visited":["Exordium","TheCity","TheBeyond"],"potions_floor_usage":[29,29],"damage_taken":[{"damage":12,"enemies":"2 Louse","floor":2,"turns":2},{"damage":0,"enemies":"Cultist","floor":4,"turns":2},{"damage":2,"enemies":"Small Slimes","floor":5,"turns":2},{"damage":16,"enemies":"Gremlin Nob","floor":6,"turns":3},{"damage":11,"enemies":"Gremlin Nob","floor":8,"turns":5},{"damage":21,"enemies":"3 Sentries","floor":10,"turns":4},{"damage":3,"enemies":"Gremlin Nob","floor":13,"turns":3},{"damage":0,"enemies":"Blue Slaver","floor":15,"turns":2},{"damage":29,"enemies":"downfall:Silent","floor":16,"turns":3},{"damage":0,"enemies":"Shell Parasite","floor":19,"turns":1},{"damage":0,"enemies":"3 Byrds","floor":20,"turns":3},{"damage":14,"enemies":"Cultist and Chosen","floor":22,"turns":4},{"damage":11,"enemies":"Slavers","floor":23,"turns":2},{"damage":0,"enemies":"Book of Stabbing","floor":26,"turns":2},{"damage":4,"enemies":"Shelled Parasite and Fungi","floor":27,"turns":2},{"damage":21,"enemies":"Slavers","floor":28,"turns":4},{"damage":0,"enemies":"downfall:FleeingMerchant","floor":29,"turns":2},{"damage":0,"enemies":"Book of Stabbing","floor":30,"turns":2},{"damage":0,"enemies":"downfall:Augmenter","floor":31,"turns":1},{"damage":0,"enemies":"3 Cultists","floor":32,"turns":1},{"damage":0,"enemies":"downfall:Defect","floor":33,"turns":3},{"damage":0,"enemies":"Orb Walker","floor":36,"turns":1},{"damage":0,"enemies":"3 Shapes","floor":38,"turns":5},{"damage":0,"enemies":"Writhing Mass","floor":43,"turns":1},{"damage":0,"enemies":"Nemesis","floor":44,"turns":4},{"damage":0,"enemies":"3 Darklings","floor":46,"turns":2},{"damage":0,"enemies":"Transient","floor":49,"turns":2},{"damage":0,"enemies":"downfall:Watcher","floor":50,"turns":1}],"seed_played":"-2813547124189149721","potions_obtained":[{"floor":6,"key":"SteroidPotion"},{"floor":13,"key":"Fire Potion"},{"floor":19,"key":"DuplicationPotion"},{"floor":29,"key":"Dexterity Potion"},{"floor":30,"key":"Ancient Potion"},{"floor":32,"key":"CalmPotion"},{"floor":33,"key":"LiquidBronze"},{"floor":38,"key":"DuplicationPotion"},{"floor":43,"key":"SkillPotion"},{"floor":44,"key":"Explosive Potion"},{"floor":46,"key":"UndeadPotion"}],"is_trial":false,"path_per_floor":["R","M","?","M","M","?","T","?","R","E","?","R","E","T","M","B",null,"R","M","M","?","M","E","T","?","E","M","E","$","E","?","M","B",null,"R","M","$","M","?","$","T","$","M","E","R","M","?","?","M","B",null],"character_chosen":"RemiriaScarlet","items_purchased":["MerchantsRug","Kunai","testmod-ArcanaOfDestiny","Lee\u0027s Waffle","Whetstone","Centennial Puzzle","Ginger","Happy Flower","Finesse","Medical Kit","AT_BellDemon"],"campfire_rested":0,"item_purchase_floors":[29,29,29,29,37,37,40,40,40,42,42],"current_hp_per_floor":[63,51,51,51,49,33,33,22,22,99,99,99,96,96,96,67,97,97,97,103,103,89,78,78,78,78,78,61,128,128,128,128,129,129,129,129,129,129,129,129,129,129,132,132,132,132,132,132,132,132],"gold":748,"neow_bonus":"TRANSFORM_TWO_CARDS","is_daily":false,"chose_seed":false,"campfire_upgraded":5,"win_rate":0.0,"timestamp":1609667786,"path_taken":["R","M","?","M","?","?","T","?","R","E","?","R","E","?","M","BOSS","R","M","M","?","M","E","T","?","E","M","E","$","E","?","M","BOSS","R","M","$","M","?","?","T","$","?","E","R","M","?","?","M","BOSS"],"items_purchased_type":["Relic","Relic","Relic","Relic","Relic","Relic","Relic","Relic","Card","Relic","Relic"],"build_version":"2020-12-22","purchased_purges":4,"victory":true,"max_hp_per_floor":[100,100,100,100,100,100,100,100,100,100,100,100,101,101,102,107,107,107,107,108,108,111,113,113,113,115,116,121,128,128,128,128,129,129,129,129,129,132,132,132,132,132,132,135,135,135,135,135,135,135],"card_choices":[{"not_picked":["BloodCleaner","DemonsDinnerFork_Remiria","BloodySuit"],"picked":"SKIP","floor":2},{"not_picked":["BodyStrengthen","Warpath","TricksterDevil"],"picked":"SKIP","floor":4},{"not_picked":["FastHealing","BloodyMagicSquare","Offensive"],"picked":"SKIP","floor":5},{"not_picked":["BloodyCatastrophe","SuperhumanBloodyKnife"],"picked":"BloodyLaserofSeventeenArticles","floor":8},{"not_picked":["FastHealing","Cripple","CurseofVladTepes"],"picked":"SKIP","floor":10},{"not_picked":["Tearing","CruelSlaughter","YoungDemonLord"],"picked":"SKIP","floor":13},{"not_picked":["DamonLordCradle_Remiria","RocketKickup"],"picked":"VampireKiss_Remiria","floor":15},{"not_picked":["BodyStrengthen","FastHealing+1","FateMeister","AT_EmpoweredMortalDraw"],"picked":"SKIP","floor":19},{"not_picked":["StigmaNizer","CombatMeter","testmod-RabbitOfFibonacci+1"],"picked":"VampireClaw","floor":20},{"not_picked":["FateMeister","CombatMeter","CruelSlaughter","Secret Technique"],"picked":"SKIP","floor":22},{"not_picked":["DemonsDinnerFork_Remiria","Paradox","CurseofVladTepes+1","testmod-Collector"],"picked":"SKIP","floor":23},{"not_picked":["ThirstForBlood","BloodCollect+1","BloodyMagicSquare","expansioncontent:PrepareCrush"],"picked":"SKIP","floor":26},{"not_picked":["BloodCollect+1","QueenOfMidnight","CruelSlaughter","expansioncontent:TimeRipple"],"picked":"SKIP","floor":27},{"not_picked":["HeartBreak_Remiria","Culling+1","StigmaNizer","testmod-ConditionedReflex"],"picked":"SKIP","floor":28},{"not_picked":["ThePrice","BloodCleaner","StigmaNizer","testmod-Provocation"],"picked":"SKIP","floor":29},{"not_picked":["BodyStrengthen","VampireKiss_Remiria+1","TricksterDevil","RidiculousThoughts"],"picked":"SKIP","floor":30},{"not_picked":["PainBurst","Culling","FateCollect"],"picked":"expansioncontent:Corrupt","floor":31},{"not_picked":["BloodCollect","FierceSweep","BloodCoagulation","Impatience"],"picked":"SKIP","floor":32},{"not_picked":["YoungDemonLord+1","Exsanguinate","DemonsDinnerFork_Remiria+1","expansioncontent:ManipulateTime+1"],"picked":"SKIP","floor":36},{"not_picked":["BloodCleaner+1","Cripple+1","Impregnable","testmod-DisillusionmentEcho"],"picked":"SKIP","floor":38},{"not_picked":["ChainGang+1","BodyStrengthen","RocketKickup+1","Good Instincts"],"picked":"SKIP","floor":43},{"not_picked":["RocketKickup","FateCollect","VampireClaw","Dark Shackles+1"],"picked":"SKIP","floor":44},{"not_picked":["BloodPact+1","FastHealing+1","DoubleEdge","MostiFishMod:OneDayCity"],"picked":"SKIP","floor":46},{"not_picked":["TricksterDevil","TrickFate+1","Offensive","Discovery+1"],"picked":"SKIP","floor":49}],"player_experience":435562,"relics_obtained":[{"floor":7,"key":"MawBank"},{"floor":8,"key":"SpellCardsRuleRemi"},{"floor":10,"key":"testmod-TurbochargingSystem"},{"floor":13,"key":"Anchor"},{"floor":14,"key":"AT_SpeedBoots"},{"floor":17,"key":"Vajra"},{"floor":17,"key":"AT_SunfireAegis"},{"floor":23,"key":"Ornamental Fan"},{"floor":24,"key":"White Beast Statue"},{"floor":26,"key":"AT_MibuBalloonWealth"},{"floor":28,"key":"AT_TimeSand"},{"floor":30,"key":"Lantern"},{"floor":31,"key":"MutagenicStrength"},{"floor":41,"key":"StrikeDummy"},{"floor":43,"key":"HoshigumaDish"},{"floor":44,"key":"PreservedInsect"},{"floor":44,"key":"Bag of Marbles"},{"floor":46,"key":"Bottled Flame"},{"floor":49,"key":"Turnip"}],"event_choices":[{"damage_healed":0,"gold_gain":400,"player_choice":"Sell","damage_taken":0,"max_hp_gain":0,"max_hp_loss":0,"event_name":"恩洛斯的盘子","floor":47,"relics_lost":["testmod-TestBox"],"gold_loss":0},{"damage_healed":0,"gold_gain":0,"player_choice":"Ignored","damage_taken":0,"max_hp_gain":0,"max_hp_loss":0,"event_name":"给自己的盒子","floor":48,"gold_loss":0}],"is_beta":false,"boss_relics":[{"not_picked":["JellyFishMachine","testmod-TimeTraveler"],"picked":"REME_LowDesire"},{"not_picked":["testmod-SaigiyounoYou","Pandora\u0027s Box"],"picked":"RhineSuit"}],"items_purged_floors":[29,37,40,42],"is_endless":false,"potions_floor_spawned":[6,8,13,19,23,26,27,28,29,30,32,33,36,38,43,44,46,49],"ascension_level":9}}