{"host":"mruvby243fwgm3bp","time":1609644721,"event":{"mods":["AchievementEnabler","BaseMod","Colored Map","Colored Powertips","Minty Spire (QoL Compilation)","Permanent Neow","Random Character Button","StSLib"],"gold_per_floor":[113,133,133,197,48,48,86,86,110,126,126,150,13,88,88,209,209,230,251,76,76,76,76,76,76],"floor_reached":24,"playtime":1205,"items_purged":["Strike_R","Strike_R"],"score":250,"play_id":"fd3e3194-2fa0-4a90-895b-f4a092012072","local_time":"20210102193201","is_ascension_mode":true,"campfire_choices":[{"data":"Armaments","floor":6,"key":"SMITH"},{"data":"Rampage","floor":8,"key":"SMITH"},{"data":"Body Slam","floor":11,"key":"SMITH"},{"data":"True Grit","floor":15,"key":"SMITH"},{"data":"Barricade","floor":23,"key":"SMITH"}],"circlet_count":0,"master_deck":["Strike_R","Strike_R","Strike_R","Defend_R","Defend_R","Defend_R","Defend_R","Bash+1","Thunderclap","Cleave","Armaments+1","Pommel Strike","Rampage+1","Body Slam+1","Shrug It Off","True Grit+1","Body Slam","Inflame","Barricade+1","Shockwave","Body Slam+1"],"relics":["Burning Blood","Golden Idol","Tiny Chest","Pen Nib","Busted Crown"],"acts_visited":["Exordium","TheCity"],"potions_floor_usage":[7,24],"damage_taken":[{"damage":7,"enemies":"Jaw Worm","floor":1,"turns":3},{"damage":0,"enemies":"2 Louse","floor":2,"turns":2},{"damage":15,"enemies":"Lagavulin","floor":7,"turns":5},{"damage":0,"enemies":"Small Slimes","floor":10,"turns":2},{"damage":7,"enemies":"Looter","floor":12,"turns":3},{"damage":41,"enemies":"Hexaghost","floor":16,"turns":8},{"damage":34,"enemies":"Spheric Guardian","floor":18,"turns":6},{"damage":27,"enemies":"Chosen","floor":19,"turns":5},{"damage":39,"enemies":"Slavers","floor":24,"turns":5}],"seed_played":"-4521194764337965990","potions_obtained":[{"floor":2,"key":"AttackPotion"},{"floor":12,"key":"FairyPotion"},{"floor":16,"key":"Ancient Potion"}],"is_trial":false,"path_per_floor":["M","M","?","?","$","R","E","R","T","M","R","M","$","?","R","B",null,"M","M","$","?","?","R","E"],"character_chosen":"IRONCLAD","items_purchased":["Armaments","Pommel Strike","True Grit","Body Slam","Inflame","Shockwave"],"campfire_rested":0,"item_purchase_floors":[5,5,13,13,13,20],"current_hp_per_floor":[71,77,57,57,57,57,48,48,48,54,54,53,53,42,42,7,62,34,13,13,13,13,13,0,0],"gold":76,"neow_bonus":"UPGRADE_CARD","is_daily":false,"chose_seed":false,"campfire_upgraded":5,"win_rate":0.0,"timestamp":1609644721,"path_taken":["M","M","?","?","$","R","E","R","T","M","R","M","$","?","R","BOSS","M","M","$","?","?","R","E"],"items_purchased_type":["Card","Card","Card","Card","Card","Card"],"build_version":"2020-12-22","purchased_purges":2,"victory":false,"max_hp_per_floor":[80,80,80,80,80,80,80,80,80,80,80,80,80,80,80,80,80,80,80,80,80,80,80,80,80],"card_choices":[{"not_picked":["Power Through","Havoc"],"picked":"Thunderclap","floor":1},{"not_picked":["True Grit","Pommel Strike"],"picked":"Cleave","floor":2},{"not_picked":["Sword Boomerang","Pommel Strike"],"picked":"Rampage","floor":7},{"not_picked":["Thunderclap","Heavy Blade"],"picked":"Body Slam","floor":10},{"not_picked":["Rampage","Clothesline"],"picked":"Shrug It Off","floor":12},{"not_picked":["Fiend Fire","Exhume"],"picked":"Barricade","floor":16},{"not_picked":["Cleave"],"picked":"SKIP","floor":18},{"not_picked":["Clash+1"],"picked":"SKIP","floor":19}],"player_experience":365044,"relics_obtained":[{"floor":7,"key":"Tiny Chest"},{"floor":9,"key":"Pen Nib"}],"event_choices":[{"damage_healed":0,"gold_gain":0,"player_choice":"Take Damage","damage_taken":20,"relics_obtained":["Golden Idol"],"max_hp_gain":0,"max_hp_loss":0,"event_name":"Golden Idol","floor":3,"gold_loss":0},{"damage_healed":0,"gold_gain":64,"player_choice":"Gained Gold","damage_taken":0,"max_hp_gain":0,"max_hp_loss":0,"event_name":"Golden Wing","floor":4,"gold_loss":0},{"damage_healed":0,"gold_gain":75,"player_choice":"Gather Gold","damage_taken":11,"max_hp_gain":0,"max_hp_loss":0,"event_name":"World of Goop","floor":14,"gold_loss":0},{"damage_healed":0,"gold_gain":0,"player_choice":"Ignored","damage_taken":0,"max_hp_gain":0,"max_hp_loss":0,"event_name":"Ghosts","floor":21,"gold_loss":0},{"damage_healed":0,"gold_gain":0,"player_choice":"Copied","damage_taken":0,"max_hp_gain":0,"max_hp_loss":0,"event_name":"Duplicator","floor":22,"gold_loss":0,"cards_obtained":["Body Slam"]}],"is_beta":false,"boss_relics":[{"not_picked":["Runic Cube","Sozu"],"picked":"Busted Crown"}],"items_purged_floors":[5,20],"is_endless":false,"potions_floor_spawned":[2,12,16],"killed_by":"Slavers","ascension_level":6}}