{"host":"2e3z4r48quhw80cc","time":1609667825,"event":{"mods":["BaseMod","Minty Spire (QoL Compilation)","Quick Restart","StSLib","SuperFastMode"],"gold_per_floor":[109,384,399,416,691,691,721,721,748,391,409,409,424,457,457,457,457],"floor_reached":16,"playtime":356,"items_purged":["Regret"],"score":149,"play_id":"4bb3d3b9-3101-4cb9-a597-d8f0ce9f38f6","local_time":"20210103185705","is_ascension_mode":true,"campfire_choices":[{"data":"Zap","floor":6.0,"key":"SMITH"},{"data":"Loop","floor":8.0,"key":"SMITH"},{"floor":12.0,"key":"REST"},{"data":"Fission","floor":15.0,"key":"SMITH"}],"circlet_count":0,"master_deck":["Strike_B","Strike_B","Strike_B","Strike_B","Defend_B","Defend_B","Defend_B","Defend_B","Zap+1","Dualcast","Loop+1","FTL","Conserve Battery","Regret","Defragment","Storm","Reinforced Body","Fission+1"],"relics":["Cracked Core","Potion Belt","Ancient Tea Set","Strawberry","DataDisk","Eternal Feather"],"acts_visited":["Exordium"],"potions_floor_usage":[16,16],"damage_taken":[{"damage":0.0,"enemies":"Small Slimes","floor":1.0,"turns":3.0},{"damage":8.0,"enemies":"Cultist","floor":3.0,"turns":4.0},{"damage":10.0,"enemies":"Jaw Worm","floor":4.0,"turns":4.0},{"damage":24.0,"enemies":"Lagavulin","floor":7.0,"turns":6.0},{"damage":29.0,"enemies":"Gremlin Gang","floor":11.0,"turns":4.0},{"damage":12.0,"enemies":"2 Fungi Beasts","floor":13.0,"turns":3.0},{"damage":21.0,"enemies":"Gremlin Nob","floor":14.0,"turns":4.0},{"damage":14,"enemies":"Slime Boss","floor":16,"turns":8}],"seed_played":"2960432970183089241","potions_obtained":[{"floor":3.0,"key":"CultistPotion"},{"floor":4.0,"key":"FearPotion"},{"floor":14.0,"key":"SkillPotion"}],"is_trial":false,"path_per_floor":["M","?","M","M","?","R","E","R","T","$","M","R","M","E","R","B"],"character_chosen":"DEFECT","items_purchased":["DataDisk","Defragment","Fruit Juice"],"campfire_rested":1,"item_purchase_floors":[10,10,10],"current_hp_per_floor":[68,68,60,50,50,50,26,26,33,33,9,35,23,2,11,0,0],"gold":457,"neow_bonus":"RANDOM_COMMON_RELIC","is_daily":false,"chose_seed":false,"campfire_upgraded":3,"win_rate":0.0,"timestamp":1609667825,"path_taken":["M","?","M","?","?","R","E","R","T","$","M","R","?","E","R","BOSS"],"items_purchased_type":["Relic","Card","Potion"],"build_version":"2020-12-22","purchased_purges":1,"victory":false,"max_hp_per_floor":[75,75,75,75,75,75,75,75,82,82,87,87,87,87,87,87,87],"card_choices":[{"not_picked":["Rebound","Conserve Battery"],"picked":"Loop","floor":1.0},{"not_picked":["Auto Shields","Turbo"],"picked":"FTL","floor":3.0},{"not_picked":["Cold Snap","Stack"],"picked":"Conserve Battery","floor":4.0},{"not_picked":["Skim","Beam Cell","Hologram"],"picked":"SKIP","floor":7.0},{"not_picked":["Conserve Battery","Beam Cell"],"picked":"Storm","floor":11.0},{"not_picked":["Hologram","Reprogram"],"picked":"Reinforced Body","floor":13.0},{"not_picked":["Ball Lightning","Steam"],"picked":"Fission","floor":14.0}],"player_experience":56571,"relics_obtained":[{"floor":7.0,"key":"Ancient Tea Set"},{"floor":9.0,"key":"Strawberry"},{"floor":14.0,"key":"Eternal Feather"}],"event_choices":[{"damage_healed":0.0,"max_hp_gain":0.0,"max_hp_loss":0.0,"gold_gain":275.0,"event_name":"Golden Shrine","player_choice":"Desecrate","floor":2.0,"gold_loss":0.0,"damage_taken":0.0,"cards_obtained":["Regret"]},{"damage_healed":0.0,"max_hp_gain":0.0,"max_hp_loss":0.0,"gold_gain":275.0,"event_name":"Golden Shrine","player_choice":"Desecrate","floor":5.0,"gold_loss":0.0,"damage_taken":0.0,"cards_obtained":["Regret"]}],"is_beta":false,"boss_relics":[],"items_purged_floors":[10],"is_endless":false,"potions_floor_spawned":[3,4,14],"killed_by":"Slime Boss","ascension_level":7}}