{"host":"3ikutf0nfngyhvfs","time":1609650267,"event":{"mods":["AchievementEnabler","BaseMod","Downfall","Minty Spire (QoL Compilation)","StSLib","The Cursed"],"gold_per_floor":[99,110,126,36,52,62,85,120,45,45,64,64,49,49,69,69,69,69],"floor_reached":16,"playtime":2136,"items_purged":["champ:Strike"],"score":102,"play_id":"ae7eea06-95b4-44a6-a472-d4b2c7ffefdb","local_time":"20210102230427","is_ascension_mode":false,"campfire_choices":[{"floor":1,"key":"RECALL"},{"data":"champ:StrikeOfGenius","floor":9,"key":"SMITH"},{"data":"champ:IronFortress","floor":12,"key":"SMITH"}],"circlet_count":0,"master_deck":["champ:Strike","champ:Strike","champ:Strike","champ:Defend","champ:Defend","champ:Defend","champ:Defend","champ:Execute","champ:Taunt","champ:PreciseThrust","champ:IronFortress+1","champ:StrikeOfGenius+1","champ:ShieldWall","champ:VampiricStrike","champ:RapidStrikes"],"relics":["champ:ChampionCrown","Omamori","Potion Belt","downfall:HeartBlessingGreen","CultistMask"],"acts_visited":["Exordium"],"potions_floor_usage":[5,8,15,16,16],"damage_taken":[{"damage":2,"enemies":"Small Slimes","floor":2,"turns":3},{"damage":6,"enemies":"Cultist","floor":3,"turns":4},{"damage":0,"enemies":"downfall:FleeingMerchant","floor":4,"turns":4},{"damage":5,"enemies":"Jaw Worm","floor":5,"turns":2},{"damage":23,"enemies":"Lots of Slimes","floor":6,"turns":6},{"damage":49,"enemies":"Gremlin Nob","floor":8,"turns":6},{"damage":10,"enemies":"3 Louse","floor":11,"turns":7},{"damage":20,"enemies":"downfall:FleeingMerchant","floor":13,"turns":4},{"damage":1,"enemies":"2 Fungi Beasts","floor":15,"turns":4},{"damage":38,"enemies":"downfall:Silent","floor":16,"turns":4}],"seed_played":"-8357198039677739767","potions_obtained":[{"floor":3,"key":"Fire Potion"},{"floor":5,"key":"Weak Potion"},{"floor":8,"key":"champ:OpenerPotion"},{"floor":11,"key":"SpeedPotion"},{"floor":15,"key":"LiquidBronze"}],"is_trial":false,"path_per_floor":["R","M","M","$","M","M","T","E","R","?","M","R","$","T","M","B"],"character_chosen":"THE_CHAMP","items_purchased":[],"campfire_rested":0,"item_purchase_floors":[],"current_hp_per_floor":[99,97,96,96,96,88,88,39,39,39,39,39,39,39,38,0,0,0],"gold":69,"neow_bonus":"TEN_PERCENT_HP_BONUS","is_daily":false,"chose_seed":false,"campfire_upgraded":2,"win_rate":0.0,"timestamp":1609650267,"path_taken":["R","M","M","$","M","M","T","E","R","?","M","R","?","?","M","BOSS"],"items_purchased_type":[],"build_version":"2020-12-22","purchased_purges":1,"victory":false,"max_hp_per_floor":[99,99,99,99,99,99,99,99,99,99,99,99,99,99,99,99,99,99],"card_choices":[{"not_picked":["champ:BladeFlurry","champ:EndlessRage"],"picked":"champ:PreciseThrust","floor":2},{"not_picked":["champ:FightOn","champ:TornadoPunch"],"picked":"champ:IronFortress","floor":3},{"not_picked":["champ:FanOfKnives","champ:FightOn"],"picked":"champ:StrikeOfGenius","floor":4},{"not_picked":["champ:Haymaker","champ:PerfectedStrike","champ:FlashCut"],"picked":"SKIP","floor":5},{"not_picked":["champ:TornadoPunch","champ:BladeFlurry","champ:FocusedDefense"],"picked":"SKIP","floor":6},{"not_picked":["champ:FaceSlap","champ:GladiatorsShout"],"picked":"champ:ShieldWall","floor":8},{"not_picked":["champ:GutPunch","champ:Haymaker","champ:DefensiveShout"],"picked":"SKIP","floor":11},{"not_picked":["champ:DefensiveShout","champ:Haymaker"],"picked":"champ:VampiricStrike","floor":13},{"not_picked":["champ:BringItOn","champ:Circumvent"],"picked":"champ:RapidStrikes","floor":15}],"player_experience":409657,"relics_obtained":[{"floor":7,"key":"Omamori"},{"floor":8,"key":"Potion Belt"}],"event_choices":[{"damage_healed":0,"gold_gain":0,"player_choice":"Trade","damage_taken":0,"relics_obtained":["CultistMask"],"max_hp_gain":0,"max_hp_loss":0,"event_name":"FaceTrader","floor":10,"gold_loss":0}],"is_beta":false,"boss_relics":[],"items_purged_floors":[4],"is_endless":false,"potions_floor_spawned":[3,5,8,11,15],"killed_by":"downfall:Silent","ascension_level":0}}