{"host":"mytek2nu1hrzdnew","time":1609710378,"event":{"mods":["Aspiration","BaseMod","Clawfect","Conspire","Energized Spire","Evolution","GifTheSpireLib","Gold Saver","Hubris","Minty Spire (QoL Compilation)","Replay The Spire","Retaliation","StSLib","Stuff the Spire","The Blue Laboratory","Uncapped"],"gold_per_floor":[174,194,39,39,49,49,74,87,114,114,114,127,33,52,52,151,151,71,88,108,121,141,141,155,155,181,193,27,54,54,72,72,168,168,181,196,211,62,112,112,143,153,235,135,152,165,165,183,183,183],"floor_reached":51,"playtime":2508,"items_purged":["Defend_B","Defend_B"],"score":966,"play_id":"0f3f525a-21c6-4d4d-ab30-c0b1edd9b300","local_time":"20210103164618","is_ascension_mode":true,"campfire_choices":[{"data":"Gash","floor":6,"key":"SMITH"},{"data":"StuffTheSpire:Rend","floor":10,"key":"SMITH"},{"data":"Clawfect:ClawLightning","floor":15,"key":"SMITH"},{"floor":23,"key":"REST"},{"floor":25,"key":"REST"},{"floor":30,"key":"REST"},{"floor":32,"key":"REST"},{"floor":40,"key":"REST"},{"floor":47,"key":"REST"},{"floor":49,"key":"DIG"}],"circlet_count":0,"master_deck":["Gash+1","Gash+1","Gash","Gash","Gash","Leap","Leap","Leap","Dramatic Entrance+1","Gash","Clawfect:Clawter","Clawfect:ClawLightning+1","StuffTheSpire:Rend+1","StuffTheSpire:Coldhearted+1","Clawfect:ClawCell","Clawfect:ScrapingClaw+1","ReplayGash","ReplayGash+1","Clawfect:ClawAndTear","Clawfect:ClawCell+1","Gash+1","Clawfect:ClawingBeam","Clawfect:ClawLightning","ReplayTheSpireMod:Calculation Training","StuffTheSpire:Rend+1"],"relics":["Clawfect:DRClaw","EVO:Axolotl","Guide Book","StuffTheSpire:Experiment12","ReplayTheSpireMod:CursedCoin","Kunai","Black Star","MawBank","Toy Ornithopter","hubris:MedicalManual","Calipers","conspire:RunicOctahedron","Blood Vial","Replay:Wax Seal","Pondfish Scales","StuffTheSpire:RubySignet","Replay:Multitool"],"acts_visited":["Exordium","TheCity","TheBeyond"],"potions_floor_usage":[7,7,18,20,22,29,29,41,42,50,50],"damage_taken":[{"damage":0,"enemies":"Jaw Worm","floor":1,"turns":4},{"damage":0,"enemies":"2 Louse","floor":2,"turns":3},{"damage":0,"enemies":"Small Slimes","floor":5,"turns":3},{"damage":0,"enemies":"3 Sentries","floor":7,"turns":3},{"damage":0,"enemies":"3 Louse","floor":8,"turns":3},{"damage":2,"enemies":"Large Slime","floor":12,"turns":4},{"damage":1,"enemies":"Gremlin Gang","floor":14,"turns":4},{"damage":31,"enemies":"Slime Boss","floor":16,"turns":7},{"damage":0,"enemies":"Spheric Guardian","floor":18,"turns":3},{"damage":19,"enemies":"2 Thieves","floor":19,"turns":4},{"damage":20,"enemies":"Sentry and Sphere","floor":20,"turns":5},{"damage":20,"enemies":"Cultist and Chosen","floor":21,"turns":6},{"damage":5,"enemies":"3 Cultists","floor":22,"turns":5},{"damage":16,"enemies":"Centurion and Healer","floor":24,"turns":5},{"damage":23,"enemies":"Book of Stabbing","floor":29,"turns":5},{"damage":9,"enemies":"Snake Plant","floor":31,"turns":4},{"damage":1,"enemies":"Champ","floor":33,"turns":7},{"damage":17,"enemies":"3 Shapes","floor":35,"turns":3},{"damage":14,"enemies":"3 Darklings","floor":36,"turns":4},{"damage":0,"enemies":"Maw","floor":37,"turns":4},{"damage":19,"enemies":"Mind Bloom Boss Battle","floor":39,"turns":5},{"damage":6,"enemies":"R_Hoarder","floor":41,"turns":6},{"damage":0,"enemies":"Sphere and 2 Shapes","floor":42,"turns":2},{"damage":5,"enemies":"Transient","floor":45,"turns":5},{"damage":11,"enemies":"Maw","floor":46,"turns":3},{"damage":11,"enemies":"4 Shapes","floor":48,"turns":3},{"damage":58,"enemies":"Time Eater","floor":50,"turns":4}],"seed_played":"-2461446152319306433","potions_obtained":[{"floor":2,"key":"ColorlessPotion"},{"floor":5,"key":"blueLaboratory:PlasmaFuel"},{"floor":16,"key":"AttackPotion"},{"floor":18,"key":"blueLaboratory:BubblePotion"},{"floor":21,"key":"blueLaboratory:StoneskinPotion"},{"floor":33,"key":"Fire Potion"},{"floor":39,"key":"blueLaboratory:CoolantVial"},{"floor":41,"key":"blueLaboratory:BottleOfVodka"},{"floor":42,"key":"blueLaboratory:CorrosionFlask"},{"floor":46,"key":"DistilledChaos"}],"is_trial":false,"path_per_floor":["M","M","$","?","M","R","E","M","T","R","?","M","$","M","R","B",null,"M","M","M","M","M","R","M","R","T","?","$","E","R","M","R","B",null,"M","M","M","$","?","R","E","M","T","$","M","M","R","M","R","B",null],"character_chosen":"DEFECT","items_purchased":["Guide Book","ReplayTheSpireMod:CursedCoin","Kunai","SkillPotion","blueLaboratory:PhilterOfMotion","Blood Vial"],"campfire_rested":6,"item_purchase_floors":[3,13,13,28,28,38],"current_hp_per_floor":[75,75,75,75,75,75,75,75,75,75,75,73,73,72,72,41,75,75,56,36,16,11,33,17,39,39,39,39,26,48,39,61,60,75,58,44,44,44,27,49,50,57,57,57,54,45,67,58,58,12],"gold":183,"neow_bonus":"RANDOM_COLORLESS","is_daily":false,"chose_seed":false,"campfire_upgraded":3,"win_rate":0.0,"timestamp":1609710378,"path_taken":["M","M","$","?","M","R","E","M","T","R","?","M","?","M","R","BOSS","M","M","M","M","M","R","M","R","T","?","$","E","R","M","R","BOSS","M","M","M","$","?","R","E","M","T","$","M","M","R","M","R","BOSS"],"items_purchased_type":["Relic","Relic","Relic","Potion","Potion","Relic"],"build_version":"2020-12-22","purchased_purges":2,"victory":true,"max_hp_per_floor":[75,75,75,75,75,75,75,75,75,75,75,75,75,75,75,75,75,75,75,75,75,75,75,75,75,75,75,75,75,75,75,75,75,75,75,75,75,75,75,75,75,75,75,75,75,75,75,75,75,75],"card_choices":[{"not_picked":["PanicButton","Replay:Parry"],"picked":"Dramatic Entrance","floor":0},{"not_picked":["FIFO Queue","ReplayTheSpireMod:Repulse"],"picked":"Gash","floor":1},{"not_picked":["Rebound","aspiration:Polymerization"],"picked":"Clawfect:Clawter","floor":2},{"not_picked":["StuffTheSpire:SnapShoot","Auto Shields"],"picked":"Clawfect:ClawLightning","floor":5},{"not_picked":["Steam Power","Hologram"],"picked":"StuffTheSpire:Rend","floor":7},{"not_picked":["Clawfect:Clawter","Seek","Lockon"],"picked":"SKIP","floor":8},{"not_picked":["Recycle","Heatsinks","Rebound"],"picked":"SKIP","floor":12},{"not_picked":["Fusion","Aggregate","Double Energy"],"picked":"SKIP","floor":14},{"not_picked":["Consume","Turbo"],"picked":"StuffTheSpire:Coldhearted+1","floor":18},{"not_picked":["StuffTheSpire:GlassShard","Rebound+1"],"picked":"Clawfect:ClawCell","floor":19},{"not_picked":["StuffTheSpire:LoadUp+1","Leap","Hologram"],"picked":"SKIP","floor":20},{"not_picked":["Clawfect:ClawingBeam","FTL"],"picked":"Clawfect:ScrapingClaw+1","floor":21},{"not_picked":["Reprogram","StuffTheSpire:ShieldGenerator+1"],"picked":"ReplayGash","floor":22},{"not_picked":["Leap","Clawfect:ClawCell+1"],"picked":"ReplayGash+1","floor":24},{"not_picked":["Stack","hubris:PowerSurge","Rebound+1"],"picked":"SKIP","floor":29},{"not_picked":["Auto Shields","ReplayTheSpireMod:System Scan+1"],"picked":"Clawfect:ClawAndTear","floor":31},{"not_picked":["Aggregate","FTL+1"],"picked":"Clawfect:ClawCell+1","floor":35},{"not_picked":["StuffTheSpire:Plugnplay+1","Conserve Battery+1"],"picked":"Gash+1","floor":36},{"not_picked":["Meteor Strike","Leap+1","conspire:Rain+1"],"picked":"SKIP","floor":37},{"not_picked":["Leap","Conserve Battery+1"],"picked":"Clawfect:ClawingBeam","floor":39},{"not_picked":["Conserve Battery+1","aspiration:Polymerization+1"],"picked":"Clawfect:ClawLightning","floor":41},{"not_picked":["Panic Button","Reprogram+1"],"picked":"ReplayTheSpireMod:Calculation Training","floor":42},{"not_picked":["Steam+1","Clawfect:Clawrage+1","StuffTheSpire:LoadUp"],"picked":"SKIP","floor":45},{"not_picked":["Darkness","Clawfect:Clawline","Clawfect:ScrapingClaw+1"],"picked":"SKIP","floor":46},{"not_picked":["Clawfect:Clawter","StuffTheSpire:LoadUp+1"],"picked":"StuffTheSpire:Rend+1","floor":48}],"player_experience":1016232,"relics_obtained":[{"floor":9,"key":"StuffTheSpire:Experiment12"},{"floor":26,"key":"MawBank"},{"floor":29,"key":"hubris:MedicalManual"},{"floor":29,"key":"Calipers"},{"floor":41,"key":"Replay:Wax Seal"},{"floor":41,"key":"Pondfish Scales"},{"floor":43,"key":"StuffTheSpire:RubySignet"},{"floor":49,"key":"Replay:Multitool"}],"event_choices":[{"damage_healed":0,"gold_gain":0,"player_choice":"Disagree","damage_taken":0,"max_hp_gain":0,"max_hp_loss":0,"event_name":"conspire:LoneGhost","floor":4,"gold_loss":0},{"damage_healed":0,"gold_gain":0,"player_choice":"Fight","damage_taken":0,"max_hp_gain":0,"max_hp_loss":0,"event_name":"MindBloom","floor":39,"gold_loss":0}],"is_beta":false,"boss_relics":[{"not_picked":["hubris:BlackHole","Runic Dome"],"picked":"Black Star"},{"not_picked":["energizedSpire:EnergizedDie","Empty Cage"],"picked":"conspire:RunicOctahedron"}],"items_purged_floors":[28,44],"is_endless":false,"potions_floor_spawned":[2,5,16,18,21,33,39,41,42,46],"ascension_level":4}}