{"host":"ta9mufxydm4vkknf","time":1609708108,"event":{"mods":["AchievementEnabler","BaseMod","Minty Spire (QoL Compilation)","Quick Restart"],"gold_per_floor":[113,288,288,288,303,328,390,425,425,425,50,50,50,50],"floor_reached":13,"playtime":276,"items_purged":["Strike_B"],"score":137,"play_id":"5e5ab43f-417d-4d0e-b69e-78d2a8224fc8","local_time":"20210103220828","is_ascension_mode":true,"campfire_choices":[{"floor":10,"key":"REST"}],"circlet_count":0,"master_deck":["Strike_B","Strike_B","Strike_B","Defend_B+1","Defend_B","Defend_B","Defend_B","Zap","Dualcast","Sweeping Beam","Skim+1","Redo","Doom and Gloom","FTL"],"relics":["Cracked Core","NeowsBlessing","Happy Flower","Question Card","Mummified Hand","Shuriken","Ornamental Fan","Bird Faced Urn"],"acts_visited":["Exordium"],"potions_floor_usage":[],"damage_taken":[{"damage":0,"enemies":"Jaw Worm","floor":1,"turns":1},{"damage":0,"enemies":"2 Louse","floor":5,"turns":1},{"damage":0,"enemies":"Gremlin Nob","floor":6,"turns":1},{"damage":21,"enemies":"Gremlin Nob","floor":7,"turns":4},{"damage":25,"enemies":"Lagavulin","floor":8,"turns":6},{"damage":38,"enemies":"Gremlin Nob","floor":13,"turns":3}],"seed_played":"-7547887955222617704","potions_obtained":[{"floor":5,"key":"EssenceOfSteel"},{"floor":7,"key":"SteroidPotion"},{"floor":8,"key":"Strength Potion"}],"is_trial":false,"path_per_floor":["M","?","?","T","M","E","?","E","T","R","$","?","E"],"character_chosen":"DEFECT","items_purchased":["Bird Faced Urn"],"campfire_rested":1,"item_purchase_floors":[11],"current_hp_per_floor":[75,75,68,68,68,68,47,22,22,44,44,29,0,0],"gold":50,"neow_bonus":"THREE_ENEMY_KILL","is_daily":false,"chose_seed":false,"campfire_upgraded":0,"win_rate":0.0,"timestamp":1609708108,"path_taken":["M","?","?","?","M","E","?","E","T","R","?","?","E"],"items_purchased_type":["Relic"],"build_version":"2020-12-22","purchased_purges":1,"victory":false,"max_hp_per_floor":[75,75,75,75,75,75,75,75,75,75,75,75,75,75],"card_choices":[{"not_picked":["Coolheaded","Streamline"],"picked":"Sweeping Beam","floor":1},{"not_picked":["Ball Lightning","Coolheaded"],"picked":"Skim","floor":5},{"not_picked":["Streamline","Steam"],"picked":"Redo","floor":6},{"not_picked":["Stack","Turbo","Darkness"],"picked":"Doom and Gloom","floor":7},{"not_picked":["Redo","Sunder","White Noise"],"picked":"FTL","floor":8}],"player_experience":179532,"relics_obtained":[{"floor":4,"key":"Happy Flower"},{"floor":6,"key":"Question Card"},{"floor":7,"key":"Mummified Hand"},{"floor":8,"key":"Shuriken"},{"floor":9,"key":"Ornamental Fan"}],"event_choices":[{"damage_healed":0,"gold_gain":175,"player_choice":"AGREE","damage_taken":0,"max_hp_gain":0,"max_hp_loss":0,"event_name":"Liars Game","floor":2,"gold_loss":0,"cards_obtained":["Doubt"]},{"cards_removed":["Doubt"],"damage_healed":0,"gold_gain":0,"player_choice":"Card Removal","damage_taken":7,"max_hp_gain":0,"max_hp_loss":0,"event_name":"Golden Wing","floor":3,"gold_loss":0},{"damage_healed":0,"gold_gain":30,"player_choice":"Searched \u00272\u0027 times","damage_taken":0,"max_hp_gain":0,"max_hp_loss":0,"event_name":"Dead Adventurer","floor":7,"gold_loss":0},{"damage_healed":0,"gold_gain":0,"player_choice":"Entered Light","damage_taken":15,"max_hp_gain":0,"max_hp_loss":0,"event_name":"Shining Light","floor":12,"gold_loss":0,"cards_upgraded":["Skim","Defend_B"]}],"is_beta":false,"boss_relics":[],"items_purged_floors":[11],"is_endless":false,"potions_floor_spawned":[5,7,8],"killed_by":"Gremlin Nob","ascension_level":4}}