{"host":"xu0zbcebhy6w9mdv","time":1609707749,"event":{"mods":["AchievementEnabler","Act Like it!","Aspiration","BaseMod","Better Match","Better Third Choice","BetterRewards","Colored Powertips","Downfall","Duelist Mod","Friendly Minions","Gensokyo","Hallownest","Hubris","Infinite Spire","Marisa????????","Minty Spire (QoL Compilation)","Potionbrewer","Quick Restart","READ ME - Guardian Mod","READ ME - Snecko Mod","Rare Cards Sparkle","Replay The Spire","Shop Mod","StSLib","The Animator","The Blackbeard","The Bug Knight","The Cursed","The Hierophant","The Necromancer","The Runesmith","The Servant 0.9.4"],"gold_per_floor":[140,140,140,54,54,54,54,54,67,98,98,98,177,177,197,197,197,197,213,244,244,256,256,256,270,299,299,299,299],"floor_reached":31,"playtime":2682,"items_purged":[],"score":679,"play_id":"c7de2863-bc39-42db-9eec-dc07648bc7ba","local_time":"20210103160229","is_ascension_mode":true,"campfire_choices":[{"data":"theDuelist:GarbageLord","floor":6,"key":"SMITH"},{"data":"theDuelist:RainbowKuribohBasic","floor":8,"key":"SMITH"},{"data":"theDuelist:RainbowNeos","floor":10,"key":"SMITH"},{"floor":15,"key":"REST"},{"floor":24,"key":"REST"},{"floor":27,"key":"REST"}],"circlet_count":0,"master_deck":["AscendersBane","theDuelist:CastleWalls","theDuelist:CastleWalls","theDuelist:DunamesDarkWitch","theDuelist:Eva","theDuelist:Hayate","theDuelist:RainbowFlower","theDuelist:RainbowKuribohBasic+1","theDuelist:RainbowNeos+1","theDuelist:Sparks","theDuelist:Sparks","theDuelist:GarbageLord+1","theDuelist:StatueAnguishPattern+1","hubris:NaturalOne","ReplayTheSpireMod:Chaos Vortex","theDuelist:TyrantWing","theDuelist:AncientRules"],"relics":["theDuelist:MillenniumPuzzle","theDuelist:CardPoolRelic","theDuelist:CardPoolBasicRelic","theDuelist:BoosterPackPoolRelic","theDuelist:CardPoolAddRelic","theDuelist:CardPoolMinusRelic","theDuelist:CardPoolSaveRelic","theDuelist:CardPoolOptionsRelic","hubris:Teleporter","theDuelist:ElectricToken","ClockworkSouvenir","theDuelist:BoosterPackHealer","Cables","Pondfish Scales","hubris:Icosahedron","aspiration:PoetsPen_weak","theDuelist:CursedHealer","theDuelist:MillenniumRod","infinitespire:ShieldingShard","Calipers"],"acts_visited":["Exordium","TheCity"],"potions_floor_usage":[12,22,23,23,29],"damage_taken":[{"damage":0,"enemies":"2 Louse","floor":1,"turns":3},{"damage":8,"enemies":"Jaw Worm","floor":11,"turns":4},{"damage":10,"enemies":"Gremlin Nob","floor":12,"turns":5},{"damage":2,"enemies":"Hexaghost","floor":16,"turns":8},{"damage":15,"enemies":"Shell Parasite","floor":18,"turns":5},{"damage":0,"enemies":"Spheric Guardian","floor":22,"turns":4},{"damage":29,"enemies":"Book of Stabbing","floor":23,"turns":6},{"damage":12,"enemies":"Centurion and Healer","floor":25,"turns":5},{"damage":8,"enemies":"Shelled Parasite and Fungi","floor":28,"turns":5},{"damage":38,"enemies":"Gremlin Leader","floor":29,"turns":8},{"damage":24,"enemies":"Cultist and Chosen","floor":31,"turns":4}],"seed_played":"9153280163985496721","potions_obtained":[{"floor":11,"key":"AttackPotion"},{"floor":22,"key":"EntropicBrew"},{"floor":23,"key":"GamblersBrew"}],"is_trial":false,"path_per_floor":["M","?","?","$","R","R","T","R","M","E","?","R","B",null,"M","AVR","?","?","M","E","R","M","T","R","M","E","?","M"],"character_chosen":"THE_DUELIST","items_purchased":["hubris:Teleporter","theDuelist:ElectricToken","ClockworkSouvenir","theDuelist:GarbageLord"],"campfire_rested":3,"item_purchase_floors":[0,0,0,4],"current_hp_per_floor":[56,70,62,62,62,62,62,62,58,48,48,69,67,69,58,58,70,70,70,45,66,58,58,70,62,24,24,0,0],"gold":299,"neow_bonus":"","is_daily":false,"chose_seed":false,"campfire_upgraded":3,"win_rate":0.0,"timestamp":1609707749,"path_taken":["M","?","?","$","R","R","T","R","M","E","?","R","BOSS","M","AVR","?","?","?","E","R","M","T","R","M","E","?","M"],"items_purchased_type":["Relic","Card","Relic","Card"],"build_version":"2020-12-22","purchased_purges":0,"victory":false,"max_hp_per_floor":[70,70,70,70,70,70,70,70,70,70,70,70,70,70,70,70,70,70,70,70,70,70,70,70,70,70,70,70,70],"card_choices":[{"not_picked":["theDuelist:Mudora","theDuelist:MudragonSwamp","theDuelist:Kuribohrn","theDuelist:MagicalStone","theDuelist:GaiaMidNightSun"],"picked":"SKIP","floor":1},{"not_picked":["theDuelist:WhiteHowling","theDuelist:IronDraw","theDuelist:CrystalRaigeki","theDuelist:RainbowGravity"],"picked":"theDuelist:StatueAnguishPattern","floor":11},{"not_picked":["theDuelist:DestroyerGolem","theDuelist:LightningDarts","theDuelist:LightningVortex","theDuelist:Sangan","theDuelist:SmashingGround"],"picked":"SKIP","floor":12},{"not_picked":["theDuelist:GoblinZombie","theDuelist:Boneheimer","theDuelist:DragonZombie","theDuelist:SevenColoredFish","theDuelist:RainbowFlower"],"picked":"SKIP","floor":18},{"not_picked":["theDuelist:ClearKuriboh","theDuelist:EvilswarmHeliotrope","theDuelist:GilfordLegend","theDuelist:RainbowOverdragon","theDuelist:Fissure+1"],"picked":"SKIP","floor":22},{"not_picked":["theDuelist:WhiteHowling","theDuelist:IronDraw","theDuelist:CrystalRaigeki","theDuelist:RainbowLife"],"picked":"theDuelist:TyrantWing","floor":23},{"not_picked":["theDuelist:PatricianDarkness","theDuelist:SpiritHarp+1","theDuelist:WhiteHornDragon","theDuelist:HorusServant"],"picked":"theDuelist:AncientRules","floor":25},{"not_picked":["theDuelist:ArchfiendSoldier","theDuelist:ShallowGrave","theDuelist:DarkMagician","theDuelist:DunamesDarkWitch","theDuelist:RainbowKuriboh"],"picked":"SKIP","floor":28},{"not_picked":["theDuelist:CardSafeReturn","theDuelist:WhiteHornDragon+1","theDuelist:Umi","theDuelist:RainbowRuins"],"picked":"SKIP","floor":29}],"player_experience":543889,"relics_obtained":[{"floor":9,"key":"Cables"},{"floor":12,"key":"Pondfish Scales"},{"floor":23,"key":"theDuelist:MillenniumRod"},{"floor":26,"key":"infinitespire:ShieldingShard"},{"floor":29,"key":"Calipers"}],"event_choices":[{"damage_healed":23,"gold_gain":0,"player_choice":"Banana","damage_taken":0,"max_hp_gain":0,"max_hp_loss":0,"event_name":"Big Fish","floor":2,"gold_loss":0},{"damage_healed":0,"gold_gain":0,"player_choice":"Dig - random Duelist relic","duelist":true,"damage_taken":0,"max_hp_gain":0,"max_hp_loss":0,"event_name":"Aknamkanon\u0027s Tomb","floor":3,"gold_loss":0},{"damage_healed":0,"gold_gain":0,"player_choice":"Succumb - +25HP/Cursed Relic","duelist":true,"damage_taken":0,"max_hp_gain":0,"max_hp_loss":0,"event_name":"Tomb of the Nameless","floor":20,"gold_loss":0},{"damage_healed":0,"gold_gain":0,"player_choice":"Leave","duelist":true,"damage_taken":0,"max_hp_gain":0,"max_hp_loss":0,"event_name":"Tomb of the Nameless","floor":21,"gold_loss":0},{"damage_healed":0,"gold_gain":0,"player_choice":"Forge","damage_taken":0,"max_hp_gain":0,"max_hp_loss":0,"event_name":"Accursed Blacksmith","floor":30,"gold_loss":0,"cards_upgraded":["theDuelist:StatueAnguishPattern"]}],"is_beta":false,"boss_relics":[{"not_picked":["Philosopher\u0027s Stone","hubris:Stopwatch"],"picked":"aspiration:PoetsPen_weak"}],"items_purged_floors":[],"is_endless":false,"potions_floor_spawned":[11,22,23],"killed_by":"Cultist and Chosen","ascension_level":17}}