{"host":"q4b0c643vtafhvqv","time":1609653453,"event":{"mods":["BaseMod","Colored Map","Colored Powertips","Minty Spire (QoL Compilation)","Permanent Neow","Quick Restart","StSLib","The Blue Laboratory","The Cursed","The Marked"],"gold_per_floor":[410,424,424,440,133,162,162,162,237,86,107,132,155,194,194,323,323,341,357,371,385,257,257,272,287,287,133,133,172,172,122,122,248,248,262,90,103,28,28,28,47,47,97,97,117,117,133,156,156,156,156,156,9,47,47],"floor_reached":56,"playtime":2499,"items_purged":["Defend_B+1","Strike_B+1"],"score":1251,"play_id":"146e393b-9de6-40d5-9f67-c2b3c2fbe3f6","local_time":"20210103135733","is_ascension_mode":true,"campfire_choices":[{"floor":8.0,"key":"DIG"},{"floor":15.0,"key":"RECALL"},{"floor":23.0,"key":"DIG"},{"floor":28.0,"key":"DIG"},{"floor":30.0,"key":"DIG"},{"floor":32.0,"key":"REST"},{"floor":40.0,"key":"DIG"},{"floor":42.0,"key":"DIG"},{"floor":44.0,"key":"DIG"},{"floor":46.0,"key":"DIG"},{"floor":49.0,"key":"DIG"},{"floor":52.0,"key":"DIG"}],"circlet_count":0,"master_deck":["Strike_B+1","Defend_B+1","Zap+1","Dualcast+1","White Noise+1","White Noise+1","Consume+1","Heatsinks","Force Field+1","Amplify+1","Redo+1","Chaos+1","Machine Learning","Loop","Echo Form","Chaos+1","Genetic Algorithm+1","Genetic Algorithm+1","Defragment+1"],"relics":["Cracked Core","Inserter","Shovel","PreservedInsect","Golden Idol","Lantern","Toxic Egg 2","Pen Nib","Kunai","SlaversCollar","Question Card","Strange Spoon","Mercury Hourglass","CaptainsWheel","Strawberry","Coffee Dripper","MealTicket","Pear","Bronze Scales","Ornamental Fan","TungstenRod","Bag of Marbles","Gremlin Horn","Bottled Tornado"],"acts_visited":["Exordium","TheCity","TheBeyond","TheEnding"],"potions_floor_usage":[55,55],"damage_taken":[{"damage":0.0,"enemies":"Cultist","floor":1.0,"turns":4.0},{"damage":3.0,"enemies":"Jaw Worm","floor":2.0,"turns":2.0},{"damage":8.0,"enemies":"Small Slimes","floor":4.0,"turns":2.0},{"damage":13.0,"enemies":"Gremlin Nob","floor":6.0,"turns":4.0},{"damage":0.0,"enemies":"Blue Slaver","floor":11.0,"turns":2.0},{"damage":0.0,"enemies":"Red Slaver","floor":12.0,"turns":2.0},{"damage":0.0,"enemies":"3 Louse","floor":13.0,"turns":2.0},{"damage":2.0,"enemies":"Lagavulin","floor":14.0,"turns":3.0},{"damage":16.0,"enemies":"The Guardian","floor":16.0,"turns":5.0},{"damage":0.0,"enemies":"Spheric Guardian","floor":18.0,"turns":2.0},{"damage":0.0,"enemies":"Chosen","floor":19.0,"turns":4.0},{"damage":15.0,"enemies":"3 Cultists","floor":20.0,"turns":5.0},{"damage":5.0,"enemies":"Snake Plant","floor":21.0,"turns":4.0},{"damage":2.0,"enemies":"Sentry and Sphere","floor":24.0,"turns":3.0},{"damage":0.0,"enemies":"Snecko","floor":25.0,"turns":4.0},{"damage":7.0,"enemies":"Book of Stabbing","floor":29.0,"turns":4.0},{"damage":3.0,"enemies":"Collector","floor":33.0,"turns":5.0},{"damage":6.0,"enemies":"Orb Walker","floor":35.0,"turns":3.0},{"damage":14.0,"enemies":"3 Shapes","floor":37.0,"turns":4.0},{"damage":17.0,"enemies":"3 Darklings","floor":41.0,"turns":4.0},{"damage":12.0,"enemies":"Spire Growth","floor":45.0,"turns":4.0},{"damage":0.0,"enemies":"Sphere and 2 Shapes","floor":47.0,"turns":3.0},{"damage":0.0,"enemies":"Jaw Worm Horde","floor":48.0,"turns":3.0},{"damage":9.0,"enemies":"Time Eater","floor":50.0,"turns":8.0},{"damage":0.0,"enemies":"Shield and Spear","floor":54.0,"turns":3.0},{"damage":35,"enemies":"The Heart","floor":55,"turns":7}],"seed_played":"877303727920549760","potions_obtained":[{"floor":2.0,"key":"EssenceOfSteel"},{"floor":12.0,"key":"SmokeBomb"},{"floor":13.0,"key":"blueLaboratory:PyrophylliteBrew"},{"floor":14.0,"key":"blueLaboratory:SystemWipe"},{"floor":16.0,"key":"blueLaboratory:BottleOfVodka"},{"floor":18.0,"key":"blueLaboratory:ArtificerPotion"},{"floor":25.0,"key":"blueLaboratory:SavagePotion"},{"floor":33.0,"key":"blueLaboratory:CorrosionFlask"},{"floor":45.0,"key":"Swift Potion"},{"floor":47.0,"key":"blueLaboratory:LouseDecoction"}],"is_trial":false,"path_per_floor":["M","M","?","M","$","E","?","R","T","$","M","M","M","E","R","B",null,"M","M","M","M","$","R","M","M","T","$","R","E","R","?","R","B",null,"M","$","M","$","?","R","M","R","T","R","M","R","M","M","R","B",null,"R","$","E","B",null],"character_chosen":"DEFECT","items_purchased":["Shovel","Pen Nib","Redo+1","Strange Spoon","Chaos+1","Genetic Algorithm+1","blueLaboratory:CreativityPotion","Dexterity Potion"],"campfire_rested":1,"item_purchase_floors":[5,10,22,27,36,38,53,53],"current_hp_per_floor":[75,72,72,64,64,51,51,51,51,51,51,51,51,49,49,33,69,69,69,54,49,49,49,47,47,47,47,47,40,47,47,69,66,76,70,70,56,56,66,66,49,59,59,59,47,47,47,47,47,38,76,76,76,76,41],"gold":47,"neow_bonus":"TRANSFORM_TWO_CARDS","is_daily":false,"chose_seed":false,"campfire_upgraded":0,"win_rate":0.0,"timestamp":1609653453,"path_taken":["M","M","?","M","$","E","?","R","T","?","M","M","M","E","R","BOSS","M","M","?","M","?","R","M","?","T","$","R","E","R","?","R","BOSS","M","$","?","$","?","R","M","R","T","R","M","R","M","M","R","BOSS","R","$","E","BOSS"],"items_purchased_type":["Relic","Relic","Card","Relic","Card","Card","Potion","Potion"],"build_version":"2020-12-22","purchased_purges":2,"victory":true,"max_hp_per_floor":[75,75,75,75,75,75,69,69,69,69,69,69,69,69,69,69,69,69,69,69,69,69,69,69,69,69,69,69,69,76,76,76,76,76,76,76,76,76,66,66,66,76,76,76,76,76,76,76,76,76,76,76,76,76,76],"card_choices":[{"not_picked":["White Noise","Barrage","Coolheaded"],"picked":"SKIP","floor":1.0},{"not_picked":["Go for the Eyes","Rip and Tear","Leap"],"picked":"SKIP","floor":2.0},{"not_picked":["Cold Snap","Barrage","Blizzard"],"picked":"SKIP","floor":4.0},{"not_picked":["Multi-Cast","Steam","Rainbow"],"picked":"SKIP","floor":6.0},{"not_picked":["Streamline","Scrape","Skim+1"],"picked":"SKIP","floor":11.0},{"not_picked":["Conserve Battery+1","Chill+1"],"picked":"Heatsinks","floor":12.0},{"not_picked":["Rebound","Compile Driver","Auto Shields+1"],"picked":"SKIP","floor":13.0},{"not_picked":["Heatsinks","Steam Power+1"],"picked":"Force Field+1","floor":14.0},{"not_picked":["Buffer","Reboot+1"],"picked":"Amplify+1","floor":16.0},{"not_picked":["Beam Cell","Hologram+1","Go for the Eyes+1"],"picked":"SKIP","floor":18.0},{"not_picked":["Go for the Eyes","Beam Cell","Redo+1"],"picked":"SKIP","floor":19.0},{"not_picked":["Barrage+1","Rebound","Chill+1"],"picked":"SKIP","floor":20.0},{"not_picked":["Cold Snap","Fusion+1","Static Discharge"],"picked":"SKIP","floor":21.0},{"not_picked":["Go for the Eyes","Stack+1","Sweeping Beam"],"picked":"Chaos+1","floor":24.0},{"not_picked":["Compile Driver+1","Heatsinks","Skim+1"],"picked":"Machine Learning","floor":25.0},{"not_picked":["Hologram+1","Gash","BootSequence+1"],"picked":"Loop","floor":29.0},{"not_picked":["Creative AI","All For One","Rainbow+1"],"picked":"Echo Form","floor":33.0},{"not_picked":["Cold Snap+1","Leap+1","Barrage+1","Heatsinks+1"],"picked":"SKIP","floor":35.0},{"not_picked":["Go for the Eyes+1","Leap+1","Darkness+1","Compile Driver"],"picked":"SKIP","floor":37.0},{"not_picked":["Steam+1","Seek+1","Scrape"],"picked":"Genetic Algorithm+1","floor":41.0},{"not_picked":["Force Field+1","Leap+1","Conserve Battery+1","Fusion+1"],"picked":"SKIP","floor":45.0},{"not_picked":["Leap+1","Barrage+1","Force Field+1","Streamline+1"],"picked":"SKIP","floor":47.0},{"not_picked":["Force Field+1","Scrape+1","Hologram+1"],"picked":"Defragment+1","floor":48.0},{"not_picked":["Streamline","Heatsinks+1","Beam Cell+1","Stack+1"],"picked":"SKIP","floor":54.0}],"player_experience":9557,"relics_obtained":[{"floor":6.0,"key":"PreservedInsect"},{"floor":8.0,"key":"Lantern"},{"floor":9.0,"key":"Toxic Egg 2"},{"floor":14.0,"key":"Kunai"},{"floor":23.0,"key":"Question Card"},{"floor":28.0,"key":"Mercury Hourglass"},{"floor":29.0,"key":"CaptainsWheel"},{"floor":30.0,"key":"Strawberry"},{"floor":40.0,"key":"MealTicket"},{"floor":42.0,"key":"Pear"},{"floor":43.0,"key":"Bronze Scales"},{"floor":44.0,"key":"Ornamental Fan"},{"floor":46.0,"key":"TungstenRod"},{"floor":49.0,"key":"Bag of Marbles"},{"floor":52.0,"key":"Gremlin Horn"},{"floor":54.0,"key":"Bottled Tornado"}],"event_choices":[{"damage_healed":0.0,"max_hp_gain":0.0,"max_hp_loss":0.0,"gold_gain":0.0,"event_name":"Shining Light","player_choice":"Ignored","floor":3.0,"gold_loss":0.0,"damage_taken":0.0},{"damage_healed":0.0,"max_hp_gain":0.0,"max_hp_loss":6.0,"gold_gain":0.0,"event_name":"Golden Idol","player_choice":"Lose Max HP","floor":7.0,"gold_loss":0.0,"damage_taken":0.0,"relics_obtained":["Golden Idol"]},{"damage_healed":0.0,"max_hp_gain":0.0,"max_hp_loss":0.0,"gold_gain":0.0,"event_name":"The Joust","player_choice":"Bet on Murderer","floor":31.0,"gold_loss":50.0,"damage_taken":0.0},{"damage_healed":66.0,"max_hp_gain":0.0,"max_hp_loss":10.0,"gold_gain":0.0,"event_name":"The Moai Head","player_choice":"Heal","floor":39.0,"gold_loss":0.0,"damage_taken":0.0}],"is_beta":false,"boss_relics":[{"not_picked":["Ectoplasm","Cursed Key"],"picked":"SlaversCollar"},{"not_picked":["FrozenCore","Sozu"],"picked":"Coffee Dripper"}],"items_purged_floors":[22,36],"is_endless":false,"potions_floor_spawned":[2,12,13,14,16,18,19,25,33,45,47],"ascension_level":1}}