{"host":"ff0k6g9g9j8o52vm","time":1609660922,"event":{"mods":["2.2 Compatiblity","AchievementEnabler","Aspiration","Astrologer","BaseMod","Beaked The Cultist","Better Altar","Better Note","Better Sensory Stone","Better Skull","Better Third Choice","Colored Map","Colored Powertips","Conspire","Curses Come First","Downfall","Energized Spire","Friendly Minions","GifTheSpireLib","Gremlin Mod","Halation","Hermit","Highlight Path","Hubris","Infinite Spire","Jedi Mod","Jorbs\u0027s Wanderer Trilogy","Koishi","Mad Scientist","Marisa????????","Minty Spire (QoL Compilation)","Potionbrewer","Quick Restart","Random Character Button","Replay The Spire","Robot Space Explorer","Shade Mod","Slumbering Mod","Somnambulant","Spicy Shops","StSLib","Stuff the Spire","The Blackbeard","The Blue Laboratory","The Bug Knight","The Clintock","The Construct","The Cursed","The Disciple","The Dragon Tamer","The Druid","The Factory","The Forsaken","The Gatherer","The Hayseed","The Hierophant","The Jungle","The Marked","The Mystic","The Necromancer","The Poker Player","The Problem Sleuth","The Runesmith","The Sage","The Saiyan","The Senshi","The Servant 0.9.4","The Showman","The Spell Scribe","The Trickster","The Valiant","The Wild Card","TheArtist","TheBandit","TheFirefly","Trackpad","Wandering Minibosses","Yuri Mod","thorton","vexMod"],"gold_per_floor":[109,109,109,121,131,131,142,171,171,201,215,215,227,227,227,330,330,347,347,347,347,364,364,9,19,19,19,34,34,34],"floor_reached":29,"playtime":2935,"items_purged":["theDruid:Strike_O","theDruid:Strike_O","theDruid:Strike_O"],"score":235,"play_id":"e4f1d374-fac1-4b2a-8059-5e4546967a93","local_time":"20210103000202","is_ascension_mode":false,"campfire_choices":[{"data":"theDruid:InsectSwarm","floor":6,"key":"SMITH"},{"floor":15,"key":"REST"},{"data":"theDruid:CelestialSurge","floor":23,"key":"SMITH"}],"circlet_count":0,"master_deck":["theDruid:Strike_O","theDruid:Defend_O","theDruid:Defend_O","theDruid:Defend_O","theDruid:Defend_O","theDruid:BriarArmor","theDruid:WildSlash+1","theDruid:BrambleLash","theDruid:InsectSwarm+1","theDruid:Scavenge","theDruid:ThornStrike+1","theDruid:SurvivalInstincts+1","theDruid:Eclipse","theDruid:Resupply","theDruid:ForestGuard+1","expansioncontent:DefensiveMode","theDruid:ApexPredator+1","theDruid:CelestialSurge+1","theDruid:Restoration","theDruid:Starfall","theDruid:MysticBarrier","expansioncontent:DashGenerateEvil","theDruid:BristlingBulwark+1"],"relics":["theDruid:CrownOfTheWilds","theForsaken:PlagueMask","potionbrewer:ToyAutogyro","trackpad:IceCube","Snack Pack","vexMod:ImprovementManual","Counterbalance","SlaversCollar","Kunai","Replay:WaspNest"],"acts_visited":["Exordium","TheCity"],"potions_floor_usage":[8,13,16,16,28],"damage_taken":[{"damage":4,"enemies":"Jaw Worm","floor":1,"turns":4},{"damage":0,"enemies":"2 Louse","floor":4,"turns":3},{"damage":6,"enemies":"Cultist","floor":5,"turns":3},{"damage":15,"enemies":"Exordium Wildlife","floor":7,"turns":4},{"damage":10,"enemies":"theSlumbering:Adrasteia","floor":8,"turns":7},{"damage":36,"enemies":"Lagavulin","floor":10,"turns":7},{"damage":5,"enemies":"Red Slaver","floor":11,"turns":3},{"damage":2,"enemies":"Exordium Thugs","floor":13,"turns":4},{"damage":38,"enemies":"Hexaghost","floor":16,"turns":13},{"damage":20,"enemies":"conspire:FuzzyDice","floor":18,"turns":6},{"damage":8,"enemies":"3 Byrds","floor":22,"turns":3},{"damage":12,"enemies":"Snake Plant","floor":25,"turns":3},{"damage":6,"enemies":"conspire:HollyBat","floor":28,"turns":9},{"damage":48,"enemies":"Sentry and Sphere","floor":29,"turns":7}],"seed_played":"-173599663109973874","potions_obtained":[{"floor":4,"key":"jedi:hoardpotion"},{"floor":7,"key":"Strength Potion"},{"floor":10,"key":"Fire Potion"},{"floor":13,"key":"blueLaboratory:HorrorPotion"},{"floor":16,"key":"Weak Potion"},{"floor":22,"key":"potionbrewer:ToxicPotion"},{"floor":25,"key":"Elixir"}],"is_trial":false,"path_per_floor":["M","?","?","M","M","R","M","E","T","E","M","?","M","?","R","B",null,"M","AVR","?","T","M","R","$","M","T","?","M","M"],"character_chosen":"DRUID","items_purchased":["expansioncontent:DashGenerateEvil"],"campfire_rested":1,"item_purchase_floors":[24],"current_hp_per_floor":[78,78,71,71,65,65,50,40,40,4,1,28,28,28,52,14,82,64,64,64,64,60,60,60,50,50,50,44,0,0],"gold":34,"neow_bonus":"TEN_PERCENT_HP_BONUS","is_daily":false,"chose_seed":false,"campfire_upgraded":2,"win_rate":0.0,"timestamp":1609660922,"path_taken":["M","?","?","M","M","R","M","E","T","E","M","?","M","?","R","BOSS","M","AVR","?","?","?","R","?","M","T","?","M","M"],"items_purchased_type":["Card"],"build_version":"2020-12-22","purchased_purges":3,"victory":false,"max_hp_per_floor":[82,82,82,82,82,82,82,82,82,82,82,82,82,82,82,82,82,82,82,82,82,82,82,82,82,82,82,82,82,82],"card_choices":[{"not_picked":["theDruid:FelineGrace","theDruid:NaturalAgility"],"picked":"theDruid:BrambleLash","floor":1},{"not_picked":["theDruid:PrimalStrength","theDruid:Entangle"],"picked":"theDruid:InsectSwarm","floor":4},{"not_picked":["theDruid:Resupply","theDruid:BrambleLash"],"picked":"theDruid:Scavenge","floor":5},{"not_picked":["theDruid:Slingshot","theDruid:Gore"],"picked":"theDruid:ThornStrike","floor":7},{"not_picked":["theDruid:Rummage","theDruid:Untamed"],"picked":"theDruid:SurvivalInstincts","floor":8},{"not_picked":["theDruid:Resupply","theDruid:ThickHide"],"picked":"theDruid:Eclipse","floor":10},{"not_picked":["theDruid:Guidance","theDruid:Untamed"],"picked":"theDruid:Resupply","floor":11},{"not_picked":["theDruid:TakeShelter","theDruid:Rummage"],"picked":"theDruid:ForestGuard","floor":13},{"not_picked":["theDruid:PrimalStrength+1","theDruid:Untamed+1"],"picked":"theDruid:Starfall","floor":18},{"not_picked":["theDruid:FelineGrace+1","theDruid:ThornStrike"],"picked":"theDruid:MysticBarrier","floor":22},{"not_picked":["theDruid:TakeShelter","theDruid:Stampede"],"picked":"theDruid:BristlingBulwark+1","floor":25},{"not_picked":["theDruid:LunarScythe","theDruid:ThornStrike","theDruid:WallofRoots"],"picked":"SKIP","floor":28}],"player_experience":969473,"relics_obtained":[{"floor":8,"key":"potionbrewer:ToyAutogyro"},{"floor":9,"key":"trackpad:IceCube"},{"floor":10,"key":"Snack Pack"},{"floor":21,"key":"Kunai"},{"floor":26,"key":"Replay:WaspNest"}],"event_choices":[{"damage_healed":0,"gold_gain":0,"player_choice":"Obtain Plague Curse","damage_taken":0,"max_hp_gain":0,"max_hp_loss":0,"event_name":"Plague Doctor","floor":2,"gold_loss":0,"cards_obtained":["theForsaken:PlagueCurse"]},{"cards_removed":["theForsaken:PlagueCurse"],"damage_healed":0,"gold_gain":0,"player_choice":"Card Removal","damage_taken":7,"max_hp_gain":0,"max_hp_loss":0,"event_name":"Golden Wing","floor":3,"gold_loss":0},{"damage_healed":27,"gold_gain":0,"player_choice":"Banana","damage_taken":0,"max_hp_gain":0,"max_hp_loss":0,"event_name":"Big Fish","floor":12,"gold_loss":0},{"damage_healed":0,"gold_gain":0,"player_choice":"Take","damage_taken":0,"max_hp_gain":0,"max_hp_loss":0,"event_name":"betterNote:BetterNote","floor":14,"gold_loss":0,"cards_obtained":["expansioncontent:DefensiveMode"]},{"damage_healed":0,"gold_gain":0,"player_choice":"Ignored","damage_taken":0,"max_hp_gain":0,"max_hp_loss":0,"event_name":"Ghosts","floor":20,"gold_loss":0}],"is_beta":false,"boss_relics":[{"not_picked":["aspiration:RunicSpoon","energizedSpire:CursedPentagram"],"picked":"vexMod:ImprovementManual"}],"items_purged_floors":[19,24,24],"is_endless":false,"potions_floor_spawned":[4,7,10,13,16,22,25],"killed_by":"Sentry and Sphere","ascension_level":0}}