{"host":"ek3xvuouaw6vk9if","time":1609640152,"event":{"mods":["BaseMod","BetterRewards","Minty Spire (QoL Compilation)","Permanent Neow","Quick Restart","Relic Stats","Replay The Spire","StSLib","The Disciple"],"gold_per_floor":[361,361,361,168,188,188,199,199,276,296,307,342,34,46,46,141,141,152,152,172,172,185,185,263,263,263,58,58,68,97,115,115,212,212,228,63,63,82,97,97,113,38,92,92,108,108,0,15,15,15],"floor_reached":51,"playtime":7316,"items_purged":["Defend_G","ReplayTheSpireMod:Splinters","Strike_Br","Strike_Br"],"score":694,"play_id":"a63f3e11-f422-44a3-8258-61056f1f195f","local_time":"20210102211552","is_ascension_mode":false,"campfire_choices":[{"data":"BiteCommand","floor":6,"key":"SMITH"},{"data":"Goo","floor":8,"key":"SMITH"},{"data":"EscortCommand","floor":15,"key":"SMITH"},{"data":"Facsimile","floor":23,"key":"SMITH"},{"data":"ResonantCall","floor":28,"key":"SMITH"},{"data":"ResonantCall","floor":32,"key":"SMITH"},{"floor":40,"key":"REST"},{"floor":44,"key":"REST"},{"floor":46,"key":"REST"},{"floor":49,"key":"DIG"}],"circlet_count":0,"master_deck":["Strike_Br","Defend_Br","Defend_Br","Defend_Br","SecondHand","PatternShift","Strike_B","ResonantCall","Flay+1","BiteCommand+1","Goo+27","ResonantCall+1","Recurrance","Recurrance","EscortCommand+1","Pendulum","Amnesia","Facsimile+1","ResonantCall+1","Recurrance","LockedBlood","LockedAnchor","Parity+1","TickedOff+1","Adagio+1","Allegro+1","Facsimile+1","Parity+1","CurseOfTheBell","VestedLegacy+1","DaylightSavings+3","SlimeSpray+1","Parasite","HandsUpB+1"],"relics":["Chronometer","Orichalcum?","Sundial","Eternal Feather","Iron Hammer","Simple Rune","Anchor","Replay:Ancient Bell","Orichalcum","Question Card","StoneCalendar","Toxic Egg 2","Bottled Lightning","Membership Card","Bag of Marbles","Fusion Hammer","Juzu Bracelet","Calling Bell","Oddly Smooth Stone","Replay:WaspNest","Du-Vu Doll","SpringShield","Red Mask","WaitingRoom"],"acts_visited":["Exordium","TheCity","TheBeyond"],"potions_floor_usage":[29,30,30,33,35,50,50,50],"damage_taken":[{"damage":2,"enemies":"Jaw Worm","floor":1,"turns":5},{"damage":1,"enemies":"Small Slimes","floor":5,"turns":4},{"damage":0,"enemies":"Cultist","floor":7,"turns":3},{"damage":3,"enemies":"Red Slaver","floor":10,"turns":4},{"damage":0,"enemies":"Looter","floor":11,"turns":4},{"damage":15,"enemies":"Lagavulin","floor":12,"turns":6},{"damage":0,"enemies":"Large Slime","floor":14,"turns":3},{"damage":0,"enemies":"Hexaghost","floor":16,"turns":10},{"damage":0,"enemies":"3 Byrds","floor":18,"turns":7},{"damage":0,"enemies":"2 Thieves","floor":20,"turns":4},{"damage":8,"enemies":"Centurion and Healer","floor":22,"turns":7},{"damage":4,"enemies":"Shelled Parasite and Fungi","floor":29,"turns":7},{"damage":3,"enemies":"Book of Stabbing","floor":30,"turns":7},{"damage":3,"enemies":"Snake Plant","floor":31,"turns":4},{"damage":41,"enemies":"Automaton","floor":33,"turns":14},{"damage":0,"enemies":"Orb Walker","floor":35,"turns":4},{"damage":1,"enemies":"3 Shapes","floor":38,"turns":6},{"damage":32,"enemies":"Transient","floor":39,"turns":5},{"damage":11,"enemies":"4 Shapes","floor":41,"turns":7},{"damage":4,"enemies":"Writhing Mass","floor":45,"turns":7},{"damage":0,"enemies":"Maw","floor":48,"turns":9},{"damage":43,"enemies":"Donu and Deca","floor":50,"turns":14}],"seed_played":"2532596453827309659","potions_obtained":[{"floor":1,"key":"ColorlessPotion"},{"floor":10,"key":"Weak Potion"},{"floor":11,"key":"Adrenaline Potion"},{"floor":16,"key":"SkillPotion"},{"floor":30,"key":"Explosive Potion"},{"floor":31,"key":"Energy Potion"},{"floor":33,"key":"GamblersBrew"},{"floor":35,"key":"WardPotion"},{"floor":41,"key":"Adrenaline Potion"}],"is_trial":false,"path_per_floor":["M","?","?","$","M","R","M","R","T","M","M","E","$","M","R","B",null,"M","?","M","?","M","R","T","?","T","$","R","M","E","M","R","B",null,"M","$","?","M","M","R","M","$","T","R","M","R","?","M","R","B",null],"character_chosen":"CHRONO_CLASS","items_purchased":["Flay+1","Simple Rune","Anchor","Membership Card","Juzu Bracelet","Parity+1"],"campfire_rested":3,"item_purchase_floors":[4,13,13,27,36,36],"current_hp_per_floor":[63,63,63,63,62,62,62,62,62,59,59,44,44,44,53,53,65,65,65,65,65,63,65,65,65,65,65,65,61,64,61,65,30,65,65,65,65,64,32,65,54,54,54,65,61,65,65,65,65,28],"gold":15,"neow_bonus":"TWO_FIFTY_GOLD","is_daily":false,"chose_seed":false,"campfire_upgraded":6,"win_rate":0.0,"timestamp":1609640152,"path_taken":["M","?","?","$","M","R","M","R","T","M","?","E","?","M","R","BOSS","M","?","M","?","M","R","?","?","T","$","R","M","E","M","R","BOSS","M","?","?","M","M","R","M","$","T","R","M","R","?","M","R","BOSS"],"items_purchased_type":["Card","Relic","Relic","Relic","Relic","Card"],"build_version":"2020-12-22","purchased_purges":4,"victory":true,"max_hp_per_floor":[65,65,65,65,65,65,65,65,65,65,65,65,65,65,65,65,65,65,65,65,65,65,65,65,65,65,65,65,65,65,65,65,65,65,65,65,65,65,65,65,65,65,65,65,65,65,65,65,65,65],"relic_stats":{"counters":[22,141],"Sundial":[12],"Eternal Feather":48,"StoneCalendar":[304],"Juzu Bracelet":0,"Orichalcum":[180],"Question Card":18,"obtain_stats":[{"Orichalcum?":2,"Oddly Smooth Stone":37,"Eternal Feather":9,"StoneCalendar":17,"Replay:WaspNest":37,"Replay:Ancient Bell":17,"Juzu Bracelet":36,"SpringShield":43,"Orichalcum":17,"Question Card":17,"Calling Bell":37,"Du-Vu Doll":37,"Anchor":13,"WaitingRoom":49,"Chronometer":0,"Sundial":3,"Simple Rune":13,"Iron Hammer":12,"Fusion Hammer":34,"Bag of Marbles":30,"Red Mask":47,"Bottled Lightning":26,"Membership Card":27,"Toxic Egg 2":24},{"Orichalcum?":1,"Oddly Smooth Stone":16,"Eternal Feather":3,"StoneCalendar":8,"Replay:WaspNest":16,"Replay:Ancient Bell":8,"Juzu Bracelet":16,"SpringShield":19,"Orichalcum":8,"Question Card":8,"Calling Bell":16,"Du-Vu Doll":16,"Anchor":6,"WaitingRoom":21,"Chronometer":0,"Sundial":1,"Simple Rune":6,"Iron Hammer":6,"Fusion Hammer":15,"Bag of Marbles":13,"Red Mask":20,"Bottled Lightning":11,"Membership Card":11,"Toxic Egg 2":11},{"Orichalcum?":5,"Oddly Smooth Stone":93,"Eternal Feather":12,"StoneCalendar":39,"Replay:WaspNest":93,"Replay:Ancient Bell":39,"Juzu Bracelet":93,"SpringShield":111,"Orichalcum":39,"Question Card":39,"Calling Bell":93,"Du-Vu Doll":93,"Anchor":26,"WaitingRoom":127,"Chronometer":0,"Sundial":5,"Simple Rune":26,"Iron Hammer":26,"Fusion Hammer":89,"Bag of Marbles":71,"Red Mask":118,"Bottled Lightning":57,"Membership Card":57,"Toxic Egg 2":57}]},"card_choices":[{"not_picked":["Stagnate","TiringSlam"],"picked":"ResonantCall","floor":1},{"not_picked":["LockedMedicine","Echoward"],"picked":"BiteCommand","floor":5},{"not_picked":["Echoward","PrimeTime"],"picked":"Goo","floor":7},{"not_picked":["LockedMercury","EscortCommand"],"picked":"ResonantCall","floor":10},{"not_picked":["LockedTurtyl","WatchCommand"],"picked":"Recurrance","floor":11},{"not_picked":["WatchCommand","CrunchTime"],"picked":"Recurrance","floor":12},{"not_picked":["ShortSighted","LockedBlood"],"picked":"EscortCommand","floor":14},{"not_picked":["LockedBell","OracleForm"],"picked":"Pendulum","floor":16},{"not_picked":["Normality","ReplayTheSpireMod:Restless Dread","Hallucinations"],"picked":"ReplayTheSpireMod:Splinters","floor":17},{"not_picked":["ReplayTheSpireMod:Faulty Equipment","Regret","ReplayTheSpireMod:Doomed"],"picked":"SwitchThreat","floor":17},{"not_picked":["Normality","ReplayTheSpireMod:Doomed","Hallucinations"],"picked":"Amnesia","floor":17},{"not_picked":["ExoVibe","HandsUpB","WindUp"],"picked":"Facsimile","floor":18},{"not_picked":["LockedScales","Cuckoo","BiteCommand"],"picked":"Recurrance","floor":20},{"not_picked":["LockedUrn","AlternateTimeline","CrunchTime","PrimeTime"],"picked":"SKIP","floor":22},{"not_picked":["BlueShift+1","Cuckoo+1","LockedBlood"],"picked":"Parity+1","floor":29},{"not_picked":["LockedLightning","ShortSighted+1","LockedScales"],"picked":"TickedOff+1","floor":30},{"not_picked":["CrunchTime","PrimeTime","BeatsPerMinute"],"picked":"Tempo+1","floor":31},{"not_picked":["Pendulum+1","OracleForm","BackFourSeconds+1"],"picked":"LockedBell","floor":33},{"not_picked":["Keepsakes","LockedMedicine","ReapSow+1"],"picked":"Facsimile+1","floor":35},{"not_picked":["WatchCommand+1","LockedMedicine","LockedAnchor"],"picked":"VestedLegacy+1","floor":38},{"not_picked":["ExoVibe+1","LockedBlood+1","Parity+1"],"picked":"DaylightSavings+1","floor":39},{"not_picked":["Accruing","LockedWhetstone","Cuckoo+1"],"picked":"SlimeSpray+1","floor":41},{"not_picked":["ShortSighted+1","CrunchTime+1","OracleForm","LockedUrn+1"],"picked":"SKIP","floor":45},{"not_picked":["SlimeSpray+1","Engulf+1","LockedBlood"],"picked":"HandsUpB+1","floor":48}],"player_experience":513558,"relics_obtained":[{"floor":9,"key":"Eternal Feather"},{"floor":12,"key":"Iron Hammer"},{"floor":24,"key":"Toxic Egg 2"},{"floor":26,"key":"Bottled Lightning"},{"floor":30,"key":"Bag of Marbles"},{"floor":37,"key":"Oddly Smooth Stone"},{"floor":37,"key":"Replay:WaspNest"},{"floor":37,"key":"Du-Vu Doll"},{"floor":43,"key":"SpringShield"},{"floor":49,"key":"WaitingRoom"}],"event_choices":[{"damage_healed":0,"gold_gain":0,"player_choice":"Gave Potion","damage_taken":0,"relics_obtained":["Sundial"],"max_hp_gain":0,"max_hp_loss":0,"event_name":"WeMeetAgain","floor":3,"gold_loss":0},{"damage_healed":0,"gold_gain":0,"player_choice":"Read","damage_taken":0,"max_hp_gain":0,"max_hp_loss":0,"event_name":"The Library","floor":19,"gold_loss":0,"cards_obtained":["ResonantCall"]},{"cards_removed":["SwitchThreat"],"damage_healed":0,"gold_gain":0,"player_choice":"Purged","damage_taken":0,"max_hp_gain":0,"max_hp_loss":0,"event_name":"Purifier","floor":25,"gold_loss":0},{"damage_healed":0,"gold_gain":0,"player_choice":"Paid","damage_taken":0,"relics_obtained":["Red Mask"],"max_hp_gain":0,"max_hp_loss":0,"event_name":"Tomb of Lord Red Mask","floor":47,"gold_loss":108}],"is_beta":false,"boss_relics":[{"not_picked":["SlaversCollar","HangingClock"],"picked":"Replay:Ancient Bell"},{"not_picked":["ReplayFunnel","Blue Doll"],"picked":"Orichalcum"},{"not_picked":["StrikeDummy","Garlic"],"picked":"Question Card"},{"not_picked":["Replay:Towering Pillar of Hats","Gambling Chip"],"picked":"StoneCalendar"},{"not_picked":["Runic Pyramid","Pandora\u0027s Box"],"picked":"Fusion Hammer"}],"items_purged_floors":[4,27,36,42],"is_endless":false,"potions_floor_spawned":[1,10,11,16,30,31,33,35,41,45],"ascension_level":0}}