{"host":"waq1ashgqt0tulkv","time":1609663988,"event":{"mods":["BaseMod","Downfall","Duelist Mod","Hermit","Infinite Spire","Minty Spire (QoL Compilation)","Replay The Spire","StSLib","SuperFastMode","The Animator","The Bug Knight","The Hierophant","The Servant 0.9.4"],"gold_per_floor":[113,113,127,52,70,70,70,70,102,119,143,158,189,189,37,51,51,156,156,176,176,176,189,189,189,189,207,207,227,227,242,272,288,288,299,299,404,404,417,417,432,451,551,551,568,668,694,710,710,710],"floor_reached":49,"playtime":2694,"items_purged":["Defend_G","Strike_G"],"score":471,"play_id":"224d37bd-a318-4de5-a5a3-87da0792e638","local_time":"20210103015308","is_ascension_mode":false,"campfire_choices":[{"data":"Neutralize","floor":8.0,"key":"SMITH"},{"data":"Flechettes","floor":36.0,"key":"SMITH"},{"floor":44,"key":"REST"}],"circlet_count":0,"master_deck":["Strike_G+1","Strike_G+1","Strike_G+1","Strike_G+1","Defend_G+1","Defend_G+1","Defend_G+1","Defend_G+1","Survivor","Neutralize+1","Blade Dance","Sucker Punch+1","Dodge and Roll","Flying Knee+1","PiercingWail","Toxin Wave","Quick Slash","Deflect","ReplayTheSpireMod:From All Sides","CurseOfTheBell","ReplayTheSpireMod:Exploit Weakness","infinitespire:Starlight","Backflip","Crippling Poison","Flechettes+1","Infinite Blades+1","Finisher+1","After Image","Outmaneuver+1","Leg Sweep+1","infinitespire:TheBestDefense","Choke","Heel Hook+1"],"relics":["NeowsBlessing","Whetstone","Potion Belt","Lantern","Sizzling Blood","Calling Bell","Centennial Puzzle","infinitespire:BottledMercury","FossilizedHelix","infinitespire:Satchel","Sundial","Orichalcum","Replay:Bottled Steam","SacredBark","Bottled Tornado","Lizard Tail","Replay:Wax Seal"],"acts_visited":["Exordium","TheCity","TheBeyond"],"potions_floor_usage":[39,42,43,43,43],"damage_taken":[{"damage":0.0,"enemies":"Jaw Worm","floor":1.0,"turns":1.0},{"damage":0.0,"enemies":"Cultist","floor":3.0,"turns":1.0},{"damage":0.0,"enemies":"Small Slimes","floor":5.0,"turns":1.0},{"damage":8.0,"enemies":"Lagavulin","floor":9.0,"turns":8.0},{"damage":9.0,"enemies":"2 Fungi Beasts","floor":10.0,"turns":2.0},{"damage":4.0,"enemies":"Blue Slaver","floor":12.0,"turns":4.0},{"damage":28.0,"enemies":"Gremlin Nob","floor":13.0,"turns":5.0},{"damage":5.0,"enemies":"Looter","floor":16.0,"turns":3.0},{"damage":52.0,"enemies":"The Guardian","floor":18.0,"turns":18.0},{"damage":9.0,"enemies":"Shell Parasite","floor":20.0,"turns":6.0},{"damage":2.0,"enemies":"Chosen","floor":23.0,"turns":5.0},{"damage":10.0,"enemies":"Snake Plant","floor":27.0,"turns":6.0},{"damage":16.0,"enemies":"Chosen and Byrds","floor":29.0,"turns":9.0},{"damage":21.0,"enemies":"3 Cultists","floor":31.0,"turns":6.0},{"damage":12.0,"enemies":"theDuelist:KaibaA2","floor":32.0,"turns":7.0},{"damage":14.0,"enemies":"Sentry and Sphere","floor":33.0,"turns":6.0},{"damage":5.0,"enemies":"Snake Plant","floor":35.0,"turns":5.0},{"damage":16.0,"enemies":"Collector","floor":37.0,"turns":10.0},{"damage":17,"enemies":"3 Darklings","floor":39,"turns":6},{"damage":8,"enemies":"Orb Walker","floor":41,"turns":4},{"damage":15,"enemies":"Transient","floor":42,"turns":5},{"damage":45,"enemies":"infinitespire:Three Voidlings","floor":43,"turns":6},{"damage":43,"enemies":"Nightmare_Alpha","floor":43,"turns":18},{"damage":74,"enemies":"Sphere and 2 Shapes","floor":45,"turns":8},{"damage":10,"enemies":"Maw","floor":48,"turns":11},{"damage":31,"enemies":"4 Shapes","floor":49,"turns":3}],"seed_played":"-8417637202156653956","potions_obtained":[{"floor":1.0,"key":"PowerPotion"},{"floor":2.0,"key":"SpeedPotion"},{"floor":2.0,"key":"Doom Potion"},{"floor":2.0,"key":"SkillPotion"},{"floor":12.0,"key":"Regen Potion"},{"floor":18.0,"key":"Flashbang"},{"floor":20.0,"key":"Reflective Coating"},{"floor":31.0,"key":"EntropicBrew"},{"floor":33.0,"key":"DistilledChaos"},{"floor":37.0,"key":"BlessingOfTheForge"},{"floor":41,"key":"Cursed Concoction"},{"floor":42,"key":"EssenceOfSteel"}],"is_trial":false,"path_per_floor":["M","?","M","$","M","PTL","PTL","R","E","M","T","M","E","?","$","M","R","B",null,"M","AVR","?","M","PTL","PTL","?","M","?","M","T","M","E","M","T","M","R","B",null,"M","AVR","M","M","?","R","M","?","T","M","M"],"character_chosen":"THE_SILENT","items_purchased":["Quick Slash"],"campfire_rested":1,"item_purchase_floors":[15],"current_hp_per_floor":[70,70,70,70,70,70,70,70,62,53,53,49,35,39,39,38,60,12,74,69,69,69,71,71,71,71,74,74,72,72,65,66,66,66,74,74,62,74,61,61,67,56,15,37,16,16,16,20,0,0],"gold":710,"neow_bonus":"THREE_ENEMY_KILL","is_daily":false,"chose_seed":false,"campfire_upgraded":2,"win_rate":0.0,"timestamp":1609663988,"path_taken":["M","?","M","?","M","PTL","PTL","R","E","M","T","M","E","?","$","M","R","BOSS","M","AVR","?","M","PTL","PTL","?","M","?","M","T","?","E","M","?","M","R","BOSS","M","AVR","M","M","?","R","M","?","T","M","M"],"items_purchased_type":["Card"],"build_version":"2020-12-13","purchased_purges":2,"victory":false,"max_hp_per_floor":[70,70,70,70,70,70,70,70,70,70,70,70,70,74,74,74,74,74,74,74,74,74,74,74,74,74,74,74,74,74,74,74,74,74,74,74,74,74,74,74,74,74,74,74,74,74,74,74,74,74],"card_choices":[{"not_picked":["Caltrops","Prepared"],"picked":"Blade Dance","floor":1.0},{"not_picked":["Deflect","Acrobatics"],"picked":"Sucker Punch","floor":3.0},{"not_picked":["Prepared","Glass Knife"],"picked":"Dodge and Roll","floor":5.0},{"not_picked":["PiercingWail","Blade Dance"],"picked":"Flying Knee","floor":9.0},{"not_picked":["Flying Knee","Bouncing Flask"],"picked":"PiercingWail","floor":10.0},{"not_picked":["Dodge and Roll","Sneak Up","Flying Knee"],"picked":"SKIP","floor":12.0},{"not_picked":["Hidden Blade","Dagger Spray"],"picked":"Toxin Wave","floor":13.0},{"not_picked":["Dodge and Roll","Tactician"],"picked":"Deflect","floor":16.0},{"not_picked":["Burst","Bullet Time"],"picked":"ReplayTheSpireMod:From All Sides","floor":18.0},{"not_picked":["Dagger Spray+1","Sucker Punch+1"],"picked":"ReplayTheSpireMod:Exploit Weakness","floor":20.0},{"not_picked":["Acrobatics+1","Quick Slash"],"picked":"Backflip","floor":23.0},{"not_picked":["PiercingWail","Deflect","Expertise"],"picked":"SKIP","floor":27.0},{"not_picked":["Deflect","Poison Darts"],"picked":"Crippling Poison","floor":29.0},{"not_picked":["Deadly Poison","Riddle With Holes"],"picked":"Flechettes","floor":31.0},{"not_picked":["Slice","PiercingWail+1"],"picked":"Infinite Blades+1","floor":32.0},{"not_picked":["Sucker Punch","Slice+1"],"picked":"Finisher+1","floor":33.0},{"not_picked":["Quick Slash","Prepared","ReplayTheSpireMod:Tripwire+1"],"picked":"SKIP","floor":35.0},{"not_picked":["ReplayTheSpireMod:Necrosis","Atom Bomb"],"picked":"After Image","floor":37.0},{"not_picked":["Calculated Gamble+1","Underhanded Strike"],"picked":"Outmaneuver+1","floor":39},{"not_picked":["Sucker Punch+1","Eviscerate+1","Backflip"],"picked":"SKIP","floor":41},{"not_picked":["PiercingWail","Poisoned Stab"],"picked":"Leg Sweep+1","floor":42},{"not_picked":["ReplayTheSpireMod:Chaos Vortex","infinitespire:Collect"],"picked":"infinitespire:TheBestDefense","floor":43},{"not_picked":["Toxin Wave+1","Dodge and Roll"],"picked":"Choke","floor":43},{"not_picked":["Quick Slash+1","Sucker Punch"],"picked":"Heel Hook+1","floor":45},{"not_picked":["Caltrops","All Out Attack+1","Flying Knee"],"picked":"SKIP","floor":48}],"player_experience":21838,"relics_obtained":[{"floor":9.0,"key":"Whetstone"},{"floor":11.0,"key":"Potion Belt"},{"floor":13.0,"key":"Lantern"},{"floor":19.0,"key":"Centennial Puzzle"},{"floor":19.0,"key":"infinitespire:BottledMercury"},{"floor":19.0,"key":"FossilizedHelix"},{"floor":30.0,"key":"Sundial"},{"floor":32.0,"key":"Orichalcum"},{"floor":34.0,"key":"Replay:Bottled Steam"},{"floor":43,"key":"Lizard Tail"},{"floor":47,"key":"Replay:Wax Seal"}],"event_choices":[{"damage_healed":0.0,"max_hp_gain":0.0,"max_hp_loss":0.0,"gold_gain":0.0,"event_name":"Lab","player_choice":"Got Potions","floor":2.0,"gold_loss":0.0,"damage_taken":0.0},{"damage_healed":0.0,"max_hp_gain":0.0,"max_hp_loss":0.0,"gold_gain":0.0,"event_name":"Back to Basics","player_choice":"Simplicity","floor":26.0,"gold_loss":0.0,"damage_taken":0.0,"cards_upgraded":["Strike_G","Strike_G","Strike_G","Defend_G","Defend_G","Defend_G","Defend_G"]},{"damage_healed":0,"gold_gain":100,"player_choice":"Pray","damage_taken":0,"max_hp_gain":0,"max_hp_loss":0,"event_name":"Golden Shrine","floor":46,"gold_loss":0}],"is_beta":false,"boss_relics":[{"not_picked":["Black Star","ReplayTheSpireMod:DimensionalGlitch"],"picked":"Calling Bell"},{"not_picked":["HoveringKite","Snecko Scales"],"picked":"SacredBark"}],"items_purged_floors":[4,15],"is_endless":true,"potions_floor_spawned":[1,3,12,18,20,31,33,37,41,42,43],"killed_by":"4 Shapes","ascension_level":0}}