{"host":"zr590xw2unlz0wv7","time":1609694144,"event":{"mods":["BaseMod","Minty Spire (QoL Compilation)","READ ME - Guardian Mod","StSLib"],"gold_per_floor":[111,186,2,2,12,37,37,37,64,96,142,169,181,204,216,228,228],"floor_reached":16,"playtime":364,"items_purged":[],"score":169,"play_id":"5808f764-21b4-459a-8cec-639e8925dc01","local_time":"20210104011544","is_ascension_mode":true,"campfire_choices":[{"data":"Zap","floor":7,"key":"SMITH"},{"floor":15,"key":"REST"}],"circlet_count":0,"master_deck":["Strike_B","Strike_B","Strike_B","Defend_B","Defend_B","Defend_B","Defend_B","Zap+1","Dualcast+1","Conserve Battery","Capacitor","Capacitor","Consume","Barrage","Buffer","Parasite"],"relics":["Cracked Core","NeowsBlessing","DollysMirror","Dead Branch","MawBank","MealTicket"],"acts_visited":["Exordium"],"potions_floor_usage":[11,11,16,16],"damage_taken":[{"damage":0,"enemies":"Small Slimes","floor":1,"turns":1},{"damage":0,"enemies":"Cultist","floor":5,"turns":1},{"damage":0,"enemies":"Lagavulin","floor":6,"turns":1},{"damage":0,"enemies":"2 Louse","floor":10,"turns":1},{"damage":29,"enemies":"Gremlin Nob","floor":11,"turns":4},{"damage":15,"enemies":"2 Fungi Beasts","floor":12,"turns":3},{"damage":11,"enemies":"3 Louse","floor":14,"turns":4},{"damage":29,"enemies":"Hexaghost","floor":16,"turns":9}],"seed_played":"-8239661919245642273","potions_obtained":[{"floor":5,"key":"AttackPotion"},{"floor":6,"key":"AttackPotion"},{"floor":12,"key":"FocusPotion"},{"floor":14,"key":"DistilledChaos"}],"is_trial":false,"path_per_floor":["M","?","$","?","M","E","R","?","T","M","E","M","?","M","R","B"],"character_chosen":"DEFECT","items_purchased":["Capacitor","DollysMirror"],"campfire_rested":1,"item_purchase_floors":[3,3],"current_hp_per_floor":[75,64,64,57,57,57,57,57,57,57,28,13,31,20,42,13,13],"gold":228,"neow_bonus":"THREE_ENEMY_KILL","is_daily":false,"chose_seed":false,"campfire_upgraded":1,"win_rate":0.0,"timestamp":1609694144,"path_taken":["M","?","$","?","M","E","R","?","T","M","E","?","?","M","R","BOSS"],"items_purchased_type":["Card","Relic"],"build_version":"2020-12-22","purchased_purges":0,"victory":false,"max_hp_per_floor":[75,75,75,75,75,75,75,75,75,75,75,75,75,75,75,75,75],"card_choices":[{"not_picked":["Steam","Reprogram"],"picked":"Conserve Battery","floor":1},{"not_picked":["Undo","Reinforced Body","Rebound"],"picked":"SKIP","floor":5},{"not_picked":["Rebound","Steam","Aggregate"],"picked":"SKIP","floor":6},{"not_picked":["Turbo","Rebound"],"picked":"Consume","floor":10},{"not_picked":["Undo","Compile Driver"],"picked":"Barrage","floor":11},{"not_picked":["Coolheaded","Sweeping Beam"],"picked":"Buffer","floor":12},{"not_picked":["Compile Driver","Auto Shields","Barrage"],"picked":"SKIP","floor":14}],"player_experience":534332,"relics_obtained":[{"floor":6,"key":"Dead Branch"},{"floor":9,"key":"MawBank"},{"floor":11,"key":"MealTicket"}],"event_choices":[{"damage_healed":0,"gold_gain":75,"player_choice":"Gather Gold","damage_taken":11,"max_hp_gain":0,"max_hp_loss":0,"event_name":"World of Goop","floor":2,"gold_loss":0},{"cards_removed":["Strike_B"],"damage_healed":0,"gold_gain":0,"player_choice":"Card Removal","damage_taken":7,"max_hp_gain":0,"max_hp_loss":0,"event_name":"Golden Wing","floor":4,"gold_loss":0},{"damage_healed":0,"gold_gain":0,"player_choice":"Forge","damage_taken":0,"max_hp_gain":0,"max_hp_loss":0,"event_name":"Accursed Blacksmith","floor":8,"gold_loss":0,"cards_upgraded":["Dualcast"]},{"damage_healed":18,"gold_gain":0,"player_choice":"Healed and dodged fight","damage_taken":0,"max_hp_gain":0,"max_hp_loss":0,"event_name":"Mushrooms","floor":13,"gold_loss":0,"cards_obtained":["Parasite"]}],"is_beta":false,"boss_relics":[],"items_purged_floors":[],"is_endless":false,"potions_floor_spawned":[5,6,12,14],"killed_by":"Hexaghost","ascension_level":5}}