{"host":"f7rb14kzcw8hx1r1","time":1609698304,"event":{"mods":["BaseMod","Better Note","Better Third Choice","Colored Map","Highlight Path","Hubris","Minty Spire (QoL Compilation)","Replay The Spire","StSLib","The Forsaken"],"gold_per_floor":[362,48,48,61,78,108,108,142,142,142,153,165,177,177,177,280,280,292,308,27,27,44,78,78,88,88,88,102,102,102,117,117,219,219,237,251,265,332,41,41,75,95,120,150,6,26,41,41,41,41],"floor_reached":51,"playtime":2023,"items_purged":["Strike_R","Strike_R","Clash","Defend_R"],"score":791,"play_id":"a995ce78-0634-4a22-99d3-c18d4614542f","local_time":"20210103192504","is_ascension_mode":false,"campfire_choices":[{"data":"Bash","floor":7,"key":"SMITH"},{"data":"Iron Wave","floor":10,"key":"SMITH"},{"data":"Whirlwind","floor":15,"key":"SMITH"},{"data":"Juggernaut","floor":24,"key":"SMITH"},{"data":"Disarm","floor":27,"key":"SMITH"},{"data":"Pommel Strike","floor":29,"key":"SMITH"},{"data":"Body Slam","floor":32,"key":"SMITH"},{"data":"Berserk","floor":40,"key":"SMITH"},{"floor":49,"key":"REST"}],"circlet_count":0,"master_deck":["Defend_R","Defend_R","Defend_R","Bash+1","Iron Wave+1","Run Through","Pommel Strike+1","Shrug It Off","Whirlwind+1","Apotheosis+1","Juggernaut+1","Disarm+1","Iron Wave","Survivor+1","Sword Boomerang+1","Spot Weakness","Body Slam+1","Inflame+1","Offering","Disarm","hubris:StunningStrike","Berserk+1","Sword Boomerang+1","Demon Form","Demon Form","True Grit+1"],"relics":["Burning Blood","Membership Card","Iron Hammer","Regal Pillow","BranchBurnRelic","Empty Cage","Incense Burner","Centennial Puzzle","CaptainsWheel","Orichalcum","Black Star","Anchor","Lantern","Replay:Rubber Ducky","Thread and Needle","Vajra","Ice Cream","hubris:Spice","hubris:Towel"],"acts_visited":["Exordium","TheCity","TheBeyond"],"potions_floor_usage":[6,16,25,33,42,46,50,50],"damage_taken":[{"damage":1,"enemies":"Cultist","floor":1,"turns":3},{"damage":0,"enemies":"2 Louse","floor":4,"turns":3},{"damage":0,"enemies":"Jaw Worm","floor":5,"turns":4},{"damage":9,"enemies":"3 Sentries","floor":6,"turns":10},{"damage":11,"enemies":"Replay:BlueRogue","floor":8,"turns":6},{"damage":9,"enemies":"Exordium Thugs","floor":11,"turns":5},{"damage":0,"enemies":"Large Slime","floor":12,"turns":5},{"damage":0,"enemies":"2 Fungi Beasts","floor":13,"turns":3},{"damage":54,"enemies":"Hexaghost","floor":16,"turns":10},{"damage":10,"enemies":"Chosen","floor":18,"turns":6},{"damage":1,"enemies":"3 Byrds","floor":19,"turns":5},{"damage":11,"enemies":"Shelled Parasite and Fungi","floor":22,"turns":8},{"damage":6,"enemies":"Replay:Snechameleon","floor":23,"turns":11},{"damage":10,"enemies":"Snake Plant","floor":25,"turns":7},{"damage":7,"enemies":"Snecko","floor":28,"turns":4},{"damage":1,"enemies":"Centurion and Healer","floor":31,"turns":7},{"damage":62,"enemies":"Automaton","floor":33,"turns":10},{"damage":6,"enemies":"Orb Walker","floor":35,"turns":3},{"damage":24,"enemies":"3 Darklings","floor":36,"turns":5},{"damage":5,"enemies":"Sphere and 2 Shapes","floor":37,"turns":4},{"damage":8,"enemies":"Giant Head","floor":41,"turns":8},{"damage":0,"enemies":"Jaw Worm Horde","floor":42,"turns":1},{"damage":6,"enemies":"Nemesis","floor":44,"turns":6},{"damage":18,"enemies":"Writhing Mass","floor":46,"turns":5},{"damage":0,"enemies":"Transient","floor":47,"turns":5},{"damage":34,"enemies":"Donu and Deca","floor":50,"turns":9}],"seed_played":"-6452000704395682444","potions_obtained":[{"floor":5,"key":"AttackPotion"},{"floor":8,"key":"Cursed Concoction"},{"floor":11,"key":"BlessingOfTheForge"},{"floor":12,"key":"PowerPotion"},{"floor":19,"key":"Weak Potion"},{"floor":22,"key":"SteroidPotion"},{"floor":31,"key":"Toxic Potion"},{"floor":33,"key":"Dexterity Potion"},{"floor":36,"key":"DistilledChaos"},{"floor":44,"key":"Death Potion"},{"floor":46,"key":"Elixir"}],"is_trial":false,"path_per_floor":["M","$","?","M","M","E","R","E","T","R","M","M","M","?","R","B",null,"M","M","$","?","M","E","R","M","T","R","M","R","?","M","R","B",null,"M","M","M","?","$","R","E","M","T","E","$","M","M","?","R","B",null],"character_chosen":"IRONCLAD","items_purchased":["Membership Card","Iron Hammer","Incense Burner","Centennial Puzzle","hubris:StunningStrike","Lantern","Berserk","Demon Form"],"campfire_rested":1,"item_purchase_floors":[2,2,20,20,39,39,39,45],"current_hp_per_floor":[72,72,65,71,72,69,69,64,64,64,72,72,72,72,72,30,72,68,72,72,72,67,67,67,72,72,72,72,72,72,72,72,22,72,72,54,55,37,37,37,50,56,56,64,64,52,58,58,80,62],"gold":41,"neow_bonus":"TWO_FIFTY_GOLD","is_daily":false,"chose_seed":false,"campfire_upgraded":8,"win_rate":0.0,"timestamp":1609698304,"path_taken":["M","?","?","M","M","E","R","E","T","R","M","M","M","?","R","BOSS","M","M","$","?","M","E","R","M","T","R","M","R","?","M","R","BOSS","M","M","M","?","$","R","E","M","T","E","$","M","M","?","R","BOSS"],"items_purchased_type":["Relic","Relic","Relic","Relic","Card","Relic","Card","Card"],"build_version":"2020-12-22","purchased_purges":4,"victory":true,"max_hp_per_floor":[72,72,72,72,72,72,72,72,72,72,72,72,72,72,72,72,72,72,72,72,72,72,72,72,72,72,72,72,72,72,72,72,72,72,72,72,72,72,72,72,72,72,72,80,80,80,80,80,80,80],"card_choices":[{"not_picked":["Heavy Blade","ReplayTheSpireMod:Limb From Limb"],"picked":"Iron Wave","floor":1},{"not_picked":["Fire Breathing","Wild Strike","hubris:CleavingFinish"],"picked":"SKIP","floor":4},{"not_picked":["Intimidate","Warcry","ReplayReversal"],"picked":"SKIP","floor":5},{"not_picked":["hubris:SharpeningStone","Carnage"],"picked":"Run Through","floor":6},{"not_picked":["Defy Death","Havoc"],"picked":"Pommel Strike","floor":8},{"not_picked":["Dark Embrace","Sword Boomerang"],"picked":"Shrug It Off","floor":11},{"not_picked":["Whirlwind","Uppercut","Wild Strike"],"picked":"SKIP","floor":12},{"not_picked":["Uppercut","Wild Strike"],"picked":"Whirlwind","floor":12},{"not_picked":["Armaments","Power Through","Havoc"],"picked":"SKIP","floor":13},{"not_picked":["Barricade","Bludgeon"],"picked":"Juggernaut","floor":16},{"not_picked":["Cleave","Body Slam+1"],"picked":"Disarm","floor":18},{"not_picked":["ReplayTheSpireMod:Limb From Limb","Run Through"],"picked":"Iron Wave","floor":19},{"not_picked":["Run Through","Flex+1"],"picked":"Sword Boomerang+1","floor":22},{"not_picked":["Power Through","Fiend Fire","Eclipse"],"picked":"SKIP","floor":23},{"not_picked":["ReplayTheSpireMod:Strike From Hell+1","ReplayReversal"],"picked":"Spot Weakness","floor":25},{"not_picked":["Feel No Pain","Dual Wield+1"],"picked":"Clash","floor":28},{"not_picked":["Evolve","Anger"],"picked":"Inflame+1","floor":31},{"not_picked":["Corruption","Feed"],"picked":"Offering","floor":33},{"not_picked":["hubris:SharpeningStone","Combust+1","ReplayTheSpireMod:Strike From Hell"],"picked":"SKIP","floor":35},{"not_picked":["Anger+1","ReplayTheSpireMod:LeadingStrike","hubris:ReadiedAction+1"],"picked":"SKIP","floor":36},{"not_picked":["Twin Strike","Flex+1","Replay:Undeath\u0027s Touch+1"],"picked":"SKIP","floor":37},{"not_picked":["Clash+1","Second Wind+1"],"picked":"Disarm","floor":38},{"not_picked":["Rampage+1","hubris:CleavingFinish+1"],"picked":"Sword Boomerang+1","floor":41},{"not_picked":["Entrench+1","Seeing Red+1","Bludgeon"],"picked":"SKIP","floor":42},{"not_picked":["Feel No Pain","hubris:ReadiedAction+1"],"picked":"Demon Form","floor":44},{"not_picked":["ReplayReversal+1","Pommel Strike+1"],"picked":"True Grit+1","floor":46},{"not_picked":["Anger","Sword Boomerang+1","Burning Pact"],"picked":"SKIP","floor":47}],"player_experience":898229,"relics_obtained":[{"floor":6,"key":"Dream Catcher"},{"floor":8,"key":"Regal Pillow"},{"floor":9,"key":"Dead Branch"},{"floor":23,"key":"CaptainsWheel"},{"floor":26,"key":"Orichalcum"},{"floor":38,"key":"Anchor"},{"floor":41,"key":"Replay:Rubber Ducky"},{"floor":41,"key":"Thread and Needle"},{"floor":43,"key":"Vajra"},{"floor":44,"key":"Ice Cream"},{"floor":44,"key":"hubris:Spice"}],"event_choices":[{"cards_removed":["Strike_R"],"damage_healed":0,"gold_gain":0,"player_choice":"Card Removal","damage_taken":7,"max_hp_gain":0,"max_hp_loss":0,"event_name":"Golden Wing","floor":3,"gold_loss":0},{"damage_healed":72,"gold_gain":0,"player_choice":"Protect","damage_taken":0,"max_hp_gain":0,"max_hp_loss":72,"event_name":"betterThird:BetterShining","floor":14,"gold_loss":1},{"cards_removed":["Apotheosis"],"damage_healed":0,"gold_gain":0,"player_choice":"Take \u0026 Give","damage_taken":0,"max_hp_gain":0,"max_hp_loss":0,"event_name":"betterNote:BetterNote","floor":21,"gold_loss":0,"cards_obtained":["Survivor"]},{"damage_healed":0,"gold_gain":0,"player_choice":"Read","damage_taken":0,"max_hp_gain":0,"max_hp_loss":0,"event_name":"The Library","floor":30,"gold_loss":0,"cards_obtained":["Body Slam"]}],"is_beta":false,"boss_relics":[{"not_picked":["Tiny House","Replay:Drink Me"],"picked":"Empty Cage"},{"not_picked":["hubris:BlackHole","Electric Blood"],"picked":"Black Star"}],"items_purged_floors":[2,20,39,45],"is_endless":false,"potions_floor_spawned":[5,8,11,12,19,22,31,33,36,44,46],"ascension_level":0}}