{"host":"l2dnabsh5e0fsksb","time":1609673941,"event":{"mods":["2.2 Compatiblity","BaseMod","Downfall","Minty Spire (QoL Compilation)","Quick Restart","StSLib"],"gold_per_floor":[99,114,134,154,49,49,98,98,123,139,149,249,314,329,344,344,344,344],"floor_reached":16,"playtime":1000,"items_purged":[],"score":114,"play_id":"6a0cd316-07ee-4b68-8a47-2b19806ccea7","local_time":"20210103220901","is_ascension_mode":true,"campfire_choices":[{"floor":1,"key":"RECALL"},{"data":"hexamod:RainOfEmbers","floor":6,"key":"SMITH"}],"circlet_count":0,"master_deck":["hexamod:Strike","hexamod:Strike","hexamod:Strike","hexamod:Strike","hexamod:Defend","hexamod:Defend","hexamod:Defend","hexamod:Defend","hexamod:Sear","hexamod:Float","hexamod:ThermalTransfer","hexamod:AdvancingGuard","hexamod:ThermalTransfer","hexamod:FastForward+1","hexamod:RadiantFlame","hexamod:RainOfEmbers+1","hexamod:SwordOfDarkness","hexamod:ShieldOfDarkness","hexamod:GhostflameInferno","hexamod:ThermalTransfer","hexamod:HauntingEcho","hexamod:SwordOfDarkness"],"relics":["hexamod:SpiritBrand","Omamori","PreservedInsect","Kunai","HornCleat"],"acts_visited":["Exordium"],"potions_floor_usage":[13,15,16],"damage_taken":[{"damage":1,"enemies":"Small Slimes","floor":2,"turns":3},{"damage":0,"enemies":"2 Louse","floor":3,"turns":2},{"damage":0,"enemies":"Cultist","floor":4,"turns":3},{"damage":4,"enemies":"downfall:FleeingMerchant","floor":5,"turns":4},{"damage":7,"enemies":"3 Sentries","floor":9,"turns":7},{"damage":7,"enemies":"Blue Slaver","floor":10,"turns":3},{"damage":13,"enemies":"3 Louse","floor":11,"turns":4},{"damage":0,"enemies":"Gremlin Nob","floor":13,"turns":3},{"damage":12,"enemies":"Exordium Thugs","floor":14,"turns":5},{"damage":0,"enemies":"Gremlin Gang","floor":15,"turns":4},{"damage":29,"enemies":"downfall:Silent","floor":16,"turns":4}],"seed_played":"4929178450565860213","potions_obtained":[{"floor":2,"key":"Block Potion"},{"floor":3,"key":"GamblersBrew"},{"floor":9,"key":"Fire Potion"},{"floor":11,"key":"Strength Potion"}],"is_trial":false,"path_per_floor":["R","M","M","M","$","R","T","?","E","M","M","?","?","M","M","B"],"character_chosen":"THE_SPIRIT","items_purchased":["hexamod:RadiantFlame","hexamod:RainOfEmbers"],"campfire_rested":0,"item_purchase_floors":[5,5],"current_hp_per_floor":[70,69,69,69,65,65,65,65,58,51,38,38,38,26,26,0,0,0],"gold":344,"neow_bonus":"RANDOM_COMMON_RELIC","is_daily":false,"chose_seed":false,"campfire_upgraded":1,"win_rate":0.0,"timestamp":1609673941,"path_taken":["R","M","M","M","$","R","T","?","E","M","M","?","?","M","M","BOSS"],"items_purchased_type":["Card","Card"],"build_version":"2020-12-22","purchased_purges":0,"victory":false,"max_hp_per_floor":[70,70,70,70,70,70,70,70,70,70,70,70,70,70,70,70,70,70],"card_choices":[{"not_picked":["hexamod:HeatMetal","hexamod:HeatShield"],"picked":"hexamod:ThermalTransfer","floor":2},{"not_picked":["hexamod:ThirdSeal","hexamod:ChargedBarrage"],"picked":"hexamod:AdvancingGuard","floor":3},{"not_picked":["hexamod:FourthSeal","hexamod:GhostLash"],"picked":"hexamod:ThermalTransfer","floor":4},{"not_picked":["hexamod:NightmareGuise","hexamod:ChargedBarrage"],"picked":"hexamod:FastForward","floor":5},{"not_picked":["hexamod:ThermalTransfer","hexamod:ShieldOfDarkness"],"picked":"hexamod:SwordOfDarkness","floor":9},{"not_picked":["hexamod:HauntingEcho","hexamod:CatchUp"],"picked":"hexamod:ShieldOfDarkness","floor":10},{"not_picked":["hexamod:StepThrough","hexamod:RainOfEmbers"],"picked":"hexamod:GhostflameInferno","floor":11},{"not_picked":["hexamod:GhostShield","hexamod:BacktrackSmack"],"picked":"hexamod:ThermalTransfer","floor":13},{"not_picked":["hexamod:NightmareGuise","hexamod:FourthSeal"],"picked":"hexamod:HauntingEcho","floor":14},{"not_picked":["hexamod:NightmareGuise","hexamod:ExtraCrispy"],"picked":"hexamod:SwordOfDarkness","floor":15}],"player_experience":1720700,"relics_obtained":[{"floor":7,"key":"PreservedInsect"},{"floor":9,"key":"Kunai"},{"floor":13,"key":"HornCleat"}],"event_choices":[{"damage_healed":0,"gold_gain":0,"player_choice":"Grow","damage_taken":0,"max_hp_gain":0,"max_hp_loss":0,"event_name":"Living Wall","floor":8,"gold_loss":0,"cards_upgraded":["hexamod:FastForward"]}],"is_beta":false,"boss_relics":[],"items_purged_floors":[],"is_endless":false,"potions_floor_spawned":[2,3,9,11],"killed_by":"downfall:Silent","ascension_level":2}}