{"host":"armnliea5o2aqs4b","time":1609686425,"event":{"mods":["BaseMod","Hubris","Infinite Spire","Minty Spire (QoL Compilation)","Quick Restart","StSLib"],"gold_per_floor":[111,121,121,121,121,121,139,139,139,157,161,161],"floor_reached":11,"playtime":149,"items_purged":[],"score":79,"play_id":"af502ea3-204d-47d7-b1d1-05a5fa4ffa93","local_time":"20210104020705","is_ascension_mode":true,"campfire_choices":[{"data":"Bash","floor":6,"key":"SMITH"}],"circlet_count":0,"master_deck":["Strike_R","Strike_R","Strike_R","Strike_R","Strike_R","Defend_R","Defend_R","Defend_R","Defend_R","Bash+1","Shrug It Off","Uppercut"],"relics":["Burning Blood","NeowsBlessing","Golden Idol","hubris:TinFlute","infinitespire:Midas Blood","hubris:Zylophone"],"acts_visited":["Exordium"],"potions_floor_usage":[],"damage_taken":[{"damage":0,"enemies":"Cultist","floor":1,"turns":1},{"damage":0,"enemies":"2 Louse","floor":2,"turns":1},{"damage":0,"enemies":"Small Slimes","floor":7,"turns":1},{"damage":11,"enemies":"Blue Slaver","floor":10,"turns":5},{"damage":20,"enemies":"Lagavulin","floor":11,"turns":5}],"seed_played":"2695332737161932308","potions_obtained":[{"floor":2,"key":"DistilledChaos"},{"floor":10,"key":"Regen Potion"}],"is_trial":false,"path_per_floor":["M","M","?","?","T","R","M","?","T","M","E"],"character_chosen":"IRONCLAD","items_purchased":[],"campfire_rested":0,"item_purchase_floors":[],"current_hp_per_floor":[80,80,60,60,60,60,66,80,80,75,55,55],"gold":161,"neow_bonus":"THREE_ENEMY_KILL","is_daily":false,"chose_seed":false,"campfire_upgraded":1,"win_rate":0.0,"timestamp":1609686425,"path_taken":["M","?","?","?","?","R","M","?","T","?","E"],"items_purchased_type":[],"build_version":"2020-12-22","purchased_purges":0,"victory":false,"max_hp_per_floor":[80,80,80,80,80,80,80,80,80,80,80,80],"card_choices":[{"not_picked":["Sword Boomerang","Rupture"],"picked":"Shrug It Off","floor":1},{"not_picked":["Clothesline","Combust","Body Slam"],"picked":"SKIP","floor":2},{"not_picked":["Havoc","Warcry"],"picked":"Rampage","floor":7},{"not_picked":["Clash","Battle Trance"],"picked":"Uppercut","floor":10}],"player_experience":161985,"relics_obtained":[{"floor":4,"key":"hubris:TinFlute"},{"floor":5,"key":"infinitespire:Midas Blood"},{"floor":9,"key":"hubris:Zylophone"}],"event_choices":[{"damage_healed":0,"gold_gain":0,"player_choice":"Take Damage","damage_taken":20,"relics_obtained":["Golden Idol"],"max_hp_gain":0,"max_hp_loss":0,"event_name":"Golden Idol","floor":3,"gold_loss":0},{"cards_removed":["Rampage"],"damage_healed":14,"gold_gain":0,"player_choice":"Offered Uncommon","damage_taken":0,"max_hp_gain":0,"max_hp_loss":0,"event_name":"Bonfire Elementals","floor":8,"gold_loss":0}],"is_beta":false,"boss_relics":[],"items_purged_floors":[],"is_endless":false,"potions_floor_spawned":[2,10],"killed_by":"Lagavulin","ascension_level":5}}