{"host":"zekcc3vicrep0och","time":1609686869,"event":{"mods":["AchievementEnabler","BaseMod","Colored Map","Colored Powertips","Displayed Cursed Tome","Highlight Path","Minty Spire (QoL Compilation)","Quick Restart","Relic Stats","StSLib","The Cursed"],"gold_per_floor":[112,123,123,123,123,123,148,73,97,97,141,165,165,199,199,288,288,309,309,332,257,3,37,52,52,52,67,107,107,141,191,191,191,191],"floor_reached":33,"playtime":1418,"items_purged":["Injury"],"score":575,"play_id":"f8366c60-726a-490b-a570-016eba5d6b00","local_time":"20210103181429","is_ascension_mode":true,"campfire_choices":[{"floor":6.0,"key":"REST"},{"data":"Armaments","floor":13.0,"key":"SMITH"},{"floor":15.0,"key":"REST"},{"data":"Panacea","floor":25.0,"key":"SMITH"},{"floor":29,"key":"REST"},{"floor":32,"key":"REST"}],"circlet_count":0,"master_deck":["AscendersBane","Strike_R+1","Strike_R+1","Defend_R+1","Defend_R","Defend_R","Defend_R","Bash+1","Panacea+1","Armaments+1","Disarm","Reaper","Twin Strike","Shrug It Off","Exhume","Bludgeon+1","Evolve+1","Ghostly","Ghostly","Ghostly","Blood for Blood","Battle Trance","Flame Barrier+1","Seeing Red","Shockwave"],"relics":["Burning Blood","PreservedInsect","Golden Idol","Whetstone","Pear","Anchor","Astrolabe","HandDrill","Ancient Tea Set","Kunai","Orichalcum","Nunchaku"],"acts_visited":["TheCity"],"potions_floor_usage":[28,30],"damage_taken":[{"damage":7.0,"enemies":"Small Slimes","floor":1.0,"turns":3.0},{"damage":7.0,"enemies":"2 Louse","floor":2.0,"turns":3.0},{"damage":4.0,"enemies":"Jaw Worm","floor":7.0,"turns":4.0},{"damage":15.0,"enemies":"Lagavulin","floor":11.0,"turns":7.0},{"damage":23.0,"enemies":"Exordium Thugs","floor":12.0,"turns":5.0},{"damage":30.0,"enemies":"3 Sentries","floor":14.0,"turns":8.0},{"damage":46.0,"enemies":"The Guardian","floor":16.0,"turns":20.0},{"damage":22.0,"enemies":"Chosen","floor":18.0,"turns":5.0},{"damage":16.0,"enemies":"3 Byrds","floor":20.0,"turns":9.0},{"damage":22.0,"enemies":"Book of Stabbing","floor":23.0,"turns":9.0},{"damage":10.0,"enemies":"Centurion and Healer","floor":24.0,"turns":8.0},{"damage":0.0,"enemies":"Snake Plant","floor":27.0,"turns":4.0},{"damage":28,"enemies":"Gremlin Leader","floor":28,"turns":8},{"damage":17,"enemies":"Book of Stabbing","floor":30,"turns":7},{"damage":70,"enemies":"Collector","floor":33,"turns":6}],"seed_played":"5725946767644418915","potions_obtained":[{"floor":1.0,"key":"Weak Potion"},{"floor":2.0,"key":"Swift Potion"},{"floor":7.0,"key":"Fire Potion"},{"floor":16.0,"key":"Explosive Potion"},{"floor":18.0,"key":"ColorlessPotion"},{"floor":20.0,"key":"Fire Potion"},{"floor":23.0,"key":"EntropicBrew"},{"floor":24.0,"key":"Weak Potion"},{"floor":28,"key":"Strength Potion"}],"is_trial":false,"path_per_floor":["M","M","?","?","?","R","M","$","T","?","E","M","R","E","R","B",null,"M","?","M","?","$","E","M","R","T","M","E","R","E","?","R","B"],"character_chosen":"IRONCLAD","items_purchased":["HandDrill","Battle Trance"],"campfire_rested":4,"item_purchase_floors":[22,22],"current_hp_per_floor":[67,66,48,25,25,47,49,49,49,49,50,33,33,24,49,16,68,55,42,37,37,37,21,35,35,35,42,20,32,27,27,39,0,0],"gold":191,"neow_bonus":"RANDOM_COLORLESS","is_daily":false,"chose_seed":false,"campfire_upgraded":2,"win_rate":0.0,"timestamp":1609686869,"path_taken":["M","M","?","?","?","R","M","$","T","?","E","?","R","E","R","BOSS","M","?","M","?","$","E","M","R","T","M","E","R","E","?","R","BOSS"],"items_purchased_type":["Relic","Card"],"build_version":"2020-12-22","purchased_purges":1,"victory":false,"max_hp_per_floor":[75,75,75,75,75,75,75,75,75,75,85,85,85,85,85,85,85,85,42,42,42,42,42,42,42,42,42,42,42,42,42,42,42,42],"relic_stats":{"Nunchaku":[0],"counters":[15,106],"Golden Idol":81,"Astrolabe":["Bludgeon","Power Through","Evolve"],"PreservedInsect":201,"HandDrill":[0],"Whetstone":["Strike_R","Bash"],"Kunai":[1],"Orichalcum":[12],"obtain_stats":[{"Anchor":14,"Nunchaku":30,"Pear":11,"Golden Idol":5,"Astrolabe":17,"PreservedInsect":3,"HandDrill":22,"Whetstone":9,"Kunai":26,"Orichalcum":28,"Ancient Tea Set":23,"Burning Blood":0},{"Anchor":6,"Nunchaku":14,"Pear":4,"Golden Idol":2,"Astrolabe":7,"PreservedInsect":2,"HandDrill":9,"Whetstone":3,"Kunai":11,"Orichalcum":13,"Ancient Tea Set":10,"Burning Blood":0},{"Anchor":30,"Nunchaku":100,"Pear":17,"Golden Idol":6,"Astrolabe":50,"PreservedInsect":6,"HandDrill":64,"Whetstone":10,"Kunai":81,"Orichalcum":93,"Ancient Tea Set":73,"Burning Blood":0}],"Burning Blood":80},"card_choices":[{"not_picked":["Bandage Up","Deep Breath"],"picked":"Panacea","floor":0.0},{"not_picked":["Searing Blow","Dual Wield"],"picked":"Armaments","floor":1.0},{"not_picked":["True Grit","Dark Embrace","Armaments"],"picked":"SKIP","floor":2.0},{"not_picked":["Thunderclap","Cleave"],"picked":"Disarm","floor":7.0},{"not_picked":["Dark Embrace","Seeing Red"],"picked":"Reaper","floor":11.0},{"not_picked":["Armaments","Pommel Strike"],"picked":"Twin Strike","floor":12.0},{"not_picked":["Bludgeon","Limit Break"],"picked":"Shrug It Off","floor":14.0},{"not_picked":["Limit Break","Fiend Fire"],"picked":"Exhume","floor":16.0},{"not_picked":["Anger","Perfected Strike","Whirlwind"],"picked":"SKIP","floor":18.0},{"not_picked":["Dark Embrace","Perfected Strike"],"picked":"Blood for Blood","floor":20.0},{"not_picked":["Limit Break","Carnage","Pommel Strike"],"picked":"SKIP","floor":23.0},{"not_picked":["Fire Breathing","Hemokinesis"],"picked":"Flame Barrier+1","floor":24.0},{"not_picked":["Burning Pact","Havoc"],"picked":"Seeing Red","floor":27.0},{"not_picked":["Wild Strike","Reckless Charge","Iron Wave"],"picked":"SKIP","floor":28},{"not_picked":["Rage","Sentinel"],"picked":"Shockwave","floor":30}],"player_experience":501103,"relics_obtained":[{"floor":9.0,"key":"Whetstone"},{"floor":11.0,"key":"Pear"},{"floor":14.0,"key":"Anchor"},{"floor":23.0,"key":"Ancient Tea Set"},{"floor":26.0,"key":"Kunai"},{"floor":28,"key":"Orichalcum"},{"floor":30,"key":"Nunchaku"}],"event_choices":[{"damage_healed":0.0,"max_hp_gain":0.0,"max_hp_loss":0.0,"gold_gain":0.0,"event_name":"Scrap Ooze","player_choice":"Success","floor":3.0,"gold_loss":0.0,"damage_taken":18.0,"relics_obtained":["PreservedInsect"]},{"damage_healed":0.0,"max_hp_gain":0.0,"max_hp_loss":0.0,"gold_gain":0.0,"event_name":"Shining Light","player_choice":"Entered Light","floor":4.0,"gold_loss":0.0,"damage_taken":23.0,"cards_upgraded":["Strike_R","Defend_R"]},{"damage_healed":0.0,"max_hp_gain":0.0,"max_hp_loss":0.0,"gold_gain":0.0,"event_name":"Golden Idol","player_choice":"Take Wound","floor":5.0,"gold_loss":0.0,"damage_taken":0.0,"relics_obtained":["Golden Idol"],"cards_obtained":["Injury"]},{"damage_healed":0.0,"max_hp_gain":0.0,"max_hp_loss":0.0,"gold_gain":0.0,"event_name":"Liars Game","player_choice":"Ignored","floor":10.0,"gold_loss":0.0,"damage_taken":0.0},{"damage_healed":0.0,"max_hp_gain":0.0,"max_hp_loss":43.0,"gold_gain":0.0,"event_name":"Ghosts","player_choice":"Became a Ghost","floor":19.0,"gold_loss":0.0,"damage_taken":0.0,"cards_obtained":["Ghostly","Ghostly","Ghostly"]},{"cards_removed":["Power Through"],"damage_healed":0.0,"max_hp_gain":0.0,"max_hp_loss":0.0,"gold_gain":0.0,"event_name":"Beggar","player_choice":"Gave Gold","floor":21.0,"gold_loss":75.0,"damage_taken":0.0},{"damage_healed":0,"gold_gain":50,"player_choice":"Stole From Cult","damage_taken":0,"max_hp_gain":0,"max_hp_loss":0,"event_name":"Nest","floor":31,"gold_loss":0}],"is_beta":false,"boss_relics":[{"not_picked":["Mark of Pain","Black Star"],"picked":"Astrolabe"}],"items_purged_floors":[8],"is_endless":false,"potions_floor_spawned":[1,2,7,16,18,20,23,24,28],"killed_by":"Collector","ascension_level":17}}