{"host":"f5uumzf5hfexzk8l","time":1609646609,"event":{"mods":["AchievementEnabler","BaseMod","Colored Map","Googly Eyes","Highlight Path","Minty Spire (QoL Compilation)","Permanent Neow","StSLib","SuperFastMode","Unceasing Turn Reminder","everything is the same but u backflip on backflip"],"gold_per_floor":[113,133,148,163,175,175,209,209,260,26,43,43,43],"floor_reached":12,"playtime":445,"items_purged":[],"score":144,"play_id":"8fd5ffc1-992a-4403-ad52-217a2e7d409b","local_time":"20210102200329","is_ascension_mode":true,"campfire_choices":[{"data":"Neutralize","floor":6,"key":"SMITH"},{"floor":8,"key":"REST"}],"circlet_count":0,"master_deck":["AscendersBane","Strike_G","Strike_G","Strike_G","Strike_G","Strike_G","Defend_G","Defend_G","Defend_G","Defend_G","Defend_G","Survivor","Neutralize+1","Corpse Explosion","Blade Dance","Bouncing Flask","Poisoned Stab"],"relics":["Ring of the Snake","Prayer Wheel","Dream Catcher","Snake Skull"],"acts_visited":["Exordium"],"potions_floor_usage":[7],"damage_taken":[{"damage":6,"enemies":"2 Louse","floor":1,"turns":2},{"damage":0,"enemies":"Jaw Worm","floor":2,"turns":5},{"damage":2,"enemies":"Small Slimes","floor":3,"turns":4},{"damage":8,"enemies":"Exordium Thugs","floor":4,"turns":5},{"damage":15,"enemies":"Large Slime","floor":5,"turns":11},{"damage":25,"enemies":"Gremlin Nob","floor":7,"turns":5},{"damage":12,"enemies":"Lots of Slimes","floor":11,"turns":2},{"damage":10,"enemies":"Lagavulin","floor":12,"turns":3}],"seed_played":"4054938609549737082","potions_obtained":[{"floor":2,"key":"SkillPotion"},{"floor":5,"key":"LiquidMemories"},{"floor":7,"key":"DistilledChaos"}],"is_trial":false,"path_per_floor":["M","M","M","M","M","R","E","R","T","$","M","E"],"character_chosen":"THE_SILENT","items_purchased":["Snake Skull","Bouncing Flask"],"campfire_rested":1,"item_purchase_floors":[10,10],"current_hp_per_floor":[53,53,51,43,28,28,3,22,22,22,10,0,0],"gold":43,"neow_bonus":"ONE_RANDOM_RARE_CARD","is_daily":false,"chose_seed":false,"campfire_upgraded":1,"win_rate":0.0,"timestamp":1609646609,"path_taken":["M","M","M","M","M","R","E","R","T","$","M","E"],"items_purchased_type":["Relic","Card"],"build_version":"2020-12-22","purchased_purges":0,"victory":false,"max_hp_per_floor":[66,66,66,66,66,66,66,66,66,66,66,66,66],"card_choices":[{"not_picked":["Masterful Stab","Reflex"],"picked":"Blade Dance","floor":1},{"not_picked":["Expertise","Underhanded Strike","Cloak And Dagger"],"picked":"SKIP","floor":2},{"not_picked":["Flying Knee","Sucker Punch","Underhanded Strike"],"picked":"SKIP","floor":3},{"not_picked":["Backflip","Underhanded Strike","Cloak And Dagger"],"picked":"SKIP","floor":4},{"not_picked":["Endless Agony","Slice","Grand Finale"],"picked":"SKIP","floor":5},{"not_picked":["Masterful Stab","Underhanded Strike","Terror"],"picked":"SKIP","floor":7},{"not_picked":["Slice","Outmaneuver"],"picked":"Poisoned Stab","floor":11},{"not_picked":["Deflect","Blade Dance","Expertise"],"picked":"SKIP","floor":11}],"player_experience":360873,"relics_obtained":[{"floor":7,"key":"Prayer Wheel"},{"floor":9,"key":"Dream Catcher"}],"event_choices":[],"is_beta":false,"boss_relics":[],"items_purged_floors":[],"is_endless":false,"potions_floor_spawned":[2,5,7],"killed_by":"Lagavulin","ascension_level":15}}