{"host":"u4pncpybdtxxvw4r","time":1609703142,"event":{"mods":["AchievementEnabler","BaseMod","Block Reminder","Colored Powertips","Downfall","Marisa£®ÏF”Í°°ƒß¿Ì…≥£©","Minty Spire (QoL Compilation)","Permanent Neow","Potion Indicator Mod","Rare Cards Sparkle","StSLib","SuperFastMode"],"gold_per_floor":[113,38,55,75,92,119,129,129,155,155,155,174,249,249,249,351,651,666,666,29,29,45,45,45,45,72,72,89,89,103,113,113,113,113],"floor_reached":33,"playtime":1212,"items_purged":["Strike_G"],"score":272,"play_id":"e0636ed8-620e-400a-bf91-e204307236ed","local_time":"20210104034542","is_ascension_mode":false,"campfire_choices":[{"floor":8,"key":"REST"},{"floor":11,"key":"REST"},{"floor":15,"key":"REST"},{"floor":23,"key":"REST"},{"data":"Bite","floor":25,"key":"SMITH"},{"data":"After Image","floor":27,"key":"SMITH"},{"data":"Bouncing Flask","floor":32,"key":"SMITH"}],"circlet_count":0,"master_deck":["Defend_G","Defend_G","Defend_G","Defend_G","Defend_G","Survivor","Neutralize","Bane","Masterful Stab+1","Bane","Bouncing Flask+1","Infinite Blades","Endless Agony","Slice","After Image+1","CurseOfTheBell","Backstab+1","Bite","Bite","Bite","Bite","Bite+1","Dodge and Roll","Shame","Backflip","Poisoned Stab","PiercingWail","Blur+1"],"relics":["Sozu","Letter Opener","Pen Nib","Calling Bell","Regal Pillow","Darkstone Periapt","Old Coin","Nunchaku","HandDrill","Ginger","Tiny Chest","Oddly Smooth Stone"],"acts_visited":["Exordium","TheCity"],"potions_floor_usage":[],"damage_taken":[{"damage":1,"enemies":"2 Louse","floor":1,"turns":2},{"damage":5,"enemies":"Jaw Worm","floor":3,"turns":4},{"damage":0,"enemies":"Small Slimes","floor":4,"turns":3},{"damage":1,"enemies":"3 Louse","floor":5,"turns":3},{"damage":30,"enemies":"Gremlin Nob","floor":6,"turns":4},{"damage":19,"enemies":"Gremlin Gang","floor":7,"turns":4},{"damage":2,"enemies":"Looter","floor":12,"turns":3},{"damage":47,"enemies":"The Guardian","floor":16,"turns":8},{"damage":0,"enemies":"Chosen","floor":18,"turns":4},{"damage":11,"enemies":"Shell Parasite","floor":22,"turns":3},{"damage":25,"enemies":"3 Cultists","floor":28,"turns":7},{"damage":2,"enemies":"Snake Plant","floor":30,"turns":3},{"damage":8,"enemies":"Shelled Parasite and Fungi","floor":31,"turns":4},{"damage":94,"enemies":"Collector","floor":33,"turns":10}],"seed_played":"4935202644818185486","potions_obtained":[],"is_trial":false,"path_per_floor":["M","$","M","M","M","E","M","R","T","?","R","M","?","?","R","B",null,"M","?","$","?","M","R","$","R","T","R","M","?","M","M","R","B"],"character_chosen":"THE_SILENT","items_purchased":["Nunchaku","HandDrill","Ginger","Dodge and Roll"],"campfire_rested":4,"item_purchase_floors":[20,20,20,20],"current_hp_per_floor":[69,69,64,64,63,33,14,35,35,21,42,40,29,52,70,23,70,70,49,49,55,46,55,55,55,55,55,41,41,46,49,49,0,0],"gold":113,"neow_bonus":"BOSS_RELIC","is_daily":false,"chose_seed":false,"campfire_upgraded":3,"win_rate":0.0,"timestamp":1609703142,"path_taken":["M","$","M","M","M","E","M","R","T","?","R","M","?","?","R","BOSS","M","?","$","?","M","R","$","R","T","R","M","?","?","M","R","BOSS"],"items_purchased_type":["Relic","Relic","Relic","Card"],"build_version":"2020-12-22","purchased_purges":1,"victory":false,"max_hp_per_floor":[70,70,70,70,70,70,70,70,70,70,70,70,70,70,70,70,70,70,49,49,55,55,55,55,55,55,55,55,55,55,55,55,55,55],"card_choices":[{"not_picked":["Endless Agony","Caltrops"],"picked":"Bane","floor":1},{"not_picked":["Outmaneuver","Skewer"],"picked":"Masterful Stab","floor":3},{"not_picked":["Crippling Poison","Finisher"],"picked":"Bane","floor":4},{"not_picked":["Flying Knee","Prepared"],"picked":"Bouncing Flask","floor":5},{"not_picked":["Dodge and Roll","Calculated Gamble"],"picked":"Infinite Blades","floor":6},{"not_picked":["Outmaneuver","Crippling Poison"],"picked":"Endless Agony","floor":7},{"not_picked":["Expertise","Quick Slash"],"picked":"Slice","floor":12},{"not_picked":["Phantasmal Killer","Wraith Form v2"],"picked":"After Image","floor":16},{"not_picked":["Flying Knee","PiercingWail+1"],"picked":"Backstab+1","floor":18},{"not_picked":["Blade Dance","Acrobatics"],"picked":"Backflip","floor":22},{"not_picked":["Eviscerate","Riddle With Holes"],"picked":"Poisoned Stab","floor":28},{"not_picked":["Flying Knee+1","Crippling Poison+1"],"picked":"PiercingWail","floor":30},{"not_picked":["Acrobatics","Backstab"],"picked":"Blur+1","floor":31}],"player_experience":20103,"relics_obtained":[{"floor":6,"key":"Letter Opener"},{"floor":9,"key":"Pen Nib"},{"floor":17,"key":"Regal Pillow"},{"floor":17,"key":"Darkstone Periapt"},{"floor":17,"key":"Old Coin"},{"floor":26,"key":"Oddly Smooth Stone"}],"event_choices":[{"damage_healed":0,"gold_gain":0,"player_choice":"Entered Light","damage_taken":14,"max_hp_gain":0,"max_hp_loss":0,"event_name":"Shining Light","floor":10,"gold_loss":0,"cards_upgraded":["Strike_G","Masterful Stab"]},{"damage_healed":0,"gold_gain":75,"player_choice":"Gather Gold","damage_taken":11,"max_hp_gain":0,"max_hp_loss":0,"event_name":"World of Goop","floor":13,"gold_loss":0},{"damage_healed":23,"gold_gain":0,"player_choice":"Banana","damage_taken":0,"max_hp_gain":0,"max_hp_loss":0,"event_name":"Big Fish","floor":14,"gold_loss":0},{"damage_healed":0,"gold_gain":0,"player_choice":"Became a vampire","damage_taken":0,"max_hp_gain":0,"max_hp_loss":21,"event_name":"Vampires","floor":19,"gold_loss":0,"cards_obtained":["Bite","Bite","Bite","Bite","Bite"]},{"damage_healed":0,"gold_gain":0,"player_choice":"Stole Relic","damage_taken":0,"relics_obtained":["Tiny Chest"],"max_hp_gain":0,"max_hp_loss":0,"event_name":"Addict","floor":21,"gold_loss":0,"cards_obtained":["Shame"]},{"damage_healed":0,"gold_gain":0,"player_choice":"Got Potions","damage_taken":0,"max_hp_gain":0,"max_hp_loss":0,"event_name":"Lab","floor":29,"gold_loss":0}],"is_beta":false,"boss_relics":[{"not_picked":["Fusion Hammer","Astrolabe"],"picked":"Calling Bell"}],"items_purged_floors":[2],"is_endless":false,"potions_floor_spawned":[1,16,18],"killed_by":"Collector","ascension_level":0}}