{"host":"mbpcepu6ztteuwhq","time":1609685686,"event":{"mods":["AchievementEnabler","BaseMod","Colored Map","Custom Start","DeckTracker","Minty Spire (QoL Compilation)","Rare Cards Sparkle","StSLib","everything is the same but u backflip on backflip"],"gold_per_floor":[112,131,141,160,173,204,204,231,281,281,281,316,391,410,410,487,487,503,503,503,522,532,532,532,532],"floor_reached":24,"playtime":574,"items_purged":[],"score":486,"play_id":"4917beda-96b7-4c3f-bc69-ee9aad75eb2b","local_time":"20210103235446","is_ascension_mode":true,"campfire_choices":[{"data":"Eruption","floor":7.0,"key":"SMITH"},{"data":"SandsOfTime","floor":11.0,"key":"SMITH"},{"floor":15.0,"key":"REST"},{"floor":23,"key":"REST"}],"circlet_count":0,"master_deck":["AscendersBane","Strike_P","Strike_P","Strike_P","Strike_P","Defend_P","Defend_P","Defend_P","Defend_P","Eruption+1","Vigilance","EmptyFist","MentalFortress","SandsOfTime+1","Conclude","CrushJoints","Vault","RitualDagger","InnerPeace"],"relics":["PureWater","NeowsBlessing","Regal Pillow","Nunchaku","Blue Candle","SlaversCollar"],"acts_visited":["Exordium","TheCity"],"potions_floor_usage":[22],"damage_taken":[{"damage":0.0,"enemies":"Small Slimes","floor":1.0,"turns":1.0},{"damage":0.0,"enemies":"Jaw Worm","floor":2.0,"turns":1.0},{"damage":0.0,"enemies":"Cultist","floor":3.0,"turns":1.0},{"damage":13.0,"enemies":"2 Fungi Beasts","floor":4.0,"turns":4.0},{"damage":8.0,"enemies":"3 Louse","floor":5.0,"turns":5.0},{"damage":0.0,"enemies":"Lagavulin","floor":6.0,"turns":4.0},{"damage":8.0,"enemies":"Gremlin Nob","floor":8.0,"turns":3.0},{"damage":30.0,"enemies":"3 Sentries","floor":12.0,"turns":8.0},{"damage":6.0,"enemies":"Looter","floor":14.0,"turns":2.0},{"damage":32.0,"enemies":"The Guardian","floor":16.0,"turns":9.0},{"damage":17.0,"enemies":"Shell Parasite","floor":18.0,"turns":4.0},{"damage":1,"enemies":"Spheric Guardian","floor":21,"turns":4},{"damage":18,"enemies":"Cultist and Chosen","floor":22,"turns":6},{"damage":34,"enemies":"Book of Stabbing","floor":24,"turns":5}],"seed_played":"-2443278292689196791","potions_obtained":[{"floor":4.0,"key":"StancePotion"},{"floor":5.0,"key":"FearPotion"},{"floor":6.0,"key":"AttackPotion"},{"floor":16.0,"key":"LiquidMemories"},{"floor":21,"key":"Fire Potion"}],"is_trial":false,"path_per_floor":["M","M","M","M","M","E","R","E","T","?","R","E","?","M","R","B",null,"M","?","?","M","M","R","E"],"character_chosen":"WATCHER","items_purchased":[],"campfire_rested":2,"item_purchase_floors":[],"current_hp_per_floor":[61,61,61,48,40,40,40,32,32,54,54,24,13,7,42,10,54,37,31,31,30,12,47,13,13],"gold":532,"neow_bonus":"THREE_ENEMY_KILL","is_daily":false,"chose_seed":false,"campfire_upgraded":2,"win_rate":0.0,"timestamp":1609685686,"path_taken":["M","M","M","M","M","E","R","E","T","?","R","E","?","M","R","BOSS","M","?","?","M","?","R","E"],"items_purchased_type":[],"build_version":"2020-12-22","purchased_purges":0,"victory":false,"max_hp_per_floor":[68,68,68,68,68,68,68,68,68,68,68,68,68,68,68,68,68,68,68,68,68,68,68,68,68],"card_choices":[{"not_picked":["FlyingSleeves","Halt","EmptyBody"],"picked":"SKIP","floor":1.0},{"not_picked":["CutThroughFate","MentalFortress"],"picked":"EmptyFist","floor":2.0},{"not_picked":["Halt","SashWhip"],"picked":"MentalFortress","floor":3.0},{"not_picked":["ClearTheMind","Nirvana"],"picked":"SandsOfTime","floor":4.0},{"not_picked":["Halt","Protect"],"picked":"Conclude","floor":5.0},{"not_picked":["SashWhip","Wallop","Conclude"],"picked":"SKIP","floor":6.0},{"not_picked":["Sanctity","Vengeance"],"picked":"CrushJoints","floor":8.0},{"not_picked":["ConjureBlade","CrushJoints","Perseverance"],"picked":"SKIP","floor":12.0},{"not_picked":["Study","Evaluate","CutThroughFate"],"picked":"SKIP","floor":14.0},{"not_picked":["Ragnarok","ConjureBlade"],"picked":"Vault","floor":16.0},{"not_picked":["EmptyBody+1","SandsOfTime","Weave"],"picked":"SKIP","floor":18.0},{"not_picked":["JustLucky","BowlingBash"],"picked":"InnerPeace","floor":21},{"not_picked":["FollowUp","Consecrate","WindmillStrike"],"picked":"SKIP","floor":22}],"player_experience":7040,"relics_obtained":[{"floor":6.0,"key":"Regal Pillow"},{"floor":9.0,"key":"Nunchaku"},{"floor":12.0,"key":"Blue Candle"}],"event_choices":[{"damage_healed":22.0,"max_hp_gain":0.0,"max_hp_loss":0.0,"gold_gain":0.0,"event_name":"Big Fish","player_choice":"Banana","floor":10.0,"gold_loss":0.0,"damage_taken":0.0},{"damage_healed":0.0,"max_hp_gain":0.0,"max_hp_loss":0.0,"gold_gain":75.0,"event_name":"World of Goop","player_choice":"Gather Gold","floor":13.0,"gold_loss":0.0,"damage_taken":11.0},{"damage_healed":0.0,"max_hp_gain":0.0,"max_hp_loss":0.0,"gold_gain":0.0,"event_name":"Nest","player_choice":"Joined the Cult","floor":19.0,"gold_loss":0.0,"damage_taken":6.0,"cards_obtained":["RitualDagger"]},{"damage_healed":0.0,"max_hp_gain":0.0,"max_hp_loss":0.0,"gold_gain":0.0,"event_name":"Match and Keep!","player_choice":"0 cards matched","floor":20.0,"gold_loss":0.0,"damage_taken":0.0,"cards_obtained":[]}],"is_beta":false,"boss_relics":[{"not_picked":["Snecko Eye","Fusion Hammer"],"picked":"SlaversCollar"}],"items_purged_floors":[],"is_endless":false,"potions_floor_spawned":[4,5,6,16,21],"killed_by":"Book of Stabbing","ascension_level":20}}