{"host":"jpzdg3po3tjxdjri","time":1609710724,"event":{"mods":["BaseMod","Better Third Choice","Colored Map","Colored Powertips","Minty Spire (QoL Compilation)","StSLib"],"gold_per_floor":[119,136,136,156,9,9,9,9,9,26,26,61,79,95,95,95,95],"floor_reached":16,"playtime":387,"items_purged":[],"score":173,"play_id":"5e10aa43-ed10-49e1-b273-6545dbc97d2a","local_time":"20210103215204","is_ascension_mode":true,"campfire_choices":[{"data":"Rupture","floor":6,"key":"SMITH"},{"data":"Offering","floor":11,"key":"SMITH"},{"floor":15,"key":"REST"}],"circlet_count":0,"master_deck":["AscendersBane","Strike_R","Strike_R","Strike_R","Strike_R","Strike_R","Defend_R","Defend_R","Defend_R","Defend_R","Bash","Perfected Strike+1","Thunderclap","Offering+1","Rupture+1","Evolve","Twin Strike","Double Tap","Twin Strike","Twin Strike"],"relics":["Burning Blood","Shuriken","Lantern"],"acts_visited":["Exordium"],"potions_floor_usage":[12,12],"damage_taken":[{"damage":9,"enemies":"Jaw Worm","floor":1,"turns":6},{"damage":0,"enemies":"2 Louse","floor":2,"turns":2},{"damage":6,"enemies":"Cultist","floor":4,"turns":3},{"damage":26,"enemies":"Looter","floor":10,"turns":4},{"damage":29,"enemies":"3 Sentries","floor":12,"turns":4},{"damage":27,"enemies":"Exordium Thugs","floor":13,"turns":5},{"damage":0,"enemies":"Large Slime","floor":14,"turns":5},{"damage":46,"enemies":"The Guardian","floor":16,"turns":7}],"seed_played":"4001806058484479111","potions_obtained":[{"floor":2,"key":"SkillPotion"},{"floor":10,"key":"SkillPotion"},{"floor":12,"key":"ElixirPotion"}],"is_trial":false,"path_per_floor":["M","M","?","M","$","R","?","$","T","M","R","E","M","M","R","B"],"character_chosen":"IRONCLAD","items_purchased":["Offering","Rupture"],"campfire_rested":1,"item_purchase_floors":[5,5],"current_hp_per_floor":[72,78,78,78,78,78,78,78,78,58,58,35,14,20,44,0,0],"gold":95,"neow_bonus":"TEN_PERCENT_HP_BONUS","is_daily":false,"chose_seed":false,"campfire_upgraded":2,"win_rate":0.0,"timestamp":1609710724,"path_taken":["M","M","?","M","$","R","?","$","T","M","R","E","?","M","R","BOSS"],"items_purchased_type":["Card","Card"],"build_version":"2020-12-22","purchased_purges":0,"victory":false,"max_hp_per_floor":[82,82,82,82,82,82,82,82,82,82,82,82,82,82,82,82,82],"card_choices":[{"not_picked":["Warcry","True Grit"],"picked":"Perfected Strike","floor":1},{"not_picked":["Second Wind","Sentinel"],"picked":"Intimidate","floor":2},{"not_picked":["Dark Embrace","Iron Wave"],"picked":"Thunderclap","floor":4},{"not_picked":["Dual Wield","Searing Blow"],"picked":"Twin Strike","floor":10},{"not_picked":["Battle Trance","Feel No Pain"],"picked":"Double Tap","floor":12},{"not_picked":["Headbutt","Wild Strike"],"picked":"Twin Strike","floor":13},{"not_picked":["Anger","Body Slam"],"picked":"Twin Strike","floor":14}],"player_experience":821329,"relics_obtained":[{"floor":9,"key":"Shuriken"},{"floor":12,"key":"Lantern"}],"event_choices":[{"damage_healed":0,"gold_gain":0,"player_choice":"Grow","damage_taken":0,"max_hp_gain":0,"max_hp_loss":0,"event_name":"Living Wall","floor":3,"gold_loss":0,"cards_upgraded":["Perfected Strike"]},{"damage_healed":0,"gold_gain":0,"cards_transformed":["Intimidate"],"player_choice":"Transformed","damage_taken":0,"max_hp_gain":0,"max_hp_loss":0,"event_name":"Transmorgrifier","floor":7,"gold_loss":0,"cards_obtained":["Evolve"]}],"is_beta":false,"boss_relics":[],"items_purged_floors":[],"is_endless":false,"potions_floor_spawned":[2,10,12],"killed_by":"The Guardian","ascension_level":14}}