{"host":"mvz90ilxx8epviq1","time":1609716485,"event":{"mods":["2.2 Compatiblity","Act Like it!","BaseMod","Better Note","Better Third Choice","Better Vampires","Clockwork Mod","Colored Map","Colored Powertips","Gensokyo","Hallownest","Hermit","Hubris","Marisa????????","Minty Spire (QoL Compilation)","Replay The Spire","Shop Mod","Spicy Shops","StSLib","The Alterego","The Bug Knight","The Construct","The Cursed","The Mystic","The Senshi","The Servant 0.9.4","The Wild Card","slay the spire mod where everything is the same but ironclad has a cowboy hat"],"gold_per_floor":[111,125,50,68,167,167,197,212,239,274,274,286,286,286,286,286,286],"floor_reached":16,"playtime":1678,"items_purged":["theSenshi:SailorBlock"],"score":135,"play_id":"918e6471-bb52-4eff-88ff-c40b008d89a6","local_time":"20210103182805","is_ascension_mode":false,"campfire_choices":[{"data":"theSenshi:SailorMarsAssists","floor":6.0,"key":"SMITH"},{"floor":11,"key":"REST"},{"data":"theSenshi:SailorMarsAssists","floor":15,"key":"SMITH"}],"circlet_count":0,"master_deck":["theSenshi:SailorKick","theSenshi:SailorKick","theSenshi:SailorKick","theSenshi:SailorKick","theSenshi:SailorBlock","theSenshi:SailorBlock","theSenshi:RoseThrow","theSenshi:MoonPrismPowerMakeUp","theSenshi:SaturnsMystery","theSenshi:MoonlightKnight","theSenshi:SupersonicWaves","theSenshi:SailorMarsAssists+1","theSenshi:SailorNeptuneAssists+1","theSenshi:TuxedoSmokingBomber","theSenshi:SailorNeptuneAssists","theSenshi:SailorMarsAssists+1","hubris:NaturalOne"],"relics":["theSenshi:TransformationBroochRelic","Juzu Bracelet","Snack Pack","Boot","hubris:PeanutButter","hubris:Icosahedron"],"acts_visited":["Gensokyo:Gensokyo"],"potions_floor_usage":[10,16],"damage_taken":[{"damage":2.0,"enemies":"Gensokyo:2_Kodama","floor":1.0,"turns":4.0},{"damage":7.0,"enemies":"Gensokyo:3_Fairies","floor":2.0,"turns":4.0},{"damage":0.0,"enemies":"Gensokyo:Python","floor":4.0,"turns":2.0},{"damage":0.0,"enemies":"Gensokyo:Mamizou","floor":7.0,"turns":7.0},{"damage":9,"enemies":"Gensokyo:Kitsune","floor":8,"turns":4},{"damage":25,"enemies":"Gensokyo:Aya","floor":10,"turns":7},{"damage":4,"enemies":"Gensokyo:CorruptedTreant","floor":12,"turns":4},{"damage":82,"enemies":"Gensokyo:Reimu","floor":16,"turns":9}],"seed_played":"-6795559367136624168","potions_obtained":[{"floor":1.0,"key":"Adrenaline Potion"},{"floor":2.0,"key":"Strength Potion"},{"floor":8,"key":"Weak Potion"}],"is_trial":false,"path_per_floor":["M","M","$","M","?","R","E","M","T","E","R","M","?","?","R","B"],"character_chosen":"THE_SENSHI","items_purchased":[],"campfire_rested":1,"item_purchase_floors":[],"current_hp_per_floor":[73,68,68,75,57,57,57,63,63,44,66,64,64,64,64,0,0],"gold":286,"neow_bonus":"REMOVE_CARD","is_daily":false,"chose_seed":false,"campfire_upgraded":2,"win_rate":0.0,"timestamp":1609716485,"path_taken":["M","M","$","M","?","R","E","M","T","E","R","M","?","?","R","BOSS"],"items_purchased_type":[],"build_version":"2020-12-22","purchased_purges":1,"victory":false,"max_hp_per_floor":[75,75,75,75,75,75,75,75,75,75,75,75,75,75,75,75,75],"card_choices":[{"not_picked":["theSenshi:SailorPlanetPower","theSenshi:KlutzyLuck"],"picked":"theSenshi:SaturnsMystery","floor":1.0},{"not_picked":["theSenshi:YouCanTalk","theSenshi:MoonSpiralHeartAttack"],"picked":"theSenshi:MoonlightKnight","floor":2.0},{"not_picked":["theSenshi:SailorVenusAssists","theSenshi:MoonTiaraMagic"],"picked":"theSenshi:SupersonicWaves","floor":4.0},{"not_picked":["theSenshi:GatheringStrength","theSenshi:MoonPunch"],"picked":"theSenshi:SailorMarsAssists","floor":5.0},{"not_picked":["theSenshi:EncouragingSpeech","theSenshi:MoonPunch"],"picked":"theSenshi:SailorNeptuneAssists","floor":5.0},{"not_picked":["theSenshi:SailorVenusAssists","theSenshi:SaturnsMystery"],"picked":"theSenshi:TuxedoSmokingBomber","floor":7.0},{"not_picked":["theSenshi:PlutosSolemnity","theSenshi:SailorStarMakerAssists"],"picked":"theSenshi:SailorNeptuneAssists","floor":8},{"not_picked":["theSenshi:KlutzyLuck","theSenshi:InTheNameOfTheMoon","theSenshi:MoonsReflection"],"picked":"SKIP","floor":10},{"not_picked":["theSenshi:SailorMercuryAssists","theSenshi:GatheringStrength"],"picked":"theSenshi:SailorMarsAssists","floor":12}],"player_experience":429557,"relics_obtained":[{"floor":5.0,"key":"Juzu Bracelet"},{"floor":7.0,"key":"Snack Pack"},{"floor":9,"key":"Boot"},{"floor":10,"key":"hubris:PeanutButter"}],"event_choices":[],"is_beta":false,"boss_relics":[],"items_purged_floors":[3],"is_endless":false,"potions_floor_spawned":[1,2,8],"killed_by":"Gensokyo:Reimu","ascension_level":0}}