{"host":"9l4mw5jqza9qz9hr","time":1609680350,"event":{"mods":["AchievementEnabler","Always Whale","BaseMod","Colored Map","Minty Spire (QoL Compilation)","StSLib","SuperFastMode"],"gold_per_floor":[110,129,204,221,221,221,254,267,267,267,70,70,89,100,100,199,199,214,214,224,139,156,156,181,201,201,216,231,251,251,267,267,267,267],"floor_reached":33,"playtime":1096,"items_purged":["Strike_R"],"score":369,"play_id":"62172d82-1068-4272-ab6f-ffd261758370","local_time":"20210103222550","is_ascension_mode":true,"campfire_choices":[{"data":"Armaments","floor":6.0,"key":"SMITH"},{"data":"Uppercut","floor":12.0,"key":"SMITH"},{"data":"Flex","floor":15.0,"key":"SMITH"},{"floor":23.0,"key":"REST"},{"data":"Demon Form","floor":30.0,"key":"SMITH"},{"data":"Impervious","floor":32.0,"key":"SMITH"}],"circlet_count":0,"master_deck":["Strike_R","Strike_R","Strike_R","Defend_R","Defend_R","Defend_R","Defend_R","Bash","Sword Boomerang","Cleave","Armaments+1","Impervious+1","Uppercut+1","Flex+1","Evolve","Feed","Pommel Strike+1","Demon Form+1","Seeing Red+1","Disarm","Doubt","Warcry+1","Flex+1","Shrug It Off+1"],"relics":["Burning Blood","NeowsBlessing","Smiling Mask","Boot","Membership Card","Cursed Key","Matryoshka","Meat on the Bone","Toxic Egg 2","Regal Pillow"],"acts_visited":["Exordium","TheCity"],"potions_floor_usage":[33],"damage_taken":[{"damage":0.0,"enemies":"Cultist","floor":1.0,"turns":1.0},{"damage":0.0,"enemies":"Small Slimes","floor":2.0,"turns":1.0},{"damage":0.0,"enemies":"Jaw Worm","floor":4.0,"turns":1.0},{"damage":32.0,"enemies":"Gremlin Nob","floor":7.0,"turns":4.0},{"damage":2.0,"enemies":"Gremlin Gang","floor":8.0,"turns":3.0},{"damage":2.0,"enemies":"Large Slime","floor":13.0,"turns":6.0},{"damage":9.0,"enemies":"Blue Slaver","floor":14.0,"turns":3.0},{"damage":67.0,"enemies":"Hexaghost","floor":16.0,"turns":15.0},{"damage":26.0,"enemies":"Shell Parasite","floor":18.0,"turns":8.0},{"damage":6.0,"enemies":"2 Thieves","floor":20.0,"turns":4.0},{"damage":36.0,"enemies":"Snake Plant","floor":22.0,"turns":5.0},{"damage":29.0,"enemies":"Slavers","floor":24.0,"turns":4.0},{"damage":11.0,"enemies":"3 Cultists","floor":25.0,"turns":5.0},{"damage":0.0,"enemies":"Snecko","floor":27.0,"turns":4.0},{"damage":20.0,"enemies":"Snake Plant","floor":28.0,"turns":5.0},{"damage":4.0,"enemies":"Centurion and Healer","floor":29.0,"turns":6.0},{"damage":9.0,"enemies":"Cultist and Chosen","floor":31.0,"turns":6.0},{"damage":74,"enemies":"Collector","floor":33,"turns":5}],"seed_played":"-1444340492776115323","potions_obtained":[{"floor":13.0,"key":"ColorlessPotion"},{"floor":14.0,"key":"Energy Potion"},{"floor":16.0,"key":"AttackPotion"},{"floor":22.0,"key":"AttackPotion"},{"floor":24.0,"key":"BlessingOfTheForge"},{"floor":28.0,"key":"LiquidBronze"},{"floor":31.0,"key":"SpeedPotion"}],"is_trial":false,"path_per_floor":["M","M","?","M","?","R","E","M","T","?","$","R","M","M","R","B",null,"M","?","M","?","M","R","E","M","T","M","M","M","R","M","R","B"],"character_chosen":"IRONCLAD","items_purchased":["Membership Card"],"campfire_rested":1,"item_purchase_floors":[11],"current_hp_per_floor":[78,80,69,75,68,68,42,46,46,80,80,80,80,77,77,16,64,44,44,47,47,20,45,26,33,33,51,49,54,54,63,63,0,0],"gold":267,"neow_bonus":"THREE_ENEMY_KILL","is_daily":false,"chose_seed":false,"campfire_upgraded":5,"win_rate":0.0,"timestamp":1609680350,"path_taken":["M","M","?","M","?","R","E","M","T","?","$","R","M","?","R","BOSS","M","?","?","?","M","R","E","M","T","M","M","M","R","M","R","BOSS"],"items_purchased_type":["Relic"],"build_version":"2020-12-22","purchased_purges":1,"victory":false,"max_hp_per_floor":[80,80,80,80,80,80,80,80,80,80,80,80,80,80,80,80,80,80,80,83,83,86,86,90,90,90,90,90,93,93,93,93,93,93],"card_choices":[{"not_picked":["Wild Strike","Iron Wave"],"picked":"Sword Boomerang","floor":1.0},{"not_picked":["Warcry","Whirlwind"],"picked":"Cleave","floor":2.0},{"not_picked":["Iron Wave","Anger"],"picked":"Armaments","floor":4.0},{"not_picked":["Warcry","Clash"],"picked":"Impervious","floor":7.0},{"not_picked":["Evolve","Dual Wield"],"picked":"Uppercut","floor":8.0},{"not_picked":["Clothesline","Warcry"],"picked":"Flex","floor":13.0},{"not_picked":["Wild Strike","Seeing Red"],"picked":"Evolve","floor":14.0},{"not_picked":["Corruption","Reaper"],"picked":"Feed","floor":16.0},{"not_picked":["Spot Weakness","Disarm"],"picked":"Pommel Strike+1","floor":18.0},{"not_picked":["Anger","Dark Embrace","Burning Pact"],"picked":"SKIP","floor":20.0},{"not_picked":["Pommel Strike","Clash","Feel No Pain"],"picked":"SKIP","floor":22.0},{"not_picked":["Sentinel+1","Perfected Strike+1"],"picked":"Seeing Red+1","floor":24.0},{"not_picked":["Reckless Charge+1","Intimidate"],"picked":"Disarm","floor":25.0},{"not_picked":["Headbutt","Anger"],"picked":"Warcry+1","floor":27.0},{"not_picked":["Searing Blow+1","Pommel Strike","Feel No Pain"],"picked":"SKIP","floor":28.0},{"not_picked":["Fiend Fire","Metallicize"],"picked":"Flex+1","floor":29.0},{"not_picked":["Sword Boomerang","Perfected Strike"],"picked":"Shrug It Off+1","floor":31.0}],"player_experience":162065,"relics_obtained":[{"floor":7.0,"key":"Smiling Mask"},{"floor":9.0,"key":"Boot"},{"floor":24.0,"key":"Meat on the Bone"},{"floor":26.0,"key":"Toxic Egg 2"},{"floor":26.0,"key":"Regal Pillow"}],"event_choices":[{"damage_healed":0.0,"max_hp_gain":0.0,"max_hp_loss":0.0,"gold_gain":75.0,"event_name":"World of Goop","player_choice":"Gather Gold","floor":3.0,"gold_loss":0.0,"damage_taken":11.0},{"cards_removed":["Strike_R"],"damage_healed":0.0,"max_hp_gain":0.0,"max_hp_loss":0.0,"gold_gain":0.0,"event_name":"Golden Wing","player_choice":"Card Removal","floor":5.0,"gold_loss":0.0,"damage_taken":7.0},{"damage_healed":34.0,"max_hp_gain":0.0,"max_hp_loss":0.0,"gold_gain":0.0,"event_name":"Wheel of Change","player_choice":"Full Heal","floor":10.0,"gold_loss":0.0,"damage_taken":0.0},{"damage_healed":0.0,"max_hp_gain":0.0,"max_hp_loss":0.0,"gold_gain":0.0,"event_name":"Match and Keep!","player_choice":"1 cards matched","floor":19.0,"gold_loss":0.0,"damage_taken":0.0,"cards_obtained":["Demon Form"]},{"damage_healed":0.0,"max_hp_gain":0.0,"max_hp_loss":0.0,"gold_gain":0.0,"event_name":"Addict","player_choice":"Obtained Relic","floor":21.0,"gold_loss":85.0,"damage_taken":0.0,"relics_obtained":["Matryoshka"]}],"is_beta":false,"boss_relics":[{"not_picked":["Empty Cage","Snecko Eye"],"picked":"Cursed Key"}],"items_purged_floors":[11],"is_endless":false,"potions_floor_spawned":[13,14,16,22,24,28,31],"killed_by":"Collector","ascension_level":7}}