{"host":"x55kpoxlefzp6sa3","time":1609636216,"event":{"mods":["AchievementEnabler","Act Like it!","BaseMod","BetterRewards","Colored Map","Colored Powertips","Highlight Path","Lobotomy","Minty Spire (QoL Compilation)","Quick Restart","Replay The Spire","StSLib"],"gold_per_floor":[363,378,378,378,475,475,505,521,576,589,607,623,623,548,548,645,645,663,674,674,674,674,693,793,793,793],"floor_reached":25,"playtime":1642,"items_purged":["Defend_G"],"score":203,"play_id":"38970582-390a-42e1-a363-5c31ef9d8634","local_time":"20210103021016","is_ascension_mode":false,"campfire_choices":[{"floor":6,"key":"REST"},{"floor":13,"key":"REST"},{"floor":15,"key":"REST"}],"circlet_count":0,"master_deck":["Strike_G","Strike_G","Strike_G","Strike_G","Strike_G","Defend_G","Defend_G","Defend_G","Defend_G+1","Survivor+1","Neutralize+1","Deflect","Dagger Spray","Backflip","Acrobatics","Blade Dance","Prepared","Storm of Steel","Tactician+1","RitualDagger"],"relics":["Ring of the Snake","Omamori","ReplayFunnel","War Paint","WristBlade"],"acts_visited":["Exordium","TheCity"],"potions_floor_usage":[7,16,16,25],"damage_taken":[{"damage":5,"enemies":"Jaw Worm","floor":1,"turns":6},{"damage":3,"enemies":"2 Louse","floor":2,"turns":2},{"damage":12,"enemies":"3 Sentries","floor":7,"turns":10},{"damage":0,"enemies":"Cultist","floor":8,"turns":3},{"damage":9,"enemies":"3 Louse","floor":10,"turns":3},{"damage":5,"enemies":"2 Fungi Beasts","floor":11,"turns":3},{"damage":2,"enemies":"Lots of Slimes","floor":12,"turns":3},{"damage":57,"enemies":"Slime Boss","floor":16,"turns":17},{"damage":10,"enemies":"2 Thieves","floor":18,"turns":4},{"damage":12,"enemies":"Chosen","floor":19,"turns":5},{"damage":15,"enemies":"Snecko","floor":23,"turns":3},{"damage":27,"enemies":"Replay:Snechameleon","floor":25,"turns":6}],"seed_played":"1081640333424341623","potions_obtained":[{"floor":2,"key":"EssenceOfSteel"},{"floor":8,"key":"Weak Potion"},{"floor":11,"key":"Swift Potion"},{"floor":19,"key":"Elixir"}],"is_trial":false,"path_per_floor":["M","M","?","?","?","R","E","M","T","M","M","M","R","$","R","B",null,"M","M","?","PTL","PTL","M","?","E"],"character_chosen":"THE_SILENT","items_purchased":[],"campfire_rested":3,"item_purchase_floors":[],"current_hp_per_floor":[44,41,41,41,24,45,33,33,33,24,19,17,38,38,59,2,70,60,48,42,42,42,27,27,0,0],"gold":793,"neow_bonus":"TWO_FIFTY_GOLD","is_daily":false,"chose_seed":false,"campfire_upgraded":0,"win_rate":0.0,"timestamp":1609636216,"path_taken":["M","M","?","?","?","R","E","M","T","M","?","M","R","$","R","BOSS","M","M","?","PTL","PTL","M","?","E"],"items_purchased_type":[],"build_version":"2020-12-22","purchased_purges":1,"victory":false,"max_hp_per_floor":[70,70,70,70,70,70,70,70,70,70,70,70,70,70,70,70,70,70,70,70,70,70,70,70,70,70],"card_choices":[{"not_picked":["Slice","Flying Knee"],"picked":"Deflect","floor":1},{"not_picked":["Cloak And Dagger","Reflex"],"picked":"Dagger Spray","floor":2},{"not_picked":["Blade Dance","ReplayTheSpireMod:Speed Training"],"picked":"Backflip","floor":5},{"not_picked":["Reflex","Underhanded Strike"],"picked":"Acrobatics","floor":5},{"not_picked":["Riddle With Holes","Choke"],"picked":"Blade Dance","floor":7},{"not_picked":["Underhanded Strike","Sucker Punch","Fluid Movement"],"picked":"SKIP","floor":8},{"not_picked":["Quick Slash","PiercingWail"],"picked":"Prepared","floor":10},{"not_picked":["Outmaneuver","Noxious Fumes","Quick Slash"],"picked":"SKIP","floor":11},{"not_picked":["Outmaneuver","ReplayTheSpireMod:Exploit Weakness","Masterful Stab"],"picked":"SKIP","floor":12},{"not_picked":["Unload","Grand Finale"],"picked":"Storm of Steel","floor":16},{"not_picked":["Poisoned Stab","PiercingWail+1"],"picked":"Tactician+1","floor":18},{"not_picked":["Poisoned Stab","Deadly Poison+1","Dodge and Roll"],"picked":"SKIP","floor":19},{"not_picked":["Dash","Flying Knee+1","Crippling Poison+1"],"picked":"SKIP","floor":23}],"player_experience":225005,"relics_obtained":[{"floor":5,"key":"Omamori"},{"floor":7,"key":"ReplayFunnel"},{"floor":9,"key":"War Paint"}],"event_choices":[{"damage_healed":0,"gold_gain":0,"player_choice":"Ignored","damage_taken":0,"max_hp_gain":0,"max_hp_loss":0,"event_name":"Liars Game","floor":4,"gold_loss":0},{"damage_healed":0,"gold_gain":0,"player_choice":"Joined the Cult","damage_taken":6,"max_hp_gain":0,"max_hp_loss":0,"event_name":"Nest","floor":20,"gold_loss":0,"cards_obtained":["RitualDagger"]},{"damage_healed":0,"gold_gain":100,"player_choice":"Pray","damage_taken":0,"max_hp_gain":0,"max_hp_loss":0,"event_name":"Golden Shrine","floor":24,"gold_loss":0}],"is_beta":false,"boss_relics":[{"not_picked":["Replay:Grab Bag","Black Star"],"picked":"WristBlade"}],"items_purged_floors":[14],"is_endless":false,"potions_floor_spawned":[2,8,11,19],"killed_by":"Replay:Snechameleon","ascension_level":0}}