{"host":"ixqzyafodex1tsi5","time":1609677283,"event":{"mods":["ATMod(°¢èªMod)","AchievementEnabler","Act Like it!","BaseMod","Gensokyo","GifTheSpireLib","Lobotomy","LobotomyExtend","Luminous","Minty Spire (QoL Compilation)","Relic Stats","Replay The Spire","RumiaBox-Â¶Ã×æ«µÄÉñÃØºÐ×Ó","Shop Mod","Spicy Shops","StSLib","The Cursed","[IsaacMod]ÒÔÈö¼âËþ","¡¾¹¦ÄÜMod¡¿»ìãçÖ®»·ÐÞ¸´²¹¶¡","¡¾ÒÅÎï¿¨ÅÆ¡¿REMEMod"],"gold_per_floor":[119,119,294,294,312,361,59,89,113,726,475,475,475,494,494,595,595,611,611,643,438,653,692,2314,2314,2385,2385,2385,2304,2323,2333,2333,2447,2447,2462,2462,2473,2573,2583,2583,2626,2626,2651,2651],"floor_reached":45,"playtime":1064,"items_purged":["Doubt","Pain","Regret","Defend_G","Madness","Madness","Madness","Madness","Strike_G"],"score":1055,"play_id":"96725b19-46b3-432c-8afd-ad9045ba77f6","local_time":"20210103203443","is_ascension_mode":true,"campfire_choices":[{"data":"Blade Dance","floor":12.0,"key":"SMITH"},{"data":"Madness","floor":15,"key":"PURGE"},{"data":"Bouncing Flask","floor":25,"key":"SMITH"},{"data":"Dagger Spray","floor":28,"key":"SMITH"},{"data":"Adrenaline","floor":32,"key":"SMITH"},{"data":"AT_KingSlayer","floor":40,"key":"SMITH"}],"circlet_count":0,"master_deck":["Strike_G+1","Strike_G","Defend_G","Defend_G+1","Defend_G+1","BettingIsNotGood","LessonLearned+1","Deadly Poison+1","RedShoes","QueenBee","Blade Dance+1","Madness","Quick Slash+1","Die Die Die","AbeCurse","ReplayTheSpireMod:IOU","ReplayTheSpireMod:IOU","ReplayTheSpireMod:IOU","ReplayTheSpireMod:IOU","ReplayTheSpireMod:IOU","ReplayTheSpireMod:IOU","ReplayTheSpireMod:IOU","ReplayTheSpireMod:IOU","ReplayTheSpireMod:IOU","ReplayTheSpireMod:IOU","ReplayTheSpireMod:IOU","ReplayTheSpireMod:IOU","ReplayTheSpireMod:IOU","ReplayTheSpireMod:IOU","Bouncing Flask+1","Bouncing Flask+1","ReplayTheSpireMod:IOU","ReplayTheSpireMod:IOU","ReplayTheSpireMod:IOU","Dagger Spray+1","ReplayTheSpireMod:IOU","ReplayTheSpireMod:IOU","ReplayTheSpireMod:IOU","ReplayTheSpireMod:IOU","ReplayTheSpireMod:IOU","ReplayTheSpireMod:IOU","ReplayTheSpireMod:IOU","ReplayTheSpireMod:IOU","ReplayTheSpireMod:IOU","ReplayTheSpireMod:IOU","ReplayTheSpireMod:IOU","ReplayTheSpireMod:IOU","ReplayTheSpireMod:IOU","ReplayTheSpireMod:IOU","ReplayTheSpireMod:IOU","ReplayTheSpireMod:IOU","ReplayTheSpireMod:IOU","ReplayTheSpireMod:IOU","ReplayTheSpireMod:IOU","ReplayTheSpireMod:IOU","ReplayTheSpireMod:IOU","Dagger Spray+1","NothingThere","Adrenaline+1","AT_KingSlayer+1"],"relics":["Ring of the Serpent","REME_ComplimentaryCards","HushsDoor","AT_ATBox","PillsDrop","CogitoBucket","LetterFromLob","AT_BladeRuinedKing","Replay:Wax Seal","Gremlin Food","GodSword5","Nunchaku","MoneyPower","Boot","Potion Belt","Sling","Orichalcum","REME_CardOfGreed","Abe\u0027s Treasure","AdjustmentMirror","Bottled Flame","BloodBag","ReplayTheSpireMod:TigerMarble","MagicDraw3","BFFS","Membership Card","Ninja Scroll","CeramicFish","GodSword4","BookOfRevelations","TwistedFunnel","Ginger","HandDrill","AT_RedTearstoneRing","MagicDraw1","StrikeDummy","Blue Candle","BehaviorAdjustment","AT_MibuBalloonWealth"],"acts_visited":["Exordium","TheCity","TheBeyond"],"potions_floor_usage":[],"damage_taken":[{"damage":2.0,"enemies":"2 Louse","floor":1.0,"turns":2.0},{"damage":0.0,"enemies":"Cultist","floor":5.0,"turns":2.0},{"damage":27.0,"enemies":"3 Sentries","floor":6.0,"turns":6.0},{"damage":3.0,"enemies":"Gremlin Nob","floor":8.0,"turns":2.0},{"damage":0,"enemies":"Jaw Worm","floor":14,"turns":1},{"damage":26,"enemies":"Hexaghost","floor":16,"turns":4},{"damage":10,"enemies":"Shell Parasite","floor":18,"turns":1},{"damage":12,"enemies":"2 Thieves","floor":20,"turns":2},{"damage":0,"enemies":"Gremlin Leader","floor":23,"turns":2},{"damage":1,"enemies":"Cultist and Chosen","floor":29,"turns":1},{"damage":0,"enemies":"Centurion and Healer","floor":30,"turns":1},{"damage":0,"enemies":"Snake Plant","floor":31,"turns":1},{"damage":47,"enemies":"Automaton","floor":33,"turns":1},{"damage":21,"enemies":"3 Darklings","floor":35,"turns":1},{"damage":21,"enemies":"3 Shapes","floor":37,"turns":1},{"damage":24,"enemies":"Spire Growth","floor":39,"turns":1},{"damage":35,"enemies":"Reptomancer","floor":41,"turns":1},{"damage":40,"enemies":"Replay:Hell Engine","floor":43,"turns":1}],"seed_played":"3833206417842158285","potions_obtained":[{"floor":5.0,"key":"DistilledChaos"},{"floor":16,"key":"ColorlessPotion"},{"floor":29,"key":"Swift Potion"},{"floor":30,"key":"Swift Potion"}],"is_trial":false,"path_per_floor":["M","?","?","?","M","E","$","E","T","$","$","R","?","M","R","B",null,"M","?","M","$","$","E","$","R","T","?","R","M","M","M","R","B",null,"M","?","M","?","M","R","E","?","B",null,null],"character_chosen":"THE_SILENT","items_purchased":["Replay:Wax Seal","Gremlin Food","MoneyPower","Boot","Potion Belt","Sling","Orichalcum","REME_CardOfGreed","Bottled Flame","BloodDonationMachine","ReplayTheSpireMod:TigerMarble","MagicDraw3","BFFS","Membership Card","Ninja Scroll","CeramicFish","GodSword4","BookOfRevelations","TwistedFunnel","Bouncing Flask","HandDrill","AT_RedTearstoneRing","MagicDraw1","StrikeDummy","Dagger Spray"],"campfire_rested":0,"item_purchase_floors":[7,7,10,10,11,11,11,11,21,21,21,21,21,22,22,22,22,22,22,22,24,24,24,24,24],"current_hp_per_floor":[61,61,61,47,55,28,28,25,25,25,25,25,60,60,60,34,70,60,60,48,32,32,32,32,32,32,32,32,31,56,75,75,75,75,73,73,73,73,74,74,75,75,75,75],"gold":2651,"neow_bonus":"","is_daily":false,"chose_seed":false,"campfire_upgraded":5,"win_rate":0.0,"timestamp":1609677283,"path_taken":["M","?","?","?","?","E","$","E","T","?","$","R","?","M","R","BOSS","M","?","M","?","$","E","$","R","T","?","R","?","M","M","R","BOSS","M","?","M","?","?","R","E","?","BOSS"],"items_purchased_type":["Relic","Relic","Relic","Relic","Relic","Relic","Relic","Relic","Relic","Relic","Relic","Relic","Relic","Relic","Relic","Relic","Relic","Relic","Relic","Card","Relic","Relic","Relic","Relic","Card"],"build_version":"2020-12-22","purchased_purges":9,"victory":true,"max_hp_per_floor":[70,70,70,70,73,73,73,73,73,73,73,73,73,73,73,73,73,73,73,73,80,80,75,75,75,75,75,75,75,75,75,75,75,75,75,75,75,75,75,75,75,75,75,75],"relic_stats":{"Nunchaku":[7],"counters":[20,33],"CeramicFish":333,"Blue Candle":[1],"HandDrill":[2],"Ginger":[0],"Orichalcum":[18],"Boot":[151],"obtain_stats":[{"TwistedFunnel":22,"AT_ATBox":0,"CeramicFish":22,"AT_MibuBalloonWealth":41,"Ginger":23,"AdjustmentMirror":18,"Boot":10,"Sling":11,"MagicDraw3":21,"BFFS":21,"MagicDraw1":24,"CogitoBucket":0,"Nunchaku":9,"Ninja Scroll":22,"PillsDrop":0,"HandDrill":24,"Replay:Wax Seal":7,"Ring of the Snake":0,"KeepersGift":0,"Gremlin Food":7,"Potion Belt":11,"AT_RedTearstoneRing":24,"Blue Candle":26,"BookOfRevelations":22,"AT_BladeRuinedKing":6,"MoneyPower":10,"Orichalcum":11,"BloodBag":21,"Bottled Flame":21,"BehaviorAdjustment":31,"LetterFromLob":1,"ReplayTheSpireMod:TigerMarble":21,"GodSword5":8,"REME_CardOfGreed":11,"Membership Card":22,"GodSword4":22,"HushsDoor":0,"StrikeDummy":24,"Abe\u0027s Treasure":17,"Ring of the Serpent":34,"REME_ComplimentaryCards":0,"BloodDonationMachine":21},{"TwistedFunnel":9,"AT_ATBox":0,"CeramicFish":9,"AT_MibuBalloonWealth":19,"Ginger":10,"AdjustmentMirror":8,"Boot":4,"Sling":4,"MagicDraw3":9,"BFFS":9,"MagicDraw1":10,"CogitoBucket":0,"Nunchaku":4,"Ninja Scroll":9,"PillsDrop":0,"HandDrill":10,"Replay:Wax Seal":3,"Ring of the Snake":0,"KeepersGift":0,"Gremlin Food":3,"Potion Belt":4,"AT_RedTearstoneRing":10,"Blue Candle":10,"BookOfRevelations":9,"AT_BladeRuinedKing":3,"MoneyPower":4,"Orichalcum":4,"BloodBag":9,"Bottled Flame":9,"BehaviorAdjustment":14,"LetterFromLob":1,"ReplayTheSpireMod:TigerMarble":9,"GodSword5":4,"REME_CardOfGreed":4,"Membership Card":9,"GodSword4":9,"HushsDoor":0,"StrikeDummy":10,"Abe\u0027s Treasure":6,"Ring of the Serpent":15,"REME_ComplimentaryCards":0,"BloodDonationMachine":9},{"TwistedFunnel":21,"AT_ATBox":0,"CeramicFish":21,"AT_MibuBalloonWealth":32,"Ginger":23,"AdjustmentMirror":19,"Boot":12,"Sling":12,"MagicDraw3":21,"BFFS":21,"MagicDraw1":23,"CogitoBucket":0,"Nunchaku":12,"Ninja Scroll":21,"PillsDrop":0,"HandDrill":23,"Replay:Wax Seal":10,"Ring of the Snake":0,"KeepersGift":0,"Gremlin Food":10,"Potion Belt":12,"AT_RedTearstoneRing":23,"Blue Candle":23,"BookOfRevelations":21,"AT_BladeRuinedKing":10,"MoneyPower":12,"Orichalcum":12,"BloodBag":21,"Bottled Flame":21,"BehaviorAdjustment":27,"LetterFromLob":2,"ReplayTheSpireMod:TigerMarble":21,"GodSword5":12,"REME_CardOfGreed":12,"Membership Card":21,"GodSword4":21,"HushsDoor":0,"StrikeDummy":23,"Abe\u0027s Treasure":17,"Ring of the Serpent":28,"REME_ComplimentaryCards":0,"BloodDonationMachine":21}]},"card_choices":[{"not_picked":[],"picked":"BettingIsNotGood","floor":0.0},{"not_picked":["OldLady","Wellcheers","Murderer"],"picked":"Singing Bowl","floor":1.0},{"not_picked":["Outmaneuver","Fluid Movement"],"picked":"Deadly Poison","floor":1.0},{"not_picked":["MeatLantern","CherryBlossoms","OSAHOGD"],"picked":"Singing Bowl","floor":5.0},{"not_picked":["SpiderBud","BlackSwan"],"picked":"RedShoes","floor":5.0},{"not_picked":["Dodge and Roll","Acrobatics","PiercingWail"],"picked":"SKIP","floor":5.0},{"not_picked":["OldLady","UniverseFragment"],"picked":"QueenBee","floor":6.0},{"not_picked":["Hidden Blade","AT_ShadowStep"],"picked":"Blade Dance","floor":6.0},{"not_picked":["OSAHOGD","PunishingBird","QueenOfHatred"],"picked":"Singing Bowl","floor":8.0},{"not_picked":["Footwork","AT_ThistleTea","Accuracy"],"picked":"SKIP","floor":8.0},{"not_picked":["MHz","Bloodbath","Murderer"],"picked":"Singing Bowl","floor":14},{"not_picked":["Tactician","Deadly Poison"],"picked":"Quick Slash","floor":14},{"not_picked":["WallGazer","MHz","SnowQueen"],"picked":"Singing Bowl","floor":16},{"not_picked":["ReplayTheSpireMod:From All Sides","ReplayTheSpireMod:Necrosis"],"picked":"Die Die Die","floor":16},{"not_picked":["SnowQueen","FairyFestival","WhitesApple"],"picked":"Singing Bowl","floor":18},{"not_picked":["Predator","AT_TinkerSharpsword","Deadly Poison"],"picked":"SKIP","floor":18},{"not_picked":["CrumblingArmor","FairyFestival","SpiderBud"],"picked":"Singing Bowl","floor":20},{"not_picked":["Terror","AT_WindFlip","Backflip"],"picked":"SKIP","floor":20},{"not_picked":["WallGazer","GalaxyChild","UniverseFragment"],"picked":"Singing Bowl","floor":23},{"not_picked":["Sneak Up+1","Dagger Throw"],"picked":"Dagger Spray","floor":23},{"not_picked":["DespairKnight","PunishingBird","GreedKing"],"picked":"Singing Bowl","floor":29},{"not_picked":["BeautyBeast","DespairKnight"],"picked":"NothingThere","floor":29},{"not_picked":["Well Laid Plans","AT_ThistleTea+1","Bane+1"],"picked":"SKIP","floor":29},{"not_picked":["Rudolta","OldLady","Variant"],"picked":"Singing Bowl","floor":30},{"not_picked":["Backflip+1","Outmaneuver"],"picked":"Adrenaline","floor":30},{"not_picked":["LittleHelper","Yin","Scorched"],"picked":"Singing Bowl","floor":31},{"not_picked":["Hidden Blade","Backflip","Cloak And Dagger"],"picked":"SKIP","floor":31},{"not_picked":["PunishingBird","NakedNest","BigBird"],"picked":"Singing Bowl","floor":33},{"not_picked":["After Image","A Thousand Cuts"],"picked":"AT_KingSlayer","floor":33},{"not_picked":["BeautyBeast","Mercenary","Porccubus"],"picked":"Singing Bowl","floor":35},{"not_picked":["Bane+1","Setup","Deadly Poison"],"picked":"SKIP","floor":35},{"not_picked":["LaLuna","CrumblingArmor","GreedKing"],"picked":"Singing Bowl","floor":37},{"not_picked":["AT_WindFlip","Poison Darts","Flechettes"],"picked":"SKIP","floor":37},{"not_picked":["Funeral","LongBird","ShyLook"],"picked":"Singing Bowl","floor":39},{"not_picked":["Setup","Slice+1","Acrobatics"],"picked":"SKIP","floor":39},{"not_picked":["CENSORED","HappyTeddy","Woodsman"],"picked":"Singing Bowl","floor":41},{"not_picked":["Flying Knee+1","Poisoned Stab","AT_WindFlip+1"],"picked":"SKIP","floor":41}],"player_experience":217106,"relics_obtained":[{"floor":1.0,"key":"LetterFromLob"},{"floor":6.0,"key":"AT_BladeRuinedKing"},{"floor":8.0,"key":"GodSword5"},{"floor":9.0,"key":"Nunchaku"},{"floor":23,"key":"Ginger"},{"floor":26,"key":"Blue Candle"},{"floor":41,"key":"AT_MibuBalloonWealth"}],"event_choices":[{"damage_healed":0.0,"max_hp_gain":0.0,"max_hp_loss":0.0,"gold_gain":175.0,"event_name":"Liars Game","player_choice":"AGREE","floor":3.0,"gold_loss":0.0,"damage_taken":0.0,"cards_obtained":["Doubt"]},{"damage_healed":0.0,"max_hp_gain":0.0,"max_hp_loss":0.0,"gold_gain":0.0,"event_name":"Shining Light","player_choice":"Entered Light","floor":4.0,"gold_loss":0.0,"damage_taken":14.0,"cards_upgraded":["Neutralize","Deadly Poison"]},{"damage_healed":0,"gold_gain":0,"player_choice":"Ignored","damage_taken":0,"max_hp_gain":0,"max_hp_loss":0,"event_name":"Vampires","floor":19,"gold_loss":0},{"damage_healed":0,"gold_gain":0,"player_choice":"Ignored","damage_taken":0,"max_hp_gain":0,"max_hp_loss":0,"event_name":"Ghosts","floor":27,"gold_loss":0},{"damage_healed":0,"gold_gain":100,"player_choice":"Pray","damage_taken":0,"max_hp_gain":0,"max_hp_loss":0,"event_name":"Golden Shrine","floor":38,"gold_loss":0},{"damage_healed":0,"gold_gain":0,"player_choice":"Took Portal","damage_taken":0,"max_hp_gain":0,"max_hp_loss":0,"event_name":"SecretPortal","floor":42,"gold_loss":0}],"is_beta":false,"boss_relics":[{"not_picked":["Replay:Bronze Core","Ring of Chaos"],"picked":"Abe\u0027s Treasure"},{"not_picked":[]},{"not_picked":["Kintsugi","Cursed Key"],"picked":"Ring of the Serpent"},{"not_picked":[]}],"items_purged_floors":[7,7,10,11,21,21,22,24,24],"is_endless":false,"potions_floor_spawned":[5,16,29,30],"ascension_level":6}}