{"host":"1u4zr9vl8my47i07","time":1609709789,"event":{"mods":["AchievementEnabler","BaseMod","DeckTracker","Highlight Path","Keyboard Shortcuts","Minty Spire (QoL Compilation)","Relic Stats","StSLib","SuperFastMode","The Animator","Uncapped","Waifu the Spire","everything is the same but u backflip on backflip"],"gold_per_floor":[119,132,148,163,238,273,273,288,336,364,364,377,477,497,497,575,575,588,5,22,40,54,54,69,69,69,89,89,124,138,38,38,38,38],"floor_reached":33,"playtime":1662,"items_purged":["Strike_R+1","Strike_R+1"],"score":506,"play_id":"df98a019-0faf-43f9-91ee-a71f6ad8b152","local_time":"20210104063629","is_ascension_mode":true,"campfire_choices":[{"floor":11.0,"key":"REST"},{"data":"Blood for Blood","floor":15.0,"key":"SMITH"},{"floor":23.0,"key":"REST"},{"floor":28.0,"key":"REST"},{"floor":32,"key":"REST"}],"circlet_count":0,"master_deck":["AscendersBane","Defend_R","Defend_R","Defend_R","Defend_R","Bash","Feed","Shrug It Off","Cleave","Sword Boomerang","Pommel Strike","Dual Wield","Blood for Blood+1","Clothesline","Flame Barrier","Immolate","Juggernaut+1","Blood for Blood+1","Second Wind+1","Shrug It Off","Battle Trance","Impervious","Ghostly","Ghostly","Ghostly","Ghostly","Ghostly","Thunderclap","Seeing Red+1"],"relics":["Burning Blood","Potion Belt","Whetstone","Pear","Astrolabe","Calipers","Paper Frog","Orichalcum"],"acts_visited":["Exordium","TheCity"],"potions_floor_usage":[30],"damage_taken":[{"damage":3.0,"enemies":"2 Louse","floor":1.0,"turns":3.0},{"damage":7.0,"enemies":"Jaw Worm","floor":2.0,"turns":4.0},{"damage":3.0,"enemies":"Cultist","floor":3.0,"turns":4.0},{"damage":14.0,"enemies":"Looter","floor":4.0,"turns":3.0},{"damage":37.0,"enemies":"3 Sentries","floor":6.0,"turns":9.0},{"damage":6.0,"enemies":"2 Fungi Beasts","floor":8.0,"turns":4.0},{"damage":50.0,"enemies":"Lagavulin","floor":10.0,"turns":9.0},{"damage":22.0,"enemies":"Exordium Wildlife","floor":12.0,"turns":6.0},{"damage":4.0,"enemies":"Looter","floor":14.0,"turns":3.0},{"damage":44.0,"enemies":"Slime Boss","floor":16.0,"turns":11.0},{"damage":33.0,"enemies":"2 Thieves","floor":18.0,"turns":5.0},{"damage":46.0,"enemies":"Shell Parasite","floor":20.0,"turns":5.0},{"damage":17.0,"enemies":"Centurion and Healer","floor":21.0,"turns":8.0},{"damage":0.0,"enemies":"Snecko","floor":22.0,"turns":4.0},{"damage":33.0,"enemies":"Cultist and Chosen","floor":24.0,"turns":8.0},{"damage":15.0,"enemies":"Snake Plant","floor":27.0,"turns":7.0},{"damage":22.0,"enemies":"Slavers","floor":29.0,"turns":9.0},{"damage":8,"enemies":"Centurion and Healer","floor":30,"turns":8},{"damage":15,"enemies":"Champ","floor":33,"turns":10}],"seed_played":"8805442927104958526","potions_obtained":[{"floor":2.0,"key":"Energy Potion"},{"floor":4.0,"key":"Regen Potion"},{"floor":6.0,"key":"SkillPotion"},{"floor":12.0,"key":"ColorlessPotion"},{"floor":14.0,"key":"Regen Potion"},{"floor":20.0,"key":"Ancient Potion"},{"floor":27.0,"key":"Explosive Potion"},{"floor":29.0,"key":"PowerPotion"}],"is_trial":false,"path_per_floor":["M","M","M","M","?","E","?","M","T","E","R","M","?","M","R","B",null,"M","$","M","M","M","R","M","?","T","M","R","E","M","$","R","B"],"character_chosen":"IRONCLAD","items_purchased":["Calipers","FairyPotion","FairyPotion"],"campfire_rested":4,"item_purchase_floors":[19,19,19],"current_hp_per_floor":[74,76,82,77,66,38,38,41,41,21,51,38,38,40,40,17,84,60,60,20,9,15,47,20,20,20,11,27,11,12,12,29,14,14],"gold":38,"neow_bonus":"ONE_RANDOM_RARE_CARD","is_daily":false,"chose_seed":false,"campfire_upgraded":1,"win_rate":0.0,"timestamp":1609709789,"path_taken":["M","M","M","M","?","E","?","M","T","E","R","M","?","M","R","BOSS","M","$","M","M","M","R","M","?","T","M","R","E","M","$","R","BOSS"],"items_purchased_type":["Relic","Potion","Potion"],"build_version":"2020-12-22","purchased_purges":2,"victory":false,"max_hp_per_floor":[78,81,84,87,87,90,90,93,93,103,103,106,106,106,106,106,106,109,109,109,109,109,109,109,54,54,54,54,54,57,57,57,57,57],"relic_stats":{"counters":[19,120],"Astrolabe":["Juggernaut","Blood for Blood","Second Wind"],"Whetstone":["Strike_R","Strike_R"],"Orichalcum":[48],"obtain_stats":[{"Potion Belt":6,"Pear":10,"Calipers":19,"Astrolabe":17,"Whetstone":9,"Orichalcum":29,"Burning Blood":0,"Paper Frog":26},{"Potion Belt":5,"Pear":7,"Calipers":11,"Astrolabe":10,"Whetstone":6,"Orichalcum":17,"Burning Blood":0,"Paper Frog":15},{"Potion Belt":23,"Pear":36,"Calipers":61,"Astrolabe":56,"Whetstone":27,"Orichalcum":102,"Burning Blood":0,"Paper Frog":86}],"Burning Blood":108},"card_choices":[{"not_picked":["Pommel Strike","True Grit"],"picked":"Shrug It Off","floor":1.0},{"not_picked":["Heavy Blade","Shrug It Off"],"picked":"Cleave","floor":2.0},{"not_picked":["Iron Wave","Rupture"],"picked":"Sword Boomerang","floor":3.0},{"not_picked":["Anger","Armaments"],"picked":"Pommel Strike","floor":4.0},{"not_picked":["Sword Boomerang","Feed"],"picked":"Dual Wield","floor":6.0},{"not_picked":["Dropkick","Clothesline"],"picked":"Blood for Blood","floor":8.0},{"not_picked":["Perfected Strike","Heavy Blade","Iron Wave"],"picked":"SKIP","floor":10.0},{"not_picked":["Infernal Blade","Pommel Strike"],"picked":"Clothesline","floor":12.0},{"not_picked":["Armaments","Headbutt"],"picked":"Flame Barrier","floor":14.0},{"not_picked":["Juggernaut","Corruption"],"picked":"Immolate","floor":16.0},{"not_picked":["Havoc","Anger"],"picked":"Shrug It Off","floor":18.0},{"not_picked":["Feed","Sword Boomerang+1","Havoc"],"picked":"SKIP","floor":20.0},{"not_picked":["Blood for Blood","True Grit"],"picked":"Battle Trance","floor":21.0},{"not_picked":["Cleave+1","True Grit","Clash"],"picked":"SKIP","floor":22.0},{"not_picked":["Iron Wave","Dropkick"],"picked":"Impervious","floor":24.0},{"not_picked":["Second Wind","Sword Boomerang+1","Twin Strike"],"picked":"SKIP","floor":27.0},{"not_picked":["Hemokinesis+1","Combust"],"picked":"Thunderclap","floor":29.0},{"not_picked":["Body Slam+1","Metallicize"],"picked":"Seeing Red+1","floor":30}],"player_experience":259490,"relics_obtained":[{"floor":6.0,"key":"Potion Belt"},{"floor":9.0,"key":"Whetstone"},{"floor":10.0,"key":"Pear"},{"floor":26.0,"key":"Paper Frog"},{"floor":29.0,"key":"Orichalcum"}],"event_choices":[{"damage_healed":0.0,"max_hp_gain":0.0,"max_hp_loss":0.0,"gold_gain":75.0,"event_name":"World of Goop","player_choice":"Gather Gold","floor":5.0,"gold_loss":0.0,"damage_taken":11.0},{"damage_healed":0.0,"max_hp_gain":0.0,"max_hp_loss":0.0,"gold_gain":0.0,"event_name":"Liars Game","player_choice":"Ignored","floor":7.0,"gold_loss":0.0,"damage_taken":0.0},{"damage_healed":0.0,"max_hp_gain":0.0,"max_hp_loss":0.0,"gold_gain":100.0,"event_name":"Golden Shrine","player_choice":"Pray","floor":13.0,"gold_loss":0.0,"damage_taken":0.0},{"damage_healed":0.0,"max_hp_gain":0.0,"max_hp_loss":55.0,"gold_gain":0.0,"event_name":"Ghosts","player_choice":"Became a Ghost","floor":25.0,"gold_loss":0.0,"damage_taken":0.0,"cards_obtained":["Ghostly","Ghostly","Ghostly","Ghostly","Ghostly"]}],"is_beta":false,"boss_relics":[{"not_picked":["Tiny House","Fusion Hammer"],"picked":"Astrolabe"}],"items_purged_floors":[19,31],"is_endless":false,"potions_floor_spawned":[2,4,6,12,14,20,27,29],"killed_by":"Champ","ascension_level":14}}