{"host":"63rwe7p34ct1i0qu","time":1609691264,"event":{"mods":["BaseMod","Colored Map","DeckTracker","Minty Spire (QoL Compilation)","Permanent Neow","Quick Restart","StSLib"],"gold_per_floor":[111,111,122,122,141,167,167,184,210,236,236,236,236,256,256,353,353,367,292,592,604,616,616,616],"floor_reached":23,"playtime":666,"items_purged":[],"score":322,"play_id":"106ee73d-557e-4ffa-9b2a-980f8e4c195d","local_time":"20210104012744","is_ascension_mode":true,"campfire_choices":[{"floor":7,"key":"REST"},{"floor":11,"key":"REST"},{"data":"Infernal Blade","floor":13,"key":"SMITH"},{"data":"Sword Boomerang","floor":15,"key":"SMITH"}],"circlet_count":0,"master_deck":["AscendersBane","Strike_R","Strike_R+1","Defend_R+1","Defend_R+1","Defend_R","Defend_R","Bash","Demon Form+1","Headbutt","Shockwave","Infernal Blade+1","Thunderclap","Reaper","Sword Boomerang+1","Double Tap","Blood for Blood","Armaments+1"],"relics":["Burning Blood","PreservedInsect","Smiling Mask","War Paint","SlaversCollar","Old Coin"],"acts_visited":["Exordium","TheCity"],"potions_floor_usage":[8,18],"damage_taken":[{"damage":13,"enemies":"Small Slimes","floor":1,"turns":4},{"damage":2,"enemies":"2 Louse","floor":3,"turns":3},{"damage":4,"enemies":"Jaw Worm","floor":5,"turns":4},{"damage":32,"enemies":"Gremlin Nob","floor":6,"turns":4},{"damage":8,"enemies":"Large Slime","floor":8,"turns":5},{"damage":16,"enemies":"Lagavulin","floor":10,"turns":5},{"damage":4,"enemies":"Red Slaver","floor":14,"turns":5},{"damage":15,"enemies":"Slime Boss","floor":16,"turns":6},{"damage":33,"enemies":"Spheric Guardian","floor":18,"turns":4},{"damage":30,"enemies":"3 Byrds","floor":21,"turns":5},{"damage":47,"enemies":"Centurion and Healer","floor":22,"turns":5},{"damage":18,"enemies":"Gremlin Leader","floor":23,"turns":4}],"seed_played":"5915909392423169425","potions_obtained":[{"floor":6,"key":"Energy Potion"},{"floor":8,"key":"EssenceOfSteel"},{"floor":10,"key":"SkillPotion"},{"floor":14,"key":"Explosive Potion"},{"floor":21,"key":"FairyPotion"}],"is_trial":false,"path_per_floor":["M","?","M","?","M","E","R","M","T","E","R","?","R","M","R","B",null,"M","?","?","M","M","E"],"character_chosen":"IRONCLAD","items_purchased":[],"campfire_rested":2,"item_purchase_floors":[],"current_hp_per_floor":[65,58,62,48,50,24,45,43,43,33,54,54,54,61,61,72,72,45,45,45,27,13,3,3],"gold":616,"neow_bonus":"THREE_RARE_CARDS","is_daily":false,"chose_seed":false,"campfire_upgraded":2,"win_rate":0.0,"timestamp":1609691264,"path_taken":["M","?","M","?","M","E","R","M","T","E","R","?","R","M","R","BOSS","M","?","?","?","M","E"],"items_purchased_type":[],"build_version":"2020-12-22","purchased_purges":0,"victory":false,"max_hp_per_floor":[72,72,72,72,72,72,72,72,72,72,72,72,72,72,72,72,72,72,72,72,72,72,72,72],"card_choices":[{"not_picked":["Reaper","Bludgeon"],"picked":"Demon Form","floor":0},{"not_picked":["Warcry","True Grit"],"picked":"Headbutt","floor":1},{"not_picked":["Inflame","Armaments","Feel No Pain"],"picked":"SKIP","floor":3},{"not_picked":["Twin Strike","Warcry"],"picked":"Shockwave","floor":5},{"not_picked":["Berserk","Combust"],"picked":"Infernal Blade","floor":6},{"not_picked":["Wild Strike","Clothesline"],"picked":"Thunderclap","floor":8},{"not_picked":["Dark Embrace","Uppercut"],"picked":"Reaper","floor":10},{"not_picked":["Rampage","Twin Strike"],"picked":"Sword Boomerang","floor":14},{"not_picked":["Demon Form","Brutality"],"picked":"Double Tap","floor":16},{"not_picked":["Flame Barrier","Feel No Pain+1"],"picked":"Blood for Blood","floor":18},{"not_picked":["Rupture","Shrug It Off"],"picked":"Armaments+1","floor":21},{"not_picked":["Blood for Blood","Rampage","Heavy Blade"],"picked":"SKIP","floor":22}],"player_experience":829268,"relics_obtained":[{"floor":6,"key":"PreservedInsect"},{"floor":9,"key":"Smiling Mask"},{"floor":10,"key":"War Paint"}],"event_choices":[{"cards_removed":["Strike_R"],"damage_healed":0,"gold_gain":0,"player_choice":"Card Removal","damage_taken":7,"max_hp_gain":0,"max_hp_loss":0,"event_name":"Golden Wing","floor":2,"gold_loss":0},{"damage_healed":0,"gold_gain":0,"player_choice":"Entered Light","damage_taken":14,"max_hp_gain":0,"max_hp_loss":0,"event_name":"Shining Light","floor":4,"gold_loss":0,"cards_upgraded":["Demon Form","Strike_R"]},{"cards_removed":["Strike_R"],"damage_healed":0,"gold_gain":0,"player_choice":"Forget","damage_taken":0,"max_hp_gain":0,"max_hp_loss":0,"event_name":"Living Wall","floor":12,"gold_loss":0},{"cards_removed":["Strike_R"],"damage_healed":0,"gold_gain":0,"player_choice":"Gave Gold","damage_taken":0,"max_hp_gain":0,"max_hp_loss":0,"event_name":"Beggar","floor":19,"gold_loss":75},{"damage_healed":0,"gold_gain":0,"player_choice":"Gave Potion","damage_taken":0,"relics_obtained":["Old Coin"],"max_hp_gain":0,"max_hp_loss":0,"event_name":"WeMeetAgain","floor":20,"gold_loss":0}],"is_beta":false,"boss_relics":[{"not_picked":["Runic Cube","Fusion Hammer"],"picked":"SlaversCollar"}],"items_purged_floors":[],"is_endless":false,"potions_floor_spawned":[6,8,10,14,21],"killed_by":"Gremlin Leader","ascension_level":12}}