{"host":"lhth1efayex2023z","time":1609712724,"event":{"mods":["BaseMod","Colored Map","Googly Eyes","Minty Spire (QoL Compilation)","StSLib"],"gold_per_floor":[109,109,123,143,157,192,209,239,314,314,348,348,368,368,368,441,441,460,460,460,479,479,512,512,524,548,548,548,575,575,588,588,588,588],"floor_reached":33,"playtime":1246,"items_purged":[],"score":534,"play_id":"046af43b-fef9-4bef-879f-6055078d9638","local_time":"20210103152524","is_ascension_mode":true,"campfire_choices":[{"floor":15,"key":"REST"},{"floor":24,"key":"REST"},{"floor":28,"key":"RECALL"},{"floor":30,"key":"REST"},{"floor":32,"key":"REST"}],"circlet_count":0,"master_deck":["AscendersBane","Strike_G","Defend_G+1","Defend_G","Defend_G","Defend_G","Defend_G","Survivor","Neutralize","Footwork","Dodge and Roll","Deadly Poison","Poisoned Stab+1","Finisher","Bouncing Flask","Acrobatics","Catalyst+1","Corpse Explosion","Storm of Steel","A Thousand Cuts","Noxious Fumes","Escape Plan"],"relics":["Fusion Hammer","Potion Belt","Regal Pillow","Bottled Tornado","Bird Faced Urn","HoveringKite","Anchor","Vajra","Blue Candle"],"acts_visited":["TheCity"],"potions_floor_usage":[11,23,29,33,33],"damage_taken":[{"damage":0.0,"enemies":"Small Slimes","floor":1.0,"turns":5.0},{"damage":0.0,"enemies":"Cultist","floor":3.0,"turns":5.0},{"damage":1.0,"enemies":"2 Louse","floor":4.0,"turns":3.0},{"damage":5.0,"enemies":"Gremlin Gang","floor":5.0,"turns":7.0},{"damage":12.0,"enemies":"Gremlin Nob","floor":6.0,"turns":5.0},{"damage":0.0,"enemies":"Blue Slaver","floor":7.0,"turns":4.0},{"damage":18.0,"enemies":"3 Sentries","floor":8.0,"turns":10.0},{"damage":2,"enemies":"Lagavulin","floor":11,"turns":7},{"damage":2,"enemies":"Large Slime","floor":13,"turns":6},{"damage":20,"enemies":"The Guardian","floor":16,"turns":8},{"damage":17,"enemies":"Shell Parasite","floor":18,"turns":4},{"damage":6,"enemies":"Spheric Guardian","floor":21,"turns":5},{"damage":24,"enemies":"Slavers","floor":23,"turns":4},{"damage":15,"enemies":"Snecko","floor":25,"turns":6},{"damage":20,"enemies":"Book of Stabbing","floor":29,"turns":5},{"damage":25,"enemies":"Chosen and Byrds","floor":31,"turns":8},{"damage":74,"enemies":"Collector","floor":33,"turns":8}],"seed_played":"-3720649616257240309","potions_obtained":[{"floor":2.0,"key":"ColorlessPotion"},{"floor":2.0,"key":"LiquidBronze"},{"floor":3.0,"key":"Energy Potion"},{"floor":7.0,"key":"Regen Potion"},{"floor":11,"key":"SteroidPotion"},{"floor":16,"key":"SpeedPotion"},{"floor":25,"key":"FearPotion"},{"floor":31,"key":"LiquidMemories"}],"is_trial":false,"path_per_floor":["M","?","M","M","M","E","M","E","T","?","E","?","M","?","R","B",null,"M","?","?","M","?","E","R","M","T","?","R","E","R","M","R","B"],"character_chosen":"THE_SILENT","items_purchased":[],"campfire_rested":4,"item_purchase_floors":[],"current_hp_per_floor":[59,59,59,58,53,41,41,23,23,3,16,16,16,16,50,32,58,43,43,43,39,39,17,51,42,42,42,42,24,58,37,66,0,0],"gold":588,"neow_bonus":"BOSS_RELIC","is_daily":false,"chose_seed":false,"campfire_upgraded":0,"win_rate":0.0,"timestamp":1609712724,"path_taken":["M","?","M","?","M","E","M","E","T","?","E","?","?","?","R","BOSS","M","?","?","?","?","E","R","M","T","?","R","E","R","M","R","BOSS"],"items_purchased_type":[],"build_version":"2020-12-22","purchased_purges":0,"victory":false,"max_hp_per_floor":[66,66,66,66,66,66,66,66,66,66,66,66,66,66,66,66,66,66,66,66,66,66,66,66,66,66,66,66,66,66,66,66,66,66],"card_choices":[{"not_picked":["Cloak And Dagger","Prepared"],"picked":"Footwork","floor":1.0},{"not_picked":["Flying Knee","Acrobatics"],"picked":"Dodge and Roll","floor":3.0},{"not_picked":["Deflect","Dagger Throw"],"picked":"Deadly Poison","floor":4.0},{"not_picked":["Blade Dance","PiercingWail"],"picked":"Poisoned Stab","floor":5.0},{"not_picked":["Skewer","PiercingWail"],"picked":"Finisher","floor":6.0},{"not_picked":["Outmaneuver","Dagger Spray"],"picked":"Bouncing Flask","floor":7.0},{"not_picked":["Dodge and Roll","Prepared","Eviscerate"],"picked":"SKIP","floor":8.0},{"not_picked":["Slice","Wraith Form v2"],"picked":"Acrobatics","floor":11},{"not_picked":["Dodge and Roll","Sucker Punch"],"picked":"Catalyst","floor":13},{"not_picked":["Storm of Steel","Night Terror"],"picked":"Corpse Explosion","floor":16},{"not_picked":["Skewer","Cloak And Dagger","Flying Knee"],"picked":"SKIP","floor":18},{"not_picked":["PiercingWail","Slice","Cloak And Dagger"],"picked":"SKIP","floor":21},{"not_picked":["Unload","Dagger Spray"],"picked":"Noxious Fumes","floor":23},{"not_picked":["PiercingWail","Prepared","Dagger Throw"],"picked":"SKIP","floor":25},{"not_picked":["Quick Slash","Backstab"],"picked":"Escape Plan","floor":29},{"not_picked":["Sucker Punch+1","Well Laid Plans","Deadly Poison"],"picked":"SKIP","floor":31}],"player_experience":447855,"relics_obtained":[{"floor":6.0,"key":"Potion Belt"},{"floor":8.0,"key":"Regal Pillow"},{"floor":9.0,"key":"Bottled Tornado"},{"floor":11,"key":"Bird Faced Urn"},{"floor":23,"key":"Anchor"},{"floor":26,"key":"Vajra"},{"floor":29,"key":"Blue Candle"}],"event_choices":[{"damage_healed":0.0,"max_hp_gain":0.0,"max_hp_loss":0.0,"gold_gain":0.0,"event_name":"Lab","player_choice":"Got Potions","floor":2.0,"gold_loss":0.0,"damage_taken":0.0},{"damage_healed":0.0,"max_hp_gain":0.0,"max_hp_loss":0.0,"gold_gain":0.0,"event_name":"Shining Light","player_choice":"Entered Light","floor":10.0,"gold_loss":0.0,"damage_taken":20.0,"cards_upgraded":["Poisoned Stab","Defend_G"]},{"cards_removed":["Strike_G"],"damage_healed":0,"gold_gain":0,"player_choice":"Offered Basic","damage_taken":0,"max_hp_gain":0,"max_hp_loss":0,"event_name":"Bonfire Elementals","floor":12,"gold_loss":0},{"damage_healed":0,"gold_gain":0,"player_choice":"Grow","damage_taken":0,"max_hp_gain":0,"max_hp_loss":0,"event_name":"Living Wall","floor":14,"gold_loss":0,"cards_upgraded":["Catalyst"]},{"damage_healed":0,"gold_gain":0,"cards_transformed":["Strike_G","Strike_G"],"player_choice":"Became Test Subject","damage_taken":0,"max_hp_gain":0,"max_hp_loss":0,"event_name":"Drug Dealer","floor":19,"gold_loss":0,"cards_obtained":["Storm of Steel","A Thousand Cuts"]},{"damage_healed":0,"gold_gain":0,"player_choice":"Ignored","damage_taken":0,"max_hp_gain":0,"max_hp_loss":0,"event_name":"N\u0027loth","floor":20,"gold_loss":0},{"damage_healed":0,"gold_gain":0,"player_choice":"Ignored","damage_taken":0,"max_hp_gain":0,"max_hp_loss":0,"event_name":"Vampires","floor":22,"gold_loss":0},{"cards_removed":["Strike_G"],"damage_healed":0,"gold_gain":0,"player_choice":"Purged","damage_taken":0,"max_hp_gain":0,"max_hp_loss":0,"event_name":"Purifier","floor":27,"gold_loss":0}],"is_beta":false,"boss_relics":[{"not_picked":["Tiny House","Empty Cage"],"picked":"HoveringKite"}],"items_purged_floors":[],"is_endless":false,"potions_floor_spawned":[3,5,7,11,16,25,31],"killed_by":"Collector","ascension_level":15}}