{"host":"3iouabftir4t7z56","time":1609700664,"event":{"mods":["2.2 Compatiblity","Act Like it!","BaseMod","Colored Map","Hallownest","Minty Spire (QoL Compilation)","StSLib","The Bug Knight"],"gold_per_floor":[114,125,71,90,90,90,90,104,129,129,129,94,127,7,7,7,7],"floor_reached":16,"playtime":1091,"items_purged":[],"score":123,"play_id":"253c19c2-8a43-4286-b0c5-76427f5440ad","local_time":"20210103200424","is_ascension_mode":false,"campfire_choices":[{"data":"HollowMod:WraithStrike","floor":6,"key":"SMITH"},{"floor":15,"key":"REST"}],"circlet_count":0,"master_deck":["HollowMod:QuickDashStart","HollowMod:QuickDashStart","HollowMod:QuickDashStart","HollowMod:QuickDashStart","HollowMod:FocusHealStart+1","HollowMod:PogoStrike","HollowMod:DreamGate","HollowMod:DescendingDark","HollowMod:WraithStrike+1","HollowMod:GrimmsGift","HollowMod:CrystalDash","HollowMod:InfectedAttack","HollowMod:InfectedAttack","HollowMod:InfectedAttack","HollowMod:InfectedAttack","HollowMod:SharpenedShadows","HollowMod:AbyssShriek","HollowMod:NewGlowingWomb","HollowMod:VengefulVoid"],"relics":["HollowMod:VesselMask","Hallownest:DreamNailRelic","Akabeko","Boot"],"acts_visited":["Hallownest:Greenpath"],"potions_floor_usage":[16,16,16],"damage_taken":[{"damage":2,"enemies":"Hallownest:monsterHuskGuard","floor":1,"turns":3},{"damage":0,"enemies":"Hallownest:2_Baldur","floor":2,"turns":3},{"damage":5,"enemies":"Hallownest:monsterHuskWarrior","floor":4,"turns":3},{"damage":11,"enemies":"Hallownest:MossCreep_and_Mosskin","floor":8,"turns":5},{"damage":14,"enemies":"Hallownest:monsterAspidMother","floor":11,"turns":3},{"damage":38,"enemies":"Hallownest:eliteMossKnight","floor":13,"turns":4},{"damage":67,"enemies":"Hallownest:BossFalseKnight","floor":16,"turns":6}],"seed_played":"-3236451701189300647","potions_obtained":[{"floor":1,"key":"GamblersBrew"},{"floor":2,"key":"Weak Potion"},{"floor":13,"key":"ColorlessPotion"}],"is_trial":false,"path_per_floor":["M","M","$","M","?","R","?","M","T","?","M","?","E","$","R","B"],"character_chosen":"THE_BUGKNIGHT","items_purchased":["HollowMod:WraithStrike","HollowMod:NewGlowingWomb","HollowMod:VengefulVoid"],"campfire_rested":1,"item_purchase_floors":[3,14,14],"current_hp_per_floor":[75,75,75,75,75,75,75,70,70,70,62,67,35,35,59,0,0],"gold":7,"neow_bonus":"UPGRADE_CARD","is_daily":false,"chose_seed":false,"campfire_upgraded":1,"win_rate":0.0,"timestamp":1609700664,"path_taken":["M","M","$","M","?","R","?","?","T","?","M","?","E","$","R","BOSS"],"items_purchased_type":["Card","Card","Card"],"build_version":"2020-12-22","purchased_purges":0,"victory":false,"max_hp_per_floor":[75,75,75,75,75,75,75,75,75,75,75,80,80,80,80,80,80],"card_choices":[{"not_picked":["HollowMod:ShapeofUnn","HollowMod:MonomonsArchive"],"picked":"HollowMod:DreamGate","floor":1},{"not_picked":["HollowMod:DoubleDash","HollowMod:NewJinnsSoul"],"picked":"HollowMod:DescendingDark","floor":2},{"not_picked":["HollowMod:DashSlash","HollowMod:NewJinnsSoul","HollowMod:LuriensSpire"],"picked":"SKIP","floor":4},{"not_picked":["HollowMod:CycloneSlash","HollowMod:ChannelNail"],"picked":"HollowMod:CrystalDash","floor":8},{"not_picked":["HollowMod:InfectedAttack","HollowMod:GoodIntentions"],"picked":"HollowMod:SharpenedShadows","floor":11},{"not_picked":["HollowMod:CrystalDash","HollowMod:NewLittleFool"],"picked":"HollowMod:AbyssShriek","floor":13}],"player_experience":608205,"relics_obtained":[{"floor":9,"key":"Akabeko"},{"floor":13,"key":"Boot"}],"event_choices":[],"is_beta":false,"boss_relics":[],"items_purged_floors":[],"is_endless":false,"potions_floor_spawned":[1,2,13],"killed_by":"Hallownest:BossFalseKnight","ascension_level":0}}