{"host":"odz7g4gpgch153rb","time":1609696525,"event":{"mods":["AchievementEnabler","BaseMod","Better Match","Better Third Choice","BetterRewards","GifTheSpireLib","Infinite Spire","Jedi Mod","Minty Spire (QoL Compilation)","Quick Restart","Replay The Spire","Spikes Relics","StSLib","Stuff the Spire","The Blue Laboratory","Trackpad"],"gold_per_floor":[115,60,70,70,70,70,103,103,129,162,162,178,188,200,200,276,276,295,295,138,138,63,98,98,98,125,135,135,154,29,54,54,131,131,151,170,170,13,28,28,40,40,40,40,40,54,85,103,103,103],"floor_reached":51,"playtime":1319,"items_purged":["Defend_R","Defend_R","Defend_R"],"score":1908,"play_id":"604d777e-f46b-4e6f-8f93-b8b313bb4701","local_time":"20210103125525","is_ascension_mode":true,"campfire_choices":[{"data":"StuffTheSpire:Innocence","floor":6,"key":"SMITH"},{"data":"Perfected Strike","floor":8,"key":"SMITH"},{"data":"Clothesline","floor":11,"key":"SMITH"},{"data":"Bash","floor":15,"key":"SMITH"},{"floor":25,"key":"REST"},{"data":"Iron Wave","floor":28,"key":"SMITH"},{"data":"StuffTheSpire:Innocence","floor":32,"key":"SMITH"},{"data":"Feed","floor":40,"key":"SMITH"},{"data":"Perfected Strike","floor":42,"key":"SMITH"},{"data":"Iron Wave","floor":45,"key":"SMITH"},{"data":"Strike_R","floor":49,"key":"SMITH"}],"circlet_count":0,"master_deck":["AscendersBane","Strike_R+1","Strike_R","Strike_R+1","Strike_R","Defend_R","Bash+1","Perfected Strike+1","Clothesline+1","StuffTheSpire:Innocence+1","StuffTheSpire:Innocence+1","Iron Wave+1","StuffTheSpire:Harmony","Iron Wave+1","Feed+1","Perfected Strike+1","Decay","Cleave+1"],"relics":["Burning Blood","infinitespire:Lychee Nut","Self Forming Clay","Iron Hammer","jedi:fakemustache","trackpad:BerserkersDraught","Vajra","Gremlin Food","CosmicIsotope","trackpad:StainlessSteel","infinitespire:Beetle Shell","MealTicket","Velvet Choker","trackpad:AdjectivePendant","MiniBlackHole","infinitespire:ShieldingShard"],"acts_visited":["Exordium","TheCity","TheBeyond"],"potions_floor_usage":[1],"damage_taken":[{"damage":0,"enemies":"Small Slimes","floor":1,"turns":4},{"damage":4,"enemies":"Jaw Worm","floor":3,"turns":2},{"damage":11,"enemies":"Replay:BlueRogue","floor":7,"turns":3},{"damage":8,"enemies":"3 Sentries","floor":10,"turns":4},{"damage":0,"enemies":"Cultist","floor":12,"turns":1},{"damage":0,"enemies":"Gremlin Gang","floor":13,"turns":2},{"damage":0,"enemies":"3 Louse","floor":14,"turns":1},{"damage":0,"enemies":"Slime Boss","floor":16,"turns":2},{"damage":6,"enemies":"3 Byrds","floor":18,"turns":3},{"damage":3,"enemies":"Replay:Snechameleon","floor":23,"turns":2},{"damage":0,"enemies":"Chosen","floor":27,"turns":1},{"damage":0,"enemies":"3 Cultists","floor":29,"turns":2},{"damage":17,"enemies":"Automaton","floor":33,"turns":3},{"damage":1,"enemies":"3 Shapes","floor":35,"turns":1},{"damage":0,"enemies":"Orb Walker","floor":36,"turns":1},{"damage":0,"enemies":"4 Shapes","floor":39,"turns":1},{"damage":0,"enemies":"Maw","floor":41,"turns":2},{"damage":0,"enemies":"Jaw Worm Horde","floor":46,"turns":1},{"damage":0,"enemies":"Reptomancer","floor":47,"turns":2},{"damage":0,"enemies":"3 Darklings","floor":48,"turns":1},{"damage":2,"enemies":"infinitespire:MassOfShapes","floor":50,"turns":3}],"seed_played":"-1502597734303238667","potions_obtained":[{"floor":1,"key":"blueLaboratory:BubblePotion"},{"floor":7,"key":"Flashbang"},{"floor":18,"key":"DuplicationPotion"}],"is_trial":false,"path_per_floor":["M","$","M","?","?","R","E","R","T","E","R","M","M","M","R","B",null,"M","?","$","?","?","E","?","R","T","M","R","M","$","T","R","B",null,"M","M","?","$","M","R","M","R","T","?","R","M","E","M","R","B",null],"character_chosen":"IRONCLAD","items_purchased":["Self Forming Clay","Iron Hammer","jedi:fakemustache","Perfected Strike","Block Potion","Block Potion","Iron Wave","trackpad:AdjectivePendant"],"campfire_rested":1,"item_purchase_floors":[0,0,0,0,0,2,20,38],"current_hp_per_floor":[56,56,56,46,46,46,46,46,46,50,50,56,56,56,56,56,56,56,56,56,56,56,56,56,56,56,56,56,56,56,56,56,45,53,56,56,56,56,56,56,60,60,60,60,60,64,64,64,64,64],"gold":103,"neow_bonus":"","is_daily":false,"chose_seed":false,"campfire_upgraded":10,"win_rate":0.0,"timestamp":1609696525,"path_taken":["M","$","M","?","?","R","E","R","T","E","R","M","?","?","R","BOSS","M","?","$","?","?","E","?","R","T","M","R","M","?","?","R","BOSS","M","M","?","$","M","R","?","R","T","?","R","M","E","M","R","BOSS"],"items_purchased_type":["Relic","Relic","Relic","Card","Potion","Potion","Card","Relic"],"build_version":"2020-12-22","purchased_purges":3,"victory":true,"max_hp_per_floor":[56,56,56,56,56,56,56,56,56,56,56,56,56,56,56,56,56,56,56,56,56,56,56,56,56,56,56,56,56,56,56,56,56,56,56,56,56,56,56,56,60,60,60,60,60,64,64,64,64,64],"card_choices":[{"not_picked":["Dark Embrace","Armaments"],"picked":"Clothesline","floor":1},{"not_picked":["Wild Strike","Heavy Blade","ReplayTheSpireMod:Strike From Hell"],"picked":"SKIP","floor":3},{"not_picked":["ReplayTheSpireMod:Corrosion Curse","Headbutt","Replay:Undeath\u0027s Touch"],"picked":"SKIP","floor":7},{"not_picked":["Disarm","Sever Soul","Havoc"],"picked":"SKIP","floor":10},{"not_picked":["Rupture","Armaments","Thunderclap"],"picked":"SKIP","floor":12},{"not_picked":["Replay:Undeath\u0027s Touch","Brutality","Pommel Strike"],"picked":"SKIP","floor":13},{"not_picked":["ReplayTheSpireMod:Strike From Hell","True Grit","Spot Weakness"],"picked":"SKIP","floor":14},{"not_picked":["StuffTheSpire:Pyroclast","Clash","StuffTheSpire:RagingBull"],"picked":"SKIP","floor":18},{"not_picked":["StuffTheSpire:Brawn","StuffTheSpire:BrainWave"],"picked":"StuffTheSpire:Innocence","floor":19},{"not_picked":["Sword Boomerang","Dropkick"],"picked":"Iron Wave","floor":23},{"not_picked":["Thunderclap","Replay:Many Hands","Run Through"],"picked":"SKIP","floor":27},{"not_picked":["Shrug It Off","Hemokinesis","ReplayTheSpireMod:Limb From Limb"],"picked":"SKIP","floor":29},{"not_picked":["Impervious","Barricade"],"picked":"Feed","floor":33},{"not_picked":["Combust+1","Absolvement","Sentinel"],"picked":"SKIP","floor":35},{"not_picked":["Thunderclap","Pommel Strike"],"picked":"Perfected Strike","floor":36},{"not_picked":["jedi:fear","jedi:suffering+1","Thunderclap"],"picked":"SKIP","floor":39},{"not_picked":["Whirlwind","ReplayTheSpireMod:Muscle Training","Shrug It Off+1"],"picked":"SKIP","floor":41},{"not_picked":["Disarm","Pommel Strike"],"picked":"Cleave+1","floor":46},{"not_picked":["jedi:fear","Thunderclap","Reckless Charge"],"picked":"SKIP","floor":47},{"not_picked":["Power Through","Invigoration+1","Limit Break"],"picked":"SKIP","floor":48}],"player_experience":991004,"relics_obtained":[{"floor":7,"key":"ReplayTheSpireMod:Spearhead"},{"floor":9,"key":"Vajra"},{"floor":10,"key":"Gremlin Food"},{"floor":23,"key":"trackpad:StainlessSteel"},{"floor":26,"key":"infinitespire:Beetle Shell"},{"floor":31,"key":"MealTicket"},{"floor":43,"key":"MiniBlackHole"},{"floor":47,"key":"infinitespire:ShieldingShard"}],"event_choices":[{"cards_removed":["Strike_R"],"damage_healed":0,"gold_gain":0,"player_choice":"Purged","damage_taken":0,"max_hp_gain":0,"max_hp_loss":0,"event_name":"Purifier","floor":5,"gold_loss":0},{"damage_healed":0,"gold_gain":0,"player_choice":"Got Potions","damage_taken":0,"max_hp_gain":0,"max_hp_loss":0,"event_name":"Lab","floor":37,"gold_loss":0},{"damage_healed":0,"gold_gain":0,"player_choice":"Cursed","damage_taken":0,"max_hp_gain":0,"max_hp_loss":0,"event_name":"Wheel of Change","floor":44,"gold_loss":0,"cards_obtained":["Decay"]}],"is_beta":false,"boss_relics":[{"not_picked":["Replay:Grab Bag","Astrolabe"],"picked":"CosmicIsotope"},{"not_picked":["Honey Jar","Replay:Drink Me"],"picked":"Velvet Choker"}],"items_purged_floors":[0,20,30],"is_endless":false,"potions_floor_spawned":[1,7,16,18,39,41,46],"ascension_level":19}}