{"host":"k61zkrqx5zdi0yzo","time":1609643571,"event":{"mods":["AchievementEnabler","BaseMod","Colored Map","Highlight Path","Minty Spire (QoL Compilation)","Permanent Neow","Quick Restart","Rare Cards Sparkle","StSLib","SuperFastMode"],"gold_per_floor":[118,129,140,65,79,108,108,138,173,200,212,241,282,307,319,436,448,472,497,524,536,823,835,882,894,906,930,942,942],"floor_reached":28,"playtime":1324,"items_purged":["Defend_G"],"score":330,"play_id":"c8afd1da-6867-4c5d-999b-26f5022fbf42","local_time":"20210103121251","is_ascension_mode":true,"campfire_choices":[{"data":"Dagger Spray","floor":7,"key":"SMITH"},{"data":"Noxious Fumes","floor":11,"key":"SMITH"},{"floor":15,"key":"REST"},{"floor":23,"key":"REST"},{"data":"Accuracy","floor":25,"key":"SMITH"}],"circlet_count":0,"master_deck":["Strike_G","Strike_G","Strike_G","Strike_G","Strike_G","Defend_G","Defend_G","Defend_G","Defend_G","Survivor","Neutralize","Blind","Blade Dance","Deflect","Adrenaline","Deflect","Dagger Spray+1","Noxious Fumes+1","Blade Dance","Acrobatics","Flying Knee","Tactician","Adrenaline","Quick Slash","RitualDagger","Regret","Accuracy+1","PiercingWail"],"relics":["Ring of the Snake","Bag of Preparation","MawBank","Pen Nib","Toy Ornithopter","HoveringKite","Ancient Tea Set","Darkstone Periapt"],"acts_visited":["Exordium","TheCity"],"potions_floor_usage":[8,8,13,16,20,24,24],"damage_taken":[{"damage":0,"enemies":"Cultist","floor":1,"turns":5},{"damage":1,"enemies":"2 Louse","floor":2,"turns":3},{"damage":3,"enemies":"Small Slimes","floor":3,"turns":4},{"damage":5,"enemies":"Blue Slaver","floor":5,"turns":4},{"damage":30,"enemies":"3 Sentries","floor":6,"turns":11},{"damage":0,"enemies":"Gremlin Nob","floor":8,"turns":3},{"damage":0,"enemies":"Large Slime","floor":10,"turns":4},{"damage":0,"enemies":"Lots of Slimes","floor":12,"turns":1},{"damage":5,"enemies":"3 Sentries","floor":13,"turns":3},{"damage":0,"enemies":"Looter","floor":14,"turns":2},{"damage":40,"enemies":"Slime Boss","floor":16,"turns":8},{"damage":18,"enemies":"Spheric Guardian","floor":18,"turns":4},{"damage":0,"enemies":"Chosen","floor":19,"turns":3},{"damage":13,"enemies":"Centurion and Healer","floor":20,"turns":6},{"damage":36,"enemies":"Gremlin Leader","floor":24,"turns":6},{"damage":18,"enemies":"Snake Plant","floor":27,"turns":4},{"damage":15,"enemies":"Shelled Parasite and Fungi","floor":28,"turns":4}],"seed_played":"1264501733158203061","potions_obtained":[{"floor":3,"key":"Poison Potion"},{"floor":5,"key":"LiquidMemories"},{"floor":6,"key":"Strength Potion"},{"floor":10,"key":"Swift Potion"},{"floor":13,"key":"GamblersBrew"},{"floor":16,"key":"Energy Potion"},{"floor":18,"key":"SneckoOil"},{"floor":20,"key":"DuplicationPotion"}],"is_trial":false,"path_per_floor":["M","M","M","$","M","E","R","E","T","M","R","M","E","M","R","B",null,"M","M","M","?","?","R","E","R","T","M","M"],"character_chosen":"THE_SILENT","items_purchased":[],"campfire_rested":2,"item_purchase_floors":[],"current_hp_per_floor":[70,69,66,66,61,31,31,31,31,31,31,31,26,26,47,12,70,52,52,44,38,38,59,33,33,33,15,0,0],"gold":942,"neow_bonus":"RANDOM_COLORLESS","is_daily":false,"chose_seed":false,"campfire_upgraded":3,"win_rate":0.0,"timestamp":1609643571,"path_taken":["M","?","?","$","M","E","R","E","T","M","R","M","E","M","R","BOSS","M","M","M","?","?","R","E","R","T","M","?"],"items_purchased_type":[],"build_version":"2020-12-22","purchased_purges":1,"victory":false,"max_hp_per_floor":[70,70,70,70,70,70,70,70,70,70,70,70,70,70,70,70,70,70,70,70,70,70,70,70,70,70,70,70,70],"card_choices":[{"not_picked":["Discovery","Trip"],"picked":"Blind","floor":0},{"not_picked":["Bane","Prepared"],"picked":"Blade Dance","floor":1},{"not_picked":["Crippling Poison","Expertise"],"picked":"Deflect","floor":2},{"not_picked":["Poisoned Stab","Reflex"],"picked":"Adrenaline","floor":3},{"not_picked":["PiercingWail","Flying Knee"],"picked":"Deflect","floor":5},{"not_picked":["PiercingWail","Riddle With Holes"],"picked":"Dagger Spray","floor":6},{"not_picked":["Wraith Form v2","Skewer"],"picked":"Noxious Fumes","floor":8},{"not_picked":["Outmaneuver","Backstab"],"picked":"Blade Dance","floor":10},{"not_picked":["Dagger Spray","Expertise"],"picked":"Acrobatics","floor":12},{"not_picked":["PiercingWail","Prepared"],"picked":"Flying Knee","floor":13},{"not_picked":["Blade Dance","Leg Sweep"],"picked":"Tactician","floor":14},{"not_picked":["Malaise","Envenom"],"picked":"Adrenaline","floor":16},{"not_picked":["PiercingWail+1","Well Laid Plans"],"picked":"Quick Slash","floor":18},{"not_picked":["Deflect","Crippling Poison","Acrobatics"],"picked":"SKIP","floor":19},{"not_picked":["Bane","Acrobatics","Sucker Punch"],"picked":"SKIP","floor":20},{"not_picked":["Outmaneuver","Doppelganger"],"picked":"Accuracy","floor":24},{"not_picked":["Quick Slash","Deflect"],"picked":"PiercingWail","floor":27}],"player_experience":14897,"relics_obtained":[{"floor":6,"key":"Bag of Preparation"},{"floor":8,"key":"MawBank"},{"floor":9,"key":"Pen Nib"},{"floor":13,"key":"Toy Ornithopter"},{"floor":24,"key":"Ancient Tea Set"},{"floor":26,"key":"Darkstone Periapt"}],"event_choices":[{"damage_healed":0,"gold_gain":0,"player_choice":"Joined the Cult","damage_taken":6,"max_hp_gain":0,"max_hp_loss":0,"event_name":"Nest","floor":21,"gold_loss":0,"cards_obtained":["RitualDagger"]},{"damage_healed":0,"gold_gain":275,"player_choice":"Desecrate","damage_taken":0,"max_hp_gain":0,"max_hp_loss":0,"event_name":"Golden Shrine","floor":22,"gold_loss":0,"cards_obtained":["Regret"]}],"is_beta":false,"boss_relics":[{"not_picked":["Snecko Eye","Velvet Choker"],"picked":"HoveringKite"}],"items_purged_floors":[4],"is_endless":false,"potions_floor_spawned":[3,5,6,10,13,16,18,20],"killed_by":"Shelled Parasite and Fungi","ascension_level":3}}