{"host":"kpyoctgc7jne3jiy","time":1609697228,"event":{"mods":["AchievementEnabler","BaseMod","Minty Spire (QoL Compilation)","Relic Stats"],"gold_per_floor":[112,127,139,139,154,154,184,184,184,184,209,222,222,297,297,395,395,408,4,41,80,91,147,147,147,147,147,197,197,228,241,241,346,346,361,105,27,27,66,66,101,151,151,151,171,203,203,233,233,233],"floor_reached":51,"playtime":2801,"items_purged":[],"score":911,"play_id":"34caa489-05cf-4069-857a-7e64a0cb4f9c","local_time":"20210103190708","is_ascension_mode":true,"campfire_choices":[{"data":"Vigilance","floor":6,"key":"SMITH"},{"data":"ThirdEye","floor":8,"key":"SMITH"},{"floor":10,"key":"REST"},{"data":"Eruption","floor":13,"key":"SMITH"},{"data":"FlurryOfBlows","floor":15,"key":"SMITH"},{"floor":24,"key":"REST"},{"data":"Evaluate","floor":29,"key":"SMITH"},{"floor":32,"key":"REST"},{"data":"Perseverance","floor":40,"key":"SMITH"},{"data":"LikeWater","floor":44,"key":"SMITH"},{"floor":49,"key":"REST"}],"circlet_count":0,"master_deck":["Eruption+1","Vigilance+1","BattleHymn","Evaluate+1","FlurryOfBlows+1","Alpha","ThirdEye+1","Consecrate+1","DeusExMachina","SashWhip+1","Vengeance","Wish","MentalFortress","FlurryOfBlows+1","ReachHeaven+1","Perseverance+1","Wallop+1","LikeWater+1","Conclude+1","WheelKick+1","TalkToTheHand+1","SpiritShield","Wallop+1","Adaptation"],"relics":["Busted Crown","Molten Egg 2","Singing Bowl","Anchor","Pandora\u0027s Box","Gremlin Horn","Orichalcum","Nilry\u0027s Codex","Mummified Hand","MutagenicStrength","CaptainsWheel","SlaversCollar","InkBottle","White Beast Statue","Bottled Tornado","Shuriken","Blue Candle"],"acts_visited":["Exordium","TheCity","TheBeyond"],"potions_floor_usage":[30,35,50],"damage_taken":[{"damage":0,"enemies":"Jaw Worm","floor":1,"turns":3},{"damage":0,"enemies":"Cultist","floor":2,"turns":3},{"damage":3,"enemies":"Small Slimes","floor":3,"turns":4},{"damage":5,"enemies":"Blue Slaver","floor":5,"turns":4},{"damage":25,"enemies":"3 Sentries","floor":7,"turns":7},{"damage":0,"enemies":"Lagavulin","floor":11,"turns":4},{"damage":0,"enemies":"3 Louse","floor":12,"turns":4},{"damage":24,"enemies":"The Guardian","floor":16,"turns":6},{"damage":0,"enemies":"3 Byrds","floor":18,"turns":4},{"damage":0,"enemies":"Shell Parasite","floor":20,"turns":5},{"damage":5,"enemies":"Snecko","floor":21,"turns":6},{"damage":7,"enemies":"3 Cultists","floor":22,"turns":4},{"damage":20,"enemies":"Slavers","floor":23,"turns":4},{"damage":10,"enemies":"Book of Stabbing","floor":30,"turns":4},{"damage":11,"enemies":"Snake Plant","floor":31,"turns":3},{"damage":31,"enemies":"Automaton","floor":33,"turns":8},{"damage":7,"enemies":"3 Darklings","floor":35,"turns":4},{"damage":3,"enemies":"3 Shapes","floor":39,"turns":6},{"damage":6,"enemies":"Jaw Worm Horde","floor":41,"turns":4},{"damage":14,"enemies":"Reptomancer","floor":42,"turns":4},{"damage":0,"enemies":"Transient","floor":45,"turns":6},{"damage":13,"enemies":"Nemesis","floor":46,"turns":8},{"damage":0,"enemies":"Giant Head","floor":48,"turns":7},{"damage":35,"enemies":"Awakened One","floor":50,"turns":9}],"seed_played":"8435877717670534583","potions_obtained":[{"floor":1,"key":"DuplicationPotion"},{"floor":5,"key":"FairyPotion"},{"floor":7,"key":"SteroidPotion"},{"floor":23,"key":"Block Potion"},{"floor":30,"key":"EntropicBrew"},{"floor":42,"key":"AttackPotion"}],"is_trial":false,"path_per_floor":["M","M","M","?","M","R","E","R","T","R","E","M","R","?","R","B",null,"M","$","M","M","M","E","R","?","T","?","?","R","E","M","R","B",null,"M","$","$","?","M","R","M","E","T","R","M","E","?","E","R","B",null],"character_chosen":"WATCHER","items_purchased":["Wallop+1","LikeWater","Gremlin Horn","InkBottle","Wallop+1"],"campfire_rested":4,"item_purchase_floors":[19,19,19,36,37],"current_hp_per_floor":[72,72,69,69,64,64,39,39,39,60,62,62,62,51,51,27,74,76,76,78,75,68,48,72,56,56,56,56,56,48,37,61,30,82,77,77,77,77,76,76,72,60,60,60,62,49,51,53,81,46],"gold":233,"neow_bonus":"BOSS_RELIC","is_daily":false,"chose_seed":false,"campfire_upgraded":7,"win_rate":0.0,"timestamp":1609697228,"path_taken":["M","M","M","?","M","R","E","R","T","R","E","?","R","?","R","BOSS","M","$","M","M","M","E","R","?","T","?","?","R","E","M","R","BOSS","M","?","$","?","M","R","?","E","T","R","M","E","?","E","R","BOSS"],"items_purchased_type":["Card","Card","Relic","Relic","Card"],"build_version":"2020-12-22","purchased_purges":0,"victory":true,"max_hp_per_floor":[72,72,72,72,72,72,72,72,72,72,74,74,74,74,74,74,74,76,76,78,80,80,80,80,80,80,80,80,80,82,82,82,82,82,84,84,84,84,86,86,88,90,90,90,92,92,94,96,96,96],"relic_stats":{"Busted Crown":48,"Singing Bowl":24,"Gremlin Horn":[17,17],"counters":[24,121],"Mummified Hand":[30],"Shuriken":[10],"Blue Candle":[0],"Pandora\u0027s Box":["SashWhip","Vengeance","Wish","MentalFortress","FlurryOfBlows","ReachHeaven","Perseverance"],"Orichalcum":[6],"obtain_stats":[{"Singing Bowl":9,"Gremlin Horn":19,"Nilry\u0027s Codex":25,"Blue Candle":48,"Orichalcum":23,"Bottled Tornado":43,"White Beast Statue":42,"SlaversCollar":34,"Anchor":11,"CaptainsWheel":30,"Busted Crown":0,"Mummified Hand":26,"Shuriken":46,"MutagenicStrength":27,"Molten Egg 2":7,"Pandora\u0027s Box":17,"PureWater":0,"InkBottle":36},{"Singing Bowl":5,"Gremlin Horn":9,"Nilry\u0027s Codex":13,"Blue Candle":23,"Orichalcum":13,"Bottled Tornado":20,"White Beast Statue":20,"SlaversCollar":16,"Anchor":6,"CaptainsWheel":14,"Busted Crown":0,"Mummified Hand":13,"Shuriken":22,"MutagenicStrength":13,"Molten Egg 2":5,"Pandora\u0027s Box":8,"PureWater":0,"InkBottle":17},{"Singing Bowl":21,"Gremlin Horn":39,"Nilry\u0027s Codex":58,"Blue Candle":112,"Orichalcum":58,"Bottled Tornado":91,"White Beast Statue":91,"SlaversCollar":73,"Anchor":25,"CaptainsWheel":62,"Busted Crown":0,"Mummified Hand":58,"Shuriken":105,"MutagenicStrength":58,"Molten Egg 2":21,"Pandora\u0027s Box":35,"PureWater":0,"InkBottle":77}],"InkBottle":[20]},"card_choices":[{"not_picked":[],"picked":"BattleHymn","floor":1},{"not_picked":[],"picked":"Evaluate","floor":2},{"not_picked":[],"picked":"FlurryOfBlows","floor":3},{"not_picked":["BowlingBash"],"picked":"SKIP","floor":5},{"not_picked":[],"picked":"ThirdEye","floor":7},{"not_picked":["EmptyFist+1"],"picked":"Singing Bowl","floor":11},{"not_picked":[],"picked":"Consecrate+1","floor":12},{"not_picked":[],"picked":"DeusExMachina","floor":16},{"not_picked":["Crescendo"],"picked":"Singing Bowl","floor":18},{"not_picked":["CrushJoints+1"],"picked":"Singing Bowl","floor":20},{"not_picked":["Collect+1"],"picked":"Singing Bowl","floor":21},{"not_picked":[],"picked":"Conclude+1","floor":22},{"not_picked":[],"picked":"WheelKick+1","floor":23},{"not_picked":["Crescendo"],"picked":"Singing Bowl","floor":30},{"not_picked":[],"picked":"TalkToTheHand+1","floor":31},{"not_picked":[],"picked":"SpiritShield","floor":33},{"not_picked":["Fasting2"],"picked":"Singing Bowl","floor":35},{"not_picked":["Pray"],"picked":"Singing Bowl","floor":39},{"not_picked":["Wireheading"],"picked":"Singing Bowl","floor":41},{"not_picked":["Conclude+1"],"picked":"Singing Bowl","floor":42},{"not_picked":["InnerPeace+1"],"picked":"Singing Bowl","floor":45},{"not_picked":[],"picked":"Adaptation","floor":46},{"not_picked":["Jack Of All Trades"],"picked":"Singing Bowl","floor":47},{"not_picked":["FollowUp+1"],"picked":"Singing Bowl","floor":48}],"player_experience":279785,"relics_obtained":[{"floor":7,"key":"Molten Egg 2"},{"floor":9,"key":"Singing Bowl"},{"floor":11,"key":"Anchor"},{"floor":23,"key":"Orichalcum"},{"floor":25,"key":"Nilry\u0027s Codex"},{"floor":26,"key":"Mummified Hand"},{"floor":30,"key":"CaptainsWheel"},{"floor":42,"key":"White Beast Statue"},{"floor":43,"key":"Bottled Tornado"},{"floor":46,"key":"Shuriken"},{"floor":48,"key":"Blue Candle"}],"event_choices":[{"damage_healed":0,"gold_gain":0,"cards_transformed":["Strike_P"],"player_choice":"Transformed","damage_taken":0,"max_hp_gain":0,"max_hp_loss":0,"event_name":"Transmorgrifier","floor":4,"gold_loss":0,"cards_obtained":["Alpha"]},{"damage_healed":0,"gold_gain":75,"player_choice":"Gather Gold","damage_taken":11,"max_hp_gain":0,"max_hp_loss":0,"event_name":"World of Goop","floor":14,"gold_loss":0},{"damage_healed":0,"gold_gain":0,"player_choice":"Obtained Book","damage_taken":16,"max_hp_gain":0,"max_hp_loss":0,"event_name":"Cursed Tome","floor":25,"gold_loss":0},{"damage_healed":0,"gold_gain":0,"player_choice":"Inject Mutagens","damage_taken":0,"relics_obtained":["MutagenicStrength"],"max_hp_gain":0,"max_hp_loss":0,"event_name":"Drug Dealer","floor":27,"gold_loss":0},{"damage_healed":0,"gold_gain":100,"player_choice":"Bet on Murderer","damage_taken":0,"max_hp_gain":0,"max_hp_loss":0,"event_name":"The Joust","floor":28,"gold_loss":50},{"damage_healed":0,"gold_gain":0,"player_choice":"Ignored","damage_taken":0,"max_hp_gain":0,"max_hp_loss":0,"event_name":"Transmorgrifier","floor":38,"gold_loss":0},{"damage_healed":0,"gold_gain":0,"player_choice":"Memory 1","damage_taken":0,"max_hp_gain":0,"max_hp_loss":0,"event_name":"SensoryStone","floor":47,"gold_loss":0}],"is_beta":false,"boss_relics":[{"not_picked":["Runic Pyramid","Fusion Hammer"],"picked":"Pandora\u0027s Box"},{"not_picked":["Black Star","Velvet Choker"],"picked":"SlaversCollar"}],"items_purged_floors":[],"is_endless":false,"potions_floor_spawned":[1,5,7,11,20,23,30,31,42,45,46,48],"ascension_level":2}}