{"host":"ar7ngit67p83lwvr","time":1609662229,"event":{"mods":["BaseMod","Better Third Choice","Hermit","Koishi","Minty Spire (QoL Compilation)","StSLib","The Cursed","The Servant 0.9.4"],"gold_per_floor":[113,128,143,143,158,158,187,187,233,233,233,253,31,41,41,137,137,150,165,165,180,180,209,209,219,219,237,257,257,157,170,170,269,269,280,280,297,311,328,328,16,16,63,0,12,24,36,48,60,72],"floor_reached":51,"playtime":3865,"items_purged":["Strike_S","Pain","Defend_S"],"score":744,"play_id":"7243c4a8-57ab-4529-b5e0-b8b70bc605be","local_time":"20210103002349","is_ascension_mode":false,"campfire_choices":[{"floor":6,"key":"REST"},{"data":"FlawlessForm","floor":8,"key":"SMITH"},{"data":"Spin","floor":10,"key":"SMITH"},{"floor":15,"key":"REST"},{"data":"Hightail","floor":24,"key":"SMITH"},{"floor":32,"key":"REST"},{"data":"Revamp","floor":40,"key":"SMITH"},{"data":"MoonPhase","floor":42,"key":"SMITH"},{"data":"Apotheosis","floor":49,"key":"SMITH"}],"circlet_count":0,"master_deck":["Strike_S+1","Defend_S","Defend_S","Defend_S+1","KidneyShot+1","Exchange+1","FlawlessForm+1","SurpressingFire","Foresight","Hightail+1","Spin+1","Gouge","Unruled","Luminosity","LightFlow","Sabotage+1","Luminosity","Revamp+1","BottledTime+1","Defy","MoonPhase+1","Apotheosis+1","Panacea"],"relics":["Uniform","War Paint","Toy Ornithopter","Whetstone","Medical Kit","Busted Crown","TungstenRod","PocketWatch","MysterySword","Chemical X","MawBank","Red Mask","Sundial","Potion Belt"],"acts_visited":["Exordium","TheCity","TheBeyond"],"potions_floor_usage":[16,16,23,27,37],"damage_taken":[{"damage":7,"enemies":"Cultist","floor":1,"turns":6},{"damage":5,"enemies":"Small Slimes","floor":2,"turns":5},{"damage":3,"enemies":"Jaw Worm","floor":3,"turns":6},{"damage":11,"enemies":"Gremlin Gang","floor":5,"turns":7},{"damage":8,"enemies":"Lagavulin","floor":7,"turns":11},{"damage":6,"enemies":"Exordium Wildlife","floor":12,"turns":6},{"damage":9,"enemies":"Looter","floor":14,"turns":3},{"damage":0,"enemies":"Hexaghost","floor":16,"turns":9},{"damage":0,"enemies":"Spheric Guardian","floor":18,"turns":5},{"damage":0,"enemies":"3 Byrds","floor":19,"turns":5},{"damage":7,"enemies":"Sentry and Sphere","floor":21,"turns":5},{"damage":16,"enemies":"Slavers","floor":23,"turns":5},{"damage":11,"enemies":"Centurion and Healer","floor":25,"turns":5},{"damage":13,"enemies":"Snake Plant","floor":27,"turns":5},{"damage":0,"enemies":"Cultist and Chosen","floor":28,"turns":6},{"damage":0,"enemies":"Snecko","floor":31,"turns":6},{"damage":0,"enemies":"Collector","floor":33,"turns":8},{"damage":0,"enemies":"3 Darklings","floor":35,"turns":5},{"damage":0,"enemies":"Orb Walker","floor":37,"turns":4},{"damage":10,"enemies":"4 Shapes","floor":38,"turns":5},{"damage":0,"enemies":"Maw","floor":39,"turns":8},{"damage":3,"enemies":"Donu and Deca","floor":50,"turns":9}],"seed_played":"8332808487911215459","potions_obtained":[{"floor":3,"key":"DuplicationPotion"},{"floor":5,"key":"LiquidBronze"},{"floor":12,"key":"Regen Potion"},{"floor":19,"key":"EssenceOfSteel"},{"floor":27,"key":"Block Potion"},{"floor":35,"key":"FairyPotion"}],"is_trial":false,"path_per_floor":["M","M","M","?","M","R","E","R","T","R","?","M","$","M","R","B",null,"M","M","?","M","?","E","R","M","T","M","M","?","$","M","R","B",null,"M","?","M","M","M","R","$","R","T","?","T","?","$","T","R","B",null],"character_chosen":"THE_SERVANT","items_purchased":["Medical Kit","Chemical X","MoonPhase"],"campfire_rested":3,"item_purchase_floors":[13,41,41],"current_hp_per_floor":[40,35,32,29,18,37,29,29,29,29,29,23,23,14,33,58,65,65,65,65,58,58,47,47,36,36,28,28,28,28,28,47,47,65,65,65,65,55,55,55,55,55,55,55,55,46,46,46,46,43],"gold":84,"neow_bonus":"THREE_RARE_CARDS","is_daily":false,"chose_seed":false,"campfire_upgraded":6,"win_rate":0.0,"timestamp":1609662229,"path_taken":["M","?","M","?","M","R","E","R","T","R","?","M","?","M","R","BOSS","M","?","?","M","?","E","R","M","T","?","M","?","$","M","R","BOSS","M","?","?","?","M","R","$","R","T","?","?","?","?","?","R","BOSS"],"items_purchased_type":["Relic","Relic","Card"],"build_version":"2020-12-22","purchased_purges":3,"victory":true,"max_hp_per_floor":[65,65,65,65,65,65,65,65,65,65,65,65,65,65,65,65,65,65,65,65,65,65,65,65,65,65,65,65,65,65,65,65,65,65,65,65,65,65,65,65,65,65,65,65,65,65,65,65,65,65],"card_choices":[{"not_picked":["TheWorld","Duplication"],"picked":"FlawlessForm","floor":0},{"not_picked":["Replace","Ricochet"],"picked":"SurpressingFire","floor":1},{"not_picked":["Sabotage","InstantArmor"],"picked":"Foresight","floor":2},{"not_picked":["Potential","Revamp"],"picked":"Hightail","floor":3},{"not_picked":["BottledTime","Replace"],"picked":"Spin","floor":5},{"not_picked":["Manipulate","Comet","TimeWarp"],"picked":"SKIP","floor":7},{"not_picked":["Foresight","Shuttle"],"picked":"Unruled","floor":12},{"not_picked":["TimeWarp","ShatteredReality"],"picked":"Luminosity","floor":14},{"not_picked":["FloweringNight","Duplication"],"picked":"LightFlow","floor":16},{"not_picked":["FastForward"],"picked":"SKIP","floor":18},{"not_picked":[],"picked":"Sabotage+1","floor":19},{"not_picked":["ShatteredReality"],"picked":"SKIP","floor":21},{"not_picked":["SurpressingFire"],"picked":"SKIP","floor":23},{"not_picked":["Replace"],"picked":"SKIP","floor":25},{"not_picked":["Rewind"],"picked":"SKIP","floor":27},{"not_picked":["Starlight"],"picked":"SKIP","floor":28},{"not_picked":["Replace"],"picked":"SKIP","floor":31},{"not_picked":[],"picked":"BottledTime+1","floor":35},{"not_picked":["Potential"],"picked":"SKIP","floor":37},{"not_picked":["Rearm"],"picked":"SKIP","floor":38},{"not_picked":["Contraction"],"picked":"SKIP","floor":39},{"not_picked":[],"picked":"Apotheosis","floor":46},{"not_picked":[],"picked":"Panacea","floor":46}],"player_experience":162801,"relics_obtained":[{"floor":7,"key":"Toy Ornithopter"},{"floor":9,"key":"Whetstone"},{"floor":23,"key":"TungstenRod"},{"floor":26,"key":"PocketWatch"},{"floor":43,"key":"MawBank"},{"floor":45,"key":"Sundial"},{"floor":48,"key":"Potion Belt"}],"event_choices":[{"damage_healed":0,"gold_gain":0,"player_choice":"Relic ","damage_taken":3,"max_hp_gain":0,"max_hp_loss":0,"event_name":"betterThird:BetterScrap","floor":4,"gold_loss":0,"cards_obtained":["Collect"]},{"damage_healed":0,"gold_gain":0,"cards_transformed":["Strike_S"],"player_choice":"Change","damage_taken":0,"max_hp_gain":0,"max_hp_loss":0,"event_name":"Living Wall","floor":11,"gold_loss":0,"cards_obtained":["Gouge"]},{"damage_healed":0,"gold_gain":0,"player_choice":"Read","damage_taken":0,"max_hp_gain":0,"max_hp_loss":0,"event_name":"The Library","floor":20,"gold_loss":0,"cards_obtained":["Luminosity"]},{"damage_healed":0,"gold_gain":0,"player_choice":"2 cards matched","damage_taken":0,"max_hp_gain":0,"max_hp_loss":0,"event_name":"Match and Keep!","floor":22,"gold_loss":0,"cards_obtained":["Pain","Revamp"]},{"damage_healed":0,"gold_gain":0,"player_choice":"Ignored","damage_taken":0,"max_hp_gain":0,"max_hp_loss":0,"event_name":"Ghosts","floor":29,"gold_loss":0},{"damage_healed":0,"gold_gain":0,"cards_transformed":["Strike_S"],"player_choice":"Transformed","damage_taken":0,"max_hp_gain":0,"max_hp_loss":0,"event_name":"Transmorgrifier","floor":36,"gold_loss":0,"cards_obtained":["Defy"]},{"damage_healed":0,"gold_gain":0,"player_choice":"Paid","damage_taken":0,"relics_obtained":["Red Mask"],"max_hp_gain":0,"max_hp_loss":0,"event_name":"Tomb of Lord Red Mask","floor":44,"gold_loss":75},{"damage_healed":0,"gold_gain":0,"player_choice":"Memory 3","damage_taken":10,"max_hp_gain":0,"max_hp_loss":0,"event_name":"SensoryStone","floor":46,"gold_loss":0}],"is_beta":false,"boss_relics":[{"not_picked":["Tiny House","Sozu"],"picked":"Busted Crown"},{"not_picked":["Runic Pyramid","SplendidAttire"],"picked":"MysterySword"}],"items_purged_floors":[13,30,41],"is_endless":false,"potions_floor_spawned":[3,5,12,19,27,35],"ascension_level":0}}