{"host":"yfdtuf6ojcxn06xg","time":1609644992,"event":{"mods":["2.2 Compatiblity","AchievementEnabler","BaseMod","Colored Map","Colored Powertips","Downfall","Hermit","JesterMod","Jorbs\u0027s Wanderer Trilogy","Minty Spire (QoL Compilation)","Quick Restart","Rare Cards Sparkle","Relic Stats","Replay The Spire","StSLib","The Cursed","The Disciple","The Hierophant","The Jungle","The Necromancer","The Servant 0.9.4"],"gold_per_floor":[114,114,130,130,149,74,74,88,88,120,120,120,120,147,157,174,174,275,275,288,35,55,74,74,74,104,104,130,142,142,172,182,192,192,290,290,306,306,306,319,23,52,52,70,70,70,86,140,174,174,174,174],"floor_reached":53,"playtime":3616,"items_purged":["hermit:Strike_Hermit","hermit:Defend_Hermit"],"score":882,"play_id":"0006b9ba-c271-4500-a31d-b4223a5c75e4","local_time":"20210102223632","is_ascension_mode":true,"campfire_choices":[{"data":"hermit:Covet","floor":13.0,"key":"SMITH"},{"floor":17.0,"key":"REST"},{"floor":25.0,"key":"REST"},{"data":"hermit:ShadowCloak","floor":30.0,"key":"SMITH"},{"data":"hermit:ShadowCloak","floor":34.0,"key":"SMITH"},{"floor":43,"key":"REST"},{"floor":46,"key":"REST"},{"data":"hermit:Determination","floor":51,"key":"SMITH"}],"circlet_count":0,"master_deck":["hermit:Strike_Hermit","hermit:Strike_Hermit","hermit:Strike_Hermit","hermit:Defend_Hermit","hermit:Defend_Hermit","hermit:Defend_Hermit","hermit:Snapshot","hermit:Covet+1","hermit:CursedWeapon+1","hermit:PistolWhip","hermit:Gestalt","hermit:LowProfile","hermit:Misfire","hermit:HoleUp","hermit:Adapt","hermit:ShadowCloak+1","hermit:ShadowCloak+1","hermit:Misfire","hermit:FlashPowder+1","Ghostly+1","Ghostly+1","Ghostly+1","Ghostly+1","Ghostly+1","hermit:Malice","hermit:FlashPowder","hermit:Horror","hermit:Cheat","hermit:FatalDesire","hermit:Determination+1","hermit:Determination","hermit:HeroicBravado","hermit:Horror+1","hermit:Grudge","Writhe"],"relics":["hermit:Momento","NeowsBlessing","Bottled Flame","Pantograph","Toy Ornithopter","ReplayFunnel","Replay:Fungal Core","Vajra","Chameleon Ring","MutagenicStrength","Bag of Marbles","Art of War","ChewingGum","Iron Hammer","Membership Card","Bag of Preparation","Frozen Egg 2","Strawberry","FossilizedHelix","Replay:Bottled Eggs"],"acts_visited":["Exordium","TheCity","TheBeyond"],"potions_floor_usage":[42,48,52,52,52],"damage_taken":[{"damage":0.0,"enemies":"2 Louse","floor":1.0,"turns":1.0},{"damage":2.0,"enemies":"Cultist","floor":3.0,"turns":1.0},{"damage":0.0,"enemies":"Small Slimes","floor":5.0,"turns":1.0},{"damage":13.0,"enemies":"Exordium Thugs","floor":8.0,"turns":5.0},{"damage":2.0,"enemies":"Gremlin Nob","floor":10.0,"turns":2.0},{"damage":22.0,"enemies":"Lagavulin","floor":14.0,"turns":6.0},{"damage":7.0,"enemies":"Gremlin Gang","floor":15.0,"turns":3.0},{"damage":3.0,"enemies":"Exordium Wildlife","floor":16.0,"turns":3.0},{"damage":80.0,"enemies":"Fading Forest","floor":18.0,"turns":11.0},{"damage":36.0,"enemies":"3 Byrds","floor":20.0,"turns":9.0},{"damage":17.0,"enemies":"Shell Parasite","floor":22.0,"turns":4.0},{"damage":11.0,"enemies":"Sentry and Sphere","floor":23.0,"turns":10.0},{"damage":4.0,"enemies":"Slavers","floor":26.0,"turns":11.0},{"damage":3.0,"enemies":"Centurion and Healer","floor":29.0,"turns":8.0},{"damage":2.0,"enemies":"Replay:Snechameleon","floor":31.0,"turns":3.0},{"damage":4.0,"enemies":"Chosen and Byrds","floor":32.0,"turns":9.0},{"damage":2.0,"enemies":"Snake Plant","floor":33.0,"turns":1.0},{"damage":9.0,"enemies":"Champ","floor":35.0,"turns":17.0},{"damage":14.0,"enemies":"3 Darklings","floor":37.0,"turns":11.0},{"damage":16.0,"enemies":"3 Shapes","floor":40.0,"turns":3.0},{"damage":8,"enemies":"R_Hoarder","floor":42,"turns":8},{"damage":1,"enemies":"Sphere and 2 Shapes","floor":44,"turns":4},{"damage":2,"enemies":"3 Darklings","floor":47,"turns":8},{"damage":3,"enemies":"2 Orb Walkers","floor":48,"turns":6},{"damage":4,"enemies":"Giant Head","floor":49,"turns":7},{"damage":24,"enemies":"Time Eater","floor":52,"turns":11}],"seed_played":"-2277242415503615695","potions_obtained":[{"floor":1.0,"key":"hexamod:EctoCoolerPotion"},{"floor":8.0,"key":"Dexterity Potion"},{"floor":14.0,"key":"Fire Potion"},{"floor":16.0,"key":"SteroidPotion"},{"floor":22.0,"key":"Dexterity Potion"},{"floor":26.0,"key":"BlessingOfTheForge"},{"floor":32.0,"key":"Energy Potion"},{"floor":35.0,"key":"SteroidPotion"},{"floor":42,"key":"Explosive Potion"},{"floor":48,"key":"hexamod:EctoCoolerPotion"},{"floor":49,"key":"Block Potion"}],"is_trial":false,"path_per_floor":["M","?","M","?","M","$","T","M","T","E","PTL","PTL","R","E","M","M","R","B",null,"M","$","M","M","?","R","E","?","T","M","R","E","M","M","R","B",null,"M","?","T","M","$","E","R","M","T","R","M","?","E","?","R","B",null],"character_chosen":"HERMIT","items_purchased":["hermit:ShadowCloak","Vajra","hermit:Misfire","Membership Card","hermit:Determination","Bag of Preparation"],"campfire_rested":4,"item_purchase_floors":[21,21,21,41,41,41],"current_hp_per_floor":[75,75,73,73,73,73,73,60,60,58,58,58,58,41,39,36,58,9,75,39,39,22,11,11,22,23,23,23,20,20,23,19,17,17,32,37,23,23,23,7,7,4,15,14,21,34,32,34,30,41,41,20],"gold":174,"neow_bonus":"THREE_ENEMY_KILL","is_daily":false,"chose_seed":false,"campfire_upgraded":4,"win_rate":0.0,"timestamp":1609644992,"path_taken":["M","?","?","?","M","$","?","M","T","E","PTL","PTL","R","E","M","M","R","BOSS","M","$","M","?","?","R","E","?","T","?","R","E","M","M","R","BOSS","M","?","?","?","$","E","R","M","T","R","?","?","E","?","R","BOSS"],"items_purchased_type":["Card","Relic","Card","Relic","Card","Relic"],"build_version":"2020-12-22","purchased_purges":2,"victory":true,"max_hp_per_floor":[75,75,75,75,75,75,75,75,75,75,75,75,75,75,75,75,75,75,75,75,75,75,75,37,37,37,37,37,37,37,37,37,37,37,37,37,37,37,37,37,37,37,37,37,44,44,44,44,44,44,44,44],"relic_stats":{"counters":[26,163],"Pantograph":40,"Art of War":[12],"Bag of Preparation":[12],"obtain_stats":[{"ReplayFunnel":14,"NeowsBlessing":0,"Replay:Fungal Core":19,"Vajra":21,"Bag of Preparation":41,"Frozen Egg 2":42,"Bottled Flame":7,"Chameleon Ring":26,"Pantograph":9,"MutagenicStrength":27,"Strawberry":45,"ChewingGum":36,"Iron Hammer":39,"Bag of Marbles":28,"Art of War":31,"Membership Card":41,"Replay:Bottled Eggs":49,"hermit:Momento":0,"Toy Ornithopter":10,"FossilizedHelix":48},{"ReplayFunnel":6,"NeowsBlessing":0,"Replay:Fungal Core":9,"Vajra":10,"Bag of Preparation":20,"Frozen Egg 2":21,"Bottled Flame":3,"Chameleon Ring":13,"Pantograph":4,"MutagenicStrength":13,"Strawberry":22,"ChewingGum":18,"Iron Hammer":19,"Bag of Marbles":13,"Art of War":15,"Membership Card":20,"Replay:Bottled Eggs":25,"hermit:Momento":0,"Toy Ornithopter":5,"FossilizedHelix":24},{"ReplayFunnel":16,"NeowsBlessing":0,"Replay:Fungal Core":33,"Vajra":42,"Bag of Preparation":119,"Frozen Egg 2":127,"Bottled Flame":3,"Chameleon Ring":67,"Pantograph":8,"MutagenicStrength":67,"Strawberry":131,"ChewingGum":105,"Iron Hammer":116,"Bag of Marbles":67,"Art of War":78,"Membership Card":119,"Replay:Bottled Eggs":152,"hermit:Momento":0,"Toy Ornithopter":10,"FossilizedHelix":145}],"Toy Ornithopter":34},"card_choices":[{"not_picked":["hermit:Combo","hermit:CalledShot"],"picked":"hermit:CursedWeapon","floor":1.0},{"not_picked":["hermit:Manifest","hermit:Quickdraw"],"picked":"hermit:PistolWhip","floor":3.0},{"not_picked":["hermit:LoneWolf","hermit:BodyArmor"],"picked":"hermit:Gestalt","floor":5.0},{"not_picked":["hermit:Showdown","hermit:BodyArmor","hermit:Maintenance"],"picked":"SKIP","floor":8.0},{"not_picked":["hermit:FullyLoaded","hermit:BlackWind"],"picked":"hermit:LowProfile","floor":10.0},{"not_picked":["hermit:Roulette","hermit:Virtue"],"picked":"hermit:Misfire","floor":14.0},{"not_picked":["hermit:Dive","hermit:Vantage","hermit:Ricochet"],"picked":"SKIP","floor":15.0},{"not_picked":["hermit:BodyArmor","hermit:Ricochet"],"picked":"hermit:HoleUp","floor":16.0},{"not_picked":["hermit:HighNoon","hermit:Roughhouse"],"picked":"hermit:Adapt","floor":18.0},{"not_picked":["hermit:Manifest+1","hermit:HoleUp"],"picked":"hermit:ShadowCloak","floor":20.0},{"not_picked":["hermit:HoleUp","hermit:Dive"],"picked":"hermit:FlashPowder+1","floor":22.0},{"not_picked":["hermit:TrackingShot","hermit:Headshot","hermit:Manifest"],"picked":"SKIP","floor":23.0},{"not_picked":["hermit:Gestalt","hermit:TakeCover+1"],"picked":"hermit:Malice","floor":26.0},{"not_picked":["hermit:HighCaliber","hermit:Malice"],"picked":"hermit:FlashPowder","floor":29.0},{"not_picked":["hermit:CalledShot+1","hermit:Roulette","hermit:Malice"],"picked":"SKIP","floor":31.0},{"not_picked":["hermit:Glare","hermit:Combo+1"],"picked":"hermit:Horror","floor":32.0},{"not_picked":["hermit:Manifest+1","hermit:Dive"],"picked":"hermit:Cheat","floor":33.0},{"not_picked":["hermit:Reprieve","hermit:Gambit"],"picked":"hermit:FatalDesire","floor":35.0},{"not_picked":["hermit:Coalescence+1","hermit:BodyArmor+1","hermit:TrackingShot+1"],"picked":"SKIP","floor":37.0},{"not_picked":["hermit:Vantage","hermit:Maintenance+1","hermit:Deadeye+1"],"picked":"SKIP","floor":40.0},{"not_picked":["hermit:Coalescence","hermit:HighCaliber+1"],"picked":"hermit:HeroicBravado","floor":42},{"not_picked":["hermit:Desperado+1","hermit:EyeOfTheStorm+1"],"picked":"hermit:Horror+1","floor":44},{"not_picked":["hermit:Dive+1","hermit:Manifest","hermit:Coalescence+1"],"picked":"SKIP","floor":47},{"not_picked":["hermit:Horror","hermit:CursedWeapon+1"],"picked":"hermit:Grudge","floor":49}],"player_experience":182810,"relics_obtained":[{"floor":7.0,"key":"Bottled Flame"},{"floor":9.0,"key":"Pantograph"},{"floor":10.0,"key":"Toy Ornithopter"},{"floor":14.0,"key":"ReplayFunnel"},{"floor":26.0,"key":"Chameleon Ring"},{"floor":28.0,"key":"Bag of Marbles"},{"floor":31.0,"key":"Art of War"},{"floor":39.0,"key":"Iron Hammer"},{"floor":42,"key":"Frozen Egg 2"},{"floor":45,"key":"Strawberry"},{"floor":48,"key":"FossilizedHelix"},{"floor":49,"key":"Replay:Bottled Eggs"}],"event_choices":[{"damage_healed":0.0,"max_hp_gain":0.0,"max_hp_loss":0.0,"gold_gain":0.0,"event_name":"The Woman in Blue","player_choice":"Bought 0 Potions","floor":2.0,"gold_loss":0.0,"damage_taken":0.0},{"damage_healed":0.0,"max_hp_gain":0.0,"max_hp_loss":0.0,"gold_gain":0.0,"event_name":"Living Wall","player_choice":"Grow","floor":4.0,"gold_loss":0.0,"damage_taken":0.0,"cards_upgraded":["hermit:CursedWeapon"]},{"damage_healed":0.0,"max_hp_gain":0.0,"max_hp_loss":38.0,"gold_gain":0.0,"event_name":"Ghosts","player_choice":"Became a Ghost","floor":24.0,"gold_loss":0.0,"damage_taken":0.0,"cards_obtained":["Ghostly","Ghostly","Ghostly","Ghostly","Ghostly"]},{"damage_healed":0.0,"max_hp_gain":0.0,"max_hp_loss":0.0,"gold_gain":0.0,"event_name":"Drug Dealer","player_choice":"Inject Mutagens","floor":27.0,"gold_loss":0.0,"damage_taken":0.0,"relics_obtained":["MutagenicStrength"]},{"damage_healed":0.0,"max_hp_gain":0.0,"max_hp_loss":0.0,"gold_gain":0.0,"event_name":"Tomb of Lord Red Mask","player_choice":"Ignored","floor":38.0,"gold_loss":0.0,"damage_taken":0.0},{"damage_healed":0,"gold_gain":0,"player_choice":"Fight","damage_taken":0,"max_hp_gain":0,"max_hp_loss":0,"event_name":"Mysterious Sphere","floor":48,"gold_loss":0},{"damage_healed":11,"gold_gain":0,"player_choice":"Writhe","damage_taken":0,"max_hp_gain":0,"max_hp_loss":0,"event_name":"Winding Halls","floor":50,"gold_loss":0,"cards_obtained":["Writhe"]}],"is_beta":false,"boss_relics":[{"not_picked":["Coffee Dripper","hermit:DentedPlate"],"picked":"Replay:Fungal Core"},{"not_picked":["ReplayTheSpireMod:DimensionalGlitch","Ring of Chaos"],"picked":"ChewingGum"}],"items_purged_floors":[6,41],"is_endless":false,"potions_floor_spawned":[1,8,14,16,22,26,32,35,42,48,49],"ascension_level":1}}