{"host":"qwttrqaysb380yri","time":1609675971,"event":{"mods":["BaseMod","Custom Start","Minty Spire (QoL Compilation)","Permanent Neow","Puzzle Mod","Relic Stats","StSLib","The Hierophant"],"gold_per_floor":[115,115,133,152,152,152,185,185,210,210,210,221,554,304,304,381,381,400,400,325,126,146,180,180,207,234,260,39,58,58,86,86,86,86],"floor_reached":33,"playtime":1235,"items_purged":["Strike_G","Strike_G"],"score":620,"play_id":"05da1ed9-770b-4f10-b50d-0f1e71fe3d26","local_time":"20210103131251","is_ascension_mode":true,"campfire_choices":[{"data":"Neutralize","floor":6,"key":"SMITH"},{"data":"Acrobatics","floor":8,"key":"SMITH"},{"data":"Eviscerate","floor":10,"key":"SMITH"},{"floor":15,"key":"REST"},{"floor":24,"key":"REST"},{"floor":30,"key":"REST"},{"floor":32,"key":"REST"}],"circlet_count":0,"master_deck":["AscendersBane","Strike_G","Strike_G","Defend_G+1","Defend_G","Defend_G","Defend_G","Survivor","Neutralize+1","Eviscerate+1","Acrobatics+1","Tactician","Underhanded Strike","Terror+1","Tools of the Trade","Slice","Caltrops","Cloak And Dagger","Envenom","Backflip","Deflect","Dagger Spray","PiercingWail","Backstab+1","Tools of the Trade","Footwork","Backflip"],"relics":["Ring of the Snake","TungstenRod","GremlinMask","Juzu Bracelet","Orichalcum","Old Coin","Fusion Hammer","StrikeDummy","Ancient Tea Set","Bronze Scales","InkBottle","War Paint","Smiling Mask"],"acts_visited":["Exordium","TheCity"],"potions_floor_usage":[7,7,16,23,23,29],"damage_taken":[{"damage":0,"enemies":"2 Louse","floor":1,"turns":3},{"damage":0,"enemies":"Small Slimes","floor":3,"turns":4},{"damage":5,"enemies":"Cultist","floor":4,"turns":3},{"damage":18,"enemies":"Lagavulin","floor":7,"turns":7},{"damage":1,"enemies":"Looter","floor":12,"turns":2},{"damage":9,"enemies":"Gremlin Nob","floor":13,"turns":3},{"damage":6,"enemies":"The Guardian","floor":16,"turns":8},{"damage":6,"enemies":"Shell Parasite","floor":18,"turns":4},{"damage":15,"enemies":"Spheric Guardian","floor":22,"turns":4},{"damage":0,"enemies":"Gremlin Leader","floor":23,"turns":4},{"damage":20,"enemies":"Slavers","floor":25,"turns":7},{"damage":23,"enemies":"Book of Stabbing","floor":27,"turns":5},{"damage":6,"enemies":"Cultist and Chosen","floor":29,"turns":4},{"damage":14,"enemies":"Gremlin Leader","floor":31,"turns":6},{"damage":35,"enemies":"Champ","floor":33,"turns":8}],"seed_played":"-6424535998692194953","potions_obtained":[{"floor":1,"key":"Swift Potion"},{"floor":3,"key":"BlessingOfTheForge"},{"floor":12,"key":"Swift Potion"},{"floor":13,"key":"SneckoOil"},{"floor":18,"key":"LiquidMemories"},{"floor":25,"key":"SteroidPotion"},{"floor":31,"key":"SmokeBomb"}],"is_trial":false,"path_per_floor":["M","?","M","M","?","R","E","R","T","R","?","M","E","$","R","B",null,"M","?","?","$","M","E","R","E","T","E","$","M","R","E","R","B"],"character_chosen":"THE_SILENT","items_purchased":["Slice","Caltrops","Cloak And Dagger","Deflect","Dagger Spray","Footwork","War Paint"],"campfire_rested":4,"item_purchase_floors":[14,14,14,21,21,28,28],"current_hp_per_floor":[59,53,53,48,48,48,30,30,30,30,35,34,25,25,44,38,58,52,52,52,52,37,37,56,36,36,13,13,7,26,12,31,0,0],"gold":86,"neow_bonus":"ONE_RARE_RELIC","is_daily":false,"chose_seed":false,"campfire_upgraded":3,"win_rate":0.0,"timestamp":1609675971,"path_taken":["M","?","M","M","?","R","E","R","T","R","?","M","E","$","R","BOSS","M","?","?","$","M","E","R","E","T","E","$","M","R","E","R","BOSS"],"items_purchased_type":["Card","Card","Card","Card","Card","Card","Relic"],"build_version":"2020-12-22","purchased_purges":2,"victory":false,"max_hp_per_floor":[60,60,60,60,60,60,60,60,60,60,65,65,65,65,65,65,65,65,65,65,65,65,65,65,65,65,65,65,65,65,65,65,65,65],"relic_stats":{"counters":[15,72],"Bronze Scales":[76],"Juzu Bracelet":1,"Orichalcum":[78],"War Paint":["Terror","Defend_G"],"Smiling Mask":0,"obtain_stats":[{"GremlinMask":5,"Juzu Bracelet":7,"Orichalcum":9,"War Paint":28,"Ancient Tea Set":25,"Smiling Mask":31,"Old Coin":13,"Bronze Scales":26,"Fusion Hammer":17,"StrikeDummy":23,"TungstenRod":0,"InkBottle":27,"Ring of the Snake":0},{"GremlinMask":3,"Juzu Bracelet":4,"Orichalcum":4,"War Paint":12,"Ancient Tea Set":11,"Smiling Mask":14,"Old Coin":6,"Bronze Scales":11,"Fusion Hammer":7,"StrikeDummy":10,"TungstenRod":0,"InkBottle":12,"Ring of the Snake":0},{"GremlinMask":10,"Juzu Bracelet":17,"Orichalcum":17,"War Paint":54,"Ancient Tea Set":49,"Smiling Mask":64,"Old Coin":22,"Bronze Scales":49,"Fusion Hammer":30,"StrikeDummy":42,"TungstenRod":0,"InkBottle":54,"Ring of the Snake":0}],"TungstenRod":30,"InkBottle":[10],"Ring of the Snake":[30]},"card_choices":[{"not_picked":["Cloak And Dagger","Expertise"],"picked":"Eviscerate","floor":1},{"not_picked":["Prepared","Well Laid Plans"],"picked":"Acrobatics","floor":3},{"not_picked":["Sucker Punch","Dodge and Roll"],"picked":"Tactician","floor":4},{"not_picked":["Dodge and Roll","Prepared"],"picked":"Underhanded Strike","floor":7},{"not_picked":["Blade Dance","Poisoned Stab"],"picked":"Terror","floor":12},{"not_picked":["Infinite Blades","Dagger Spray"],"picked":"Tools of the Trade","floor":13},{"not_picked":["Corpse Explosion","Bullet Time"],"picked":"Envenom","floor":16},{"not_picked":["Blade Dance","Dodge and Roll"],"picked":"Backflip","floor":18},{"not_picked":["Deadly Poison+1","Backflip"],"picked":"PiercingWail","floor":22},{"not_picked":["Dodge and Roll","Accuracy"],"picked":"Backstab+1","floor":23},{"not_picked":["Caltrops","Prepared"],"picked":"Tools of the Trade","floor":25},{"not_picked":["Deadly Poison","Caltrops","Blade Dance"],"picked":"SKIP","floor":27},{"not_picked":["Dagger Spray","Prepared"],"picked":"Backflip","floor":29},{"not_picked":["Flying Knee","Bullet Time","Outmaneuver"],"picked":"SKIP","floor":31}],"player_experience":1993970,"relics_obtained":[{"floor":7,"key":"Juzu Bracelet"},{"floor":9,"key":"Orichalcum"},{"floor":13,"key":"Old Coin"},{"floor":23,"key":"StrikeDummy"},{"floor":25,"key":"Ancient Tea Set"},{"floor":26,"key":"Bronze Scales"},{"floor":27,"key":"InkBottle"},{"floor":31,"key":"Smiling Mask"}],"event_choices":[{"cards_removed":["Defend_G"],"damage_healed":0,"gold_gain":0,"player_choice":"Card Removal","damage_taken":7,"max_hp_gain":0,"max_hp_loss":0,"event_name":"Golden Wing","floor":2,"gold_loss":0},{"damage_healed":0,"gold_gain":0,"player_choice":"Trade","damage_taken":0,"relics_obtained":["GremlinMask"],"max_hp_gain":0,"max_hp_loss":0,"event_name":"FaceTrader","floor":5,"gold_loss":0},{"damage_healed":0,"gold_gain":0,"player_choice":"Donut","damage_taken":0,"max_hp_gain":5,"max_hp_loss":0,"event_name":"Big Fish","floor":11,"gold_loss":0},{"damage_healed":0,"gold_gain":0,"player_choice":"Ignored","damage_taken":0,"max_hp_gain":0,"max_hp_loss":0,"event_name":"Ghosts","floor":19,"gold_loss":0},{"cards_removed":["Strike_G"],"damage_healed":0,"gold_gain":0,"player_choice":"Gave Gold","damage_taken":0,"max_hp_gain":0,"max_hp_loss":0,"event_name":"Beggar","floor":20,"gold_loss":75}],"is_beta":false,"boss_relics":[{"not_picked":["Runic Pyramid","Busted Crown"],"picked":"Fusion Hammer"}],"items_purged_floors":[14,21],"is_endless":false,"potions_floor_spawned":[1,3,12,13,18,25,31],"killed_by":"Champ","ascension_level":15}}