{"host":"1kq2ingo3j45gyyp","time":1609638639,"event":{"mods":["BaseMod","Better Note","Better Third Choice","Downfall","Minty Spire (QoL Compilation)","StSLib"],"gold_per_floor":[99,119,269,284,74,74,74,174,190,224,224,248,98,8,19,124,124,124,137,148,15,15,15,15,27,27,45,45,45,45],"floor_reached":28,"playtime":1379,"items_purged":[],"score":241,"play_id":"81e98134-0172-43d2-b2f9-fbc52ab86b78","local_time":"20210102205039","is_ascension_mode":false,"campfire_choices":[{"data":"hexamod:Float","floor":1.0,"key":"SMITH"},{"floor":11.0,"key":"RECALL"},{"data":"hexamod:TimeOfNeed","floor":13.0,"key":"SMITH"},{"data":"hexamod:EmpoweredFlame","floor":18.0,"key":"SMITH"},{"floor":23.0,"key":"REST"}],"circlet_count":0,"master_deck":["hexamod:Strike","hexamod:Strike","hexamod:Defend","hexamod:Defend","hexamod:Defend","hexamod:Sear","hexamod:Float+1","hexamod:RecurringNightmare","Slimebound:Icky","hexamod:EmpoweredFlame+1","hexamod:TimeOfNeed+1","expansioncontent:StudyTheSpire+1","hexamod:StepThrough","hexamod:AdvancingGuard","hexamod:FifthSeal","hexamod:StepThrough","hexamod:TimeWarp","hexamod:VolcanoVisage","hexamod:HeatMetal+1","hexamod:CatchUp+1","hexamod:GhostShield+1","hexamod:SpectersWail","hexamod:EmpoweredFlame+1","hexamod:HauntingEcho","hexamod:TimeOfNeed+1","hexamod:SixthSeal","hexamod:InspiringFlames"],"relics":["hexamod:SpiritBrand","Eternal Feather","Art of War","downfall:HeartBlessingBlue","downfall:HeartBlessingRed","Astrolabe","Pantograph"],"acts_visited":["Exordium","TheCity"],"potions_floor_usage":[],"damage_taken":[{"damage":1.0,"enemies":"Small Slimes","floor":2.0,"turns":3.0},{"damage":3.0,"enemies":"Jaw Worm","floor":4.0,"turns":4.0},{"damage":0.0,"enemies":"downfall:FleeingMerchant","floor":5.0,"turns":4.0},{"damage":8.0,"enemies":"2 Louse","floor":9.0,"turns":3.0},{"damage":14.0,"enemies":"3 Sentries","floor":10.0,"turns":8.0},{"damage":0.0,"enemies":"downfall:FleeingMerchant","floor":14.0,"turns":4.0},{"damage":8.0,"enemies":"Exordium Wildlife","floor":15.0,"turns":5.0},{"damage":22.0,"enemies":"downfall:Ironclad","floor":16.0,"turns":9.0},{"damage":13.0,"enemies":"Chosen","floor":19.0,"turns":6.0},{"damage":36.0,"enemies":"Snake Plant","floor":20.0,"turns":5.0},{"damage":9.0,"enemies":"downfall:FleeingMerchant","floor":21.0,"turns":4.0},{"damage":46.0,"enemies":"Chosen and Byrds","floor":25.0,"turns":7.0},{"damage":14.0,"enemies":"Centurion and Healer","floor":27.0,"turns":6.0},{"damage":11,"enemies":"Shelled Parasite and Fungi","floor":28,"turns":4}],"seed_played":"-4282323940754858518","potions_obtained":[{"floor":9.0,"key":"champ:CounterPotion"},{"floor":16.0,"key":"PowerPotion"},{"floor":19.0,"key":"DuplicationPotion"}],"is_trial":false,"path_per_floor":["R","M","?","M","$","?","T","?","M","E","R","T","R","$","M","B",null,"R","M","M","$","?","R","T","M","?","M","M"],"character_chosen":"THE_SPIRIT","items_purchased":["expansioncontent:StudyTheSpire","hexamod:StepThrough","hexamod:EmpoweredFlame","hexamod:HauntingEcho"],"campfire_rested":1,"item_purchase_floors":[5,14,21,21],"current_hp_per_floor":[77,76,76,73,73,73,73,73,65,51,60,60,79,79,71,49,87,87,74,38,29,29,70,70,24,24,10,0,0,0],"gold":45,"neow_bonus":"TEN_PERCENT_HP_BONUS","is_daily":false,"chose_seed":false,"campfire_upgraded":3,"win_rate":0.0,"timestamp":1609638639,"path_taken":["R","M","?","M","?","?","T","?","?","E","R","?","R","$","M","BOSS","R","M","M","$","?","R","T","M","?","M","M"],"items_purchased_type":["Card","Card","Card","Card"],"build_version":"2020-12-22","purchased_purges":0,"victory":false,"max_hp_per_floor":[77,77,77,77,77,77,77,77,77,77,77,77,87,87,87,87,87,87,87,87,87,87,87,87,87,87,87,87,87,87],"card_choices":[{"not_picked":["hexamod:ThermalTransfer","hexamod:GhostLash"],"picked":"hexamod:RecurringNightmare","floor":2.0},{"not_picked":["hexamod:AdvancingGuard","hexamod:NightmareStrike"],"picked":"hexamod:EmpoweredFlame","floor":4.0},{"not_picked":["hexamod:Hexaguard","hexamod:GhostOfSpireFuture"],"picked":"hexamod:TimeOfNeed","floor":5.0},{"not_picked":["hexamod:PhantomFireball","hexamod:Firestarter"],"picked":"hexamod:StepThrough","floor":9.0},{"not_picked":["hexamod:ExtraCrispy","hexamod:Hexaguard"],"picked":"hexamod:AdvancingGuard","floor":10.0},{"not_picked":["hexamod:Hexaguard","hexamod:ShieldOfDarkness"],"picked":"hexamod:FifthSeal","floor":14.0},{"not_picked":["hexamod:ThermalTransfer","hexamod:FlamesFromBeyond"],"picked":"hexamod:TimeWarp","floor":15.0},{"not_picked":["hexamod:GiftsFromTheDead","hexamod:UnleashSpirits"],"picked":"hexamod:VolcanoVisage","floor":16.0},{"not_picked":["hexamod:NightmareStrike","hexamod:GhostLash"],"picked":"hexamod:SpectersWail","floor":19.0},{"not_picked":["hexamod:RadiantFlame","hexamod:RainOfEmbers+1","hexamod:CatchUp"],"picked":"SKIP","floor":20.0},{"not_picked":["hexamod:BurningTouch","hexamod:RainOfEmbers+1","hexamod:EmpoweringStance"],"picked":"SKIP","floor":21.0},{"not_picked":["hexamod:SecondSeal","hexamod:ThirdSeal"],"picked":"hexamod:SixthSeal","floor":25.0},{"not_picked":["hexamod:ThermalTransfer","hexamod:BurningTouch+1","hexamod:GhostShield"],"picked":"SKIP","floor":25.0},{"not_picked":["hexamod:HeatMetal","hexamod:Firestarter"],"picked":"hexamod:InspiringFlames","floor":27.0}],"player_experience":830936,"relics_obtained":[{"floor":7.0,"key":"Eternal Feather"},{"floor":10.0,"key":"Art of War"},{"floor":24.0,"key":"Pantograph"}],"event_choices":[{"damage_healed":0.0,"max_hp_gain":0.0,"max_hp_loss":0.0,"gold_gain":0.0,"event_name":"Living Wall","player_choice":"Grow","floor":6.0,"gold_loss":0.0,"damage_taken":0.0,"cards_upgraded":["expansioncontent:StudyTheSpire"]},{"damage_healed":0.0,"max_hp_gain":0.0,"max_hp_loss":0.0,"gold_gain":0.0,"event_name":"Duplicator","player_choice":"Copied","floor":22.0,"gold_loss":0.0,"damage_taken":0.0,"cards_obtained":["hexamod:TimeOfNeed"]},{"damage_healed":0.0,"max_hp_gain":0.0,"max_hp_loss":0.0,"gold_gain":0.0,"event_name":"Upgrade Shrine","player_choice":"Upgraded","floor":26.0,"gold_loss":0.0,"damage_taken":0.0,"cards_upgraded":["hexamod:EmpoweredFlame"]}],"is_beta":false,"boss_relics":[{"not_picked":["Velvet Choker","Cursed Key"],"picked":"Astrolabe"}],"items_purged_floors":[],"is_endless":false,"potions_floor_spawned":[9,16,19,20,27],"killed_by":"Shelled Parasite and Fungi","ascension_level":0}}