{"host":"4f4mly8p8a03nx7e","time":1609690144,"event":{"mods":["AchievementEnabler","Aspiration","BaseMod","BetterRewards","Colored Map","Colored Powertips","Conspire","Energized Spire","Googly Eyes","GungeonMod","Highlight Path","Hubris","Infinite Spire","Minty Spire (QoL Compilation)","Permanent Neow","Rare Cards Sparkle","Relic Sorter","Replay The Spire","Shop Mod","StSLib","Synergy Search","The IronCluck","Virulent Crown"],"gold_per_floor":[114,134,114,130,142,142,177,190,190,206,206,219,219,219,239,55,55,154,154,171,190,190,201,126,156,156,175,198,198,198,45,55,82,82,183,183,200,200,212,212,288,300,366,410,422,546,87,87,97,109,109,109],"floor_reached":53,"playtime":2169,"items_purged":["hubris:Disease"],"score":1103,"play_id":"3607880d-6363-493e-94be-9b966acbf8c2","local_time":"20210103170904","is_ascension_mode":true,"campfire_choices":[{"data":"infinitespire:OneForAll","floor":6,"key":"SMITH"},{"floor":17,"key":"REST"},{"data":"Double Tap","floor":26,"key":"SMITH"},{"data":"Reaper","floor":29,"key":"SMITH"},{"floor":34,"key":"REST"},{"data":"Flame Barrier","floor":42,"key":"SMITH"},{"data":"Metallicize","floor":48,"key":"SMITH"},{"floor":51,"key":"REST"}],"circlet_count":0,"master_deck":["Strike_R","Strike_R","Strike_R","Defend_R","Defend_R","Defend_R","Defend_R","Bash","infinitespire:OneForAll+1","Uppercut","Burning Pact","Double Tap+1","Thunderclap","Headbutt","Dropkick","Combust+1","Reaper+1","Disarm","Hallucinations","Blood for Blood","Armaments+1","Life Link","Flame Barrier+1","Disarm","Immolate","Havoc+1","Regret","Fire Breathing+1","Parasite","ReplayTheSpireMod:Splinters","Seeing Red","Metallicize+1","Shrug It Off","Pommel Strike","Dramatic Entrance","Shockwave+1"],"relics":["Burning Blood","hubris:Icosahedron","aspiration:Nostalgia","Sizzling Blood","Ornamental Fan","Garlic","ReplayTheSpireMod:CursedCoin","DemoMod:MonsterBlood","Anchor","Electric Blood","Ring of Hypnosis","ReplayTheSpireMod:Ring of Collecting","StrikeDummy","ReplayTheSpireMod:Ring of Exchange","ReplayFunnel","Lizard Tail","conspire:RunicOctahedron","ReplayTheSpireMod:Ring of Addiction","SacredBark","Toy Ornithopter","Quantum Egg","Ring of Greed","Happy Flower","Tiny Chest","MawBank","Replay:Towering Pillar of Hats","Akabeko","Ring of Fury","Iron Hammer","Replay:Bottled Flurry"],"acts_visited":["Exordium","TheCity","TheBeyond"],"potions_floor_usage":[5,43,44,52],"damage_taken":[{"damage":4,"enemies":"2 Louse","floor":1,"turns":3},{"damage":16,"enemies":"Cultist","floor":2,"turns":4},{"damage":8,"enemies":"conspire:RoseBush","floor":4,"turns":4},{"damage":48,"enemies":"Gremlin Gang","floor":5,"turns":9},{"damage":33,"enemies":"Replay:BlueRogue","floor":7,"turns":8},{"damage":5,"enemies":"Looter","floor":8,"turns":3},{"damage":9,"enemies":"Blue Slaver","floor":10,"turns":3},{"damage":6,"enemies":"Exordium Wildlife","floor":12,"turns":3},{"damage":3,"enemies":"Red Slaver","floor":15,"turns":2},{"damage":40,"enemies":"Hexaghost","floor":18,"turns":7},{"damage":9,"enemies":"Shell Parasite","floor":20,"turns":3},{"damage":15,"enemies":"conspire:FuzzyDice","floor":21,"turns":4},{"damage":46,"enemies":"conspire:HollyBat","floor":23,"turns":8},{"damage":20,"enemies":"conspire:Head Lice","floor":25,"turns":3},{"damage":11,"enemies":"Centurion and Healer","floor":27,"turns":3},{"damage":12,"enemies":"Snecko","floor":32,"turns":2},{"damage":20,"enemies":"conspire:SneckoGhost","floor":33,"turns":6},{"damage":52,"enemies":"Collector","floor":35,"turns":4},{"damage":36,"enemies":"3 Darklings","floor":37,"turns":5},{"damage":15,"enemies":"Orb Walker","floor":39,"turns":3},{"damage":50,"enemies":"2 Orb Walkers","floor":43,"turns":5},{"damage":18,"enemies":"Reptomancer","floor":44,"turns":4},{"damage":28,"enemies":"Writhing Mass","floor":46,"turns":3},{"damage":15,"enemies":"Sphere and 2 Shapes","floor":49,"turns":3},{"damage":6,"enemies":"Spire Growth","floor":50,"turns":2},{"damage":104,"enemies":"infinitespire:MassOfShapes","floor":52,"turns":7}],"seed_played":"2351516082625425775","potions_obtained":[{"floor":2,"key":"Energy Potion"},{"floor":3,"key":"Venom Potion"},{"floor":5,"key":"Flashbang"},{"floor":7,"key":"Languid Potion"},{"floor":10,"key":"SteroidPotion"},{"floor":12,"key":"DuplicationPotion"},{"floor":20,"key":"BloodPotion"},{"floor":38,"key":"LifebloodPotion"},{"floor":43,"key":"DemoMod:LeadSkinPotion"},{"floor":49,"key":"SteroidPotion"},{"floor":50,"key":"PowerPotion"}],"is_trial":false,"path_per_floor":["M","M","?","M","M","R","E","M","T","M","?","M","PTL","PTL","M","$","R","B",null,"M","M","?","M","?","E","R","M","T","R","?","$","M","E","R","B",null,"M","T","M","?","T","R","?","E","T","M","$","R","M","M","R","B",null],"character_chosen":"IRONCLAD","items_purchased":["ReplayTheSpireMod:CursedCoin","DemoMod:MonsterBlood","Anchor","Combust","Life Link","Replay:Bottled Flurry","Metallicize","Shrug It Off","Pommel Strike","Dramatic Entrance"],"campfire_rested":3,"item_purchase_floors":[16,16,16,16,31,47,47,47,47,47],"current_hp_per_floor":[82,76,76,78,40,40,17,22,22,23,23,27,27,27,34,41,68,38,78,79,82,82,52,52,62,62,61,61,61,61,61,59,49,76,34,77,65,65,67,67,67,67,52,49,49,44,44,44,39,43,68,37],"gold":109,"neow_bonus":"NOSTALGIA","is_daily":false,"chose_seed":false,"campfire_upgraded":5,"win_rate":0.0,"timestamp":1609690144,"path_taken":["M","M","?","?","M","R","E","M","T","M","?","M","PTL","PTL","M","$","R","BOSS","M","?","?","M","?","E","R","M","T","R","?","$","?","E","R","BOSS","M","?","M","?","?","R","?","E","T","M","?","R","M","?","R","BOSS"],"items_purchased_type":["Relic","Relic","Relic","Card","Card","Relic","Card","Card","Card","Card"],"build_version":"2020-12-22","purchased_purges":1,"victory":true,"max_hp_per_floor":[84,84,84,84,84,84,84,84,84,84,84,84,84,84,84,91,91,91,91,91,91,91,91,91,91,91,91,91,91,91,91,91,91,91,91,91,91,91,91,91,91,89,89,89,89,89,89,87,87,87,85,85],"card_choices":[{"not_picked":["Flame Barrier","Metallicize"],"picked":"infinitespire:OneForAll","floor":1},{"not_picked":["Clothesline","Heavy Blade"],"picked":"Uppercut","floor":2},{"not_picked":["Wild Strike","Sentinel"],"picked":"Burning Pact","floor":4},{"not_picked":["Wild Strike","Intimidate"],"picked":"Double Tap","floor":5},{"not_picked":["Run Through","Anger"],"picked":"Thunderclap","floor":7},{"not_picked":["Anger","Thunderclap","Wild Strike"],"picked":"SKIP","floor":8},{"not_picked":["Demonic Infusion","ReplayTheSpireMod:Muscle Training"],"picked":"Headbutt","floor":10},{"not_picked":["Feel No Pain","Entrench"],"picked":"Dropkick","floor":12},{"not_picked":["Carnage","Perfected Strike","Wild Strike"],"picked":"SKIP","floor":15},{"not_picked":["conspire:Purge","conspire:HitWhereItHurts"],"picked":"Reaper","floor":18},{"not_picked":["ReplayTheSpireMod:Strike From Hell","Second Wind+1","Perfected Strike"],"picked":"SKIP","floor":20},{"not_picked":["Ghostly Armor","Run Through"],"picked":"Disarm","floor":21},{"not_picked":["Massacre","ReplayTheSpireMod:Limb From Limb","Sever Soul"],"picked":"SKIP","floor":23},{"not_picked":["Thunderclap+1","Twin Strike+1"],"picked":"Blood for Blood","floor":25},{"not_picked":["Body Slam","Cleave"],"picked":"Armaments+1","floor":27},{"not_picked":["hubris:SharpeningStone","Bloodletting"],"picked":"Flame Barrier","floor":32},{"not_picked":["Clash","Cleave"],"picked":"Disarm","floor":33},{"not_picked":["Berserk","Impervious"],"picked":"Immolate","floor":35},{"not_picked":["ReplayTheSpireMod:LeadingStrike","Twin Strike+1","Armaments"],"picked":"SKIP","floor":37},{"not_picked":["Entrench","Abandon+1"],"picked":"Havoc+1","floor":39},{"not_picked":["Anger+1","Life Link"],"picked":"Fire Breathing+1","floor":43},{"not_picked":["DemoMod:WhiteBlade+1","Reaper","Flex+1"],"picked":"SKIP","floor":44},{"not_picked":["Cleave+1","Clash+1"],"picked":"Seeing Red","floor":46},{"not_picked":["Thunderclap+1","Clash+1"],"picked":"Shockwave+1","floor":49},{"not_picked":["Heavy Blade","Twin Strike+1","Anger"],"picked":"SKIP","floor":50}],"player_experience":253439,"relics_obtained":[{"floor":7,"key":"Ornamental Fan"},{"floor":9,"key":"Garlic"},{"floor":22,"key":"Ring of Hypnosis"},{"floor":22,"key":"ReplayTheSpireMod:Ring of Collecting"},{"floor":25,"key":"StrikeDummy"},{"floor":28,"key":"ReplayTheSpireMod:Ring of Exchange"},{"floor":28,"key":"ReplayFunnel"},{"floor":33,"key":"Lizard Tail"},{"floor":38,"key":"ReplayTheSpireMod:Ring of Addiction"},{"floor":38,"key":"SacredBark"},{"floor":38,"key":"Toy Ornithopter"},{"floor":38,"key":"Quantum Egg"},{"floor":41,"key":"Ring of Greed"},{"floor":41,"key":"Happy Flower"},{"floor":41,"key":"Tiny Chest"},{"floor":41,"key":"MawBank"},{"floor":43,"key":"Replay:Towering Pillar of Hats"},{"floor":44,"key":"Akabeko"},{"floor":45,"key":"Ring of Fury"},{"floor":45,"key":"Iron Hammer"}],"event_choices":[{"damage_healed":0,"gold_gain":0,"player_choice":"Bought 1 Potion","damage_taken":0,"max_hp_gain":0,"max_hp_loss":0,"event_name":"The Woman in Blue","floor":3,"gold_loss":0},{"cards_removed":["Strike_R"],"damage_healed":0,"gold_gain":0,"player_choice":"Offered Basic","damage_taken":0,"max_hp_gain":0,"max_hp_loss":0,"event_name":"Bonfire Elementals","floor":11,"gold_loss":0},{"cards_removed":["Strike_R"],"damage_healed":0,"gold_gain":0,"player_choice":"Gave Gold","damage_taken":0,"max_hp_gain":0,"max_hp_loss":0,"event_name":"Beggar","floor":24,"gold_loss":75},{"damage_healed":0,"gold_gain":0,"player_choice":"Fight","damage_taken":0,"max_hp_gain":0,"max_hp_loss":0,"event_name":"Mysterious Sphere","floor":43,"gold_loss":0}],"is_beta":false,"boss_relics":[{"not_picked":["Replay:Ancient Bell","hubris:Stopwatch"],"picked":"Electric Blood"},{"not_picked":["OrangePellets","TheAbacus"],"picked":"conspire:RunicOctahedron"}],"items_purged_floors":[31],"is_endless":false,"potions_floor_spawned":[2,5,7,10,12,20,21,27,35,43,49,50],"ascension_level":7}}