{"host":"981nlwu0905dw1bz","time":1609685423,"event":{"mods":["BaseMod","DeckTracker","Minty Spire (QoL Compilation)","Rare Cards Sparkle","SuperFastMode"],"gold_per_floor":[116,116,116,191,206,233,233,243,266,266,284,284,296,308,308,412,412,429,442,19,19,19,19,53,53,53,69,69,85,98,109,109,207,207,223,223,223,233,249,249,249],"floor_reached":40,"playtime":1873,"items_purged":[],"score":636,"play_id":"3b5eab12-b1d9-47a8-b590-ff95fc819d5d","local_time":"20210103235023","is_ascension_mode":true,"campfire_choices":[{"floor":7.0,"key":"REST"},{"floor":10.0,"key":"REST"},{"data":"Noxious Fumes","floor":15.0,"key":"SMITH"},{"floor":23.0,"key":"REST"},{"floor":28.0,"key":"REST"},{"floor":32.0,"key":"REST"}],"circlet_count":0,"master_deck":["AscendersBane","Strike_G","Defend_G","Defend_G","Defend_G","Defend_G","Defend_G","Survivor","Neutralize","Dramatic Entrance","Escape Plan","Sucker Punch","Slice","After Image","PiercingWail","Deadly Poison","Noxious Fumes+1","Backflip","Dagger Spray+1","Secret Technique","Poisoned Stab+1","Envenom","Acrobatics+1","Corpse Explosion","Backstab+1","Dagger Spray+1","Adrenaline+1","Dagger Spray+1","Blade Dance+1"],"relics":["Ring of the Snake","Snake Skull","Vajra","Sozu","Darkstone Periapt","Mercury Hourglass","Art of War","HornCleat","Astrolabe"],"acts_visited":["TheBeyond"],"potions_floor_usage":[],"damage_taken":[{"damage":0.0,"enemies":"Cultist","floor":1.0,"turns":3.0},{"damage":0.0,"enemies":"Jaw Worm","floor":5.0,"turns":5.0},{"damage":45.0,"enemies":"Lagavulin","floor":6.0,"turns":7.0},{"damage":0.0,"enemies":"Small Slimes","floor":8.0,"turns":2.0},{"damage":0.0,"enemies":"2 Fungi Beasts","floor":11.0,"turns":3.0},{"damage":0.0,"enemies":"Large Slime","floor":13.0,"turns":4.0},{"damage":0.0,"enemies":"Blue Slaver","floor":14.0,"turns":3.0},{"damage":23.0,"enemies":"Slime Boss","floor":16.0,"turns":9.0},{"damage":17.0,"enemies":"3 Byrds","floor":18.0,"turns":4.0},{"damage":2.0,"enemies":"Chosen","floor":19.0,"turns":5.0},{"damage":23.0,"enemies":"Slavers","floor":24.0,"turns":5.0},{"damage":16.0,"enemies":"Sentry and Sphere","floor":27.0,"turns":6.0},{"damage":4.0,"enemies":"Centurion and Healer","floor":29.0,"turns":6.0},{"damage":0.0,"enemies":"Snecko","floor":30.0,"turns":3.0},{"damage":3.0,"enemies":"Shelled Parasite and Fungi","floor":31.0,"turns":5.0},{"damage":44.0,"enemies":"Champ","floor":33.0,"turns":11.0},{"damage":0.0,"enemies":"3 Shapes","floor":35.0,"turns":1.0},{"damage":4.0,"enemies":"Orb Walker","floor":38.0,"turns":4.0},{"damage":0.0,"enemies":"Sphere and 2 Shapes","floor":39.0,"turns":3.0},{"damage":63,"enemies":"Nemesis","floor":40,"turns":6}],"seed_played":"-8833114647601094617","potions_obtained":[{"floor":5.0,"key":"FearPotion"},{"floor":6.0,"key":"SteroidPotion"},{"floor":8.0,"key":"DuplicationPotion"}],"is_trial":false,"path_per_floor":["M","?","?","?","M","E","R","M","T","R","M","?","M","M","R","B",null,"M","M","$","?","?","R","E","$","T","M","R","M","M","M","R","B",null,"M","?","?","M","M","E"],"character_chosen":"THE_SILENT","items_purchased":["Secret Technique","Darkstone Periapt"],"campfire_rested":5,"item_purchase_floors":[20,20],"current_hp_per_floor":[63,63,63,52,52,7,28,28,28,49,49,49,49,49,49,26,59,42,40,40,40,40,61,38,38,38,22,43,39,39,36,57,13,56,56,56,56,52,52,0,0],"gold":249,"neow_bonus":"RANDOM_COLORLESS","is_daily":false,"chose_seed":false,"campfire_upgraded":1,"win_rate":0.0,"timestamp":1609685423,"path_taken":["M","?","?","?","M","E","R","M","T","R","M","?","M","M","R","BOSS","M","M","$","?","?","R","E","$","T","M","R","M","M","M","R","BOSS","M","?","?","M","M","E"],"items_purchased_type":["Card","Relic"],"build_version":"2020-12-22","purchased_purges":0,"victory":false,"max_hp_per_floor":[70,70,70,70,70,70,70,70,70,70,70,70,70,70,70,70,70,70,70,70,70,70,70,70,70,70,70,70,70,70,70,70,70,70,70,70,70,70,70,70,70],"card_choices":[{"not_picked":["Forethought","Mind Blast"],"picked":"Dramatic Entrance","floor":0.0},{"not_picked":["Flechettes","Outmaneuver"],"picked":"Escape Plan","floor":1.0},{"not_picked":["Underhanded Strike","Deflect"],"picked":"Slice","floor":5.0},{"not_picked":["Riddle With Holes","Predator"],"picked":"After Image","floor":6.0},{"not_picked":["Dodge and Roll","Flechettes"],"picked":"PiercingWail","floor":8.0},{"not_picked":["Reflex","Riddle With Holes"],"picked":"Deadly Poison","floor":11.0},{"not_picked":["Poisoned Stab","Footwork"],"picked":"Noxious Fumes","floor":13.0},{"not_picked":["Flechettes","Dodge and Roll"],"picked":"Backflip","floor":14.0},{"not_picked":["Blade Dance","Outmaneuver"],"picked":"Dagger Spray+1","floor":18.0},{"not_picked":["Underhanded Strike","Cloak And Dagger","Flying Knee"],"picked":"SKIP","floor":19.0},{"not_picked":["Dagger Spray","Distraction","Underhanded Strike"],"picked":"SKIP","floor":24.0},{"not_picked":["Sucker Punch","Quick Slash"],"picked":"Poisoned Stab+1","floor":27.0},{"not_picked":["Infinite Blades+1","Acrobatics"],"picked":"Envenom","floor":29.0},{"not_picked":["PiercingWail","Reflex","Choke"],"picked":"SKIP","floor":30.0},{"not_picked":["Footwork","Blur"],"picked":"Acrobatics+1","floor":31.0},{"not_picked":["Doppelganger","Night Terror"],"picked":"Corpse Explosion","floor":33.0},{"not_picked":["Flying Knee+1","Outmaneuver"],"picked":"Prepared","floor":35.0},{"not_picked":["Prepared","Leg Sweep+1"],"picked":"Dagger Spray+1","floor":38.0},{"not_picked":["Acrobatics","Slice+1"],"picked":"Blade Dance+1","floor":39.0}],"player_experience":524445,"relics_obtained":[{"floor":6.0,"key":"Snake Skull"},{"floor":9.0,"key":"Vajra"},{"floor":24.0,"key":"Art of War"},{"floor":26.0,"key":"HornCleat"}],"event_choices":[{"damage_healed":0.0,"max_hp_gain":0.0,"max_hp_loss":0.0,"gold_gain":0.0,"event_name":"The Cleric","player_choice":"Leave","floor":2.0,"gold_loss":0.0,"damage_taken":0.0},{"damage_healed":0.0,"max_hp_gain":0.0,"max_hp_loss":0.0,"gold_gain":0.0,"cards_transformed":["Strike_G"],"event_name":"Living Wall","player_choice":"Change","floor":3.0,"gold_loss":0.0,"damage_taken":0.0,"cards_obtained":["Sucker Punch"]},{"damage_healed":0.0,"max_hp_gain":0.0,"max_hp_loss":0.0,"gold_gain":75.0,"event_name":"World of Goop","player_choice":"Gather Gold","floor":4.0,"gold_loss":0.0,"damage_taken":11.0},{"damage_healed":0.0,"max_hp_gain":0.0,"max_hp_loss":0.0,"gold_gain":0.0,"event_name":"Golden Wing","player_choice":"Ignored","floor":12.0,"gold_loss":0.0,"damage_taken":0.0},{"damage_healed":0.0,"max_hp_gain":0.0,"max_hp_loss":0.0,"gold_gain":0.0,"event_name":"Ghosts","player_choice":"Ignored","floor":21.0,"gold_loss":0.0,"damage_taken":0.0},{"damage_healed":0.0,"max_hp_gain":0.0,"max_hp_loss":0.0,"gold_gain":0.0,"event_name":"WeMeetAgain","player_choice":"Gave Potion","floor":22.0,"gold_loss":0.0,"damage_taken":0.0,"relics_obtained":["Mercury Hourglass"]},{"damage_healed":0.0,"max_hp_gain":0.0,"max_hp_loss":0.0,"gold_gain":0.0,"event_name":"Tomb of Lord Red Mask","player_choice":"Ignored","floor":36.0,"gold_loss":0.0,"damage_taken":0.0},{"cards_removed":["Prepared"],"damage_healed":0.0,"max_hp_gain":0.0,"max_hp_loss":0.0,"gold_gain":0.0,"event_name":"Falling","player_choice":"Removed Skill","floor":37.0,"gold_loss":0.0,"damage_taken":0.0}],"is_beta":false,"boss_relics":[{"not_picked":["Runic Pyramid","Fusion Hammer"],"picked":"Sozu"},{"not_picked":["Velvet Choker","Coffee Dripper"],"picked":"Astrolabe"}],"items_purged_floors":[],"is_endless":false,"potions_floor_spawned":[5,6,8,19,24,27,31],"killed_by":"Nemesis","ascension_level":11}}