{"host":"f400onr2g6b8rzrw","time":1609635472,"event":{"mods":["AchievementEnabler","BaseMod","Better Altar","Better Match","Better Note","Better Sensory Stone","Better Skull","Better Third Choice","Block Reminder","Colored Powertips","Minty Spire (QoL Compilation)","Relic Stats","Spicy Shops","StSLib"],"gold_per_floor":[114,389,405,419,419,419,453,37,37,54,54,73,4,4,4,105,105,125,125,125,125,42,42,42,42,42,55,85,85,85],"floor_reached":29,"playtime":3535,"items_purged":[],"score":347,"play_id":"00dfde76-a7b7-4c96-bd55-a26ac960712f","local_time":"20210103112752","is_ascension_mode":true,"campfire_choices":[{"data":"Perfected Strike","floor":6,"key":"SMITH"},{"data":"Flex","floor":15,"key":"SMITH"},{"floor":23,"key":"REST"},{"floor":25,"key":"RECALL"}],"circlet_count":0,"master_deck":["Strike_R","Strike_R","Strike_R","Strike_R","Strike_R","Defend_R","Bash","Swift Strike","Shrug It Off","Pommel Strike","Perfected Strike+1","Cleave","Flex+1","Dropkick","Double Tap","Perfected Strike","Rage","Demon Form","Berserk+1","Sword Boomerang+1","Evolve+1","Uppercut","Heavy Blade+1","Rampage+1","Feed+1"],"relics":["Burning Blood","Turnip","Ice Cream","Potion Belt","Astrolabe","betterThird:NestCultRelic","Blood Vial","Prayer Wheel","Molten Egg 2","Meat on the Bone","Shuriken"],"acts_visited":["TheCity"],"potions_floor_usage":[18,28,28,28,28,28],"damage_taken":[{"damage":8,"enemies":"Jaw Worm","floor":1,"turns":4},{"damage":4,"enemies":"Cultist","floor":3,"turns":4},{"damage":7,"enemies":"2 Louse","floor":4,"turns":3},{"damage":7,"enemies":"3 Sentries","floor":7,"turns":7},{"damage":6,"enemies":"Looter","floor":10,"turns":2},{"damage":0,"enemies":"Large Slime","floor":12,"turns":3},{"damage":0,"enemies":"Slime Boss","floor":16,"turns":6},{"damage":50,"enemies":"Shell Parasite","floor":18,"turns":5},{"damage":0,"enemies":"Spheric Guardian","floor":27,"turns":3},{"damage":38,"enemies":"Book of Stabbing","floor":28,"turns":3},{"damage":32,"enemies":"Colosseum Slavers","floor":29,"turns":2}],"seed_played":"-651110005253861371","potions_obtained":[{"floor":1,"key":"Ancient Potion"},{"floor":4,"key":"SmokeBomb"},{"floor":10,"key":"Explosive Potion"},{"floor":12,"key":"EntropicBrew"},{"floor":16,"key":"PowerPotion"},{"floor":28,"key":"SkillPotion"}],"is_trial":false,"path_per_floor":["M","?","M","M","?","R","E","$","T","M","$","M","$","?","R","B",null,"M","?","?","?","$","R","T","R","T","M","E","?"],"character_chosen":"IRONCLAD","items_purchased":["Ice Cream","Flex","Dropkick","Rage","Prayer Wheel"],"campfire_rested":1,"item_purchase_floors":[8,8,8,13,22],"current_hp_per_floor":[78,78,80,79,72,72,71,71,71,71,71,77,77,70,70,76,80,36,36,36,15,15,39,39,39,39,47,29,0,0],"gold":85,"neow_bonus":"RANDOM_COLORLESS","is_daily":false,"chose_seed":false,"campfire_upgraded":2,"win_rate":0.0,"timestamp":1609635472,"path_taken":["M","?","?","M","?","R","E","$","T","M","$","M","?","?","R","BOSS","M","?","?","?","?","R","?","R","T","?","E","?"],"items_purchased_type":["Relic","Card","Card","Card","Relic"],"build_version":"2020-12-22","purchased_purges":0,"victory":false,"max_hp_per_floor":[80,80,80,80,80,80,80,80,80,80,80,80,80,80,80,80,80,80,80,80,80,80,80,80,80,80,80,80,80,80],"relic_stats":{"Blood Vial":6,"counters":[11,42],"Shuriken":[1],"Astrolabe":["Berserk","Sword Boomerang","Evolve"],"Prayer Wheel":1,"Turnip":[13],"obtain_stats":[{"Ice Cream":8,"Potion Belt":14,"Blood Vial":21,"Shuriken":28,"Astrolabe":17,"Prayer Wheel":22,"Molten Egg 2":24,"Turnip":7,"betterThird:NestCultRelic":20,"Burning Blood":0,"Meat on the Bone":26},{"Ice Cream":4,"Potion Belt":6,"Blood Vial":8,"Shuriken":10,"Astrolabe":7,"Prayer Wheel":8,"Molten Egg 2":8,"Turnip":4,"betterThird:NestCultRelic":8,"Burning Blood":0,"Meat on the Bone":8},{"Ice Cream":18,"Potion Belt":23,"Blood Vial":34,"Shuriken":40,"Astrolabe":29,"Prayer Wheel":34,"Molten Egg 2":34,"Turnip":18,"betterThird:NestCultRelic":34,"Burning Blood":0,"Meat on the Bone":34}],"Burning Blood":60,"Meat on the Bone":12},"card_choices":[{"not_picked":["Impatience","Forethought"],"picked":"Swift Strike","floor":0},{"not_picked":["Armaments","Anger"],"picked":"Shrug It Off","floor":1},{"not_picked":["Intimidate","Searing Blow"],"picked":"Pommel Strike","floor":3},{"not_picked":["Bloodletting","Seeing Red"],"picked":"Perfected Strike","floor":4},{"not_picked":["Fire Breathing","Shrug It Off"],"picked":"Cleave","floor":7},{"not_picked":["Pommel Strike","Power Through"],"picked":"Double Tap","floor":10},{"not_picked":["Feel No Pain","Pommel Strike"],"picked":"Perfected Strike","floor":12},{"not_picked":["Juggernaut","Limit Break"],"picked":"Demon Form","floor":16},{"not_picked":["Sword Boomerang+1","Carnage"],"picked":"Uppercut","floor":18},{"not_picked":["Thunderclap+1","Headbutt+1"],"picked":"Heavy Blade+1","floor":27},{"not_picked":["Carnage+1","Shrug It Off+1"],"picked":"Rampage+1","floor":27},{"not_picked":["Havoc","Uppercut+1"],"picked":"Feed+1","floor":28}],"player_experience":500285,"relics_obtained":[{"floor":7,"key":"Turnip"},{"floor":24,"key":"Molten Egg 2"},{"floor":26,"key":"Meat on the Bone"},{"floor":28,"key":"Shuriken"}],"event_choices":[{"damage_healed":0,"gold_gain":275,"player_choice":"Desecrate","damage_taken":0,"max_hp_gain":0,"max_hp_loss":0,"event_name":"Golden Shrine","floor":2,"gold_loss":0,"cards_obtained":["Regret"]},{"cards_removed":["Regret"],"damage_healed":0,"gold_gain":0,"player_choice":"Card Removal","damage_taken":7,"max_hp_gain":0,"max_hp_loss":0,"event_name":"Golden Wing","floor":5,"gold_loss":0},{"damage_healed":0,"gold_gain":0,"player_choice":"Relic ","damage_taken":7,"max_hp_gain":0,"max_hp_loss":0,"event_name":"betterThird:BetterScrap","floor":14,"gold_loss":0,"cards_obtained":["FearNoEvil"]},{"damage_healed":0,"gold_gain":0,"player_choice":"Ignored","damage_taken":0,"max_hp_gain":0,"max_hp_loss":0,"event_name":"Vampires","floor":19,"gold_loss":0},{"damage_healed":0,"gold_gain":0,"player_choice":"Madness","damage_taken":0,"relics_obtained":["betterThird:NestCultRelic"],"max_hp_gain":0,"max_hp_loss":0,"event_name":"betterThird:BetterNest","floor":20,"gold_loss":0},{"damage_healed":0,"gold_gain":0,"player_choice":" Vial ","damage_taken":21,"relics_obtained":["Blood Vial"],"max_hp_gain":36,"max_hp_loss":15,"event_name":"betterAltar:BetterAltar","floor":21,"potions_obtained":[],"relics_lost":[],"gold_loss":0},{"damage_healed":0,"gold_gain":0,"player_choice":"Fight","damage_taken":0,"max_hp_gain":0,"max_hp_loss":0,"event_name":"Colosseum","floor":29,"gold_loss":0}],"is_beta":false,"boss_relics":[{"not_picked":["Runic Pyramid","Ectoplasm"],"picked":"Astrolabe"}],"items_purged_floors":[],"is_endless":false,"potions_floor_spawned":[1,4,10,12,16,28],"killed_by":"Colosseum Slavers","ascension_level":4}}