{"host":"56ghxnzsglgdq727","time":1609663456,"event":{"mods":["AchievementEnabler","BaseMod","Downfall","Minty Spire (QoL Compilation)","StSLib"],"gold_per_floor":[99,119,132,3,14,31,31,48,76,25,25,41,72,72,83,83,83,83],"floor_reached":16,"playtime":640,"items_purged":["Slimebound:Icky"],"score":150,"play_id":"f8b112b5-5a97-4ddf-9201-3554f6a42b06","local_time":"20210103034416","is_ascension_mode":true,"campfire_choices":[{"data":"expansioncontent:DashGenerateEvil","floor":1,"key":"SMITH"},{"data":"Slimebound:SplitSpecialist","floor":11,"key":"SMITH"}],"circlet_count":0,"master_deck":["Slimebound:Strike_Slimebound","Slimebound:Strike_Slimebound","Slimebound:Strike_Slimebound","Slimebound:Tackle","Slimebound:Defend_Slimebound","Slimebound:Defend_Slimebound","Slimebound:Defend_Slimebound","Slimebound:Defend_Slimebound","Slimebound:Split","Slimebound:CorrosiveSpit","expansioncontent:DashGenerateEvil+1","Slimebound:MassRepurpose","Slimebound:SplitSpecialist+1","Slimebound:FirmFortitude","Slimebound:ComboTackle","Slimebound:SlimeTap","Slimebound:Equalize+1","Slimebound:FlameTackle","Slimebound:ComboTackle","Slimebound:ComboTackle","Slimebound:ComboTackle"],"relics":["Slimebound:AbsorbEndCombat","Prayer Wheel","Ice Cream","InkBottle"],"acts_visited":["Exordium"],"potions_floor_usage":[9,16,16],"damage_taken":[{"damage":11,"enemies":"Cultist","floor":2,"turns":3},{"damage":12,"enemies":"Small Slimes","floor":3,"turns":3},{"damage":7,"enemies":"downfall:FleeingMerchant","floor":4,"turns":4},{"damage":13,"enemies":"2 Louse","floor":5,"turns":3},{"damage":3,"enemies":"Exordium Wildlife","floor":6,"turns":3},{"damage":6,"enemies":"Blue Slaver","floor":8,"turns":2},{"damage":7,"enemies":"Gremlin Nob","floor":9,"turns":3},{"damage":17,"enemies":"downfall:FleeingMerchant","floor":10,"turns":4},{"damage":27,"enemies":"Exordium Thugs","floor":12,"turns":4},{"damage":20,"enemies":"3 Sentries","floor":13,"turns":4},{"damage":7,"enemies":"Exordium Wildlife","floor":15,"turns":2},{"damage":15,"enemies":"downfall:Silent","floor":16,"turns":2}],"seed_played":"647862871368859545","potions_obtained":[{"floor":3,"key":"FairyPotion"},{"floor":5,"key":"Fire Potion"},{"floor":6,"key":"Slimebound:SlimedPotion"},{"floor":12,"key":"FearPotion"},{"floor":15,"key":"AttackPotion"}],"is_trial":false,"path_per_floor":["R","M","M","$","M","M","T","M","E","$","R","M","E","?","M","B"],"character_chosen":"SLIMEBOUND","items_purchased":["Slimebound:FirmFortitude","Slimebound:Equalize"],"campfire_rested":0,"item_purchase_floors":[4,10],"current_hp_per_floor":[60,58,50,53,48,53,53,51,54,49,49,30,24,24,21,8,8,8],"gold":83,"neow_bonus":"RANDOM_COLORLESS_2","is_daily":false,"chose_seed":false,"campfire_upgraded":2,"win_rate":0.0,"timestamp":1609663456,"path_taken":["R","M","M","?","M","M","T","M","E","$","R","M","E","?","M","BOSS"],"items_purchased_type":["Card","Card"],"build_version":"2020-12-22","purchased_purges":1,"victory":false,"max_hp_per_floor":[60,60,60,60,60,60,60,60,60,60,60,60,60,60,60,60,60,60],"card_choices":[{"not_picked":["Master of Strategy","Secret Weapon"],"picked":"expansioncontent:DashGenerateEvil","floor":0},{"not_picked":["Slimebound:Schlurp","Slimebound:SplitLeeching","Slimebound:ServeAndProtect"],"picked":"SKIP","floor":2},{"not_picked":["Slimebound:LeechEnergy","Slimebound:SplitLeeching"],"picked":"Slimebound:MassRepurpose","floor":3},{"not_picked":["Slimebound:SlimeBrawl","Slimebound:SamplingLick"],"picked":"Slimebound:SplitSpecialist","floor":4},{"not_picked":["Slimebound:SlimeSpikes","Slimebound:SplitMire","Slimebound:GrowthPunch"],"picked":"SKIP","floor":5},{"not_picked":["Slimebound:LeechingTouch","Slimebound:SamplingLick","Slimebound:RainOfGoop"],"picked":"SKIP","floor":6},{"not_picked":["Slimebound:SlimeSpikes","Slimebound:GoopTackle"],"picked":"Slimebound:ComboTackle","floor":8},{"not_picked":["Slimebound:SlimeSpikes","Slimebound:Overexert","Slimebound:SlimeBrawl"],"picked":"SKIP","floor":8},{"not_picked":["Slimebound:Replication","Slimebound:LeechEnergy"],"picked":"Slimebound:SlimeTap","floor":9},{"not_picked":["Slimebound:FormOfPuddle","Slimebound:SamplingLick","Slimebound:SlimeSpikes"],"picked":"SKIP","floor":10},{"not_picked":["Slimebound:ServeAndProtect","Slimebound:SplitBruiser"],"picked":"Slimebound:FlameTackle","floor":12},{"not_picked":["Slimebound:RejuvenatingLick","Slimebound:SplitMire"],"picked":"Slimebound:ComboTackle","floor":12},{"not_picked":["Slimebound:ViciousTackle","Slimebound:LeechingTouch"],"picked":"Slimebound:ComboTackle","floor":13},{"not_picked":["Slimebound:SplitLeeching","Slimebound:Nibble"],"picked":"Slimebound:ComboTackle","floor":15},{"not_picked":["Slimebound:SlimeSpikes","Slimebound:SplitLeeching","Slimebound:DisruptingSlam"],"picked":"SKIP","floor":15}],"player_experience":105144,"relics_obtained":[{"floor":7,"key":"Prayer Wheel"},{"floor":9,"key":"Ice Cream"},{"floor":13,"key":"InkBottle"}],"event_choices":[{"damage_healed":0,"gold_gain":0,"player_choice":"Grow","damage_taken":0,"max_hp_gain":0,"max_hp_loss":0,"event_name":"Living Wall","floor":14,"gold_loss":0,"cards_upgraded":["Slimebound:Equalize"]}],"is_beta":false,"boss_relics":[],"items_purged_floors":[4],"is_endless":false,"potions_floor_spawned":[3,5,6,12,15],"killed_by":"downfall:Silent","ascension_level":2}}