{"host":"zes78fzwct0uoxij","time":1609697776,"event":{"mods":["BaseMod","Colored Map","Highlight Path","Minty Spire (QoL Compilation)"],"gold_per_floor":[117,131,206,226,246,274,102,102,127,27,27,47,61,7,7,133,133,157,157,188,81,81,81,81,102,102,102,126,140,165,90,90,90,90],"floor_reached":33,"playtime":2089,"items_purged":["Strike_R","Strike_R"],"score":247,"play_id":"eeb8fbde-ea7a-4b04-8a04-8adcb4f78853","local_time":"20210103191616","is_ascension_mode":false,"campfire_choices":[{"floor":15,"key":"REST"},{"floor":23,"key":"REST"},{"floor":27,"key":"REST"},{"floor":32,"key":"REST"}],"circlet_count":0,"master_deck":["Defend_R","Defend_R","Bash","Shrug It Off","Cleave","Shrug It Off","Pommel Strike","Bandage Up","Bludgeon","Shrug It Off","Reaper","Twin Strike+1","Barricade+1","Iron Wave","Body Slam","Entrench","Iron Wave","Flame Barrier+1","Burning Pact"],"relics":["Burning Blood","Centennial Puzzle","Golden Idol","Strawberry","Astrolabe","Red Mask","MutagenicStrength"],"acts_visited":["Exordium","TheCity"],"potions_floor_usage":[16,18,20,25],"damage_taken":[{"damage":5,"enemies":"Jaw Worm","floor":1,"turns":4},{"damage":6,"enemies":"Cultist","floor":2,"turns":3},{"damage":0,"enemies":"Small Slimes","floor":4,"turns":4},{"damage":4,"enemies":"Blue Slaver","floor":5,"turns":5},{"damage":24,"enemies":"Gremlin Nob","floor":6,"turns":5},{"damage":0,"enemies":"2 Fungi Beasts","floor":12,"turns":3},{"damage":4,"enemies":"3 Louse","floor":13,"turns":3},{"damage":70,"enemies":"The Guardian","floor":16,"turns":15},{"damage":12,"enemies":"3 Byrds","floor":18,"turns":8},{"damage":76,"enemies":"Masked Bandits","floor":20,"turns":11},{"damage":12,"enemies":"2 Thieves","floor":25,"turns":4},{"damage":27,"enemies":"Snake Plant","floor":28,"turns":6},{"damage":1,"enemies":"Cultist and Chosen","floor":29,"turns":10},{"damage":15,"enemies":"Snecko","floor":30,"turns":6},{"damage":95,"enemies":"Automaton","floor":33,"turns":22}],"seed_played":"-2458029047592748016","potions_obtained":[{"floor":2,"key":"DistilledChaos"},{"floor":5,"key":"Fire Potion"},{"floor":6,"key":"Ancient Potion"},{"floor":20,"key":"DistilledChaos"},{"floor":30,"key":"Ancient Potion"}],"is_trial":false,"path_per_floor":["M","M","?","M","M","E","$","?","T","$","?","M","M","$","R","B",null,"M","?","?","$","?","R","?","M","T","R","M","M","M","?","R","B"],"character_chosen":"IRONCLAD","items_purchased":["Bandage Up","Shrug It Off","Entrench","Iron Wave"],"campfire_rested":4,"item_purchase_floors":[7,14,21,21],"current_hp_per_floor":[72,72,65,71,72,54,54,36,43,43,43,53,59,59,79,19,79,79,79,13,13,13,36,36,34,34,57,40,49,51,51,74,0,0],"gold":90,"neow_bonus":"REMOVE_TWO","is_daily":false,"chose_seed":false,"campfire_upgraded":0,"win_rate":0.0,"timestamp":1609697776,"path_taken":["M","M","?","?","M","E","$","?","T","$","?","M","M","?","R","BOSS","M","?","?","$","?","R","?","M","T","R","M","M","?","?","R","BOSS"],"items_purchased_type":["Card","Card","Card","Card"],"build_version":"2020-12-22","purchased_purges":2,"victory":false,"max_hp_per_floor":[72,72,72,72,72,72,72,72,79,79,79,79,79,79,79,79,79,79,79,79,79,79,79,79,79,79,79,79,79,79,79,79,79,79],"card_choices":[{"not_picked":["Havoc","Sword Boomerang","Thunderclap"],"picked":"SKIP","floor":1},{"not_picked":["Evolve","Exhume"],"picked":"Shrug It Off","floor":2},{"not_picked":["Headbutt","Armaments"],"picked":"Cleave","floor":4},{"not_picked":["Clash","Heavy Blade"],"picked":"Shrug It Off","floor":5},{"not_picked":["Armaments","Anger"],"picked":"Pommel Strike","floor":6},{"not_picked":["Carnage","Evolve"],"picked":"Bludgeon","floor":12},{"not_picked":["Pommel Strike","Thunderclap","Cleave"],"picked":"SKIP","floor":13},{"not_picked":["Corruption","Fiend Fire"],"picked":"Reaper","floor":16},{"not_picked":["Inflame","Whirlwind+1"],"picked":"Iron Wave","floor":18},{"not_picked":["Flex","Heavy Blade"],"picked":"Body Slam","floor":20},{"not_picked":["Offering","Bloodletting","Spot Weakness"],"picked":"SKIP","floor":25},{"not_picked":["Pommel Strike+1","True Grit"],"picked":"Flame Barrier+1","floor":28},{"not_picked":["Carnage","Intimidate","Sword Boomerang"],"picked":"SKIP","floor":29},{"not_picked":["Spot Weakness+1","Clothesline"],"picked":"Burning Pact","floor":30}],"player_experience":581322,"relics_obtained":[{"floor":6,"key":"Centennial Puzzle"},{"floor":9,"key":"Strawberry"},{"floor":20,"key":"Red Mask"}],"event_choices":[{"damage_healed":0,"gold_gain":75,"player_choice":"Touch","damage_taken":7,"max_hp_gain":0,"max_hp_loss":0,"event_name":"FaceTrader","floor":3,"gold_loss":0},{"damage_healed":0,"gold_gain":0,"player_choice":"Take Damage","damage_taken":18,"relics_obtained":["Golden Idol"],"max_hp_gain":0,"max_hp_loss":0,"event_name":"Golden Idol","floor":8,"gold_loss":0},{"damage_healed":0,"gold_gain":0,"player_choice":"Ignored","damage_taken":0,"max_hp_gain":0,"max_hp_loss":0,"event_name":"Liars Game","floor":11,"gold_loss":0},{"damage_healed":0,"gold_gain":0,"player_choice":"Ignored","damage_taken":0,"max_hp_gain":0,"max_hp_loss":0,"event_name":"Ghosts","floor":19,"gold_loss":0},{"damage_healed":0,"gold_gain":0,"player_choice":"Fought Bandits","damage_taken":0,"max_hp_gain":0,"max_hp_loss":0,"event_name":"Masked Bandits","floor":20,"gold_loss":0},{"damage_healed":0,"gold_gain":0,"player_choice":"Inject Mutagens","damage_taken":0,"relics_obtained":["MutagenicStrength"],"max_hp_gain":0,"max_hp_loss":0,"event_name":"Drug Dealer","floor":22,"gold_loss":0},{"damage_healed":0,"gold_gain":0,"cards_transformed":["Heavy Blade"],"player_choice":"Transformed","damage_taken":0,"max_hp_gain":0,"max_hp_loss":0,"event_name":"Transmorgrifier","floor":24,"gold_loss":0,"cards_obtained":["Corruption"]},{"cards_removed":["Corruption"],"damage_healed":0,"gold_gain":0,"player_choice":"Gave Gold","damage_taken":0,"max_hp_gain":0,"max_hp_loss":0,"event_name":"Beggar","floor":31,"gold_loss":75}],"is_beta":false,"boss_relics":[{"not_picked":["Empty Cage","Snecko Eye"],"picked":"Astrolabe"}],"items_purged_floors":[7,10],"is_endless":false,"potions_floor_spawned":[2,5,6,20,30],"killed_by":"Automaton","ascension_level":0}}