{"host":"sc1hixkxd1yg22vf","time":1609641459,"event":{"mods":["AchievementEnabler","Bard","BaseMod","Bestiary","Colored Map","Hermit","Hubris","Infinite Spire","Marisa????????","Minty Spire (QoL Compilation)","Quick Restart","Rare Cards Sparkle","Replay The Spire","Robot Space Explorer","StSLib","The Servant 0.9.4"],"gold_per_floor":[113,113,63,63,83,108,163,197,242,271,282,299,310,159,159,257,257,273,273,288,304,304,339,339,367,367,402,402,402,412,423,423,423,423],"floor_reached":33,"playtime":1476,"items_purged":["Strike_G"],"score":446,"play_id":"7d136128-e3ea-40db-8064-50e7886fd0b6","local_time":"20210102220739","is_ascension_mode":true,"campfire_choices":[{"data":"Blade Dance","floor":15,"key":"SMITH"},{"data":"Blade Dance","floor":24,"key":"SMITH"},{"data":"Accuracy","floor":32,"key":"SMITH"}],"circlet_count":0,"master_deck":["Strike_G","Strike_G","Strike_G","Defend_G","Defend_G","Defend_G","Defend_G","Defend_G","Survivor+1","Neutralize","Blade Dance+1","Backflip","Backflip","Accuracy+1","Blade Dance+1","Infinite Blades","Footwork","Infinite Blades","Storm of Steel","Cloak And Dagger+1","Hidden Blade","Voices","Fluid Movement","Fluid Movement","Cloak And Dagger+1"],"relics":["Ring of the Snake","NeowsBlessing","Anchor","Bag of Preparation","Boot","Paper Crane","infinitespire:Lucky Rock","hubris:VirtuousBlindfold","Ring of Peace","Ring of Misfortune","Pet Ghost","Tiny Chest","infinitespire:Broken Mirror","Replay:Towering Pillar of Hats","hubris:Towel"],"acts_visited":["Exordium","TheCity"],"potions_floor_usage":[12,23],"damage_taken":[{"damage":0,"enemies":"Jaw Worm","floor":1,"turns":1},{"damage":0,"enemies":"Small Slimes","floor":5,"turns":1},{"damage":0,"enemies":"3 Sentries","floor":6,"turns":1},{"damage":14,"enemies":"Gremlin Nob","floor":8,"turns":5},{"damage":4,"enemies":"3 Sentries","floor":10,"turns":7},{"damage":0,"enemies":"2 Louse","floor":11,"turns":2},{"damage":1,"enemies":"Large Slime","floor":12,"turns":2},{"damage":3,"enemies":"Gremlin Gang","floor":13,"turns":3},{"damage":4,"enemies":"Slime Boss","floor":16,"turns":6},{"damage":0,"enemies":"2 Thieves","floor":18,"turns":3},{"damage":0,"enemies":"Chosen","floor":20,"turns":3},{"damage":2,"enemies":"Centurion and Healer","floor":21,"turns":5},{"damage":0,"enemies":"Slavers","floor":23,"turns":6},{"damage":0,"enemies":"Gremlin Leader","floor":25,"turns":6},{"damage":0,"enemies":"Slavers","floor":27,"turns":4},{"damage":0,"enemies":"3 Cultists","floor":30,"turns":4},{"damage":0,"enemies":"Snake Plant","floor":31,"turns":4},{"damage":0,"enemies":"Champ","floor":33,"turns":4}],"seed_played":"5099350971936158726","potions_obtained":[{"floor":6,"key":"SmokeBomb"},{"floor":8,"key":"FearPotion"},{"floor":12,"key":"GamblersBrew"},{"floor":16,"key":"SteroidPotion"},{"floor":23,"key":"SneckoOil"}],"is_trial":false,"path_per_floor":["M","?","?","?","M","E","?","E","T","E","M","M","M","$","R","B",null,"M","?","M","M","?","E","R","E","T","E","?","?","M","M","R","B"],"character_chosen":"THE_SILENT","items_purchased":["Infinite Blades"],"campfire_rested":0,"item_purchase_floors":[14],"current_hp_per_floor":[70,70,70,67,67,67,50,36,36,32,32,31,28,28,28,24,70,70,70,70,68,68,68,68,68,68,68,68,68,68,68,68,68,68],"gold":423,"neow_bonus":"THREE_ENEMY_KILL","is_daily":false,"chose_seed":false,"campfire_upgraded":3,"win_rate":0.0,"timestamp":1609641459,"path_taken":["M","?","?","?","M","E","?","E","T","E","M","M","M","$","R","BOSS","M","?","M","?","?","E","R","E","T","E","?","?","?","M","R","BOSS"],"items_purchased_type":["Card"],"build_version":"2020-12-22","purchased_purges":1,"victory":false,"max_hp_per_floor":[70,70,70,70,70,70,70,70,70,70,70,70,70,70,70,70,70,70,70,70,70,70,70,70,70,70,70,70,70,70,70,70,70,70],"card_choices":[{"not_picked":["Dodge and Roll","PiercingWail"],"picked":"Blade Dance","floor":1},{"not_picked":["Outmaneuver","Flying Knee"],"picked":"Backflip","floor":5},{"not_picked":["Bane","Malaise"],"picked":"Backflip","floor":6},{"not_picked":["Deflect","Underhanded Strike"],"picked":"Accuracy","floor":7},{"not_picked":["ReplayTheSpireMod:Tripwire","Tools of the Trade"],"picked":"Blade Dance","floor":8},{"not_picked":["Backstab","hubris:Sniper","Distraction"],"picked":"SKIP","floor":10},{"not_picked":["Backstab","Deadly Poison","Acrobatics"],"picked":"SKIP","floor":11},{"not_picked":["Dagger Throw","Flying Knee"],"picked":"Infinite Blades","floor":12},{"not_picked":["ReplayTheSpireMod:Shiv Toss","Deadly Poison"],"picked":"Footwork","floor":13},{"not_picked":["Bullet Time","A Thousand Cuts"],"picked":"Storm of Steel","floor":16},{"not_picked":["Deadly Poison","Dash+1"],"picked":"Cloak And Dagger+1","floor":18},{"not_picked":["Quick Slash","Underhanded Strike+1","ReplayTheSpireMod:The Works"],"picked":"SKIP","floor":20},{"not_picked":["Predator","Flying Knee"],"picked":"Hidden Blade","floor":21},{"not_picked":["Underhanded Strike","Reflex","Outmaneuver"],"picked":"SKIP","floor":23},{"not_picked":["Prepared","Dash","Heel Hook+1"],"picked":"SKIP","floor":25},{"not_picked":["Escape Plan","After Image"],"picked":"Fluid Movement","floor":27},{"not_picked":["Bouncing Flask+1","Deadly Poison"],"picked":"Cloak And Dagger+1","floor":30},{"not_picked":["ReplayTheSpireMod:Scrap Shanks+1","Blade Dance+1","Dodge and Roll"],"picked":"SKIP","floor":31}],"player_experience":67925,"relics_obtained":[{"floor":6,"key":"Bag of Preparation"},{"floor":7,"key":"Boot"},{"floor":8,"key":"Paper Crane"},{"floor":10,"key":"infinitespire:Lucky Rock"},{"floor":22,"key":"Ring of Peace"},{"floor":22,"key":"Ring of Misfortune"},{"floor":23,"key":"Pet Ghost"},{"floor":25,"key":"Tiny Chest"},{"floor":26,"key":"infinitespire:Broken Mirror"},{"floor":27,"key":"Replay:Towering Pillar of Hats"}],"event_choices":[{"cards_removed":["Strike_G"],"damage_healed":0,"gold_gain":0,"player_choice":"Card Removal","damage_taken":0,"max_hp_gain":0,"max_hp_loss":0,"event_name":"The Cleric","floor":3,"gold_loss":50},{"damage_healed":0,"gold_gain":0,"player_choice":"Success","damage_taken":3,"relics_obtained":["Anchor"],"max_hp_gain":0,"max_hp_loss":0,"event_name":"Scrap Ooze","floor":4,"gold_loss":0},{"damage_healed":0,"gold_gain":0,"player_choice":"Bought 0 Potions","damage_taken":0,"max_hp_gain":0,"max_hp_loss":0,"event_name":"The Woman in Blue","floor":19,"gold_loss":0},{"damage_healed":0,"gold_gain":0,"player_choice":"Read","damage_taken":0,"max_hp_gain":0,"max_hp_loss":0,"event_name":"The Library","floor":29,"gold_loss":0,"cards_obtained":["Fluid Movement"]}],"is_beta":false,"boss_relics":[{"not_picked":["ReplayTheSpireMod:SealedPack","Snecko Eye"],"picked":"hubris:VirtuousBlindfold"}],"items_purged_floors":[14],"is_endless":false,"potions_floor_spawned":[6,8,12,16,20,23,27,31],"killed_by":"Champ","ascension_level":1}}