{"host":"8fjsnt81u6xsmhji","time":1609663867,"event":{"mods":["BaseMod","Beaked The Cultist","Colored Powertips","Downfall","Glutton Mod","Hermit","Minty Spire (QoL Compilation)","Quick Restart","StSLib","The Bug Knight","The Forsaken","The Hierophant","The Runesmith"],"gold_per_floor":[115,290,306,256,225,225,239,264,264,264,278,294,314,91,91,195,195,208,208,258,272,272,272,282,310,336,350,350,330,330,347,347,449,449,460,460,460,460,473,473,171,171,240,258,40,54,54,54],"floor_reached":47,"playtime":2620,"items_purged":["Runesmith:CraftFirestone"],"score":515,"play_id":"35867d10-02bc-44f4-93c5-751a3de4ba8f","local_time":"20210103025107","is_ascension_mode":true,"campfire_choices":[{"data":"Runesmith:Fortify","floor":6.0,"key":"SMITH"},{"floor":10.0,"key":"REST"},{"floor":15.0,"key":"REST"},{"floor":23.0,"key":"REST"},{"floor":30.0,"key":"REST"},{"floor":32.0,"key":"REST"},{"floor":40.0,"key":"REST"},{"floor":42.0,"key":"REST"}],"circlet_count":0,"master_deck":["Runesmith:Strike_RS","Runesmith:Strike_RS","Runesmith:Strike_RS","Runesmith:Strike_RS","Runesmith:Defend_RS","Runesmith:Defend_RS","Runesmith:Defend_RS","Runesmith:Fortify+1","Runesmith:ArcReactor","Runesmith:CraftIncendium","Runesmith:HeatedChisel","Runesmith:MetallurgicalResearch","Runesmith:Grindstone","Runesmith:EarthShield","Runesmith:Firestorm","Runesmith:DuctTape","Runesmith:CraftProtectio","Runesmith:FissionHammer","Runesmith:LightningRod","Madness","Madness","Runesmith:CraftMagma","Runesmith:LithiumIon","Runesmith:ChaoticBlast"],"relics":["Runesmith:CoreCrystal","Ornamental Fan","Toy Ornithopter","hexamod:BolsterEngine","Velvet Choker","MutagenicStrength","HornCleat","Vajra","Runesmith:MiniCore","Question Card","Centennial Puzzle"],"acts_visited":["Exordium","TheCity","TheBeyond"],"potions_floor_usage":[],"damage_taken":[{"damage":2.0,"enemies":"Small Slimes","floor":1.0,"turns":4.0},{"damage":3.0,"enemies":"Jaw Worm","floor":3.0,"turns":4.0},{"damage":1.0,"enemies":"Cultist","floor":7.0,"turns":4.0},{"damage":29.0,"enemies":"Gremlin Nob","floor":8.0,"turns":5.0},{"damage":8.0,"enemies":"Blue Slaver","floor":11.0,"turns":3.0},{"damage":17.0,"enemies":"Lots of Slimes","floor":12.0,"turns":4.0},{"damage":8.0,"enemies":"3 Louse","floor":13.0,"turns":3.0},{"damage":18.0,"enemies":"Slime Boss","floor":16.0,"turns":8.0},{"damage":18.0,"enemies":"Spheric Guardian","floor":18.0,"turns":4.0},{"damage":13.0,"enemies":"2 Thieves","floor":21.0,"turns":5.0},{"damage":19.0,"enemies":"Centurion and Healer","floor":24.0,"turns":8.0},{"damage":13.0,"enemies":"Gremlin Leader","floor":25.0,"turns":9.0},{"damage":36.0,"enemies":"Chosen and Byrds","floor":27.0,"turns":6.0},{"damage":10.0,"enemies":"Snake Plant","floor":31.0,"turns":5.0},{"damage":11.0,"enemies":"Champ","floor":33.0,"turns":9.0},{"damage":26.0,"enemies":"3 Darklings","floor":35.0,"turns":7.0},{"damage":24.0,"enemies":"3 Shapes","floor":39.0,"turns":6.0},{"damage":24.0,"enemies":"Maw","floor":44.0,"turns":7.0},{"damage":33.0,"enemies":"Sphere and 2 Shapes","floor":46.0,"turns":6.0},{"damage":41,"enemies":"Transient","floor":47,"turns":3}],"seed_played":"3931026975848565240","potions_obtained":[{"floor":1.0,"key":"SpeedPotion"},{"floor":3.0,"key":"Fire Potion"},{"floor":11.0,"key":"AttackPotion"},{"floor":12.0,"key":"AttackPotion"},{"floor":18.0,"key":"EntropicBrew"},{"floor":27.0,"key":"EssenceOfSteel"},{"floor":29.0,"key":"Explosive Potion"},{"floor":31.0,"key":"Fruit Juice"},{"floor":39.0,"key":"EntropicBrew"},{"floor":46.0,"key":"Guardian:BlockOnCardUsePotion"}],"is_trial":false,"path_per_floor":["M","?","M","?","?","R","M","E","T","R","M","M","M","$","R","B",null,"M","?","?","M","?","R","M","E","T","M","?","?","R","M","R","B",null,"M","?","?","?","M","R","$","R","T","M","$","M","M"],"character_chosen":"RUNESMITH_CLASS","items_purchased":["hexamod:BolsterEngine","Runesmith:Firestorm","Runesmith:MiniCore","Runesmith:LithiumIon","Runesmith:ChaoticBlast","Centennial Puzzle"],"campfire_rested":7,"item_purchase_floors":[14,14,41,41,45,45],"current_hp_per_floor":[68,68,65,65,65,65,64,35,35,56,53,41,38,38,59,41,70,52,52,52,44,38,59,45,37,37,1,1,1,22,22,44,38,75,49,49,40,40,16,38,38,60,60,51,51,18,0,0],"gold":54,"neow_bonus":"ONE_RANDOM_RARE_CARD","is_daily":false,"chose_seed":false,"campfire_upgraded":1,"win_rate":0.0,"timestamp":1609663867,"path_taken":["M","?","M","?","?","R","M","E","T","R","?","M","M","$","R","BOSS","M","?","?","?","?","R","?","E","T","M","?","?","R","?","R","BOSS","M","?","?","?","M","R","$","R","T","M","$","M","M"],"items_purchased_type":["Relic","Card","Relic","Card","Card","Relic"],"build_version":"2020-12-22","purchased_purges":1,"victory":false,"max_hp_per_floor":[70,70,70,70,70,70,70,70,70,70,70,70,70,70,70,70,70,70,70,70,70,70,70,70,70,70,70,70,70,70,75,75,75,75,75,75,75,75,75,75,75,75,75,75,75,75,75,75],"card_choices":[{"not_picked":["Runesmith:Accelerate","Runesmith:ShiftingStrike"],"picked":"Runesmith:CraftIncendium","floor":1.0},{"not_picked":["Runesmith:OneForEveryone","Runesmith:HammerTime","Runesmith:CraftObretio"],"picked":"SKIP","floor":3.0},{"not_picked":["Runesmith:UnstableHammer","Runesmith:ShiftingStrike"],"picked":"Runesmith:HeatedChisel","floor":7.0},{"not_picked":["Runesmith:HeatedChisel","Runesmith:HeatExchange"],"picked":"Runesmith:MetallurgicalResearch","floor":8.0},{"not_picked":["Runesmith:CraftProtectio","Runesmith:DoubleUp"],"picked":"Runesmith:Grindstone","floor":11.0},{"not_picked":["Runesmith:FrozenChisel","Runesmith:HeatedChisel"],"picked":"Runesmith:EarthShield","floor":12.0},{"not_picked":["Runesmith:MakeshiftArmor","Runesmith:ShiftingStrike","Runesmith:HammerTime"],"picked":"SKIP","floor":13.0},{"not_picked":["Runesmith:GrandSlam","Runesmith:GenerateForcefield"],"picked":"Runesmith:DuctTape","floor":16.0},{"not_picked":["Runesmith:HeatedChisel","Runesmith:UnstableHammer","Runesmith:EarthShield"],"picked":"SKIP","floor":18.0},{"not_picked":["Runesmith:Accelerate+1","Runesmith:Firestorm","Runesmith:ChiselStab+1"],"picked":"SKIP","floor":21.0},{"not_picked":["Runesmith:RuneHurl","Runesmith:Overpower"],"picked":"Runesmith:CraftProtectio","floor":24.0},{"not_picked":["Runesmith:Electrocute","Runesmith:FrozenChisel"],"picked":"Runesmith:FissionHammer","floor":25.0},{"not_picked":["Runesmith:PerfectChisel","Runesmith:Accelerate+1","Runesmith:HammerTime"],"picked":"SKIP","floor":27.0},{"not_picked":["Runesmith:CraftProtectio","Runesmith:ChiselStab","Runesmith:Firewall+1"],"picked":"SKIP","floor":31.0},{"not_picked":["Runesmith:GrandSlam","Runesmith:FissionHammer"],"picked":"Runesmith:LightningRod","floor":33.0},{"not_picked":["Runesmith:CraftProtectio","Runesmith:EnergizedChisel","Runesmith:MakeshiftArmor"],"picked":"SKIP","floor":35.0},{"not_picked":["Runesmith:Superposition+1","Runesmith:Discharge"],"picked":"Runesmith:CraftMagma","floor":39.0},{"not_picked":["Runesmith:ChiselStab+1","Runesmith:NanitesCloud+1","Runesmith:Attraction+1","Runesmith:ShiftingStrike+1"],"picked":"SKIP","floor":44.0},{"not_picked":["Runesmith:FieryHammer+1","Runesmith:Repurpose+1","Runesmith:PerfectChisel","Runesmith:Overpower"],"picked":"SKIP","floor":46.0}],"player_experience":690032,"relics_obtained":[{"floor":8.0,"key":"Ornamental Fan"},{"floor":9.0,"key":"Toy Ornithopter"},{"floor":25.0,"key":"HornCleat"},{"floor":26.0,"key":"Vajra"},{"floor":43.0,"key":"Question Card"}],"event_choices":[{"damage_healed":0.0,"max_hp_gain":0.0,"max_hp_loss":0.0,"gold_gain":175.0,"event_name":"Liars Game","player_choice":"AGREE","floor":2.0,"gold_loss":0.0,"damage_taken":0.0,"cards_obtained":["Doubt"]},{"cards_removed":["Doubt"],"damage_healed":0.0,"max_hp_gain":0.0,"max_hp_loss":0.0,"gold_gain":0.0,"event_name":"The Cleric","player_choice":"Card Removal","floor":4.0,"gold_loss":50.0,"damage_taken":0.0},{"damage_healed":0.0,"max_hp_gain":0.0,"max_hp_loss":0.0,"gold_gain":0.0,"event_name":"World of Goop","player_choice":"Left Gold","floor":5.0,"gold_loss":31.0,"damage_taken":0.0},{"damage_healed":0.0,"max_hp_gain":0.0,"max_hp_loss":0.0,"gold_gain":0.0,"event_name":"Drug Dealer","player_choice":"Inject Mutagens","floor":19.0,"gold_loss":0.0,"damage_taken":0.0,"relics_obtained":["MutagenicStrength"]},{"damage_healed":0.0,"max_hp_gain":0.0,"max_hp_loss":0.0,"gold_gain":100.0,"event_name":"The Joust","player_choice":"Bet on Murderer","floor":20.0,"gold_loss":50.0,"damage_taken":0.0},{"damage_healed":0.0,"max_hp_gain":0.0,"max_hp_loss":0.0,"gold_gain":0.0,"event_name":"Knowing Skull","player_choice":"","floor":22.0,"potions_obtained":[],"gold_loss":0.0,"damage_taken":6.0,"cards_obtained":[]},{"damage_healed":0.0,"max_hp_gain":0.0,"max_hp_loss":0.0,"gold_gain":0.0,"event_name":"The Woman in Blue","player_choice":"Bought 1 Potion","floor":29.0,"gold_loss":0.0,"damage_taken":0.0},{"damage_healed":0.0,"max_hp_gain":0.0,"max_hp_loss":0.0,"gold_gain":0.0,"event_name":"Tomb of Lord Red Mask","player_choice":"Ignored","floor":36.0,"gold_loss":0.0,"damage_taken":0.0},{"damage_healed":0.0,"max_hp_gain":0.0,"max_hp_loss":0.0,"gold_gain":0.0,"event_name":"Winding Halls","player_choice":"Embrace Madness","floor":37.0,"gold_loss":0.0,"damage_taken":9.0,"cards_obtained":["Madness","Madness"]},{"cards_removed":["Runesmith:Defend_RS"],"damage_healed":0.0,"max_hp_gain":0.0,"max_hp_loss":0.0,"gold_gain":0.0,"event_name":"Falling","player_choice":"Removed Skill","floor":38.0,"gold_loss":0.0,"damage_taken":0.0}],"is_beta":false,"boss_relics":[{"not_picked":["Runesmith:PocketReactor","Pandora\u0027s Box"],"picked":"Velvet Choker"},{"not_picked":["SacredBark","Philosopher\u0027s Stone"],"picked":"Runesmith:CoreCrystal"}],"items_purged_floors":[41],"is_endless":false,"potions_floor_spawned":[1,3,11,12,18,27,31,39,46],"killed_by":"Transient","ascension_level":2}}