{"host":"a1u4jo6xlg3w0wsm","time":1609714918,"event":{"mods":["BaseMod","Better Third Choice","DeckTracker","Downfall","Hermit","Hubris","Minty Spire (QoL Compilation)","Replay The Spire","StSLib"],"gold_per_floor":[99,99,99,99,99,130,199,217,246,246,271,371,371,391,406,510,510,510,524,574,589,200,263,263,332,332,657,684,252,252,252],"floor_reached":30,"playtime":2042,"items_purged":[],"score":357,"play_id":"16b694a0-9ac3-44e5-803b-9ce25229f2d2","local_time":"20210104120158","is_ascension_mode":true,"campfire_choices":[{"floor":1,"key":"DIG"},{"data":"hermit:EyeOfTheStorm","floor":10,"key":"SMITH"},{"data":"hermit:Snapshot","floor":13,"key":"SMITH"},{"floor":26,"key":"REST"}],"circlet_count":0,"master_deck":["hermit:Strike_Hermit","hermit:Strike_Hermit","hermit:Strike_Hermit","hermit:Strike_Hermit","hermit:Defend_Hermit","hermit:Defend_Hermit","hermit:Defend_Hermit","hermit:Defend_Hermit","hermit:Snapshot+1","hermit:Covet","hermit:Combo+1","hermit:Snipe","hermit:Showdown","hermit:Ricochet","hermit:EyeOfTheStorm+1","hermit:Virtue","hermit:CursedWeapon+1","hermit:Gestalt","hermit:Adapt","hermit:Spite","hermit:Showdown","hermit:Gestalt","hermit:ShadowCloak","hermit:Maintenance","Regret","hermit:Quickdraw","hermit:HeroicBravado","hermit:HeroicBravado"],"relics":["hermit:Momento","downfall:HeartsMalice","White Beast Statue","Snack Pack","Pantograph","Pear","Nunchaku","downfall:CloakOfManyFaces","CultistMask","FaceOfCleric","NlothsMask","GremlinMask","SsserpentHead","SacredBark","Replay:Baseball","Sling","Smiling Mask","HandDrill","Blue Doll"],"acts_visited":["Exordium","TheCity"],"potions_floor_usage":[6,6,6,8,9,11,16,16,19,19,23,23,23,25,25,28,28,28,30],"damage_taken":[{"damage":0,"enemies":"2 Louse","floor":2,"turns":1},{"damage":0,"enemies":"Cultist","floor":4,"turns":1},{"damage":0,"enemies":"Small Slimes","floor":5,"turns":1},{"damage":22,"enemies":"Gremlin Nob","floor":6,"turns":4},{"damage":4,"enemies":"2 Fungi Beasts","floor":8,"turns":3},{"damage":1,"enemies":"Replay:BlueRogue","floor":9,"turns":3},{"damage":8,"enemies":"Gremlin Nob","floor":11,"turns":3},{"damage":6,"enemies":"downfall:FaceTrader","floor":12,"turns":6},{"damage":13,"enemies":"3 Louse","floor":14,"turns":4},{"damage":9,"enemies":"Red Slaver","floor":15,"turns":2},{"damage":10,"enemies":"downfall:Watcher","floor":16,"turns":5},{"damage":29,"enemies":"3 Byrds","floor":19,"turns":7},{"damage":4,"enemies":"Centurion and Healer","floor":21,"turns":5},{"damage":2,"enemies":"downfall:FleeingMerchant","floor":22,"turns":4},{"damage":30,"enemies":"Shelled Parasite and Fungi","floor":23,"turns":5},{"damage":12,"enemies":"Snake Plant","floor":25,"turns":1},{"damage":16,"enemies":"Replay:Snechameleon","floor":28,"turns":5},{"damage":16,"enemies":"downfall:FleeingMerchant","floor":29,"turns":4},{"damage":29,"enemies":"Slavers","floor":30,"turns":3}],"seed_played":"-4462952600506378419","potions_obtained":[{"floor":2,"key":"Toxic Potion"},{"floor":4,"key":"PowerPotion"},{"floor":5,"key":"Energy Potion"},{"floor":6,"key":"Milkshake"},{"floor":8,"key":"hermit:Tonic"},{"floor":9,"key":"SneckoOil"},{"floor":11,"key":"Milkshake"},{"floor":12,"key":"SpeedPotion"},{"floor":14,"key":"Reflective Coating"},{"floor":16,"key":"SteroidPotion"},{"floor":19,"key":"Block Potion"},{"floor":21,"key":"Dexterity Potion"},{"floor":22,"key":"Venom Potion"},{"floor":23,"key":"Death Potion"},{"floor":25,"key":"EntropicBrew"},{"floor":28,"key":"Dexterity Potion"},{"floor":29,"key":"Energy Potion"}],"is_trial":false,"path_per_floor":["R","M","?","M","M","E","T","M","E","R","E","?","R","M","M","B",null,"R","M","?","M","$","M","T","M","R","?","E","$","E"],"character_chosen":"HERMIT","items_purchased":["hermit:Gestalt","Replay:Baseball","Sling","HandDrill","Blue Doll","hermit:HeroicBravado"],"campfire_rested":1,"item_purchase_floors":[22,22,22,29,29,29],"current_hp_per_floor":[75,75,75,75,75,53,53,53,66,66,60,58,58,48,44,68,88,88,66,66,71,74,53,53,42,69,69,60,51,22,22],"gold":252,"neow_bonus":"THREE_ENEMY_KILL","is_daily":false,"chose_seed":false,"campfire_upgraded":2,"win_rate":0.0,"timestamp":1609714918,"path_taken":["R","M","?","M","M","E","T","M","E","R","E","?","R","M","M","BOSS","R","M","?","M","$","?","T","?","R","?","E","$","E"],"items_purchased_type":["Card","Relic","Relic","Relic","Relic","Card"],"build_version":"2020-12-13","purchased_purges":0,"victory":false,"max_hp_per_floor":[75,75,75,75,75,75,75,75,85,85,85,85,85,86,87,88,88,88,89,89,90,91,92,92,93,93,93,94,95,95,95],"card_choices":[{"not_picked":["hermit:Ricochet","hermit:Midnight"],"picked":"hermit:Combo","floor":2},{"not_picked":["hermit:FlashPowder","hermit:LoneWolf"],"picked":"hermit:Snipe","floor":4},{"not_picked":["hermit:Scavenge","hermit:Manifest"],"picked":"hermit:Showdown","floor":5},{"not_picked":["hermit:Vantage","hermit:PistolWhip"],"picked":"hermit:Ricochet","floor":6},{"not_picked":["hermit:Cheat","hermit:Ricochet"],"picked":"hermit:EyeOfTheStorm","floor":8},{"not_picked":["hermit:DeadOrAlive","hermit:Brawl"],"picked":"hermit:Virtue","floor":9},{"not_picked":["hermit:Cheat","hermit:Feint"],"picked":"hermit:CursedWeapon","floor":11},{"not_picked":["hermit:WideOpen","hermit:NoHoldsBarred","hermit:DeadMansHand"],"picked":"SKIP","floor":14},{"not_picked":["hermit:NoHoldsBarred","hermit:Manifest"],"picked":"hermit:Gestalt","floor":15},{"not_picked":["hermit:Magnum","hermit:Gambit"],"picked":"hermit:Adapt","floor":16},{"not_picked":["hermit:LowProfile","hermit:Vantage"],"picked":"hermit:Spite","floor":19},{"not_picked":["hermit:Ricochet+1","hermit:Horror","hermit:DeadMansHand"],"picked":"SKIP","floor":21},{"not_picked":["hermit:Ricochet","hermit:Combo","hermit:Brawl"],"picked":"SKIP","floor":22},{"not_picked":["hermit:EyeOfTheStorm","hermit:ItchyTrigger"],"picked":"hermit:ShadowCloak","floor":23},{"not_picked":["hermit:SprayPray","hermit:Headshot"],"picked":"hermit:Maintenance","floor":25},{"not_picked":["hermit:BodyArmor","hermit:Brawl","hermit:ItchyTrigger"],"picked":"SKIP","floor":28},{"not_picked":["hermit:Dive","hermit:LuckOfTheDraw"],"picked":"hermit:Quickdraw","floor":29}],"player_experience":294375,"relics_obtained":[{"floor":1,"key":"White Beast Statue"},{"floor":6,"key":"Snack Pack"},{"floor":7,"key":"Pantograph"},{"floor":9,"key":"Pear"},{"floor":11,"key":"Nunchaku"},{"floor":12,"key":"downfall:CloakOfManyFaces"},{"floor":28,"key":"Smiling Mask"}],"event_choices":[{"damage_healed":0,"gold_gain":0,"player_choice":"Copied","damage_taken":0,"max_hp_gain":0,"max_hp_loss":0,"event_name":"Duplicator","floor":20,"gold_loss":0,"cards_obtained":["hermit:Showdown"]}],"is_beta":false,"boss_relics":[{"not_picked":["Sozu","Snecko Eye"],"picked":"SacredBark"}],"items_purged_floors":[],"is_endless":false,"potions_floor_spawned":[2,4,5,6,8,9,11,12,14,15,16,19,21,22,23,25,28,29],"killed_by":"Slavers","ascension_level":3}}