{"host":"rwmcmr2m88k7tuzm","time":1609705033,"event":{"mods":["BaseMod","BetterRewards","Conspire","Downfall","Hermit","Hubris","Infinite Spire","Minty Spire (QoL Compilation)","Replay The Spire","Shop Mod","StSLib","SuperFastMode","The Cursed","The Necromancer"],"gold_per_floor":[114,114,134,134,152,179,179,179,202,202,243,143,143,158,158,289,352,368,384,484,502,52,52,87,87,114,128,183,197,197,215,215,341,341,355,355,355,371,0,33,33,51,51,51,51,51,75,118,118,118,118],"floor_reached":50,"playtime":1088,"items_purged":["Strike_R","Strike_R"],"score":628,"play_id":"64821eaa-c3e8-4569-ab1e-da853de0c7f3","local_time":"20210103201713","is_ascension_mode":false,"campfire_choices":[{"data":"conspire:Charge","floor":7,"key":"SMITH"},{"floor":10,"key":"REST"},{"data":"Replay:Sssssssssstrike","floor":13,"key":"SMITH"},{"data":"Whirlwind","floor":15,"key":"SMITH"},{"data":"Bash","floor":23,"key":"SMITH"},{"floor":30,"key":"REST"},{"data":"Flex","floor":32,"key":"SMITH"},{"data":"Transmutation","floor":44,"key":"SMITH"},{"data":"Replay:Undeath\u0027s Touch","floor":49,"key":"SMITH"}],"circlet_count":0,"master_deck":["Strike_R","Strike_R","Defend_R+1","Defend_R","Defend_R","Defend_R","Bash+1","Replay:Sssssssssstrike+1","Spot Weakness","Sword Boomerang","conspire:Charge+1","Flex+1","Anger+1","Spot Weakness","Whirlwind+1","Replay:Undeath\u0027s Touch+1","Replay:Undeath\u0027s Touch","Sword Boomerang","Replay:Undeath\u0027s Touch","Metallicize","Heavy Blade+1","Barricade+1","Cleave+1","Twin Strike+1","Transmutation+1","Replay:Undeath\u0027s Touch+1"],"relics":["Burning Blood","Onion Ring","infinitespire:WardingShard","hubris:Towel","Dream Catcher","Golden Idol","Lantern","MealTicket","Tiny House","FossilizedHelix","conspire:TreasureMap","infinitespire:CheckeredPen","Bottled Lightning","Shuriken","conspire:SpecialSausage","Red Mask","Bag of Marbles","Replay:Baseball","Replay:Bottled Steam"],"acts_visited":["Exordium","TheCity","TheBeyond"],"potions_floor_usage":[16,17,33,33,33,40,40,50,50],"damage_taken":[{"damage":0,"enemies":"2 Louse","floor":1,"turns":2},{"damage":0,"enemies":"Jaw Worm","floor":3,"turns":2},{"damage":0,"enemies":"Cultist","floor":5,"turns":2},{"damage":9,"enemies":"Replay:BlueRogue","floor":6,"turns":2},{"damage":6,"enemies":"Gremlin Nob","floor":11,"turns":3},{"damage":0,"enemies":"2 Fungi Beasts","floor":14,"turns":1},{"damage":58,"enemies":"Hexaghost","floor":16,"turns":6},{"damage":0,"enemies":"Spheric Guardian","floor":18,"turns":3},{"damage":0,"enemies":"conspire:FuzzyDice","floor":19,"turns":3},{"damage":18,"enemies":"Sentry and Sphere","floor":21,"turns":4},{"damage":0,"enemies":"conspire:Head Lice","floor":24,"turns":3},{"damage":0,"enemies":"3 Cultists","floor":27,"turns":1},{"damage":14,"enemies":"Snake Plant","floor":29,"turns":3},{"damage":0,"enemies":"Snecko","floor":31,"turns":4},{"damage":44,"enemies":"Automaton","floor":33,"turns":8},{"damage":18,"enemies":"3 Shapes","floor":35,"turns":4},{"damage":13,"enemies":"3 Darklings","floor":38,"turns":4},{"damage":0,"enemies":"Nemesis","floor":40,"turns":7},{"damage":0,"enemies":"Transient","floor":42,"turns":5},{"damage":0,"enemies":"Spire Growth","floor":47,"turns":1},{"damage":0,"enemies":"Reptomancer","floor":48,"turns":2},{"damage":118,"enemies":"infinitespire:MassOfShapes","floor":50,"turns":4}],"seed_played":"-6103145620335022994","potions_obtained":[{"floor":1,"key":"BloodPotion"},{"floor":6,"key":"Reflective Coating"},{"floor":11,"key":"GamblersBrew"},{"floor":14,"key":"CultistPotion"},{"floor":17,"key":"Fruit Juice"},{"floor":19,"key":"Explosive Potion"},{"floor":33,"key":"LiquidBronze"},{"floor":38,"key":"BlessingOfTheForge"},{"floor":42,"key":"Strength Potion"},{"floor":48,"key":"Fire Potion"}],"is_trial":false,"path_per_floor":["M","?","M","?","M","E","R","?","T","R","E","$","R","M","R","B",null,"M","M","?","M","$","R","E","$","T","M","?","M","R","M","R","B",null,"M","?","?","M","?","E","?","M","T","R","$","$","M","E","R","B"],"character_chosen":"IRONCLAD","items_purchased":["Onion Ring","infinitespire:WardingShard","Replay:Sssssssssstrike","Spot Weakness","Sword Boomerang","FossilizedHelix","conspire:TreasureMap"],"campfire_rested":2,"item_purchase_floors":[0,0,0,0,0,22,22],"current_hp_per_floor":[70,70,76,76,80,77,77,57,57,80,80,80,80,80,80,44,90,90,90,90,78,90,90,90,90,90,90,68,60,87,90,90,52,90,78,78,78,71,71,77,77,83,83,83,90,90,90,90,90,0,0],"gold":118,"neow_bonus":"","is_daily":false,"chose_seed":false,"campfire_upgraded":7,"win_rate":0.0,"timestamp":1609705033,"path_taken":["M","?","M","?","M","E","R","?","T","R","E","?","R","M","R","BOSS","M","M","?","?","$","R","E","$","T","M","?","M","R","M","R","BOSS","M","?","?","M","?","E","?","M","T","R","?","$","M","E","R","BOSS"],"items_purchased_type":["Relic","Relic","Card","Card","Card","Relic","Relic"],"build_version":"2020-12-22","purchased_purges":2,"victory":false,"max_hp_per_floor":[80,80,80,80,80,80,80,80,80,80,80,80,80,80,80,80,90,90,90,90,90,90,90,90,90,90,90,90,90,90,90,90,90,90,90,90,90,90,90,90,90,90,90,90,90,90,90,90,90,90,90],"card_choices":[{"not_picked":["Armaments","ReplayTheSpireMod:Strike From Hell"],"picked":"conspire:Charge","floor":1},{"not_picked":["Anger","Clash"],"picked":"Flex","floor":3},{"not_picked":["conspire:ExplosiveBarrier","Warcry"],"picked":"Spot Weakness","floor":5},{"not_picked":["Wild Strike","Run Through","Iron Wave"],"picked":"SKIP","floor":6},{"not_picked":["Havoc","Shrug It Off"],"picked":"Whirlwind","floor":10},{"not_picked":["Heavy Blade","Wild Strike"],"picked":"Replay:Undeath\u0027s Touch","floor":11},{"not_picked":["Havoc","conspire:ExplosiveBarrier","Abandon"],"picked":"SKIP","floor":14},{"not_picked":["Fire Breathing","Flex"],"picked":"Replay:Undeath\u0027s Touch","floor":17},{"not_picked":["Sword Boomerang","Body Slam","Anger"],"picked":"SKIP","floor":18},{"not_picked":["ReplayTheSpireMod:Strike From Hell","conspire:HitWhereItHurts","Warcry+1"],"picked":"SKIP","floor":19},{"not_picked":["Pommel Strike","Bloodletting","Whirlwind"],"picked":"SKIP","floor":21},{"not_picked":["ReplayReversal","Searing Blow","Iron Wave"],"picked":"SKIP","floor":24},{"not_picked":["ReplayTheSpireMod:Limb From Limb","Immolate","Sword Boomerang+1"],"picked":"SKIP","floor":27},{"not_picked":["Clothesline+1","Havoc"],"picked":"Sword Boomerang","floor":28},{"not_picked":["Body Slam+1","Armaments"],"picked":"Replay:Undeath\u0027s Touch","floor":28},{"not_picked":["Power Through","ReplayTheSpireMod:Stacked"],"picked":"Metallicize","floor":29},{"not_picked":["Searing Blow+1","Iron Wave"],"picked":"Heavy Blade+1","floor":30},{"not_picked":["Havoc","Brutality","Reckless Charge"],"picked":"SKIP","floor":31},{"not_picked":["Impervious","Feed"],"picked":"Barricade","floor":33},{"not_picked":["Infernal Blade+1","Iron Wave","Flex"],"picked":"SKIP","floor":35},{"not_picked":["Body Slam+1","Heavy Blade"],"picked":"Cleave+1","floor":38},{"not_picked":["Impervious","Anger"],"picked":"Twin Strike+1","floor":40},{"not_picked":["expansioncontent:PrepareCrush","Secret Technique"],"picked":"Transmutation","floor":41},{"not_picked":["Pommel Strike+1","Perfected Strike+1"],"picked":"Replay:Undeath\u0027s Touch+1","floor":42},{"not_picked":["Clothesline","Iron Wave+1","Fiend Fire"],"picked":"SKIP","floor":47},{"not_picked":["hubris:CleavingFinish","Run Through+1","Flex"],"picked":"SKIP","floor":48}],"player_experience":179737,"relics_obtained":[{"floor":6,"key":"Dream Catcher"},{"floor":9,"key":"Lantern"},{"floor":11,"key":"MealTicket"},{"floor":24,"key":"infinitespire:CheckeredPen"},{"floor":26,"key":"Bottled Lightning"},{"floor":28,"key":"Shuriken"},{"floor":40,"key":"Bag of Marbles"},{"floor":43,"key":"Replay:Baseball"},{"floor":48,"key":"Replay:Bottled Steam"}],"event_choices":[{"damage_healed":0,"gold_gain":0,"player_choice":"Take Damage","damage_taken":20,"relics_obtained":["Golden Idol"],"max_hp_gain":0,"max_hp_loss":0,"event_name":"Golden Idol","floor":8,"gold_loss":0},{"damage_healed":0,"gold_gain":100,"player_choice":"Pray","damage_taken":0,"max_hp_gain":0,"max_hp_loss":0,"event_name":"Golden Shrine","floor":20,"gold_loss":0},{"damage_healed":0,"gold_gain":0,"player_choice":"Leave","damage_taken":0,"max_hp_gain":0,"max_hp_loss":0,"event_name":"conspire:Investor","floor":37,"gold_loss":0},{"damage_healed":0,"gold_gain":0,"player_choice":"Paid","damage_taken":0,"relics_obtained":["Red Mask"],"max_hp_gain":0,"max_hp_loss":0,"event_name":"Tomb of Lord Red Mask","floor":39,"gold_loss":371},{"damage_healed":0,"gold_gain":0,"player_choice":"Memory 1","damage_taken":0,"max_hp_gain":0,"max_hp_loss":0,"event_name":"SensoryStone","floor":41,"gold_loss":0}],"is_beta":false,"boss_relics":[{"not_picked":["Runic Cube","hubris:Stopwatch"],"picked":"Tiny House"},{"not_picked":["Sozu","Fusion Hammer"],"picked":"conspire:SpecialSausage"}],"items_purged_floors":[0,12],"is_endless":false,"potions_floor_spawned":[1,6,11,14,19,27,31,33,38,42,48],"killed_by":"infinitespire:MassOfShapes","ascension_level":0}}