{"host":"37dk0reb6x0du8wx","time":1609684878,"event":{"mods":["BaseMod","Colored Map","DeckTracker","Minty Spire (QoL Compilation)","Quick Restart","StSLib"],"gold_per_floor":[369,37,2,2,27,27,27,48,48,48,82,100,275,299,299,422,422,442,442,100,116,135,135,153,153,153],"floor_reached":25,"playtime":580,"items_purged":["Strike_B","Strike_B"],"score":248,"play_id":"230c3e3d-5307-402f-b698-8b6d2e15bc92","local_time":"20210103234118","is_ascension_mode":true,"campfire_choices":[{"data":"Zap","floor":6,"key":"SMITH"},{"data":"Dualcast","floor":10,"key":"SMITH"},{"floor":15,"key":"REST"},{"data":"Redo","floor":23,"key":"SMITH"}],"circlet_count":0,"master_deck":["Strike_B","Strike_B","Defend_B","Defend_B","Defend_B","Defend_B","Zap+1","Dualcast+1","Ball Lightning","Ball Lightning","Conserve Battery","Doubt","Conserve Battery","Leap","Defragment+1","Redo+1","Melter"],"relics":["Cracked Core","Blood Vial","Golden Idol","Frozen Egg 2","Mango","Cables"],"acts_visited":["Exordium","TheCity"],"potions_floor_usage":[11,16,21,25],"damage_taken":[{"damage":4,"enemies":"Jaw Worm","floor":1,"turns":3},{"damage":0,"enemies":"2 Louse","floor":5,"turns":2},{"damage":0,"enemies":"Small Slimes","floor":8,"turns":3},{"damage":21,"enemies":"Lagavulin","floor":11,"turns":5},{"damage":8,"enemies":"Blue Slaver","floor":12,"turns":2},{"damage":14,"enemies":"3 Louse","floor":14,"turns":3},{"damage":30,"enemies":"Slime Boss","floor":16,"turns":7},{"damage":16,"enemies":"Spheric Guardian","floor":18,"turns":4},{"damage":1,"enemies":"2 Thieves","floor":21,"turns":4},{"damage":12,"enemies":"Cultist and Chosen","floor":22,"turns":5},{"damage":31,"enemies":"Snake Plant","floor":24,"turns":4},{"damage":43,"enemies":"Gremlin Leader","floor":25,"turns":3}],"seed_played":"-2722229159390653488","potions_obtained":[{"floor":8,"key":"PowerPotion"},{"floor":16,"key":"Block Potion"},{"floor":22,"key":"ColorlessPotion"}],"is_trial":false,"path_per_floor":["M","$","?","?","M","R","$","M","T","R","E","M","?","M","R","B",null,"M","?","$","M","M","R","M","E"],"character_chosen":"DEFECT","items_purchased":["Blood Vial","Fruit Juice","Cables"],"campfire_rested":1,"item_purchase_floors":[2,2,20],"current_hp_per_floor":[50,50,68,50,52,52,52,54,54,54,54,48,48,36,64,36,94,78,78,78,79,69,69,40,0,0],"gold":153,"neow_bonus":"TWO_FIFTY_GOLD","is_daily":false,"chose_seed":false,"campfire_upgraded":3,"win_rate":0.0,"timestamp":1609684878,"path_taken":["M","$","?","?","M","R","?","M","T","R","E","?","?","M","R","BOSS","M","?","$","M","M","R","M","E"],"items_purchased_type":["Relic","Potion","Relic"],"build_version":"2020-12-22","purchased_purges":2,"victory":false,"max_hp_per_floor":[75,75,75,75,75,75,75,75,75,75,94,94,94,94,94,94,94,94,94,94,94,94,94,94,94,94],"card_choices":[{"not_picked":["Conserve Battery","Steam"],"picked":"Ball Lightning","floor":1},{"not_picked":["Recycle","Turbo"],"picked":"Ball Lightning","floor":5},{"not_picked":["Sweeping Beam","White Noise","Reprogram"],"picked":"SKIP","floor":8},{"not_picked":["Steam","Compile Driver","Go for the Eyes"],"picked":"SKIP","floor":11},{"not_picked":["Redo","Core Surge"],"picked":"Conserve Battery","floor":12},{"not_picked":["Coolheaded","Rebound"],"picked":"Conserve Battery","floor":14},{"not_picked":["Genetic Algorithm","Ball Lightning"],"picked":"Leap","floor":18},{"not_picked":["Beam Cell","Undo","Coolheaded"],"picked":"SKIP","floor":21},{"not_picked":["Multi-Cast","Hologram"],"picked":"Redo","floor":22},{"not_picked":["Coolheaded+1","Force Field+1"],"picked":"Melter","floor":24}],"player_experience":141583,"relics_obtained":[{"floor":9,"key":"Frozen Egg 2"},{"floor":11,"key":"Mango"}],"event_choices":[{"damage_healed":18,"gold_gain":0,"player_choice":"Healed","damage_taken":0,"max_hp_gain":0,"max_hp_loss":0,"event_name":"The Cleric","floor":3,"gold_loss":35},{"damage_healed":0,"gold_gain":0,"player_choice":"Take Damage","damage_taken":18,"relics_obtained":["Golden Idol"],"max_hp_gain":0,"max_hp_loss":0,"event_name":"Golden Idol","floor":4,"gold_loss":0},{"damage_healed":0,"gold_gain":175,"player_choice":"AGREE","damage_taken":0,"max_hp_gain":0,"max_hp_loss":0,"event_name":"Liars Game","floor":13,"gold_loss":0,"cards_obtained":["Doubt"]},{"damage_healed":0,"gold_gain":0,"player_choice":"Read","damage_taken":0,"max_hp_gain":0,"max_hp_loss":0,"event_name":"The Library","floor":19,"gold_loss":0,"cards_obtained":["Defragment"]}],"is_beta":false,"boss_relics":[{"not_picked":["Coffee Dripper","Snecko Eye","Cursed Key"]}],"items_purged_floors":[2,20],"is_endless":false,"potions_floor_spawned":[8,16,22],"killed_by":"Gremlin Leader","ascension_level":2}}