{"host":"m2aw30g9f05gqalt","time":1609634350,"event":{"mods":["Ascension Reborn","BaseMod","Beaked The Cultist","BetterRewards","Card Forge","Conspire","Defuse TimeMaze Blight","Downfall","Duelist Mod","Gremlin Mod","Hermit","Hubris","Infinite Spire","Jorbs\u0027s Wanderer Trilogy","Lobotomy","Mimic Mod","Minty Spire (QoL Compilation)","Replay The Spire","Shop Mod","StSLib","The Animator","The Bladedancer","The Cursed","The Disciple","The Exalted","The Factory","The Florist","The Hierophant","The Jungle","The Necromancer","The Poker Player","The Runesmith","The Servant 0.9.4"],"gold_per_floor":[109,119,194,208,220,220,246,246,328,328,293,365,385,560,560,665,665,676,688,715,715,725,760,772,799,799,819,618,632,652,669,669,766,766,786,648,664,683,683,683],"floor_reached":39,"playtime":4205,"items_purged":[],"score":452,"play_id":"01b9006d-c009-48ac-bef4-766ca38c7698","local_time":"20210102183910","is_ascension_mode":true,"campfire_choices":[{"floor":6.0,"key":"REST"},{"floor":8.0,"key":"REST"},{"floor":15.0,"key":"REST"},{"floor":32,"key":"RECALL"}],"circlet_count":0,"master_deck":["Gremlin:Strike+1","Gremlin:Strike+1","Gremlin:Strike+1","Gremlin:Strike+1","Gremlin:Defend+1","Gremlin:Defend+1","Gremlin:Defend+1","Gremlin:Defend+1","Gremlin:TagTeam+1","Gremlin:GremlinDance+1","Gremlin:TwistTheKnife+1","Gremlin:AggressiveDefense+1","Gremlin:Presto+1","Gremlin:Astound+1","Gremlin:Pinprick+1","Gremlin:Pinprick+1","Gremlin:ShadowShiv+1","Gremlin:BubbleBarrier+1","Gremlin:Irritability+1","Gremlin:TargetWeakness+1","Gremlin:PinNeedle+1","Gremlin:Tadah+1","Gremlin:BubbleBarrier+1","Gremlin:BubbleBarrier+1","Gremlin:CatScratch+1","Gremlin:BubbleBarrier+1","Gremlin:Necromancy+1","Gremlin:ArmsTheft+1","Gremlin:BubbleBarrier+1","conspire:Banana+1","Gremlin:Presto"],"relics":["Gremlin:GremlinKnob","Hammer of Thor","Seething Fire","Anvil of the Gods","Unceasing Top","hubris:CuriousFeather","Replay:WaspNest","Black Star","Red Mask","Replay:Wax Seal","Replay:Bottled Steam","Gremlin Food","hubris:FunFungus","infinitespire:EmpoweringShard","Nunchaku","Ring of Chaos"],"acts_visited":["Exordium","TheCity","TheBeyond"],"potions_floor_usage":[39],"damage_taken":[{"damage":4.0,"enemies":"Cultist","floor":1.0,"turns":5.0},{"damage":1.0,"enemies":"2 Louse","floor":2.0,"turns":2.0},{"damage":1.0,"enemies":"Small Slimes","floor":4.0,"turns":4.0},{"damage":5.0,"enemies":"Looter","floor":5.0,"turns":3.0},{"damage":15.0,"enemies":"3 Sentries","floor":7.0,"turns":6.0},{"damage":3.0,"enemies":"Exordium Wildlife","floor":13.0,"turns":4.0},{"damage":16.0,"enemies":"The Guardian","floor":16.0,"turns":12.0},{"damage":14.0,"enemies":"Shell Parasite","floor":18.0,"turns":6.0},{"damage":7.0,"enemies":"Spheric Guardian","floor":19.0,"turns":4.0},{"damage":10.0,"enemies":"Masked Bandits","floor":20.0,"turns":3.0},{"damage":5.0,"enemies":"Centurion and Healer","floor":22.0,"turns":7.0},{"damage":19.0,"enemies":"Book of Stabbing","floor":23.0,"turns":4.0},{"damage":7.0,"enemies":"Snake Plant","floor":24.0,"turns":3.0},{"damage":20.0,"enemies":"theDuelist:KaibaA2","floor":25.0,"turns":3.0},{"damage":18.0,"enemies":"Snecko","floor":27.0,"turns":6.0},{"damage":4,"enemies":"Chosen and Byrds","floor":29,"turns":6},{"damage":0,"enemies":"Centurion and Healer","floor":30,"turns":4},{"damage":4,"enemies":"conspire:HollyBat","floor":31,"turns":12},{"damage":1,"enemies":"conspire:MysteriousRune","floor":33,"turns":8},{"damage":3,"enemies":"3 Shapes","floor":35,"turns":3},{"damage":9,"enemies":"Orb Walker","floor":37,"turns":4},{"damage":8,"enemies":"Transient","floor":38,"turns":5},{"damage":16,"enemies":"Writhing Mass","floor":39,"turns":1}],"seed_played":"-3783243757250936732","potions_obtained":[{"floor":4.0,"key":"sneckomod:MuddlingPotion"},{"floor":5.0,"key":"Energy Potion"},{"floor":18.0,"key":"DistilledChaos"},{"floor":31,"key":"sneckomod:MuddlingPotion"},{"floor":33,"key":"Reflective Coating"}],"is_trial":false,"path_per_floor":["M","M","?","M","M","R","E","R","T","?","?","T","M","?","R","B",null,"M","M","?","?","M","E","M","E","T","M","$","M","M","M","R","B",null,"M","$","M","M","M"],"character_chosen":"GREMLIN","items_purchased":["Nunchaku","Gremlin:BubbleBarrier","Gremlin:BubbleBarrier","conspire:Banana"],"campfire_rested":3,"item_purchase_floors":[28,28,36,36],"current_hp_per_floor":[11,21,18,18,13,19,13,19,19,19,21,21,21,21,21,9,21,21,14,11,11,17,10,10,9,9,15,15,13,13,9,9,10,21,18,18,10,3,0,0],"gold":683,"neow_bonus":"TWENTY_PERCENT_HP_BONUS","is_daily":false,"chose_seed":false,"campfire_upgraded":0,"win_rate":0.0,"timestamp":1609634350,"path_taken":["M","M","?","M","M","R","E","R","T","?","?","?","?","?","R","BOSS","M","M","?","?","M","E","M","E","T","M","$","M","M","?","R","BOSS","M","$","M","M","M"],"items_purchased_type":["Relic","Card","Card","Card"],"build_version":"2020-12-22","purchased_purges":0,"victory":false,"max_hp_per_floor":[21,21,21,21,21,21,21,21,21,21,21,21,21,21,21,21,21,21,21,21,21,21,21,21,21,21,21,21,21,21,21,21,21,21,21,21,22,23,23,23],"card_choices":[{"not_picked":["Gremlin:Irritability","Gremlin:PinNeedle"],"picked":"Gremlin:TwistTheKnife","floor":1.0},{"not_picked":["Gremlin:ToeStub","Gremlin:Irritability"],"picked":"Gremlin:AggressiveDefense","floor":2.0},{"not_picked":["Gremlin:FollowThrough","Gremlin:IrksomeBlow"],"picked":"Gremlin:Presto","floor":4.0},{"not_picked":["Gremlin:CatScratch","Gremlin:Jeer"],"picked":"Gremlin:Astound","floor":5.0},{"not_picked":["Gremlin:AggressiveDefense","Gremlin:EdibleArmor"],"picked":"Gremlin:Pinprick","floor":7.0},{"not_picked":["Gremlin:ToeStub","Gremlin:Patsy"],"picked":"Gremlin:Pinprick","floor":13.0},{"not_picked":["Gremlin:Encore","Gremlin:Nob"],"picked":"Gremlin:ShadowShiv","floor":16.0},{"not_picked":["Gremlin:Patsy","Gremlin:Wizardry"],"picked":"Gremlin:BubbleBarrier+1","floor":18.0},{"not_picked":["Gremlin:RageBreak","Gremlin:Presto"],"picked":"Gremlin:Irritability","floor":19.0},{"not_picked":["Gremlin:GremlinToss","Gremlin:Tricksy"],"picked":"Gremlin:FeelTheAudience","floor":20.0},{"not_picked":["Gremlin:TwistTheKnife","Gremlin:BurlyBlow"],"picked":"Gremlin:PinNeedle","floor":22.0},{"not_picked":["Gremlin:Polish+1","Gremlin:Pinprick"],"picked":"Gremlin:Tadah","floor":23.0},{"not_picked":["Gremlin:GremlinArms","Gremlin:Irritability","Gremlin:Jeer"],"picked":"SKIP","floor":24.0},{"not_picked":["Gremlin:Wizardry+1","Gremlin:Patsy"],"picked":"Gremlin:BubbleBarrier","floor":25.0},{"not_picked":["Gremlin:BulkUp+1","Gremlin:Presto","Gremlin:Glimmer"],"picked":"SKIP","floor":27.0},{"not_picked":["Gremlin:Presto","Gremlin:Raid","Gremlin:Polish"],"picked":"SKIP","floor":29},{"not_picked":["Gremlin:ToeStub+1","Gremlin:Jeer"],"picked":"Gremlin:CatScratch","floor":30},{"not_picked":["Gremlin:GremlinMeal+1","Gremlin:Jeer"],"picked":"Gremlin:BubbleBarrier","floor":31},{"not_picked":["Gremlin:Nob","Gremlin:FlipOut"],"picked":"Gremlin:Necromancy","floor":33},{"not_picked":["Gremlin:Patsy+1","Gremlin:Jeer+1"],"picked":"Gremlin:ArmsTheft+1","floor":35},{"not_picked":["Gremlin:Patsy","Gremlin:ShowOfHands","Gremlin:GremlinArms"],"picked":"SKIP","floor":37},{"not_picked":["Gremlin:PourSalt","Gremlin:IrksomeBlow+1"],"picked":"Gremlin:Presto","floor":38}],"player_experience":918896,"relics_obtained":[{"floor":7.0,"key":"Unceasing Top"},{"floor":10.0,"key":"hubris:CuriousFeather"},{"floor":12.0,"key":"Replay:WaspNest"},{"floor":20.0,"key":"Red Mask"},{"floor":23.0,"key":"Replay:Wax Seal"},{"floor":23.0,"key":"Replay:Bottled Steam"},{"floor":25.0,"key":"Gremlin Food"},{"floor":25.0,"key":"hubris:FunFungus"},{"floor":26.0,"key":"infinitespire:EmpoweringShard"}],"event_choices":[{"damage_healed":0.0,"max_hp_gain":0.0,"max_hp_loss":0.0,"gold_gain":75.0,"event_name":"World of Goop","player_choice":"Gather Gold","floor":3.0,"gold_loss":0.0,"damage_taken":3.0},{"damage_healed":5.0,"max_hp_gain":0.0,"max_hp_loss":0.0,"gold_gain":0.0,"event_name":"The Cleric","player_choice":"Healed","floor":11.0,"gold_loss":35.0,"damage_taken":0.0},{"damage_healed":0.0,"max_hp_gain":0.0,"max_hp_loss":0.0,"gold_gain":175.0,"event_name":"Liars Game","player_choice":"AGREE","floor":14.0,"gold_loss":0.0,"damage_taken":0.0,"cards_obtained":["Doubt"]},{"damage_healed":0.0,"max_hp_gain":0.0,"max_hp_loss":0.0,"gold_gain":0.0,"event_name":"Masked Bandits","player_choice":"Fought Bandits","floor":20.0,"gold_loss":0.0,"damage_taken":0.0},{"damage_healed":0.0,"max_hp_gain":0.0,"max_hp_loss":0.0,"gold_gain":0.0,"cards_transformed":["Gremlin:FeelTheAudience"],"event_name":"Transmorgrifier","player_choice":"Transformed","floor":21.0,"gold_loss":0.0,"damage_taken":0.0,"cards_obtained":["Gremlin:TargetWeakness"]}],"is_beta":false,"boss_relics":[{"not_picked":["Runic Pyramid","Tiny House"],"picked":"Black Star"},{"not_picked":["hubris:HollowSoul","beaked:MawFillet"],"picked":"Ring of Chaos"}],"items_purged_floors":[],"is_endless":false,"potions_floor_spawned":[1,4,5,18,22,29,30,31,33,35,37],"killed_by":"Writhing Mass","ascension_level":0}}