{"host":"armnliea5o2aqs4b","time":1609676931,"event":{"mods":["BaseMod","Hubris","Infinite Spire","Minty Spire (QoL Compilation)","Quick Restart","StSLib"],"gold_per_floor":[117,117,117,67,17,17,73,106,106,106,132,132,132,132,132,132,132],"floor_reached":16,"playtime":254,"items_purged":[],"score":152,"play_id":"aabb5421-2c5c-43bc-a613-94e949bd922e","local_time":"20210103232851","is_ascension_mode":true,"campfire_choices":[{"data":"Flex","floor":6,"key":"SMITH"},{"data":"Inflame","floor":15,"key":"SMITH"}],"circlet_count":0,"master_deck":["Strike_R","Strike_R","Strike_R","Defend_R","Defend_R","Defend_R","Defend_R","Bash","Flex+1","hubris:SharpeningStone","Shrug It Off","Inflame+1","Parasite"],"relics":["Ring of the Snake","NeowsBlessing","infinitespire:Cubic Diamond","hubris:Towel","Juzu Bracelet","Happy Flower","Singing Bowl","hubris:MobiusCoin","Letter Opener"],"acts_visited":["Exordium"],"potions_floor_usage":[],"damage_taken":[{"damage":0,"enemies":"2 Louse","floor":1,"turns":1},{"damage":0,"enemies":"Lagavulin Event","floor":7,"turns":1},{"damage":0,"enemies":"3 Sentries","floor":8,"turns":1},{"damage":33,"enemies":"Gremlin Nob","floor":11,"turns":5},{"damage":68,"enemies":"Hexaghost","floor":16,"turns":9}],"seed_played":"9191549646441258044","potions_obtained":[{"floor":1,"key":"Ancient Potion"},{"floor":11,"key":"SneckoOil"}],"is_trial":false,"path_per_floor":["M","?","?","$","?","R","?","E","T","$","E","?","?","?","R","B"],"character_chosen":"IRONCLAD","items_purchased":["Flex"],"campfire_rested":0,"item_purchase_floors":[4],"current_hp_per_floor":[80,80,80,80,80,80,80,80,80,80,47,47,47,67,67,0,0],"gold":132,"neow_bonus":"THREE_ENEMY_KILL","is_daily":false,"chose_seed":false,"campfire_upgraded":2,"win_rate":0.0,"timestamp":1609676931,"path_taken":["M","?","?","$","?","R","?","E","T","$","E","?","?","?","R","BOSS"],"items_purchased_type":["Card"],"build_version":"2020-12-22","purchased_purges":0,"victory":false,"max_hp_per_floor":[80,80,80,80,80,80,80,80,80,80,80,80,80,80,80,80,80],"card_choices":[{"not_picked":["Iron Wave","Body Slam","Heavy Blade"],"picked":"SKIP","floor":1},{"not_picked":["Reckless Charge","hubris:ReadiedAction"],"picked":"hubris:SharpeningStone","floor":7},{"not_picked":["Shockwave","Anger"],"picked":"Shrug It Off","floor":8},{"not_picked":["hubris:SharpeningStone","Rupture"],"picked":"Inflame","floor":11}],"player_experience":155655,"relics_obtained":[{"floor":7,"key":"Juzu Bracelet"},{"floor":8,"key":"Happy Flower"},{"floor":9,"key":"Singing Bowl"},{"floor":11,"key":"hubris:MobiusCoin"}],"event_choices":[{"cards_removed":["Strike_R"],"damage_healed":0,"gold_gain":0,"player_choice":"Card Removal","damage_taken":0,"max_hp_gain":0,"max_hp_loss":0,"event_name":"The Cleric","floor":5,"gold_loss":50},{"damage_healed":0,"gold_gain":30,"player_choice":"Searched \u00272\u0027 times","damage_taken":0,"max_hp_gain":0,"max_hp_loss":0,"event_name":"Dead Adventurer","floor":7,"gold_loss":0},{"damage_healed":0,"gold_gain":0,"player_choice":"Gave Potion","damage_taken":0,"relics_obtained":["Letter Opener"],"max_hp_gain":0,"max_hp_loss":0,"event_name":"WeMeetAgain","floor":12,"gold_loss":0},{"cards_removed":["Strike_R"],"damage_healed":0,"gold_gain":0,"player_choice":"Offered Basic","damage_taken":0,"max_hp_gain":0,"max_hp_loss":0,"event_name":"Bonfire Elementals","floor":13,"gold_loss":0},{"damage_healed":20,"gold_gain":0,"player_choice":"Healed and dodged fight","damage_taken":0,"max_hp_gain":0,"max_hp_loss":0,"event_name":"Mushrooms","floor":14,"gold_loss":0,"cards_obtained":["Parasite"]}],"is_beta":false,"boss_relics":[],"items_purged_floors":[],"is_endless":false,"potions_floor_spawned":[1,11],"killed_by":"Hexaghost","ascension_level":4}}