{"host":"i0avyit1s6jb1siw","time":1609653448,"event":{"mods":["BaseMod","DeckTracker","Dota2Spire","Highlight Path","Minty Spire (QoL Compilation)","Quick Restart","StSLib","SuperFastMode"],"gold_per_floor":[114,128,128,198,173,203,222,255,255,255,283,299,299,349,349,424,424,437,487,498,498,498],"floor_reached":21,"playtime":449,"items_purged":[],"score":498,"play_id":"55faf5da-eeeb-47f0-9119-1c12941de383","local_time":"20210103065728","is_ascension_mode":true,"campfire_choices":[{"floor":10.0,"key":"REST"},{"floor":13.0,"key":"REST"},{"data":"TalkToTheHand","floor":15.0,"key":"SMITH"}],"circlet_count":0,"master_deck":["AscendersBane","Strike_P","Defend_P","Defend_P","Eruption","Vigilance","CutThroughFate","ReachHeaven","Consecrate","EmptyFist","TalkToTheHand+1","FearNoEvil","DevaForm","EmptyMind","Perseverance","WaveOfTheHand"],"relics":["PureWater","NeowsBlessing","SsserpentHead","Dead Branch","Calipers","Gambling Chip","Dota2Spire:Satanic","Lantern","Empty Cage"],"acts_visited":["Exordium","TheCity"],"potions_floor_usage":[16],"damage_taken":[{"damage":0.0,"enemies":"Jaw Worm","floor":1.0,"turns":1.0},{"damage":0.0,"enemies":"Cultist","floor":2.0,"turns":1.0},{"damage":0.0,"enemies":"Small Slimes","floor":4.0,"turns":1.0},{"damage":37.0,"enemies":"3 Sentries","floor":6.0,"turns":5.0},{"damage":0.0,"enemies":"Looter","floor":7.0,"turns":2.0},{"damage":8.0,"enemies":"Gremlin Nob","floor":8.0,"turns":3.0},{"damage":22.0,"enemies":"3 Sentries","floor":11.0,"turns":5.0},{"damage":0.0,"enemies":"3 Louse","floor":12.0,"turns":1.0},{"damage":0,"enemies":"Hexaghost","floor":16,"turns":5},{"damage":37,"enemies":"3 Byrds","floor":18,"turns":7},{"damage":15,"enemies":"Shell Parasite","floor":20,"turns":4},{"damage":5,"enemies":"Centurion and Healer","floor":21,"turns":1}],"seed_played":"-8073367366772381201","potions_obtained":[{"floor":6.0,"key":"Strength Potion"},{"floor":11.0,"key":"SteroidPotion"},{"floor":16,"key":"SpeedPotion"}],"is_trial":false,"path_per_floor":["M","M","?","M","?","E","M","E","T","R","E","M","R","?","R","B",null,"M","?","M","M"],"character_chosen":"WATCHER","items_purchased":[],"campfire_rested":2,"item_purchase_floors":[],"current_hp_per_floor":[61,61,61,61,61,24,24,16,16,36,14,14,34,23,23,23,57,20,20,5,0,0],"gold":498,"neow_bonus":"THREE_ENEMY_KILL","is_daily":false,"chose_seed":false,"campfire_upgraded":1,"win_rate":0.0,"timestamp":1609653448,"path_taken":["M","M","?","?","?","E","M","E","T","R","E","M","R","?","R","BOSS","M","?","M","M"],"items_purchased_type":[],"build_version":"2020-12-22","purchased_purges":0,"victory":false,"max_hp_per_floor":[68,68,68,68,68,68,68,68,68,68,68,68,68,68,68,68,68,68,68,68,68,68],"card_choices":[{"not_picked":["Evaluate","Protect"],"picked":"CutThroughFate","floor":1.0},{"not_picked":["Protect","FlyingSleeves"],"picked":"ReachHeaven","floor":2.0},{"not_picked":["WindmillStrike","EmptyBody"],"picked":"Consecrate","floor":4.0},{"not_picked":["WheelKick","Crescendo"],"picked":"EmptyFist","floor":6.0},{"not_picked":["SashWhip","Brilliance","Prostrate"],"picked":"SKIP","floor":7.0},{"not_picked":["Wireheading","CutThroughFate"],"picked":"TalkToTheHand","floor":8.0},{"not_picked":["Halt","FlyingSleeves"],"picked":"FearNoEvil","floor":11.0},{"not_picked":["FearNoEvil","Prostrate","Conclude"],"picked":"SKIP","floor":12.0},{"not_picked":["Establishment","Judgement"],"picked":"DevaForm","floor":16},{"not_picked":["JustLucky","BattleHymn"],"picked":"EmptyMind","floor":18},{"not_picked":["FlyingSleeves+1","Sanctity","JustLucky"],"picked":"SKIP","floor":20}],"player_experience":2171214,"relics_obtained":[{"floor":6.0,"key":"Dead Branch"},{"floor":8.0,"key":"Calipers"},{"floor":9.0,"key":"Gambling Chip"},{"floor":11.0,"key":"Dota2Spire:Satanic"}],"event_choices":[{"damage_healed":0.0,"max_hp_gain":0.0,"max_hp_loss":0.0,"gold_gain":0.0,"event_name":"FaceTrader","player_choice":"Trade","floor":3.0,"gold_loss":0.0,"damage_taken":0.0,"relics_obtained":["SsserpentHead"]},{"cards_removed":["Strike_P"],"damage_healed":0.0,"max_hp_gain":0.0,"max_hp_loss":0.0,"gold_gain":0.0,"event_name":"The Cleric","player_choice":"Card Removal","floor":5.0,"gold_loss":75.0,"damage_taken":0.0},{"damage_healed":0.0,"max_hp_gain":0.0,"max_hp_loss":0.0,"gold_gain":0.0,"event_name":"Scrap Ooze","player_choice":"Success","floor":14.0,"gold_loss":0.0,"damage_taken":11.0,"relics_obtained":["Lantern"]},{"damage_healed":0,"gold_gain":0,"cards_transformed":["Strike_P","Defend_P"],"player_choice":"Became Test Subject","damage_taken":0,"max_hp_gain":0,"max_hp_loss":0,"event_name":"Drug Dealer","floor":19,"gold_loss":0,"cards_obtained":["Perseverance","WaveOfTheHand"]}],"is_beta":false,"boss_relics":[{"not_picked":["Black Star","Runic Dome"],"picked":"Empty Cage"}],"items_purged_floors":[],"is_endless":false,"potions_floor_spawned":[6,11,12,16,18,20],"killed_by":"Centurion and Healer","ascension_level":20}}