{"host":"m2aw30g9f05gqalt","time":1609641457,"event":{"mods":["Ascension Reborn","BaseMod","Beaked The Cultist","BetterRewards","Card Forge","Conspire","Defuse TimeMaze Blight","Downfall","Duelist Mod","Gremlin Mod","Hermit","Hubris","Infinite Spire","Jorbs\u0027s Wanderer Trilogy","Lobotomy","Mimic Mod","Minty Spire (QoL Compilation)","Replay The Spire","Shop Mod","StSLib","The Animator","The Bladedancer","The Cursed","The Disciple","The Exalted","The Factory","The Florist","The Hierophant","The Jungle","The Necromancer","The Poker Player","The Runesmith","The Servant 0.9.4"],"gold_per_floor":[114,137,137,146,170,195,221,221,221,252,269,234,234,264,264,365,365,382,382,267,268,284,284,311,311,336,32,52,71,99,99,99,201,201,229,261,315,386,322,322],"floor_reached":39,"playtime":6745,"items_purged":["Doubt","hierophant:Strike_Hierophant+1"],"score":1024,"play_id":"c7895410-200a-4eee-9e5a-d3e1f106bca8","local_time":"20210102203737","is_ascension_mode":true,"campfire_choices":[{"floor":8,"key":"REST"},{"floor":15,"key":"RECALL"},{"floor":23,"key":"REST"},{"floor":32,"key":"REST"}],"circlet_count":0,"master_deck":["hierophant:Strike_Hierophant+1","hierophant:Strike_Hierophant+1","hierophant:Punish+1","hierophant:Defend_Hierophant+1","hierophant:Defend_Hierophant+1","hierophant:Defend_Hierophant+1","hierophant:Defend_Hierophant+1","hierophant:ChurchCoffers+1","expansioncontent:FaceSlap+1","hierophant:OrnateBuckler+1","hierophant:Endure+1","hierophant:ThreeLashes+1","hierophant:ThreeLashes+1","hierophant:Doubloon+1","hierophant:Charity+1","hierophant:Repentance+1","hierophant:HolyVerse+1","hierophant:Doubloon+1","hierophant:Remorse+1","hierophant:Cornucopia+1","hierophant:Glossolalia+1","hierophant:FieryStrike+1","hierophant:Sermon+1","hierophant:HolyVerse+1","hierophant:Batter+1","hierophant:Chorus+1","hierophant:FieryStrike+1","hierophant:HolyVerse+1","hierophant:Kindle","Demon Form","hierophant:Endure+1","hierophant:Doubloon","hierophant:Remorse+1"],"relics":["hierophant:PropheticMaskRelic","Hammer of Thor","Seething Fire","Anvil of the Gods","Counterbalance","Bromod:ArcaneAvenger","FossilizedHelix","Sozu","ReplayTheSpireMod:Ring of Sloth","hubris:Towel","Replay:Wax Seal","Membership Card","beaked:SacredDeck","Dead Branch"],"acts_visited":["Exordium","Exordium","TheBeyond"],"potions_floor_usage":[],"damage_taken":[{"damage":1,"enemies":"Cultist","floor":1,"turns":3},{"damage":0,"enemies":"2 Louse","floor":2,"turns":2},{"damage":0,"enemies":"Jaw Worm","floor":4,"turns":3},{"damage":0,"enemies":"2 Fungi Beasts","floor":5,"turns":3},{"damage":0,"enemies":"Gremlin Nob","floor":6,"turns":2},{"damage":0,"enemies":"3 Louse","floor":7,"turns":1},{"damage":7,"enemies":"Lagavulin","floor":10,"turns":5},{"damage":0,"enemies":"Gremlin Gang","floor":11,"turns":1},{"damage":0,"enemies":"Large Slime","floor":14,"turns":2},{"damage":9,"enemies":"The Guardian","floor":16,"turns":7},{"damage":0,"enemies":"Shell Parasite","floor":18,"turns":2},{"damage":16,"enemies":"theJungle:GiantWrat","floor":21,"turns":3},{"damage":4,"enemies":"theJungle:SlimyTreeVines","floor":22,"turns":3},{"damage":3,"enemies":"Snake Plant","floor":24,"turns":3},{"damage":0,"enemies":"theJungle:JungleHuntersEncounter","floor":28,"turns":3},{"damage":1,"enemies":"theJungle:SlimyTreeVines","floor":29,"turns":4},{"damage":0,"enemies":"theJungle:Lyon","floor":30,"turns":3},{"damage":0,"enemies":"theJungle:TotemBoss","floor":33,"turns":3},{"damage":0,"enemies":"3 Darklings","floor":35,"turns":2},{"damage":0,"enemies":"Orb Walker","floor":36,"turns":2},{"damage":40,"enemies":"Mind Bloom Boss Battle","floor":37,"turns":4},{"damage":19,"enemies":"Transient","floor":38,"turns":5},{"damage":20,"enemies":"conspire:MimicChest","floor":39,"turns":2}],"seed_played":"2059748323136989236","potions_obtained":[{"floor":10,"key":"Reflective Coating"},{"floor":16,"key":"DuplicationPotion"}],"is_trial":false,"path_per_floor":["M","M","?","M","M","E","M","R","T","E","M","?","T","M","R","B",null,"M","?","$","M","M","R","M","?","T","$","M","M","M","?","R","B",null,"M","M","?","M","?"],"character_chosen":"HIEROPHANT","items_purchased":["hierophant:Glossolalia","Membership Card","hierophant:Batter","hierophant:Chorus"],"campfire_rested":3,"item_purchase_floors":[20,27,27,27],"current_hp_per_floor":[74,74,74,74,74,74,74,75,75,68,68,75,75,75,75,66,75,75,75,75,59,58,75,72,72,72,72,72,74,74,74,75,75,75,75,75,35,16,0,0],"gold":322,"neow_bonus":"RANDOM_COLORLESS","is_daily":false,"chose_seed":false,"campfire_upgraded":0,"win_rate":0.0,"timestamp":1609641457,"path_taken":["M","M","?","M","M","E","M","R","T","E","M","?","?","M","R","BOSS","M","?","$","M","M","R","M","?","T","$","M","M","M","?","R","BOSS","M","?","?","M","?"],"items_purchased_type":["Card","Relic","Card","Card"],"build_version":"2020-12-22","purchased_purges":2,"victory":false,"max_hp_per_floor":[75,75,75,75,75,75,75,75,75,75,75,75,75,75,75,75,75,75,75,75,75,75,75,75,75,75,75,75,75,75,75,75,75,75,75,75,75,75,75,75],"card_choices":[{"not_picked":["expansioncontent:BronzeBeam","expansioncontent:YouAreMine"],"picked":"expansioncontent:FaceSlap","floor":0},{"not_picked":["hierophant:Doomsaying","hierophant:Zeal"],"picked":"hierophant:OrnateBuckler","floor":1},{"not_picked":["hierophant:HolyVerse","hierophant:DisplayOfPower"],"picked":"hierophant:Endure","floor":2},{"not_picked":["hierophant:ConvertCurrency","hierophant:Purify"],"picked":"hierophant:ThreeLashes","floor":4},{"not_picked":["hierophant:Encroach","hierophant:OrnateBuckler"],"picked":"hierophant:ThreeLashes","floor":5},{"not_picked":["hierophant:Exaltation","hierophant:Sermon"],"picked":"hierophant:Charity","floor":6},{"not_picked":["hierophant:OrnateBuckler","hierophant:Zeal"],"picked":"hierophant:Repentance","floor":7},{"not_picked":["hierophant:Shelter","hierophant:Charity"],"picked":"hierophant:HolyVerse","floor":10},{"not_picked":["hierophant:RepressedViolence","hierophant:Zeal"],"picked":"hierophant:Remorse","floor":11},{"not_picked":["hierophant:OrnateBuckler","hierophant:Purify","hierophant:HolyVerse"],"picked":"SKIP","floor":14},{"not_picked":["hierophant:Anathema","hierophant:DeathKnell"],"picked":"hierophant:Cornucopia","floor":16},{"not_picked":["hierophant:AuricBeam","hierophant:HammerAndAnvil","hierophant:OrnateJavelin"],"picked":"SKIP","floor":18},{"not_picked":["hierophant:FlamingChariot+1","hierophant:ConvertCurrency"],"picked":"hierophant:FieryStrike","floor":21},{"not_picked":["hierophant:OrnateBuckler","hierophant:Doubloon"],"picked":"hierophant:Sermon+1","floor":22},{"not_picked":["hierophant:Dazzle","hierophant:RepressedViolence"],"picked":"hierophant:HolyVerse+1","floor":24},{"not_picked":["hierophant:ArchangelShield","hierophant:Mercenaries","hierophant:MorningPrayer"],"picked":"SKIP","floor":28},{"not_picked":["hierophant:AuricBeam","hierophant:ConvertCurrency"],"picked":"hierophant:FieryStrike+1","floor":29},{"not_picked":["hierophant:Doubloon","hierophant:Racketeering+1"],"picked":"hierophant:HolyVerse+1","floor":30},{"not_picked":["hierophant:DeathKnell","hierophant:Batter"],"picked":"hierophant:Kindle","floor":33},{"not_picked":["hierophant:DeathKnell","hierophant:RustyCrate","hierophant:Racketeering"],"picked":"SKIP","floor":35},{"not_picked":["hierophant:AuricBeam","hierophant:HammerAndAnvil","hierophant:HolyVerse"],"picked":"SKIP","floor":36},{"not_picked":["hierophant:Sermon+1","hierophant:Embezzle"],"picked":"hierophant:Endure+1","floor":37},{"not_picked":["hierophant:Doubloon+1","hierophant:Flagellation+1"],"picked":"hierophant:Remorse+1","floor":38}],"player_experience":923101,"relics_obtained":[{"floor":9,"key":"Counterbalance"},{"floor":10,"key":"Bromod:ArcaneAvenger"},{"floor":13,"key":"FossilizedHelix"},{"floor":19,"key":"ReplayTheSpireMod:Ring of Sloth"},{"floor":26,"key":"Replay:Wax Seal"},{"floor":37,"key":"Dead Branch"}],"event_choices":[{"damage_healed":18,"gold_gain":0,"player_choice":"Healed","damage_taken":0,"max_hp_gain":0,"max_hp_loss":0,"event_name":"The Cleric","floor":12,"gold_loss":35},{"cards_removed":["hierophant:Strike_Hierophant"],"damage_healed":0,"gold_gain":0,"player_choice":"Purged","damage_taken":0,"max_hp_gain":0,"max_hp_loss":0,"event_name":"Purifier","floor":31,"gold_loss":0},{"damage_healed":0,"gold_gain":0,"player_choice":"Fight","damage_taken":0,"max_hp_gain":0,"max_hp_loss":0,"event_name":"MindBloom","floor":37,"gold_loss":0}],"is_beta":false,"boss_relics":[{"not_picked":["infinitespire:Cupcake","Coffee Dripper"],"picked":"Sozu"},{"not_picked":["Kintsugi","Replay:Drink Me"],"picked":"beaked:SacredDeck"}],"items_purged_floors":[20,27],"is_endless":false,"potions_floor_spawned":[2,10,11,14,16,18,21,29,33,35,37],"killed_by":"conspire:MimicChest","ascension_level":0}}