{"host":"gkp57zoegrd3f2ij","time":1609708246,"event":{"mods":["BaseMod","Colored Map","Colored Powertips","Downfall","Minty Spire (QoL Compilation)","StSLib"],"gold_per_floor":[110,185,17,17,27,353,133,150,150,150,166,179,179,205,205,307,307,247,259,159,172,188,188,202,202,202],"floor_reached":25,"playtime":1911,"items_purged":["Strike_B","Strike_B"],"score":250,"play_id":"46eae733-a149-41dd-87e7-ea8223a1983d","local_time":"20210103221046","is_ascension_mode":true,"campfire_choices":[{"data":"Zap","floor":10,"key":"SMITH"},{"data":"Zap","floor":15,"key":"SMITH"},{"floor":23,"key":"REST"}],"circlet_count":0,"master_deck":["Strike_B","Strike_B","Defend_B","Defend_B","Defend_B","Defend_B","Zap+1","Dualcast","Hologram","Go for the Eyes","Consume","Coolheaded","Zap+1","Capacitor","Cold Snap","Doom and Gloom","Parasite","Lockon+1","Redo+1","Barrage+1","Leap","Loop"],"relics":["Cracked Core","NeowsBlessing","Sling","Old Coin","DollysMirror","Pantograph","Mummified Hand","Inserter"],"acts_visited":["Exordium","TheCity"],"potions_floor_usage":[22,22,22],"damage_taken":[{"damage":0,"enemies":"Jaw Worm","floor":1,"turns":1},{"damage":0,"enemies":"Small Slimes","floor":5,"turns":1},{"damage":0,"enemies":"3 Sentries","floor":6,"turns":1},{"damage":0,"enemies":"Cultist","floor":8,"turns":3},{"damage":6,"enemies":"Exordium Thugs","floor":11,"turns":6},{"damage":8,"enemies":"Blue Slaver","floor":12,"turns":4},{"damage":23,"enemies":"Gremlin Nob","floor":14,"turns":4},{"damage":31,"enemies":"Slime Boss","floor":16,"turns":8},{"damage":23,"enemies":"2 Thieves","floor":18,"turns":4},{"damage":8,"enemies":"Shell Parasite","floor":19,"turns":4},{"damage":16,"enemies":"Shelled Parasite and Fungi","floor":21,"turns":7},{"damage":8,"enemies":"Cultist and Chosen","floor":22,"turns":4},{"damage":18,"enemies":"Sentry and Sphere","floor":24,"turns":5},{"damage":26,"enemies":"Snecko","floor":25,"turns":6}],"seed_played":"3967644596951701014","potions_obtained":[{"floor":8,"key":"Fire Potion"},{"floor":11,"key":"LiquidBronze"},{"floor":14,"key":"Explosive Potion"},{"floor":19,"key":"Dexterity Potion"},{"floor":22,"key":"Strength Potion"}],"is_trial":false,"path_per_floor":["M","?","$","?","M","E","$","M","T","R","M","M","?","E","R","B",null,"M","M","$","M","M","R","M","M"],"character_chosen":"DEFECT","items_purchased":["Sling","Go for the Eyes","DollysMirror"],"campfire_rested":1,"item_purchase_floors":[3,3,7],"current_hp_per_floor":[75,64,64,75,75,75,75,75,75,75,69,61,75,52,52,44,75,52,44,44,28,20,42,24,0,0],"gold":202,"neow_bonus":"THREE_ENEMY_KILL","is_daily":false,"chose_seed":false,"campfire_upgraded":2,"win_rate":0.0,"timestamp":1609708246,"path_taken":["M","?","$","?","M","E","?","M","T","R","M","M","?","E","R","BOSS","M","M","$","M","M","R","M","M"],"items_purchased_type":["Relic","Card","Relic"],"build_version":"2020-12-22","purchased_purges":2,"victory":false,"max_hp_per_floor":[75,75,75,75,75,75,75,75,75,75,75,75,75,75,75,75,75,75,75,75,75,75,75,75,75,75],"card_choices":[{"not_picked":["Stack","Tempest"],"picked":"Hologram","floor":1},{"not_picked":["Turbo","Redo"],"picked":"Consume","floor":5},{"not_picked":["Consume","Recycle"],"picked":"Coolheaded","floor":6},{"not_picked":["Sweeping Beam","Scrape"],"picked":"Capacitor","floor":8},{"not_picked":["Rip and Tear","Go for the Eyes"],"picked":"Cold Snap","floor":11},{"not_picked":["Gash","Beam Cell"],"picked":"Doom and Gloom","floor":12},{"not_picked":["Multi-Cast","Coolheaded","Stack"],"picked":"SKIP","floor":14},{"not_picked":["Coolheaded","Rebound"],"picked":"Lockon+1","floor":18},{"not_picked":["Steam","Rebound"],"picked":"Redo+1","floor":19},{"not_picked":["Glacier+1","Melter"],"picked":"Barrage+1","floor":21},{"not_picked":["Coolheaded","Cold Snap"],"picked":"Leap","floor":22},{"not_picked":["Aggregate+1","Barrage"],"picked":"Loop","floor":24}],"player_experience":218997,"relics_obtained":[{"floor":6,"key":"Old Coin"},{"floor":9,"key":"Pantograph"},{"floor":14,"key":"Mummified Hand"}],"event_choices":[{"damage_healed":0,"gold_gain":75,"player_choice":"Gather Gold","damage_taken":11,"max_hp_gain":0,"max_hp_loss":0,"event_name":"World of Goop","floor":2,"gold_loss":0},{"damage_healed":25,"gold_gain":0,"player_choice":"Banana","damage_taken":0,"max_hp_gain":0,"max_hp_loss":0,"event_name":"Big Fish","floor":4,"gold_loss":0},{"damage_healed":18,"gold_gain":0,"player_choice":"Healed and dodged fight","damage_taken":0,"max_hp_gain":0,"max_hp_loss":0,"event_name":"Mushrooms","floor":13,"gold_loss":0,"cards_obtained":["Parasite"]}],"is_beta":false,"boss_relics":[{"not_picked":["Sozu","Velvet Choker"],"picked":"Inserter"}],"items_purged_floors":[7,20],"is_endless":false,"potions_floor_spawned":[8,11,14,19,22],"killed_by":"Snecko","ascension_level":1}}