{"host":"Fun","time":1609697983,"event":{"mods":["BaseMod","Colored Map","Filter the Spire","Minty Spire (QoL Compilation)","Relic Stats","StSLib"],"gold_per_floor":[111,131,151,76,76,108,108,183,210,256,268,300,330,370,382,468,480,480,265,265,265,49,49,49,49,49,49,49,49,49,49,49,49,49,49,49,49,0,0,0,0,0,0,0,0,0,0,0,0,0],"floor_reached":51,"playtime":1763,"items_purged":["Strike_R"],"score":1398,"play_id":"091878bd-bd5e-4fc7-a8c1-d21c7942d290","local_time":"20210103131943","is_ascension_mode":true,"campfire_choices":[{"data":"Carnage","floor":7,"key":"SMITH"},{"data":"Juggernaut","floor":15,"key":"SMITH"},{"data":"Armaments","floor":23,"key":"SMITH"},{"data":"True Grit","floor":25,"key":"SMITH"},{"data":"Shockwave","floor":30,"key":"SMITH"},{"data":"Metallicize","floor":32,"key":"SMITH"},{"floor":41,"key":"REST"},{"data":"Demon Form","floor":44,"key":"SMITH"},{"data":"Feel No Pain","floor":46,"key":"SMITH"},{"data":"Whirlwind","floor":49,"key":"SMITH"}],"circlet_count":0,"master_deck":["AscendersBane","Defend_R","Defend_R","Defend_R","Impervious","Whirlwind+1","Pummel","Carnage+1","Flame Barrier","Feel No Pain+1","Shockwave+1","Juggernaut+1","Feed","Twin Strike","Armaments+1","Impervious","Fire Breathing","Shrug It Off","True Grit+1","Metallicize+1","Ghostly Armor","Demon Form+1","Anger+1","Feel No Pain+1","Combust+1","Disarm","Dark Embrace+1","Shrug It Off+1"],"relics":["Burning Blood","WarpedTongs","Smiling Mask","MawBank","Meat on the Bone","Red Skull","Boot","Ectoplasm","Bag of Preparation","OrangePellets","Eternal Feather","Art of War","Calipers","Astrolabe","Gambling Chip","Red Mask","PreservedInsect","Old Coin","Juzu Bracelet","Strawberry"],"acts_visited":["Exordium","TheCity","TheBeyond"],"potions_floor_usage":[6,10,14,28,31,40,48,50,50],"damage_taken":[{"damage":0,"enemies":"Small Slimes","floor":1,"turns":4},{"damage":0,"enemies":"2 Louse","floor":2,"turns":3},{"damage":6,"enemies":"Jaw Worm","floor":3,"turns":4},{"damage":16,"enemies":"Gremlin Nob","floor":6,"turns":3},{"damage":27,"enemies":"Lagavulin","floor":10,"turns":6},{"damage":11,"enemies":"Exordium Thugs","floor":12,"turns":4},{"damage":7,"enemies":"Exordium Wildlife","floor":13,"turns":3},{"damage":9,"enemies":"3 Sentries","floor":14,"turns":6},{"damage":42,"enemies":"The Guardian","floor":16,"turns":11},{"damage":21,"enemies":"Shell Parasite","floor":18,"turns":7},{"damage":1,"enemies":"Chosen","floor":20,"turns":5},{"damage":9,"enemies":"Snake Plant","floor":24,"turns":4},{"damage":16,"enemies":"Gremlin Leader","floor":28,"turns":8},{"damage":15,"enemies":"Book of Stabbing","floor":31,"turns":7},{"damage":48,"enemies":"Champ","floor":33,"turns":15},{"damage":4,"enemies":"3 Darklings","floor":35,"turns":7},{"damage":11,"enemies":"Mind Bloom Boss Battle","floor":37,"turns":12},{"damage":74,"enemies":"Reptomancer","floor":40,"turns":8},{"damage":10,"enemies":"Giant Head","floor":42,"turns":8},{"damage":4,"enemies":"Orb Walker","floor":47,"turns":4},{"damage":24,"enemies":"Reptomancer","floor":48,"turns":4},{"damage":60,"enemies":"Donu and Deca","floor":50,"turns":9}],"seed_played":"-5863306786757828969","potions_obtained":[{"floor":3,"key":"Fire Potion"},{"floor":6,"key":"PowerPotion"},{"floor":13,"key":"Fire Potion"},{"floor":14,"key":"Fire Potion"},{"floor":20,"key":"GamblersBrew"},{"floor":28,"key":"BlessingOfTheForge"},{"floor":35,"key":"SteroidPotion"},{"floor":40,"key":"ElixirPotion"},{"floor":47,"key":"Fruit Juice"},{"floor":48,"key":"Block Potion"}],"is_trial":false,"path_per_floor":["M","M","M","?","?","E","R","?","T","E","?","M","M","E","R","B",null,"M","$","M","?","$","R","M","R","T","$","E","?","R","E","R","B",null,"M","?","?","?","$","E","R","E","T","R","$","R","M","E","R","B",null],"character_chosen":"IRONCLAD","items_purchased":["Bag of Preparation","OrangePellets","Shrug It Off"],"campfire_rested":1,"item_purchase_floors":[19,22,22],"current_hp_per_floor":[74,75,75,75,75,65,65,54,54,33,22,29,40,49,49,25,63,52,52,57,57,57,57,54,54,54,54,56,56,68,63,75,45,74,76,76,75,75,75,23,64,60,60,75,75,87,90,84,99,57],"gold":0,"neow_bonus":"ONE_RANDOM_RARE_CARD","is_daily":false,"chose_seed":false,"campfire_upgraded":9,"win_rate":0.0,"timestamp":1609697983,"path_taken":["M","M","M","?","?","E","R","?","T","E","?","M","M","E","R","BOSS","M","$","M","?","$","R","M","R","T","$","E","?","R","E","R","BOSS","M","?","?","?","?","E","R","E","T","R","$","R","M","E","R","BOSS"],"items_purchased_type":["Relic","Relic","Card"],"build_version":"2020-12-18","purchased_purges":1,"victory":true,"max_hp_per_floor":[75,75,75,75,75,75,75,75,75,75,75,75,75,75,75,75,75,79,79,79,79,79,79,79,79,79,79,79,79,79,83,83,83,83,83,79,83,83,83,87,87,87,87,87,87,87,90,102,102,102],"relic_stats":{"counters":[22,142],"Astrolabe":["Anger","Feel No Pain","Combust"],"Eternal Feather":81,"PreservedInsect":191,"Bag of Preparation":[24],"Juzu Bracelet":0,"Smiling Mask":25,"MawBank":96,"Boot":[81],"Burning Blood":125,"WarpedTongs":[133],"OrangePellets":[8],"Gambling Chip":[17],"Ectoplasm":704,"Art of War":[20],"obtain_stats":[{"Calipers":31,"Astrolabe":34,"Eternal Feather":26,"PreservedInsect":40,"Bag of Preparation":19,"Juzu Bracelet":43,"Smiling Mask":6,"MawBank":9,"Boot":14,"Burning Blood":0,"WarpedTongs":0,"Old Coin":42,"OrangePellets":22,"Gambling Chip":37,"Strawberry":48,"Ectoplasm":17,"Art of War":28,"Red Mask":38,"Red Skull":11,"Meat on the Bone":10},{"Calipers":14,"Astrolabe":15,"Eternal Feather":12,"PreservedInsect":18,"Bag of Preparation":10,"Juzu Bracelet":19,"Smiling Mask":4,"MawBank":4,"Boot":8,"Burning Blood":0,"WarpedTongs":0,"Old Coin":19,"OrangePellets":11,"Gambling Chip":17,"Strawberry":21,"Ectoplasm":9,"Art of War":13,"Red Mask":17,"Red Skull":5,"Meat on the Bone":5},{"Calipers":75,"Astrolabe":90,"Eternal Feather":60,"PreservedInsect":117,"Bag of Preparation":51,"Juzu Bracelet":125,"Smiling Mask":14,"MawBank":14,"Boot":33,"Burning Blood":0,"WarpedTongs":0,"Old Coin":125,"OrangePellets":56,"Gambling Chip":109,"Strawberry":133,"Ectoplasm":44,"Art of War":68,"Red Mask":109,"Red Skull":20,"Meat on the Bone":20}],"Meat on the Bone":96},"card_choices":[{"not_picked":["True Grit","Pommel Strike"],"picked":"Whirlwind","floor":1},{"not_picked":["Entrench","Havoc","Bloodletting"],"picked":"SKIP","floor":2},{"not_picked":["Clash","Havoc"],"picked":"Pummel","floor":3},{"not_picked":["Anger","Wild Strike"],"picked":"Carnage","floor":6},{"not_picked":["Second Wind","Power Through"],"picked":"Flame Barrier","floor":10},{"not_picked":["Sever Soul","Reckless Charge"],"picked":"Feel No Pain","floor":12},{"not_picked":["Twin Strike","Corruption"],"picked":"Shockwave","floor":13},{"not_picked":["Dual Wield","Perfected Strike"],"picked":"Juggernaut","floor":14},{"not_picked":["Juggernaut","Double Tap"],"picked":"Feed","floor":16},{"not_picked":["Burning Pact","Pummel"],"picked":"Twin Strike","floor":18},{"not_picked":["Body Slam","Flex"],"picked":"Armaments","floor":20},{"not_picked":["Armaments","Battle Trance"],"picked":"True Grit","floor":24},{"not_picked":["Heavy Blade+1","Warcry"],"picked":"Metallicize","floor":28},{"not_picked":["Pommel Strike","Warcry"],"picked":"Ghostly Armor","floor":31},{"not_picked":["Corruption","Bludgeon"],"picked":"Demon Form","floor":33},{"not_picked":["Warcry+1","Dual Wield"],"picked":"Disarm","floor":35},{"not_picked":["Second Wind","Pommel Strike+1"],"picked":"Dark Embrace+1","floor":37},{"not_picked":["Infernal Blade","Rupture","Hemokinesis+1"],"picked":"SKIP","floor":40},{"not_picked":["Carnage+1","Combust"],"picked":"Shrug It Off+1","floor":42},{"not_picked":["Havoc","Rampage+1","Cleave"],"picked":"SKIP","floor":47},{"not_picked":["Thunderclap","Havoc","Rampage"],"picked":"SKIP","floor":48}],"player_experience":137043,"relics_obtained":[{"floor":6,"key":"Smiling Mask"},{"floor":9,"key":"MawBank"},{"floor":10,"key":"Meat on the Bone"},{"floor":14,"key":"Boot"},{"floor":26,"key":"Eternal Feather"},{"floor":28,"key":"Art of War"},{"floor":31,"key":"Calipers"},{"floor":37,"key":"Gambling Chip"},{"floor":40,"key":"PreservedInsect"},{"floor":42,"key":"Old Coin"},{"floor":43,"key":"Juzu Bracelet"},{"floor":48,"key":"Strawberry"}],"event_choices":[{"cards_removed":["Strike_R"],"damage_healed":0,"gold_gain":0,"player_choice":"Card Removal","damage_taken":0,"max_hp_gain":0,"max_hp_loss":0,"event_name":"The Cleric","floor":4,"gold_loss":75},{"damage_healed":0,"gold_gain":0,"player_choice":"Ignored","damage_taken":0,"max_hp_gain":0,"max_hp_loss":0,"event_name":"Liars Game","floor":5,"gold_loss":0},{"damage_healed":0,"gold_gain":75,"player_choice":"Gather Gold","damage_taken":11,"max_hp_gain":0,"max_hp_loss":0,"event_name":"World of Goop","floor":8,"gold_loss":0},{"damage_healed":0,"gold_gain":0,"player_choice":"Success","damage_taken":11,"relics_obtained":["Red Skull"],"max_hp_gain":0,"max_hp_loss":0,"event_name":"Scrap Ooze","floor":11,"gold_loss":0},{"damage_healed":0,"gold_gain":0,"cards_transformed":["Strike_R","Strike_R"],"player_choice":"Became Test Subject","damage_taken":0,"max_hp_gain":0,"max_hp_loss":0,"event_name":"Drug Dealer","floor":21,"gold_loss":0,"cards_obtained":["Impervious","Fire Breathing"]},{"damage_healed":0,"gold_gain":0,"player_choice":"Ignored","damage_taken":0,"max_hp_gain":0,"max_hp_loss":0,"event_name":"The Mausoleum","floor":29,"gold_loss":0},{"damage_healed":0,"gold_gain":0,"player_choice":"Max HP","damage_taken":0,"max_hp_gain":0,"max_hp_loss":4,"event_name":"Winding Halls","floor":36,"gold_loss":0},{"damage_healed":0,"gold_gain":0,"player_choice":"Fight","damage_taken":0,"max_hp_gain":0,"max_hp_loss":0,"event_name":"MindBloom","floor":37,"gold_loss":0},{"damage_healed":0,"gold_gain":0,"player_choice":"Paid","damage_taken":0,"relics_obtained":["Red Mask"],"max_hp_gain":0,"max_hp_loss":0,"event_name":"Tomb of Lord Red Mask","floor":38,"gold_loss":49}],"is_beta":true,"boss_relics":[{"not_picked":["SacredBark","Calling Bell"],"picked":"Ectoplasm"},{"not_picked":["Runic Cube","Pandora\u0027s Box"],"picked":"Astrolabe"}],"items_purged_floors":[19],"is_endless":false,"potions_floor_spawned":[3,6,13,14,20,24,28,35,40,47,48],"ascension_level":16}}