{"host":"gg","time":1609660553,"event":{"mods":["BaseMod","Colored Map","Googly Eyes","Minty Spire (QoL Compilation)","Permanent Neow","Relic Stats","The IronCluck"],"gold_per_floor":[12,32,32,49,49,49,78,78,78,78,109,121,121,136,136,207,207,227,242,292,302,227,227,238,238,238],"floor_reached":25,"playtime":1482,"items_purged":[],"score":526,"play_id":"0bee8497-0816-4b38-8ce8-c6086ad21d52","local_time":"20210102235553","is_ascension_mode":true,"campfire_choices":[{"data":"1","floor":6,"key":"LIFT"},{"data":"2","floor":8,"key":"LIFT"},{"data":"3","floor":10,"key":"LIFT"},{"data":"Beam Cell","floor":15,"key":"SMITH"},{"floor":23,"key":"REST"}],"circlet_count":0,"master_deck":["AscendersBane","Strike_B","Strike_B","Defend_B","Defend_B","Defend_B","Defend_B","Zap","Dualcast","Chill","Doom and Gloom","Cold Snap","Defragment","Beam Cell+1","Barrage","Rip and Tear","Core Surge","Turbo+1","Leap","Glacier"],"relics":["Cracked Core","Girya","Sundial","Singing Bowl","Du-Vu Doll","Inserter"],"acts_visited":["Exordium","TheCity"],"potions_floor_usage":[16,18,25],"damage_taken":[{"damage":7,"enemies":"Small Slimes","floor":1,"turns":4},{"damage":4,"enemies":"Cultist","floor":2,"turns":4},{"damage":5,"enemies":"Jaw Worm","floor":4,"turns":4},{"damage":7,"enemies":"3 Sentries","floor":7,"turns":6},{"damage":12,"enemies":"Lagavulin","floor":11,"turns":6},{"damage":3,"enemies":"Blue Slaver","floor":12,"turns":2},{"damage":16,"enemies":"3 Louse","floor":14,"turns":2},{"damage":0,"enemies":"Slime Boss","floor":16,"turns":5},{"damage":16,"enemies":"3 Byrds","floor":18,"turns":4},{"damage":23,"enemies":"2 Thieves","floor":19,"turns":3},{"damage":5,"enemies":"Snecko","floor":21,"turns":4},{"damage":17,"enemies":"Snake Plant","floor":24,"turns":4},{"damage":25,"enemies":"Gremlin Leader","floor":25,"turns":6}],"seed_played":"-7940227502592521911","potions_obtained":[{"floor":1,"key":"Fire Potion"},{"floor":7,"key":"DistilledChaos"},{"floor":18,"key":"SpeedPotion"},{"floor":24,"key":"FearPotion"}],"is_trial":false,"path_per_floor":["M","M","?","M","$","R","E","R","T","R","E","M","?","M","R","B",null,"M","M","?","M","?","R","M","E"],"character_chosen":"DEFECT","items_purchased":[],"campfire_rested":1,"item_purchase_floors":[],"current_hp_per_floor":[57,53,53,48,48,48,41,41,41,41,29,26,31,15,15,15,61,45,22,22,17,17,39,24,0,0],"gold":238,"neow_bonus":"ONE_RARE_RELIC","is_daily":false,"chose_seed":false,"campfire_upgraded":1,"win_rate":0.0,"timestamp":1609660553,"path_taken":["M","M","?","M","?","R","E","R","T","R","E","?","?","M","R","BOSS","M","M","?","M","?","R","M","E"],"items_purchased_type":[],"build_version":"2020-12-18","purchased_purges":0,"victory":false,"max_hp_per_floor":[71,71,71,71,71,71,71,71,71,71,71,71,76,76,76,76,76,76,76,76,76,76,76,78,78,78],"relic_stats":{"Inserter":[10],"Singing Bowl":2,"counters":[13,54],"Sundial":[2],"obtain_stats":[{"Du-Vu Doll":11,"Girya":0,"Inserter":17,"Singing Bowl":9,"Sundial":7,"Cracked Core":0},{"Du-Vu Doll":5,"Girya":0,"Inserter":8,"Singing Bowl":4,"Sundial":4,"Cracked Core":0},{"Du-Vu Doll":24,"Girya":0,"Inserter":33,"Singing Bowl":18,"Sundial":18,"Cracked Core":0}]},"card_choices":[{"not_picked":["Scrape","Beam Cell"],"picked":"Chill","floor":1},{"not_picked":["Leap","Beam Cell"],"picked":"Doom and Gloom","floor":2},{"not_picked":["Force Field","Streamline"],"picked":"Cold Snap","floor":4},{"not_picked":["Hologram","Cold Snap"],"picked":"Defragment","floor":7},{"not_picked":["Reinforced Body","Rainbow"],"picked":"Beam Cell","floor":11},{"not_picked":["Sweeping Beam","Steam"],"picked":"Barrage","floor":12},{"not_picked":["FTL","Beam Cell"],"picked":"Rip and Tear","floor":14},{"not_picked":["Hyperbeam","Multi-Cast"],"picked":"Core Surge","floor":16},{"not_picked":["Static Discharge","Lockon"],"picked":"Turbo+1","floor":18},{"not_picked":["Static Discharge","Ball Lightning"],"picked":"Leap","floor":19},{"not_picked":["Hologram","Gash"],"picked":"Glacier","floor":21},{"not_picked":["Capacitor","Aggregate+1","Coolheaded"],"picked":"Singing Bowl","floor":24}],"player_experience":1011442,"relics_obtained":[{"floor":7,"key":"Sundial"},{"floor":9,"key":"Singing Bowl"},{"floor":11,"key":"Du-Vu Doll"}],"event_choices":[{"cards_removed":["Strike_B"],"damage_healed":0,"gold_gain":0,"player_choice":"Offered Basic","damage_taken":0,"max_hp_gain":0,"max_hp_loss":0,"event_name":"Bonfire Elementals","floor":3,"gold_loss":0},{"damage_healed":0,"gold_gain":0,"player_choice":"Donut","damage_taken":0,"max_hp_gain":5,"max_hp_loss":0,"event_name":"Big Fish","floor":13,"gold_loss":0},{"damage_healed":0,"gold_gain":50,"player_choice":"Stole From Cult","damage_taken":0,"max_hp_gain":0,"max_hp_loss":0,"event_name":"Nest","floor":20,"gold_loss":0},{"cards_removed":["Strike_B"],"damage_healed":0,"gold_gain":0,"player_choice":"Gave Gold","damage_taken":0,"max_hp_gain":0,"max_hp_loss":0,"event_name":"Beggar","floor":22,"gold_loss":75}],"is_beta":true,"boss_relics":[{"not_picked":["Tiny House","Ectoplasm"],"picked":"Inserter"}],"items_purged_floors":[],"is_endless":false,"potions_floor_spawned":[1,7,12,14,18,24],"killed_by":"Gremlin Leader","ascension_level":20}}