{"host":"raai0vtvcfkt8csp","time":1609710686,"event":{"mods":["2.2 Compatiblity","BaseMod","Beaked The Cultist","Block Reminder","DeckTracker","Defective Defect","GifTheSpireLib","Minty Spire (QoL Compilation)","Quick Restart","Random Character Button","Rare Cards Sparkle","StSLib","Unceasing Turn Reminder"],"gold_per_floor":[116,191,209,209,209,209,239,24,24,41,70,87,121,132,132,231,231,171,171,171,17,94,126,126,157,181,200,229,229,229,229],"floor_reached":30,"playtime":1636,"items_purged":[],"score":343,"play_id":"45d5efd4-897a-44ac-b159-a533687b67a5","local_time":"20210103225126","is_ascension_mode":true,"campfire_choices":[{"data":"beaked:Ceremony","floor":6,"key":"SMITH"},{"data":"beaked:Ceremony","floor":15,"key":"SMITH"},{"data":"beaked:Ceremony","floor":24,"key":"SMITH"}],"circlet_count":0,"master_deck":["beaked:Strike_Y+1","beaked:Strike_Y+1","beaked:Strike_Y+1","beaked:Strike_Y+1","beaked:Strike_Y+1","beaked:Strike_Y+1","beaked:Defend_Y+1","beaked:Defend_Y+1","beaked:Defend_Y+1","beaked:Defend_Y+1","beaked:Ceremony+1","beaked:Ceremony+1","beaked:Ceremony+1","beaked:BarbedWire","beaked:BloodForTheGods","beaked:Foresight","Mayhem","beaked:Insight","beaked:DigDeep","beaked:WarriorEssence","beaked:StunningBlow","beaked:Windmill","beaked:Foresight","beaked:ScreechingChant","beaked:Tweet","beaked:Insight+1","beaked:SurvivalInstinct+1","beaked:BraceForImpact"],"relics":["beaked:MendingPlumage","NeowsBlessing","Du-Vu Doll","Mummified Hand","Smiling Mask","Bottled Tornado","Black Star","Toy Ornithopter","Nunchaku","Happy Flower","Pocketwatch","Bronze Scales","Orichalcum","Pantograph","Boot"],"acts_visited":["Exordium","TheCity"],"potions_floor_usage":[12,23,23,27,28],"damage_taken":[{"damage":0,"enemies":"Jaw Worm","floor":1,"turns":1},{"damage":0,"enemies":"2 Louse","floor":3,"turns":1},{"damage":0,"enemies":"3 Sentries","floor":7,"turns":2},{"damage":10,"enemies":"Small Slimes","floor":10,"turns":4},{"damage":55,"enemies":"Gremlin Nob","floor":11,"turns":6},{"damage":29,"enemies":"Exordium Wildlife","floor":12,"turns":7},{"damage":72,"enemies":"Lagavulin","floor":13,"turns":10},{"damage":36,"enemies":"Gremlin Gang","floor":14,"turns":7},{"damage":143,"enemies":"The Guardian","floor":16,"turns":12},{"damage":40,"enemies":"2 Thieves","floor":18,"turns":4},{"damage":63,"enemies":"Slavers","floor":23,"turns":11},{"damage":63,"enemies":"Book of Stabbing","floor":25,"turns":8},{"damage":29,"enemies":"3 Byrds","floor":27,"turns":4},{"damage":77,"enemies":"Slavers","floor":28,"turns":6},{"damage":43,"enemies":"Gremlin Leader","floor":30,"turns":2}],"seed_played":"-6353749568990566604","potions_obtained":[{"floor":7,"key":"beaked:MendingBrew"},{"floor":12,"key":"beaked:MendingBrew"},{"floor":14,"key":"Block Potion"},{"floor":16,"key":"Block Potion"},{"floor":23,"key":"AttackPotion"},{"floor":28,"key":"SpeedPotion"}],"is_trial":false,"path_per_floor":["M","?","M","?","?","R","E","$","T","M","E","M","E","M","R","B",null,"M","?","?","$","T","E","R","E","T","M","E","?","E"],"character_chosen":"BEAKED_THE_CULTIST","items_purchased":["Mayhem","beaked:Insight","Toy Ornithopter"],"campfire_rested":0,"item_purchase_floors":[8,8,21],"current_hp_per_floor":[50,39,41,46,46,46,50,50,50,53,8,50,54,55,55,31,55,53,53,44,44,44,60,60,37,37,50,30,30,0,0],"gold":229,"neow_bonus":"THREE_ENEMY_KILL","is_daily":false,"chose_seed":false,"campfire_upgraded":3,"win_rate":0.0,"timestamp":1609710686,"path_taken":["M","?","M","?","?","R","E","$","T","M","E","M","E","M","R","BOSS","M","?","?","$","?","E","R","E","T","?","E","?","E"],"items_purchased_type":["Card","Card","Relic"],"build_version":"2020-12-22","purchased_purges":0,"victory":false,"max_hp_per_floor":[50,50,50,55,55,55,55,55,55,55,55,55,55,55,55,55,55,55,55,60,60,60,60,60,60,60,60,60,60,60,60],"card_choices":[{"not_picked":["beaked:Tradeoff","beaked:Cower"],"picked":"beaked:BarbedWire","floor":1},{"not_picked":["beaked:Cower","beaked:MimicWarrior"],"picked":"beaked:BloodForTheGods","floor":3},{"not_picked":["beaked:Evade","beaked:MimicWarrior"],"picked":"beaked:Foresight","floor":7},{"not_picked":["beaked:Daydream","beaked:Evade"],"picked":"beaked:DigDeep","floor":10},{"not_picked":["beaked:Tweet","beaked:Insight"],"picked":"beaked:WarriorEssence","floor":11},{"not_picked":["beaked:Insight","beaked:Negation"],"picked":"beaked:StunningBlow","floor":12},{"not_picked":["beaked:Brainwash","beaked:Negation"],"picked":"beaked:Windmill","floor":13},{"not_picked":["beaked:Tradeoff","beaked:HuntressSpirit"],"picked":"beaked:Foresight","floor":14},{"not_picked":["beaked:Sacrifice","beaked:Caw"],"picked":"beaked:ScreechingChant","floor":16},{"not_picked":["beaked:Poke","beaked:Cower+1"],"picked":"beaked:Tweet","floor":18},{"not_picked":["beaked:TuckingFeathers","beaked:Flinch"],"picked":"beaked:Insight+1","floor":23},{"not_picked":["beaked:Resilience","beaked:RuinSticks","beaked:Replenish"],"picked":"SKIP","floor":25},{"not_picked":["beaked:Daydream","beaked:TuckingFeathers"],"picked":"beaked:SurvivalInstinct+1","floor":27},{"not_picked":["beaked:Daydream+1","beaked:ShadowFade"],"picked":"beaked:BraceForImpact","floor":28}],"player_experience":655857,"relics_obtained":[{"floor":7,"key":"Du-Vu Doll"},{"floor":9,"key":"Mummified Hand"},{"floor":11,"key":"Smiling Mask"},{"floor":13,"key":"Bottled Tornado"},{"floor":23,"key":"Nunchaku"},{"floor":23,"key":"Happy Flower"},{"floor":25,"key":"Pocketwatch"},{"floor":25,"key":"Bronze Scales"},{"floor":26,"key":"Orichalcum"},{"floor":28,"key":"Pantograph"},{"floor":28,"key":"Boot"}],"event_choices":[{"damage_healed":0,"gold_gain":75,"player_choice":"Gather Gold","damage_taken":11,"max_hp_gain":0,"max_hp_loss":0,"event_name":"World of Goop","floor":2,"gold_loss":0},{"damage_healed":0,"gold_gain":0,"player_choice":"Donut","damage_taken":0,"max_hp_gain":5,"max_hp_loss":0,"event_name":"Big Fish","floor":4,"gold_loss":0},{"damage_healed":0,"gold_gain":0,"player_choice":"Ignored","damage_taken":0,"max_hp_gain":0,"max_hp_loss":0,"event_name":"Liars Game","floor":5,"gold_loss":0},{"damage_healed":0,"gold_gain":0,"player_choice":"Simplicity","damage_taken":0,"max_hp_gain":0,"max_hp_loss":0,"event_name":"Back to Basics","floor":19,"gold_loss":0,"cards_upgraded":["beaked:Strike_Y","beaked:Strike_Y","beaked:Strike_Y","beaked:Strike_Y","beaked:Strike_Y","beaked:Strike_Y","beaked:Defend_Y","beaked:Defend_Y","beaked:Defend_Y","beaked:Defend_Y"]},{"damage_healed":0,"gold_gain":0,"player_choice":"Shed Blood","damage_taken":14,"max_hp_gain":5,"max_hp_loss":0,"event_name":"Forgotten Altar","floor":20,"gold_loss":0},{"damage_healed":0,"gold_gain":0,"player_choice":"Ignored","damage_taken":0,"max_hp_gain":0,"max_hp_loss":0,"event_name":"Beggar","floor":29,"gold_loss":0}],"is_beta":false,"boss_relics":[{"not_picked":["Empty Cage","Fusion Hammer"],"picked":"Black Star"}],"items_purged_floors":[],"is_endless":false,"potions_floor_spawned":[7,12,14,16,23,28],"killed_by":"Gremlin Leader","ascension_level":1}}