{"host":"2461dio7vetlq1z3","time":1609682926,"event":{"mods":["2.2 Compatiblity","AchievementEnabler","Aspiration","BaseMod","Better Third Choice","Friendly Minions","Minty Spire (QoL Compilation)","Relic Stats","Spicy Shops","StSLib","Waifu the Spire"],"gold_per_floor":[114,84,98,108,32,64,64,64,64],"floor_reached":8,"playtime":205,"items_purged":[],"score":112,"play_id":"286c1d06-30db-4584-9993-1fdf33d3e459","local_time":"20210103150846","is_ascension_mode":true,"campfire_choices":[{"data":"Zap","floor":7,"key":"SMITH"}],"circlet_count":0,"master_deck":["AscendersBane","Strike_B","Strike_B","Strike_B","Strike_B","Defend_B","Defend_B","Defend_B","Defend_B","Zap+1","Dualcast","Leap","Sweeping Beam","Cold Snap","Core Surge","All For One"],"relics":["Cracked Core","NeowsBlessing","Anchor"],"acts_visited":["Exordium"],"potions_floor_usage":[6,6],"damage_taken":[{"damage":0,"enemies":"Small Slimes","floor":1,"turns":1},{"damage":0,"enemies":"Cultist","floor":3,"turns":1},{"damage":0,"enemies":"2 Louse","floor":4,"turns":1},{"damage":20,"enemies":"Lagavulin","floor":6,"turns":7},{"damage":54,"enemies":"Gremlin Nob","floor":8,"turns":4}],"seed_played":"-4471731665300500633","potions_obtained":[{"floor":2,"key":"ColorlessPotion"},{"floor":2,"key":"FearPotion"},{"floor":6,"key":"PotionOfCapacity"}],"is_trial":false,"path_per_floor":["M","?","M","M","$","E","R","E"],"character_chosen":"DEFECT","items_purchased":["Core Surge"],"campfire_rested":0,"item_purchase_floors":[5],"current_hp_per_floor":[64,64,64,64,64,44,44,0,0],"gold":64,"neow_bonus":"THREE_ENEMY_KILL","is_daily":false,"chose_seed":false,"campfire_upgraded":1,"win_rate":0.0,"timestamp":1609682926,"path_taken":["M","?","M","?","$","E","R","E"],"items_purchased_type":["Card"],"build_version":"2020-12-22","purchased_purges":0,"victory":false,"max_hp_per_floor":[71,71,71,71,71,71,71,71,71],"relic_stats":{"counters":[5,14],"obtain_stats":[{"Anchor":6,"NeowsBlessing":0,"Cracked Core":0},{"Anchor":4,"NeowsBlessing":0,"Cracked Core":0},{"Anchor":10,"NeowsBlessing":0,"Cracked Core":0}]},"card_choices":[{"not_picked":["Steam","Beam Cell"],"picked":"Leap","floor":1},{"not_picked":["Beam Cell","Steam"],"picked":"Sweeping Beam","floor":3},{"not_picked":["Turbo","Coolheaded"],"picked":"Cold Snap","floor":4},{"not_picked":["Turbo","Steam Power"],"picked":"All For One","floor":6}],"player_experience":1034127,"relics_obtained":[{"floor":6,"key":"Anchor"}],"event_choices":[{"damage_healed":0,"gold_gain":0,"player_choice":"Bought 2 Potions","damage_taken":0,"max_hp_gain":0,"max_hp_loss":0,"event_name":"The Woman in Blue","floor":2,"gold_loss":0}],"is_beta":false,"boss_relics":[],"items_purged_floors":[],"is_endless":false,"potions_floor_spawned":[6],"killed_by":"Gremlin Nob","ascension_level":20}}