{"host":"g01l53quoe6lrer0","time":1609701373,"event":{"mods":["2.2 Compatiblity","AchievementEnabler","BaseMod","Colored Map","Highlight Path","Keyboard Shortcuts","Minty Spire (QoL Compilation)","Permanent Neow","Quick Restart","StSLib","SuperFastMode","everything is the same but u backflip on backflip"],"gold_per_floor":[113,113,123,136,146,146,157,157,157,47,12,38,48,1,1,102,102,122,142,142,142,17,43,43,63,86,105,183,199,215,226,226,329,329,344,363,363,157,169,169,180,196,196,196,211,211,13,13,13,13],"floor_reached":51,"playtime":1847,"items_purged":["Strike_B","Defend_B","Defend_B"],"score":673,"play_id":"e5039e29-11f0-4316-8220-6c73a2fd1139","local_time":"20210104041613","is_ascension_mode":false,"campfire_choices":[{"data":"Zap","floor":6,"key":"SMITH"},{"data":"Dualcast","floor":8,"key":"SMITH"},{"data":"Go for the Eyes","floor":15,"key":"SMITH"},{"data":"Scrape","floor":24,"key":"SMITH"},{"data":"Force Field","floor":32,"key":"SMITH"},{"data":"Loop","floor":40,"key":"SMITH"},{"data":"Self Repair","floor":44,"key":"SMITH"},{"data":"Echo Form","floor":49,"key":"SMITH"}],"circlet_count":0,"master_deck":["Defend_B","Zap+1","Dualcast+1","Rebound","Gash","Force Field+1","Gash","Gash","Go for the Eyes+1","Hologram","Machine Learning","Scrape+1","Scrape+1","Conserve Battery","Beam Cell+1","Hologram+1","Scrape+1","Echo Form+1","CurseOfTheBell","Sweeping Beam+1","Fusion+1","Purity","Streamline+1","BootSequence+1","Hologram+1","All For One"],"relics":["Cracked Core","Question Card","Eternal Feather","Coffee Dripper","Blood Vial","Happy Flower","Mummified Hand","Calling Bell","Kunai","Ancient Tea Set","FossilizedHelix","Singing Bowl"],"acts_visited":["Exordium","TheCity","TheBeyond"],"potions_floor_usage":[16,31,33,35,36,50,50,50],"damage_taken":[{"damage":1,"enemies":"Jaw Worm","floor":1,"turns":4},{"damage":0,"enemies":"Small Slimes","floor":3,"turns":3},{"damage":1,"enemies":"Cultist","floor":4,"turns":4},{"damage":11,"enemies":"Exordium Thugs","floor":5,"turns":4},{"damage":1,"enemies":"3 Louse","floor":7,"turns":4},{"damage":23,"enemies":"3 Sentries","floor":12,"turns":9},{"damage":9,"enemies":"Blue Slaver","floor":13,"turns":3},{"damage":27,"enemies":"Hexaghost","floor":16,"turns":6},{"damage":1,"enemies":"Shell Parasite","floor":18,"turns":5},{"damage":13,"enemies":"3 Byrds","floor":19,"turns":3},{"damage":14,"enemies":"Book of Stabbing","floor":23,"turns":5},{"damage":17,"enemies":"3 Cultists","floor":25,"turns":4},{"damage":3,"enemies":"Snake Plant","floor":27,"turns":3},{"damage":1,"enemies":"Snecko","floor":29,"turns":4},{"damage":9,"enemies":"3 Cultists","floor":30,"turns":4},{"damage":10,"enemies":"Sentry and Sphere","floor":31,"turns":3},{"damage":22,"enemies":"Automaton","floor":33,"turns":5},{"damage":17,"enemies":"3 Darklings","floor":35,"turns":5},{"damage":0,"enemies":"3 Shapes","floor":36,"turns":3},{"damage":21,"enemies":"3 Darklings","floor":39,"turns":5},{"damage":42,"enemies":"Spire Growth","floor":41,"turns":4},{"damage":16,"enemies":"Jaw Worm Horde","floor":42,"turns":5},{"damage":15,"enemies":"3 Darklings","floor":45,"turns":6},{"damage":38,"enemies":"Awakened One","floor":50,"turns":8}],"seed_played":"-327600567326142898","potions_obtained":[{"floor":1,"key":"Block Potion"},{"floor":7,"key":"FocusPotion"},{"floor":13,"key":"EssenceOfDarkness"},{"floor":25,"key":"SteroidPotion"},{"floor":31,"key":"LiquidBronze"},{"floor":33,"key":"Fire Potion"},{"floor":35,"key":"Strength Potion"},{"floor":39,"key":"GamblersBrew"}],"is_trial":false,"path_per_floor":["M","?","M","M","M","R","M","R","T","$","?","E","M","$","R","B",null,"M","M","?","?","$","E","R","M","T","M","T","M","M","M","R","B",null,"M","M","?","$","M","R","M","M","T","R","M","?","$","?","R","B",null],"character_chosen":"DEFECT","items_purchased":["Self Repair","Hologram","Conserve Battery","Purity","All For One","PowerPotion"],"campfire_rested":0,"item_purchase_floors":[10,14,22,38,47,47],"current_hp_per_floor":[67,60,60,59,48,48,47,47,47,47,64,48,46,46,55,35,68,68,62,62,62,62,55,64,56,56,55,55,63,63,55,67,53,68,58,67,67,67,54,68,26,19,19,34,33,33,33,33,48,12],"gold":13,"neow_bonus":"REMOVE_TWO","is_daily":false,"chose_seed":false,"campfire_upgraded":8,"win_rate":0.0,"timestamp":1609701373,"path_taken":["M","?","M","M","M","R","M","R","T","$","?","E","?","?","R","BOSS","M","M","?","?","$","E","R","M","T","M","?","M","M","M","R","BOSS","M","?","?","$","M","R","M","M","T","R","M","?","$","?","R","BOSS"],"items_purchased_type":["Card","Card","Card","Card","Card","Potion"],"build_version":"2020-12-22","purchased_purges":3,"victory":true,"max_hp_per_floor":[68,68,68,68,68,68,68,68,68,68,68,68,68,68,68,68,68,68,68,68,68,68,68,68,68,68,68,68,68,68,68,68,68,68,68,68,68,68,68,68,68,68,68,68,70,70,70,70,70,70],"card_choices":[{"not_picked":["Chaos","Conserve Battery"],"picked":"Rebound","floor":1},{"not_picked":["Rip and Tear","Lockon"],"picked":"Loop","floor":3},{"not_picked":["Chaos","Rebound"],"picked":"Gash","floor":4},{"not_picked":["Coolheaded","Rebound"],"picked":"Force Field","floor":5},{"not_picked":["Undo","Scrape"],"picked":"Gash","floor":7},{"not_picked":["Stack","Streamline","Ball Lightning"],"picked":"Gash","floor":12},{"not_picked":["BootSequence","Leap","Genetic Algorithm"],"picked":"Go for the Eyes","floor":13},{"not_picked":["Multi-Cast","Biased Cognition","Amplify"],"picked":"Machine Learning","floor":16},{"not_picked":["Redo","Undo","Static Discharge"],"picked":"Scrape","floor":18},{"not_picked":["Recycle","BootSequence","Streamline"],"picked":"Scrape+1","floor":19},{"not_picked":["Amplify","Cold Snap","Barrage+1","Streamline"],"picked":"SKIP","floor":23},{"not_picked":["Cold Snap","FTL","Hologram"],"picked":"Beam Cell+1","floor":25},{"not_picked":["Consume+1","Rebound+1","Blizzard"],"picked":"Hologram+1","floor":27},{"not_picked":["Ball Lightning+1","Buffer","Sweeping Beam+1"],"picked":"Scrape+1","floor":29},{"not_picked":["Streamline","Go for the Eyes","Stack","Skim"],"picked":"SKIP","floor":30},{"not_picked":["Coolheaded","Compile Driver","Reinforced Body","Turbo"],"picked":"SKIP","floor":31},{"not_picked":["Meteor Strike","Buffer","Biased Cognition"],"picked":"Echo Form","floor":33},{"not_picked":["Cold Snap","Stack+1","Defragment"],"picked":"Sweeping Beam+1","floor":35},{"not_picked":["Redo","Conserve Battery","Leap"],"picked":"Fusion+1","floor":36},{"not_picked":["Doom and Gloom+1","Beam Cell","Double Energy"],"picked":"Streamline+1","floor":39},{"not_picked":["Redo","Conserve Battery+1","Ball Lightning"],"picked":"BootSequence+1","floor":41},{"not_picked":["Ball Lightning","Steam+1","Turbo"],"picked":"Hologram+1","floor":42},{"not_picked":["Turbo","Aggregate+1","Ball Lightning","Stack"],"picked":"Singing Bowl","floor":45}],"player_experience":48058,"relics_obtained":[{"floor":9,"key":"Question Card"},{"floor":12,"key":"Eternal Feather"},{"floor":23,"key":"Blood Vial"},{"floor":26,"key":"Happy Flower"},{"floor":28,"key":"Mummified Hand"},{"floor":34,"key":"Kunai"},{"floor":34,"key":"Ancient Tea Set"},{"floor":34,"key":"FossilizedHelix"},{"floor":43,"key":"Singing Bowl"}],"event_choices":[{"cards_removed":["Strike_B"],"damage_healed":0,"gold_gain":0,"player_choice":"Card Removal","damage_taken":7,"max_hp_gain":0,"max_hp_loss":0,"event_name":"Golden Wing","floor":2,"gold_loss":0},{"damage_healed":17,"gold_gain":0,"player_choice":"Healed","damage_taken":0,"max_hp_gain":0,"max_hp_loss":0,"event_name":"The Cleric","floor":11,"gold_loss":35},{"damage_healed":0,"gold_gain":0,"player_choice":"Ignored","damage_taken":0,"max_hp_gain":0,"max_hp_loss":0,"event_name":"Vampires","floor":20,"gold_loss":0},{"cards_removed":["Defend_B"],"damage_healed":0,"gold_gain":0,"player_choice":"Elegance","damage_taken":0,"max_hp_gain":0,"max_hp_loss":0,"event_name":"Back to Basics","floor":21,"gold_loss":0},{"damage_healed":0,"gold_gain":0,"player_choice":"Ignored","damage_taken":0,"max_hp_gain":0,"max_hp_loss":0,"event_name":"Tomb of Lord Red Mask","floor":37,"gold_loss":0},{"cards_removed":["Loop"],"damage_healed":0,"gold_gain":0,"player_choice":"Removed Power","damage_taken":0,"max_hp_gain":0,"max_hp_loss":0,"event_name":"Falling","floor":46,"gold_loss":0},{"cards_removed":["Self Repair"],"damage_healed":0,"gold_gain":0,"player_choice":"Purged","damage_taken":0,"max_hp_gain":0,"max_hp_loss":0,"event_name":"Purifier","floor":48,"gold_loss":0}],"is_beta":false,"boss_relics":[{"not_picked":["Inserter","Runic Dome"],"picked":"Coffee Dripper"},{"not_picked":["Empty Cage","Snecko Eye"],"picked":"Calling Bell"}],"items_purged_floors":[10,22,38],"is_endless":false,"potions_floor_spawned":[1,7,13,25,31,33,35,39],"ascension_level":0}}