{"host":"j0vzbnzm6n2ctevn","time":1609664610,"event":{"mods":["AchievementEnabler","BaseMod","Minty Spire (QoL Compilation)","Quick Restart","Shop Mod","Spicy Shops","StSLib"],"gold_per_floor":[111,128,128,128,61,88,88,116,116,116,127,144,161,161,161,161,161],"floor_reached":16,"playtime":819,"items_purged":[],"score":100,"play_id":"6f6cf8d7-87e6-4630-8c79-73b7278c8587","local_time":"20210103170330","is_ascension_mode":false,"campfire_choices":[{"data":"Armaments","floor":7.0,"key":"SMITH"},{"data":"Searing Blow+1","floor":10.0,"key":"SMITH"},{"data":"Searing Blow+2","floor":15.0,"key":"SMITH"}],"circlet_count":0,"master_deck":["Strike_R","Strike_R","Defend_R","Defend_R","Defend_R","Defend_R","Bash","Infernal Blade","Carnage","Armaments+1","Searing Blow+3","Feel No Pain","Shrug It Off","Seeing Red","Burning Pact"],"relics":["Burning Blood","Ice Cream","Orichalcum","Odd Mushroom","Incense Burner"],"acts_visited":["Exordium"],"potions_floor_usage":[],"damage_taken":[{"damage":1.0,"enemies":"Jaw Worm","floor":1.0,"turns":3.0},{"damage":0.0,"enemies":"2 Louse","floor":2.0,"turns":2.0},{"damage":39.0,"enemies":"Lagavulin","floor":6.0,"turns":7.0},{"damage":16.0,"enemies":"The Mushroom Lair","floor":8.0,"turns":3.0},{"damage":0.0,"enemies":"Small Slimes","floor":11.0,"turns":3.0},{"damage":7.0,"enemies":"Blue Slaver","floor":12.0,"turns":2.0},{"damage":4.0,"enemies":"Exordium Thugs","floor":13.0,"turns":4.0},{"damage":32,"enemies":"The Guardian","floor":16,"turns":9}],"seed_played":"2472786477067169488","potions_obtained":[{"floor":2.0,"key":"SpeedPotion"},{"floor":11.0,"key":"FearPotion"}],"is_trial":false,"path_per_floor":["M","M","?","?","$","E","R","?","T","R","M","M","M","T","R","B"],"character_chosen":"IRONCLAD","items_purchased":["Ice Cream"],"campfire_rested":0,"item_purchase_floors":[5],"current_hp_per_floor":[72,72,65,65,65,32,32,22,22,22,28,27,29,29,29,0,0],"gold":161,"neow_bonus":"TRANSFORM_TWO_CARDS","is_daily":false,"chose_seed":false,"campfire_upgraded":3,"win_rate":0.0,"timestamp":1609664610,"path_taken":["M","M","?","?","$","E","R","?","T","R","M","M","M","?","R","BOSS"],"items_purchased_type":["Relic"],"build_version":"2020-12-22","purchased_purges":0,"victory":false,"max_hp_per_floor":[72,72,72,72,72,72,72,72,72,72,72,72,72,72,72,72,72],"card_choices":[{"not_picked":["Clash","Battle Trance"],"picked":"Armaments","floor":1.0},{"not_picked":["Thunderclap","Iron Wave"],"picked":"Searing Blow","floor":2.0},{"not_picked":["Perfected Strike","Body Slam","Dark Embrace"],"picked":"SKIP","floor":6.0},{"not_picked":["Body Slam","Inflame"],"picked":"Feel No Pain","floor":8.0},{"not_picked":["Warcry","Clothesline"],"picked":"Shrug It Off","floor":11.0},{"not_picked":["Inflame","Spot Weakness"],"picked":"Seeing Red","floor":12.0},{"not_picked":["Perfected Strike","Clothesline"],"picked":"Burning Pact","floor":13.0}],"player_experience":104657,"relics_obtained":[{"floor":6.0,"key":"Orichalcum"},{"floor":8.0,"key":"Odd Mushroom"},{"floor":14.0,"key":"Incense Burner"}],"event_choices":[{"cards_removed":["Strike_R"],"damage_healed":0.0,"max_hp_gain":0.0,"max_hp_loss":0.0,"gold_gain":0.0,"event_name":"Golden Wing","player_choice":"Card Removal","floor":3.0,"gold_loss":0.0,"damage_taken":7.0},{"damage_healed":0.0,"max_hp_gain":0.0,"max_hp_loss":0.0,"gold_gain":0.0,"event_name":"Living Wall","player_choice":"Grow","floor":4.0,"gold_loss":0.0,"damage_taken":0.0,"cards_upgraded":["Searing Blow"]},{"damage_healed":0.0,"max_hp_gain":0.0,"max_hp_loss":0.0,"gold_gain":0.0,"event_name":"Mushrooms","player_choice":"Fought Mushrooms","floor":8.0,"gold_loss":0.0,"damage_taken":0.0}],"is_beta":false,"boss_relics":[],"items_purged_floors":[],"is_endless":false,"potions_floor_spawned":[2,11],"killed_by":"The Guardian","ascension_level":0}}