{"host":"dhlnk6yox2l1s6up","time":1609638478,"event":{"mods":["BaseMod","Colored Map","Highlight Path","Minty Spire (QoL Compilation)","Relic Stats","StSLib"],"gold_per_floor":[110,120,120,120,175,175,200,200,200,233,233,266,290,314,314,435,435,450,420,46,69,89,132,159,1,80,80,101,101,101,134,134,253,253,274,294,309,372,47,47,83,103,130,176,217,317,352,377,377,377,377,377,126,167,167],"floor_reached":56,"playtime":19724,"items_purged":["Defend_P+1"],"score":1828,"play_id":"4e23887f-a5f7-4830-9d2e-de5ec33856e5","local_time":"20210102194758","is_ascension_mode":true,"campfire_choices":[{"data":"Ragnarok","floor":6,"key":"SMITH"},{"data":"Evaluate","floor":8,"key":"SMITH"},{"floor":15,"key":"REST"},{"data":"ThirdEye","floor":30,"key":"SMITH"},{"floor":32,"key":"REST"},{"floor":40,"key":"REST"},{"floor":49,"key":"RECALL"},{"data":"TalkToTheHand","floor":52,"key":"SMITH"}],"circlet_count":0,"master_deck":["Strike_P+1","Strike_P+1","Strike_P+1","Strike_P+1","Defend_P+1","Defend_P+1","Defend_P+1","Eruption","Vigilance","Ragnarok+1","BowlingBash+1","ThirdEye+1","Evaluate+1","FlyingSleeves","DeusExMachina","CrushJoints","Adaptation","Evaluate","CarveReality+1","DevaForm","FollowUp","Alpha","TalkToTheHand+1","Evaluate+1","WaveOfTheHand+1","EmptyMind","Master of Strategy","Fasting2","Evaluate+1","MentalFortress","ConjureBlade","Crescendo+1","MentalFortress","Devotion"],"relics":["PureWater","Golden Idol","Yang","Tiny Chest","MealTicket","SlaversCollar","Vajra","OrangePellets","PreservedInsect","Bag of Preparation","Bag of Marbles","Enchiridion","Bottled Tornado","Black Star","TungstenRod","Regal Pillow","Anchor","Toy Ornithopter","Boot","Strawberry","Ancient Tea Set","Potion Belt","TeardropLocket","GoldenEye","Orichalcum","Pen Nib"],"acts_visited":["Exordium","TheCity","TheBeyond","TheEnding"],"potions_floor_usage":[10,10,12,16,28,37,42,54,55,55,55,55],"damage_taken":[{"damage":4,"enemies":"2 Louse","floor":1,"turns":2},{"damage":0,"enemies":"Small Slimes","floor":2,"turns":1},{"damage":0,"enemies":"Cultist","floor":7,"turns":2},{"damage":0,"enemies":"3 Sentries","floor":10,"turns":10},{"damage":23,"enemies":"Gremlin Nob","floor":12,"turns":5},{"damage":0,"enemies":"Blue Slaver","floor":13,"turns":4},{"damage":0,"enemies":"2 Fungi Beasts","floor":14,"turns":4},{"damage":6,"enemies":"The Guardian","floor":16,"turns":15},{"damage":7,"enemies":"Spheric Guardian","floor":18,"turns":4},{"damage":8,"enemies":"2 Thieves","floor":22,"turns":2},{"damage":13,"enemies":"Gremlin Leader","floor":23,"turns":5},{"damage":8,"enemies":"Cultist and Chosen","floor":28,"turns":5},{"damage":16,"enemies":"Book of Stabbing","floor":31,"turns":4},{"damage":12,"enemies":"Automaton","floor":33,"turns":8},{"damage":19,"enemies":"3 Darklings","floor":35,"turns":6},{"damage":11,"enemies":"Orb Walker","floor":36,"turns":4},{"damage":13,"enemies":"4 Shapes","floor":37,"turns":5},{"damage":0,"enemies":"Mind Bloom Boss Battle","floor":38,"turns":6},{"damage":0,"enemies":"Giant Head","floor":41,"turns":5},{"damage":2,"enemies":"Jaw Worm Horde","floor":42,"turns":4},{"damage":0,"enemies":"Nemesis","floor":45,"turns":5},{"damage":2,"enemies":"Giant Head","floor":47,"turns":7},{"damage":2,"enemies":"Sphere and 2 Shapes","floor":48,"turns":7},{"damage":21,"enemies":"Donu and Deca","floor":50,"turns":9},{"damage":22,"enemies":"Shield and Spear","floor":54,"turns":4},{"damage":51,"enemies":"The Heart","floor":55,"turns":8}],"seed_played":"3647620712009744979","potions_obtained":[{"floor":1,"key":"EntropicBrew"},{"floor":12,"key":"BlessingOfTheForge"},{"floor":16,"key":"PowerPotion"},{"floor":19,"key":"BottledMiracle"},{"floor":35,"key":"BlessingOfTheForge"},{"floor":42,"key":"Strength Potion"},{"floor":48,"key":"Weak Potion"}],"is_trial":false,"path_per_floor":["M","M","?","?","?","R","M","R","T","E","?","E","M","M","R","B",null,"M","?","$","T","M","E","T","$","T","?","M","?","R","E","R","B",null,"M","M","M","?","$","R","E","M","T","T","E","?","E","M","R","B",null,"R","$","E","B",null],"character_chosen":"WATCHER","items_purchased":["Vajra","OrangePellets","Adaptation","DevaForm","Master of Strategy","Regal Pillow","MentalFortress","Weak Potion","BottledMiracle"],"campfire_rested":3,"item_purchase_floors":[20,20,20,25,39,39,53,53,53],"current_hp_per_floor":[43,43,25,25,25,25,25,25,25,25,25,2,2,2,23,17,58,51,51,66,66,58,45,45,60,60,60,52,36,36,20,41,29,61,42,31,18,18,33,69,69,70,70,77,77,77,75,73,73,52,72,72,79,57,26],"gold":167,"neow_bonus":"THREE_RARE_CARDS","is_daily":false,"chose_seed":false,"campfire_upgraded":4,"win_rate":0.0,"timestamp":1609638478,"path_taken":["M","M","?","?","?","R","M","R","T","E","?","E","M","M","R","BOSS","M","?","$","?","M","E","?","$","T","?","M","?","R","E","R","BOSS","M","M","M","?","$","R","E","M","T","?","E","?","E","M","R","BOSS","R","$","E","BOSS"],"items_purchased_type":["Relic","Relic","Card","Card","Card","Relic","Card","Potion","Potion"],"build_version":"2020-12-22","purchased_purges":1,"victory":true,"max_hp_per_floor":[72,72,72,72,72,72,72,72,72,72,72,72,72,72,72,72,72,72,72,72,72,72,72,72,72,72,72,72,72,72,72,72,72,72,72,72,72,72,72,72,72,72,72,79,79,79,79,79,79,79,79,79,79,79,79],"relic_stats":{"Regal Pillow":15,"counters":[26,141],"Golden Idol":218,"Yang":[268],"PreservedInsect":477,"Pen Nib":[1],"Bag of Preparation":[31],"Orichalcum":[0],"Boot":[5],"GoldenEye":[14],"OrangePellets":[42],"Tiny Chest":2,"MealTicket":52,"Black Star":4,"obtain_stats":[{"Regal Pillow":39,"Vajra":20,"Enchiridion":29,"Yang":9,"Bag of Preparation":23,"TeardropLocket":47,"Bottled Tornado":31,"Boot":43,"Ancient Tea Set":45,"Strawberry":44,"Tiny Chest":10,"MealTicket":12,"Potion Belt":45,"Golden Idol":3,"PreservedInsect":21,"Pen Nib":54,"Orichalcum":54,"GoldenEye":47,"SlaversCollar":17,"OrangePellets":20,"Anchor":41,"Bag of Marbles":24,"Black Star":34,"PureWater":0,"TungstenRod":38,"Toy Ornithopter":41},{"Regal Pillow":18,"Vajra":9,"Enchiridion":12,"Yang":3,"Bag of Preparation":11,"TeardropLocket":22,"Bottled Tornado":13,"Boot":20,"Ancient Tea Set":21,"Strawberry":20,"Tiny Chest":4,"MealTicket":5,"Potion Belt":21,"Golden Idol":2,"PreservedInsect":9,"Pen Nib":25,"Orichalcum":25,"GoldenEye":22,"SlaversCollar":8,"OrangePellets":9,"Anchor":19,"Bag of Marbles":11,"Black Star":14,"PureWater":0,"TungstenRod":18,"Toy Ornithopter":19},{"Regal Pillow":92,"Vajra":47,"Enchiridion":59,"Yang":5,"Bag of Preparation":54,"TeardropLocket":113,"Bottled Tornado":63,"Boot":101,"Ancient Tea Set":106,"Strawberry":101,"Tiny Chest":15,"MealTicket":20,"Potion Belt":106,"Golden Idol":3,"PreservedInsect":47,"Pen Nib":133,"Orichalcum":133,"GoldenEye":113,"SlaversCollar":43,"OrangePellets":47,"Anchor":97,"Bag of Marbles":54,"Black Star":71,"PureWater":0,"TungstenRod":92,"Toy Ornithopter":97}],"TungstenRod":33,"Toy Ornithopter":23},"card_choices":[{"not_picked":["MasterReality","Wish"],"picked":"Ragnarok","floor":0},{"not_picked":["FearNoEvil","DeceiveReality"],"picked":"BowlingBash","floor":1},{"not_picked":["Study","FlyingSleeves"],"picked":"ThirdEye","floor":2},{"not_picked":["SandsOfTime","EmptyFist"],"picked":"Evaluate","floor":7},{"not_picked":["InnerPeace","Nirvana"],"picked":"FlyingSleeves","floor":10},{"not_picked":["SandsOfTime","JustLucky","Vengeance"],"picked":"SKIP","floor":12},{"not_picked":["ReachHeaven","Halt","Judgement"],"picked":"SKIP","floor":13},{"not_picked":["FollowUp","FlyingSleeves","InnerPeace"],"picked":"SKIP","floor":14},{"not_picked":["SpiritShield","MasterReality"],"picked":"DeusExMachina","floor":16},{"not_picked":["ThirdEye+1","Meditate"],"picked":"CrushJoints","floor":18},{"not_picked":["FlyingSleeves","ForeignInfluence+1"],"picked":"Evaluate","floor":22},{"not_picked":["Crescendo","Evaluate+1"],"picked":"CarveReality+1","floor":23},{"not_picked":["CutThroughFate","CarveReality","SignatureMove"],"picked":"SKIP","floor":28},{"not_picked":["ForeignInfluence+1","CarveReality"],"picked":"FollowUp","floor":31},{"not_picked":["Omniscience","Brilliance"],"picked":"Alpha","floor":33},{"not_picked":["BattleHymn+1","WreathOfFlame"],"picked":"TalkToTheHand","floor":35},{"not_picked":["FlyingSleeves","FollowUp"],"picked":"Evaluate+1","floor":36},{"not_picked":["CrushJoints","Pray"],"picked":"WaveOfTheHand+1","floor":37},{"not_picked":["CrushJoints","ForeignInfluence+1"],"picked":"EmptyMind","floor":38},{"not_picked":["Crescendo+1","Prostrate+1"],"picked":"Fasting2","floor":41},{"not_picked":["WheelKick+1","Vengeance+1"],"picked":"Evaluate+1","floor":42},{"not_picked":["SashWhip+1","ClearTheMind+1"],"picked":"MentalFortress","floor":45},{"not_picked":["BattleHymn","DeusExMachina"],"picked":"ConjureBlade","floor":47},{"not_picked":["PathToVictory","FlyingSleeves+1"],"picked":"Crescendo+1","floor":48},{"not_picked":["Protect","ThirdEye"],"picked":"Devotion","floor":54}],"player_experience":5705778,"relics_obtained":[{"floor":9,"key":"Yang"},{"floor":10,"key":"Tiny Chest"},{"floor":12,"key":"MealTicket"},{"floor":21,"key":"PreservedInsect"},{"floor":23,"key":"Bag of Preparation"},{"floor":24,"key":"Bag of Marbles"},{"floor":29,"key":"Enchiridion"},{"floor":31,"key":"Bottled Tornado"},{"floor":38,"key":"TungstenRod"},{"floor":41,"key":"Anchor"},{"floor":41,"key":"Toy Ornithopter"},{"floor":43,"key":"Boot"},{"floor":44,"key":"Strawberry"},{"floor":45,"key":"Ancient Tea Set"},{"floor":45,"key":"Potion Belt"},{"floor":47,"key":"TeardropLocket"},{"floor":47,"key":"GoldenEye"},{"floor":54,"key":"Orichalcum"},{"floor":54,"key":"Pen Nib"}],"event_choices":[{"damage_healed":0,"gold_gain":0,"player_choice":"Take Damage","damage_taken":18,"relics_obtained":["Golden Idol"],"max_hp_gain":0,"max_hp_loss":0,"event_name":"Golden Idol","floor":3,"gold_loss":0},{"damage_healed":0,"gold_gain":0,"player_choice":"Grow","damage_taken":0,"max_hp_gain":0,"max_hp_loss":0,"event_name":"Living Wall","floor":4,"gold_loss":0,"cards_upgraded":["BowlingBash"]},{"damage_healed":0,"gold_gain":55,"player_choice":"Gained Gold","damage_taken":0,"max_hp_gain":0,"max_hp_loss":0,"event_name":"Golden Wing","floor":5,"gold_loss":0},{"damage_healed":0,"gold_gain":0,"player_choice":"Ignored","damage_taken":0,"max_hp_gain":0,"max_hp_loss":0,"event_name":"Liars Game","floor":11,"gold_loss":0},{"damage_healed":0,"gold_gain":0,"player_choice":"Bought 2 Potions","damage_taken":0,"max_hp_gain":0,"max_hp_loss":0,"event_name":"The Woman in Blue","floor":19,"gold_loss":0},{"damage_healed":0,"gold_gain":0,"player_choice":"Simplicity","damage_taken":0,"max_hp_gain":0,"max_hp_loss":0,"event_name":"Back to Basics","floor":27,"gold_loss":0,"cards_upgraded":["Strike_P","Strike_P","Strike_P","Strike_P","Defend_P","Defend_P","Defend_P","Defend_P"]},{"damage_healed":0,"gold_gain":0,"player_choice":"Obtained Book","damage_taken":16,"max_hp_gain":0,"max_hp_loss":0,"event_name":"Cursed Tome","floor":29,"gold_loss":0},{"damage_healed":0,"gold_gain":0,"player_choice":"Fight","damage_taken":0,"max_hp_gain":0,"max_hp_loss":0,"event_name":"MindBloom","floor":38,"gold_loss":0},{"damage_healed":0,"gold_gain":100,"player_choice":"Pray","damage_taken":0,"max_hp_gain":0,"max_hp_loss":0,"event_name":"Golden Shrine","floor":46,"gold_loss":0}],"is_beta":false,"boss_relics":[{"not_picked":["Ectoplasm","Philosopher\u0027s Stone"],"picked":"SlaversCollar"},{"not_picked":["Runic Dome","Fusion Hammer"],"picked":"Black Star"}],"items_purged_floors":[53],"is_endless":false,"potions_floor_spawned":[1,12,16,23,35,36,42,48],"ascension_level":8}}