{"host":"akjsb4vg7478j4ls","time":1609639091,"event":{"mods":["BaseMod","Colored Powertips","Minty Spire (QoL Compilation)","Rare Cards Sparkle"],"gold_per_floor":[110,110,110,110,185,185,185,30,30,56,87,107,107,120,120,220,220,239,83,83,83,182,182,197,215,267,287,300,11,39,51,63,75,75],"floor_reached":33,"playtime":1793,"items_purged":[],"score":286,"play_id":"14cf15dd-4b83-4609-a02c-983d780617fe","local_time":"20210102235811","is_ascension_mode":false,"campfire_choices":[{"floor":6,"key":"REST"},{"floor":15,"key":"REST"},{"floor":23,"key":"REST"},{"floor":32,"key":"REST"}],"circlet_count":0,"master_deck":["Strike_G","Strike_G","Strike_G","Strike_G","Strike_G","Defend_G","Defend_G+1","Defend_G","Defend_G","Defend_G","Survivor","Neutralize","Caltrops+1","Poisoned Stab","Blade Dance","Dash","Doppelganger","CurseOfTheBell","Caltrops","Die Die Die","Quick Slash","Blur","Distraction+1","Blur","Storm of Steel","Writhe","Terror","Acrobatics+1","Blur","Cloak And Dagger+1","Noxious Fumes"],"relics":["Black Star","Bronze Scales","Juzu Bracelet","Mummified Hand","Bag of Preparation","Strawberry","Shuriken","Calling Bell","PreservedInsect","Singing Bowl","Mango","Orrery","Peace Pipe","Ancient Tea Set","Lee\u0027s Waffle","Orichalcum","War Paint","MawBank"],"acts_visited":["Exordium","TheCity"],"potions_floor_usage":[18,24,25,28,30],"damage_taken":[{"damage":0,"enemies":"Small Slimes","floor":1,"turns":3},{"damage":22,"enemies":"3 Sentries","floor":11,"turns":8},{"damage":0,"enemies":"2 Louse","floor":12,"turns":2},{"damage":0,"enemies":"Jaw Worm","floor":14,"turns":3},{"damage":30,"enemies":"Hexaghost","floor":16,"turns":9},{"damage":19,"enemies":"2 Thieves","floor":18,"turns":5},{"damage":14,"enemies":"Chosen","floor":24,"turns":5},{"damage":20,"enemies":"Snake Plant","floor":25,"turns":2},{"damage":12,"enemies":"3 Cultists","floor":27,"turns":4},{"damage":33,"enemies":"Centurion and Healer","floor":28,"turns":12},{"damage":80,"enemies":"Slavers","floor":30,"turns":5},{"damage":52,"enemies":"Automaton","floor":33,"turns":6}],"seed_played":"2600785900756446062","potions_obtained":[{"floor":14,"key":"LiquidMemories"},{"floor":16,"key":"GamblersBrew"},{"floor":18,"key":"SpeedPotion"},{"floor":24,"key":"PowerPotion"},{"floor":27,"key":"Fire Potion"}],"is_trial":false,"path_per_floor":["M","?","?","$","?","R","?","$","T","T","E","M","$","M","R","B",null,"M","$","?","?","?","R","M","M","T","M","M","$","E","$","R","B"],"character_chosen":"THE_SILENT","items_purchased":["Juzu Bracelet","Orrery","Lee\u0027s Waffle","Orichalcum"],"campfire_rested":4,"item_purchase_floors":[8,19,29,29],"current_hp_per_floor":[70,52,52,52,41,62,62,62,62,62,47,47,47,47,70,40,91,72,72,72,72,72,91,77,57,57,45,12,98,18,18,47,0,0],"gold":75,"neow_bonus":"BOSS_RELIC","is_daily":false,"chose_seed":false,"campfire_upgraded":0,"win_rate":0.0,"timestamp":1609639091,"path_taken":["M","?","?","$","?","R","?","$","T","?","E","M","?","M","R","BOSS","M","$","?","?","?","R","M","M","T","M","M","$","E","$","R","BOSS"],"items_purchased_type":["Relic","Relic","Relic","Relic"],"build_version":"2020-12-22","purchased_purges":0,"victory":false,"max_hp_per_floor":[70,70,70,70,70,70,70,70,70,70,77,77,77,77,77,77,91,91,91,91,91,91,91,91,91,91,91,91,98,98,98,98,98,98],"card_choices":[{"not_picked":["Dagger Throw","Flying Knee"],"picked":"Caltrops","floor":1},{"not_picked":["Heel Hook","Deadly Poison"],"picked":"Poisoned Stab","floor":11},{"not_picked":["Acrobatics","Cloak And Dagger"],"picked":"Blade Dance","floor":12},{"not_picked":["Cloak And Dagger","Bane"],"picked":"Dash","floor":14},{"not_picked":["Corpse Explosion","Night Terror"],"picked":"Doppelganger","floor":16},{"not_picked":["Tactician+1","Dodge and Roll"],"picked":"Caltrops","floor":18},{"not_picked":["Sucker Punch+1","Bane+1"],"picked":"Die Die Die","floor":19},{"not_picked":["Underhanded Strike","PiercingWail"],"picked":"Quick Slash","floor":19},{"not_picked":["Underhanded Strike","Cloak And Dagger"],"picked":"Blur","floor":19},{"not_picked":["Flechettes","Sucker Punch"],"picked":"Distraction","floor":19},{"not_picked":["Skewer","Deflect"],"picked":"Blur","floor":19},{"not_picked":["Predator","Slice"],"picked":"Terror","floor":24},{"not_picked":["Crippling Poison+1","Deadly Poison"],"picked":"Acrobatics+1","floor":25},{"not_picked":["Quick Slash","Skewer"],"picked":"Blur","floor":27},{"not_picked":["Escape Plan+1","Quick Slash"],"picked":"Cloak And Dagger+1","floor":28},{"not_picked":["Backstab","Crippling Poison"],"picked":"Noxious Fumes","floor":30}],"player_experience":81144,"relics_obtained":[{"floor":9,"key":"Mummified Hand"},{"floor":10,"key":"Bag of Preparation"},{"floor":11,"key":"Strawberry"},{"floor":11,"key":"Shuriken"},{"floor":17,"key":"PreservedInsect"},{"floor":17,"key":"Singing Bowl"},{"floor":17,"key":"Mango"},{"floor":26,"key":"Ancient Tea Set"},{"floor":30,"key":"War Paint"},{"floor":30,"key":"MawBank"}],"event_choices":[{"damage_healed":0,"gold_gain":0,"player_choice":"Success","damage_taken":18,"relics_obtained":["Bronze Scales"],"max_hp_gain":0,"max_hp_loss":0,"event_name":"Scrap Ooze","floor":2,"gold_loss":0},{"damage_healed":0,"gold_gain":0,"player_choice":"Grow","damage_taken":0,"max_hp_gain":0,"max_hp_loss":0,"event_name":"Living Wall","floor":3,"gold_loss":0,"cards_upgraded":["Caltrops"]},{"damage_healed":0,"gold_gain":75,"player_choice":"Gather Gold","damage_taken":11,"max_hp_gain":0,"max_hp_loss":0,"event_name":"World of Goop","floor":5,"gold_loss":0},{"damage_healed":0,"gold_gain":0,"player_choice":"Ignored","damage_taken":0,"max_hp_gain":0,"max_hp_loss":0,"event_name":"Golden Wing","floor":7,"gold_loss":0},{"damage_healed":0,"gold_gain":0,"player_choice":"Read","damage_taken":0,"max_hp_gain":0,"max_hp_loss":0,"event_name":"The Library","floor":20,"gold_loss":0,"cards_obtained":["Storm of Steel"]},{"damage_healed":0,"gold_gain":0,"player_choice":"Opened","damage_taken":0,"relics_obtained":["Peace Pipe"],"max_hp_gain":0,"max_hp_loss":0,"event_name":"The Mausoleum","floor":21,"gold_loss":0,"cards_obtained":["Writhe"]},{"damage_healed":0,"gold_gain":99,"player_choice":"Stole From Cult","damage_taken":0,"max_hp_gain":0,"max_hp_loss":0,"event_name":"Nest","floor":22,"gold_loss":0}],"is_beta":false,"boss_relics":[{"not_picked":["Empty Cage","Cursed Key"],"picked":"Calling Bell"}],"items_purged_floors":[],"is_endless":false,"potions_floor_spawned":[14,16,18,24,27],"killed_by":"Automaton","ascension_level":0}}