{"host":"sc1hixkxd1yg22vf","time":1609638139,"event":{"mods":["AchievementEnabler","Bard","BaseMod","Bestiary","Colored Map","Hermit","Minty Spire (QoL Compilation)","Quick Restart","StSLib"],"gold_per_floor":[115,133,148,148,148,174,174,174,174],"floor_reached":8,"playtime":175,"items_purged":[],"score":56,"play_id":"66939fa9-0e0f-43c8-a62e-96322307ec23","local_time":"20210102211219","is_ascension_mode":false,"campfire_choices":[{"data":"hermit:Quickdraw","floor":7,"key":"SMITH"}],"circlet_count":0,"master_deck":["hermit:Strike_Hermit","hermit:Strike_Hermit","hermit:Strike_Hermit","hermit:Strike_Hermit","hermit:Defend_Hermit","hermit:Defend_Hermit","hermit:Defend_Hermit","hermit:Defend_Hermit","hermit:Snapshot","hermit:Covet","hermit:GhostlyPresence+1","hermit:Quickdraw+1"],"relics":["hermit:Momento","NeowsBlessing","Shuriken","Nunchaku"],"acts_visited":["Exordium"],"potions_floor_usage":[8],"damage_taken":[{"damage":0,"enemies":"Cultist","floor":1,"turns":1},{"damage":0,"enemies":"Small Slimes","floor":2,"turns":1},{"damage":0,"enemies":"Jaw Worm","floor":3,"turns":1},{"damage":29,"enemies":"Lagavulin","floor":6,"turns":8},{"damage":6,"enemies":"Gremlin Nob","floor":8,"turns":3}],"seed_played":"-1544160484570599349","potions_obtained":[{"floor":1,"key":"Strength Potion"},{"floor":6,"key":"Explosive Potion"}],"is_trial":false,"path_per_floor":["M","M","M","T","?","E","R","E"],"character_chosen":"HERMIT","items_purchased":[],"campfire_rested":0,"item_purchase_floors":[],"current_hp_per_floor":[75,75,75,75,75,46,46,40,40],"gold":174,"neow_bonus":"THREE_ENEMY_KILL","is_daily":false,"chose_seed":false,"campfire_upgraded":1,"win_rate":0.0,"timestamp":1609638139,"path_taken":["M","M","M","?","?","E","R","E"],"items_purchased_type":[],"build_version":"2020-12-22","purchased_purges":0,"victory":false,"max_hp_per_floor":[75,75,75,75,75,75,75,75,75],"card_choices":[{"not_picked":["hermit:Roulette","hermit:LowProfile"],"picked":"hermit:GhostlyPresence","floor":1},{"not_picked":["hermit:TrackingShot","hermit:Glare","hermit:Roulette"],"picked":"SKIP","floor":2},{"not_picked":["hermit:Roulette","hermit:ShadowCloak","hermit:Virtue"],"picked":"SKIP","floor":3},{"not_picked":["hermit:Spite","hermit:GoldenBullet"],"picked":"hermit:Quickdraw","floor":6}],"player_experience":66523,"relics_obtained":[{"floor":4,"key":"Shuriken"},{"floor":6,"key":"Nunchaku"}],"event_choices":[{"damage_healed":0,"gold_gain":0,"player_choice":"Grow","damage_taken":0,"max_hp_gain":0,"max_hp_loss":0,"event_name":"Living Wall","floor":5,"gold_loss":0,"cards_upgraded":["hermit:GhostlyPresence"]}],"is_beta":false,"boss_relics":[],"items_purged_floors":[],"is_endless":false,"potions_floor_spawned":[1,6],"killed_by":"Gremlin Nob","ascension_level":0}}