{"host":"q9718omregw4er46","time":1609700814,"event":{"mods":["BaseMod","Bestiary","Colored Powertips","Minty Spire (QoL Compilation)","Quick Restart","Relic Stats"],"gold_per_floor":[113,132,143,154,154,154,185,185,185,211,43,68,78,91,91,169,169,189,239,256,269,288,316,316,328,328,328,328,338,365,365,365,441,441,458,143,143,157,157,157,157,157],"floor_reached":41,"playtime":1660,"items_purged":["Strike_R"],"score":1056,"play_id":"2c91e739-86cb-45b4-ac80-17b6a14671d6","local_time":"20210104000654","is_ascension_mode":true,"campfire_choices":[{"data":"Immolate","floor":6.0,"key":"SMITH"},{"data":"Bash","floor":8.0,"key":"SMITH"},{"floor":15.0,"key":"DIG"},{"floor":24.0,"key":"DIG"},{"floor":27.0,"key":"DIG"},{"floor":32.0,"key":"DIG"},{"floor":40,"key":"DIG"}],"circlet_count":0,"master_deck":["AscendersBane","Strike_R","Strike_R+1","Defend_R","Defend_R","Defend_R","Defend_R","Bash+1","Immolate+1","Flame Barrier","Wild Strike","Sever Soul","Clothesline+1","True Grit","Pommel Strike","Bludgeon","Disarm","Armaments+1","Burning Pact","Dark Embrace+1","Barricade+1","Limit Break","Sentinel","Reaper","Carnage","Dark Embrace+1","Pain"],"relics":["Burning Blood","Calipers","Champion Belt","Shovel","Orichalcum","Frozen Egg 2","Bag of Preparation","Snecko Eye","Darkstone Periapt","Whetstone","Eternal Feather","Pear","Mummified Hand","Fusion Hammer","Centennial Puzzle","WarpedTongs","Unceasing Top"],"acts_visited":["Exordium","TheCity","TheBeyond"],"potions_floor_usage":[],"damage_taken":[{"damage":0.0,"enemies":"2 Louse","floor":1.0,"turns":2.0},{"damage":7.0,"enemies":"Jaw Worm","floor":2.0,"turns":4.0},{"damage":1.0,"enemies":"Cultist","floor":3.0,"turns":3.0},{"damage":6.0,"enemies":"Looter","floor":4.0,"turns":3.0},{"damage":10.0,"enemies":"3 Sentries","floor":7.0,"turns":4.0},{"damage":43.0,"enemies":"Lagavulin","floor":10.0,"turns":6.0},{"damage":9.0,"enemies":"3 Sentries","floor":12.0,"turns":4.0},{"damage":6.0,"enemies":"Exordium Wildlife","floor":13.0,"turns":2.0},{"damage":0.0,"enemies":"Lots of Slimes","floor":14.0,"turns":1.0},{"damage":0.0,"enemies":"Slime Boss","floor":16.0,"turns":6.0},{"damage":0.0,"enemies":"Chosen","floor":18.0,"turns":2.0},{"damage":0.0,"enemies":"Spheric Guardian","floor":20.0,"turns":2.0},{"damage":0.0,"enemies":"3 Cultists","floor":21.0,"turns":3.0},{"damage":5.0,"enemies":"Chosen and Byrds","floor":22.0,"turns":5.0},{"damage":0.0,"enemies":"Gremlin Leader","floor":23.0,"turns":3.0},{"damage":32.0,"enemies":"Sentry and Sphere","floor":25.0,"turns":6.0},{"damage":12.0,"enemies":"Shelled Parasite and Fungi","floor":29.0,"turns":3.0},{"damage":16.0,"enemies":"Slavers","floor":30.0,"turns":4.0},{"damage":49.0,"enemies":"Champ","floor":33.0,"turns":13.0},{"damage":3.0,"enemies":"3 Shapes","floor":35.0,"turns":8.0},{"damage":3.0,"enemies":"3 Darklings","floor":38.0,"turns":6.0},{"damage":100,"enemies":"Giant Head","floor":41,"turns":9}],"seed_played":"6578704309408723977","potions_obtained":[{"floor":3.0,"key":"EssenceOfSteel"},{"floor":4.0,"key":"PowerPotion"},{"floor":12.0,"key":"SpeedPotion"},{"floor":13.0,"key":"BlessingOfTheForge"},{"floor":20.0,"key":"DistilledChaos"},{"floor":23.0,"key":"FearPotion"},{"floor":30.0,"key":"FearPotion"},{"floor":33.0,"key":"Block Potion"},{"floor":38.0,"key":"Fire Potion"}],"is_trial":false,"path_per_floor":["M","M","M","M","?","R","E","R","T","E","$","E","M","M","R","B",null,"M","?","M","M","M","E","R","M","T","R","?","M","E","?","R","B",null,"M","$","?","M","?","R","E"],"character_chosen":"IRONCLAD","items_purchased":["Orichalcum","Dark Embrace+1","Centennial Puzzle"],"campfire_rested":0,"item_purchase_floors":[11,36,36],"current_hp_per_floor":[68,67,68,68,73,73,69,69,69,32,32,29,29,35,35,41,65,71,71,73,73,73,73,73,47,47,47,47,41,41,41,56,13,66,69,69,75,86,86,89,0,0],"gold":157,"neow_bonus":"THREE_RARE_CARDS","is_daily":false,"chose_seed":true,"campfire_upgraded":2,"win_rate":0.0,"timestamp":1609700814,"path_taken":["M","M","M","M","?","R","E","R","T","E","$","E","M","M","R","BOSS","M","?","?","M","M","E","R","M","T","R","?","M","E","?","R","BOSS","M","$","?","?","?","R","E"],"items_purchased_type":["Relic","Card","Relic"],"build_version":"2020-12-22","purchased_purges":1,"victory":false,"max_hp_per_floor":[68,68,68,68,73,73,73,73,73,73,73,73,73,73,73,73,73,73,73,73,73,73,73,73,73,73,73,73,73,83,83,83,83,83,83,83,89,89,89,89,89,89],"relic_stats":{"Darkstone Periapt":6,"counters":[22,99],"Eternal Feather":18,"Bag of Preparation":[26],"Whetstone":["Strike_R","Clothesline"],"Orichalcum":[120],"Burning Blood":99,"WarpedTongs":[14],"Centennial Puzzle":[6],"Shovel":5,"Mummified Hand":[19],"Snecko Eye":[146,123,118,144],"Champion Belt":[19],"obtain_stats":[{"Darkstone Periapt":23,"Calipers":7,"Pear":30,"Eternal Feather":27,"Bag of Preparation":15,"Whetstone":24,"Orichalcum":11,"Frozen Egg 2":12,"Burning Blood":0,"WarpedTongs":37,"Centennial Puzzle":36,"Shovel":10,"Mummified Hand":32,"Snecko Eye":17,"Fusion Hammer":34,"Champion Belt":9,"Unceasing Top":40},{"Darkstone Periapt":15,"Calipers":5,"Pear":18,"Eternal Feather":16,"Bag of Preparation":9,"Whetstone":15,"Orichalcum":6,"Frozen Egg 2":7,"Burning Blood":0,"WarpedTongs":20,"Centennial Puzzle":20,"Shovel":6,"Mummified Hand":18,"Snecko Eye":10,"Fusion Hammer":19,"Champion Belt":5,"Unceasing Top":21},{"Darkstone Periapt":50,"Calipers":16,"Pear":63,"Eternal Feather":56,"Bag of Preparation":29,"Whetstone":50,"Orichalcum":22,"Frozen Egg 2":26,"Burning Blood":0,"WarpedTongs":84,"Centennial Puzzle":84,"Shovel":22,"Mummified Hand":63,"Snecko Eye":35,"Fusion Hammer":76,"Champion Belt":16,"Unceasing Top":90}],"Unceasing Top":[0]},"card_choices":[{"not_picked":["Juggernaut","Bludgeon"],"picked":"Immolate","floor":0.0},{"not_picked":["Pommel Strike","Sword Boomerang"],"picked":"Flame Barrier","floor":1.0},{"not_picked":["Shrug It Off","Iron Wave"],"picked":"Wild Strike","floor":2.0},{"not_picked":["Havoc","Anger","Second Wind"],"picked":"SKIP","floor":3.0},{"not_picked":["Power Through","Twin Strike"],"picked":"Sever Soul","floor":4.0},{"not_picked":["Havoc","Twin Strike"],"picked":"Clothesline","floor":7.0},{"not_picked":["Armaments","Bloodletting","Headbutt"],"picked":"SKIP","floor":10.0},{"not_picked":["Whirlwind","Perfected Strike"],"picked":"True Grit","floor":12.0},{"not_picked":["Warcry","Dark Embrace+1","Power Through"],"picked":"SKIP","floor":13.0},{"not_picked":["Armaments","Sword Boomerang"],"picked":"Pommel Strike","floor":14.0},{"not_picked":["Exhume","Feed"],"picked":"Bludgeon","floor":16.0},{"not_picked":["Sword Boomerang","Fire Breathing+1","Wild Strike"],"picked":"SKIP","floor":18.0},{"not_picked":["Thunderclap","Iron Wave"],"picked":"Disarm","floor":20.0},{"not_picked":["Entrench","Sword Boomerang"],"picked":"Armaments+1","floor":21.0},{"not_picked":["Armaments","Battle Trance+1"],"picked":"Burning Pact","floor":22.0},{"not_picked":["Feel No Pain+1","Bloodletting"],"picked":"Flame Barrier","floor":23.0},{"not_picked":["Seeing Red","Perfected Strike"],"picked":"Dark Embrace+1","floor":25.0},{"not_picked":["Sword Boomerang","Wild Strike+1","Iron Wave"],"picked":"SKIP","floor":29.0},{"not_picked":["Heavy Blade+1","Shrug It Off"],"picked":"Barricade+1","floor":30.0},{"not_picked":["Juggernaut+1","Immolate"],"picked":"Reaper","floor":33.0},{"not_picked":["Reckless Charge+1","Perfected Strike+1"],"picked":"Carnage","floor":35.0},{"not_picked":["Hemokinesis","Anger","Evolve+1"],"picked":"SKIP","floor":38.0}],"player_experience":1164458,"relics_obtained":[{"floor":7.0,"key":"Calipers"},{"floor":9.0,"key":"Champion Belt"},{"floor":10.0,"key":"Shovel"},{"floor":12.0,"key":"Frozen Egg 2"},{"floor":15.0,"key":"Bag of Preparation"},{"floor":23.0,"key":"Darkstone Periapt"},{"floor":24.0,"key":"Whetstone"},{"floor":27.0,"key":"Eternal Feather"},{"floor":30.0,"key":"Pear"},{"floor":32.0,"key":"Mummified Hand"},{"floor":40,"key":"Unceasing Top"}],"event_choices":[{"damage_healed":0.0,"max_hp_gain":5.0,"max_hp_loss":0.0,"gold_gain":0.0,"event_name":"Big Fish","player_choice":"Donut","floor":5.0,"gold_loss":0.0,"damage_taken":0.0},{"damage_healed":0.0,"max_hp_gain":0.0,"max_hp_loss":0.0,"gold_gain":50.0,"event_name":"Golden Shrine","player_choice":"Pray","floor":19.0,"gold_loss":0.0,"damage_taken":0.0},{"damage_healed":0.0,"max_hp_gain":0.0,"max_hp_loss":0.0,"gold_gain":0.0,"event_name":"Ghosts","player_choice":"Ignored","floor":28.0,"gold_loss":0.0,"damage_taken":0.0},{"damage_healed":0.0,"max_hp_gain":0.0,"max_hp_loss":0.0,"gold_gain":0.0,"cards_transformed":["Strike_R","Strike_R"],"event_name":"Drug Dealer","player_choice":"Became Test Subject","floor":31.0,"gold_loss":0.0,"damage_taken":0.0,"cards_obtained":["Limit Break","Sentinel"]},{"damage_healed":0.0,"max_hp_gain":0.0,"max_hp_loss":0.0,"gold_gain":0.0,"event_name":"Accursed Blacksmith","player_choice":"Rummage","floor":37.0,"gold_loss":0.0,"damage_taken":0.0,"relics_obtained":["WarpedTongs"],"cards_obtained":["Pain"]},{"cards_removed":["Flame Barrier"],"damage_healed":0.0,"max_hp_gain":0.0,"max_hp_loss":0.0,"gold_gain":0.0,"event_name":"Falling","player_choice":"Removed Skill","floor":39.0,"gold_loss":0.0,"damage_taken":0.0}],"is_beta":false,"boss_relics":[{"not_picked":["Pandora\u0027s Box","Coffee Dripper"],"picked":"Snecko Eye"},{"not_picked":["Black Blood","Runic Pyramid"],"picked":"Fusion Hammer"}],"items_purged_floors":[36],"is_endless":false,"potions_floor_spawned":[3,4,12,13,14,20,23,30,33,38],"killed_by":"Giant Head","ascension_level":20}}