{"host":"56ghxnzsglgdq727","time":1609664652,"event":{"mods":["AchievementEnabler","BaseMod","Downfall","Minty Spire (QoL Compilation)","StSLib"],"gold_per_floor":[99,110,166,183,45,45,45,45,495,524,624,624,724,741,755,755,755,755],"floor_reached":16,"playtime":519,"items_purged":["Guardian:Strike_Guardian"],"score":98,"play_id":"ba769f3f-e1ef-4ca2-9946-3dd8dd191976","local_time":"20210103040412","is_ascension_mode":false,"campfire_choices":[{"data":"Guardian:TwinSlam","floor":1,"key":"SMITH"},{"data":"Guardian:BronzeOrb","floor":8,"key":"SMITH"},{"data":"Guardian:StasisField","floor":12,"key":"SMITH"}],"circlet_count":0,"master_deck":["Guardian:Strike_Guardian","Guardian:Strike_Guardian","Guardian:Strike_Guardian","Guardian:Defend_Guardian+1","Guardian:Defend_Guardian","Guardian:Defend_Guardian","Guardian:Defend_Guardian+1","Guardian:CurlUp","Guardian:TwinSlam+1","Guardian:ShieldCharger","Guardian:BronzeOrb+1","Guardian:Planning","Guardian:CrystalBeam","Slimebound:Icky","Slimebound:Icky","Slimebound:Icky","Guardian:StasisField+1","Guardian:Gem_Lightblue","Guardian:BronzeOrb+1"],"relics":["Guardian:ModeShifter","War Paint","Ornamental Fan","Molten Egg 2"],"acts_visited":["Exordium"],"potions_floor_usage":[10,15,16],"damage_taken":[{"damage":12,"enemies":"Small Slimes","floor":2,"turns":4},{"damage":23,"enemies":"Gremlin Nob","floor":3,"turns":5},{"damage":0,"enemies":"2 Louse","floor":4,"turns":3},{"damage":0,"enemies":"downfall:FleeingMerchant","floor":5,"turns":4},{"damage":32,"enemies":"Gremlin Nob","floor":10,"turns":6},{"damage":0,"enemies":"Jaw Worm","floor":14,"turns":4},{"damage":4,"enemies":"Large Slime","floor":15,"turns":3},{"damage":11,"enemies":"downfall:Defect","floor":16,"turns":5}],"seed_played":"-714715723425434634","potions_obtained":[{"floor":3,"key":"GamblersBrew"},{"floor":4,"key":"EssenceOfSteel"},{"floor":10,"key":"champ:CounterPotion"}],"is_trial":false,"path_per_floor":["R","M","?","M","$","?","T","R","?","E","?","R","?","M","M","B"],"character_chosen":"GUARDIAN","items_purchased":["Guardian:CrystalBeam"],"campfire_rested":0,"item_purchase_floors":[5],"current_hp_per_floor":[80,68,45,45,45,45,45,45,45,13,13,13,13,13,9,0,0,0],"gold":755,"neow_bonus":"THREE_CARDS","is_daily":false,"chose_seed":false,"campfire_upgraded":3,"win_rate":0.0,"timestamp":1609664652,"path_taken":["R","M","?","M","$","?","T","R","?","E","?","R","?","M","M","BOSS"],"items_purchased_type":["Card"],"build_version":"2020-12-22","purchased_purges":1,"victory":false,"max_hp_per_floor":[80,80,80,80,80,80,80,80,80,80,80,80,80,80,80,80,80,80],"card_choices":[{"not_picked":["Guardian:Suspension","Guardian:TemporalShield"],"picked":"Guardian:ShieldCharger","floor":0},{"not_picked":["Guardian:Incinerate","Guardian:WalkerClaw"],"picked":"Guardian:BronzeOrb","floor":2},{"not_picked":["Guardian:Emergency","Guardian:ChargeCore"],"picked":"Guardian:Planning","floor":3},{"not_picked":["Guardian:Gem_Cyan","Guardian:RollAttack"],"picked":"Guardian:Gem_Crimson","floor":4},{"not_picked":["Guardian:PolyBeam","Guardian:Gem_Green"],"picked":"Guardian:Gem_Red","floor":5},{"not_picked":["Guardian:FloatingOrbs","Guardian:SphericShield"],"picked":"Guardian:StasisField","floor":10},{"not_picked":["Guardian:Suspension","Guardian:Repulse"],"picked":"Guardian:Gem_Lightblue","floor":14},{"not_picked":["Guardian:RollAttack+1","Guardian:ShieldCharger"],"picked":"Guardian:BronzeOrb+1","floor":15}],"player_experience":106406,"relics_obtained":[{"floor":3,"key":"War Paint"},{"floor":7,"key":"Ornamental Fan"},{"floor":10,"key":"Molten Egg 2"}],"event_choices":[],"is_beta":false,"boss_relics":[],"items_purged_floors":[5],"is_endless":false,"potions_floor_spawned":[3,4,10],"killed_by":"downfall:Defect","ascension_level":0}}