{"host":"jqjg4un1gmm27ngb","time":1609664828,"event":{"mods":["AchievementEnabler","BaseMod","Block Reminder","Colored Map","Colored Powertips","DeckTracker","Minty Spire (QoL Compilation)","Quick Restart","Relic Stats"],"gold_per_floor":[119,119,139,154,34,69,69,80,80,80,100,115,145,165,165,268,268,288,303,317,65,81,81,113,113,166,182,182,107,67,92,92,197,197,207,221,0,13,33,68,42,61,113,132,132,149,162,175,175,175],"floor_reached":51,"playtime":4477,"items_purged":["Strike_B","Strike_B"],"score":737,"play_id":"6e3d95bd-7747-4f56-bb66-75bdbbbf8714","local_time":"20210103040708","is_ascension_mode":false,"campfire_choices":[{"data":"Ball Lightning","floor":7,"key":"SMITH"},{"data":"Self Repair","floor":10,"key":"SMITH"},{"floor":15,"key":"REST"},{"floor":23,"key":"REST"},{"floor":25,"key":"REST"},{"data":"Electrodynamics","floor":28,"key":"SMITH"},{"data":"Defragment","floor":32,"key":"SMITH"},{"data":"Seek","floor":49,"key":"SMITH"}],"circlet_count":0,"master_deck":["Defend_B","Defend_B","Defend_B","Defend_B","Zap","Dualcast","Hologram","Ball Lightning","Sweeping Beam","Ball Lightning+1","Rip and Tear","Self Repair+1","Cold Snap","Ball Lightning","Hello World","Cold Snap","Electrodynamics+1","Chill+1","Hologram+1","Conserve Battery","Tempest+1","Turbo+1","Undo+1","Lockon","Defragment+1","Core Surge","Beam Cell","Self Repair+1","Leap+1","Double Energy+1","Seek+1","Leap","Barrage+1","Ball Lightning","Reboot","Hello World+1","Barrage+1","White Noise"],"relics":["Cracked Core","NlothsMask","InkBottle","Matryoshka","Runic Dome","Boot","CaptainsWheel","Dream Catcher","Blood Vial","Incense Burner","Snecko Eye","Red Mask","Pen Nib","Bag of Marbles","Toy Ornithopter"],"acts_visited":["Exordium","TheCity","TheBeyond"],"potions_floor_usage":[6,6,6,6,6,12,12,16,24,31,48],"damage_taken":[{"damage":5,"enemies":"Small Slimes","floor":1,"turns":4},{"damage":0,"enemies":"Cultist","floor":3,"turns":4},{"damage":8,"enemies":"2 Louse","floor":4,"turns":2},{"damage":13,"enemies":"Lagavulin","floor":6,"turns":5},{"damage":2,"enemies":"Blue Slaver","floor":8,"turns":3},{"damage":11,"enemies":"2 Fungi Beasts","floor":11,"turns":3},{"damage":23,"enemies":"Gremlin Gang","floor":12,"turns":4},{"damage":18,"enemies":"Gremlin Nob","floor":13,"turns":3},{"damage":0,"enemies":"Large Slime","floor":14,"turns":3},{"damage":24,"enemies":"Hexaghost","floor":16,"turns":9},{"damage":31,"enemies":"2 Thieves","floor":18,"turns":3},{"damage":8,"enemies":"Chosen","floor":19,"turns":3},{"damage":24,"enemies":"Shelled Parasite and Fungi","floor":20,"turns":5},{"damage":18,"enemies":"Snecko","floor":22,"turns":5},{"damage":17,"enemies":"Book of Stabbing","floor":24,"turns":4},{"damage":16,"enemies":"Centurion and Healer","floor":27,"turns":3},{"damage":5,"enemies":"Slavers","floor":31,"turns":5},{"damage":21,"enemies":"Collector","floor":33,"turns":8},{"damage":23,"enemies":"Orb Walker","floor":35,"turns":3},{"damage":0,"enemies":"3 Darklings","floor":36,"turns":3},{"damage":5,"enemies":"Writhing Mass","floor":38,"turns":5},{"damage":10,"enemies":"Spire Growth","floor":39,"turns":4},{"damage":59,"enemies":"Nemesis","floor":40,"turns":7},{"damage":5,"enemies":"Sphere and 2 Shapes","floor":42,"turns":4},{"damage":0,"enemies":"Jaw Worm Horde","floor":44,"turns":4},{"damage":0,"enemies":"Transient","floor":46,"turns":5},{"damage":43,"enemies":"Spire Growth","floor":47,"turns":5},{"damage":13,"enemies":"Maw","floor":48,"turns":6},{"damage":17,"enemies":"Donu and Deca","floor":50,"turns":7}],"seed_played":"-6351851419398414227","potions_obtained":[{"floor":0,"key":"SteroidPotion"},{"floor":0,"key":"EntropicBrew"},{"floor":0,"key":"EntropicBrew"},{"floor":6,"key":"LiquidBronze"},{"floor":8,"key":"Ancient Potion"},{"floor":13,"key":"PowerPotion"},{"floor":19,"key":"CultistPotion"},{"floor":22,"key":"FocusPotion"},{"floor":24,"key":"Ancient Potion"},{"floor":33,"key":"SpeedPotion"}],"is_trial":false,"path_per_floor":["M","?","M","M","$","E","R","M","T","R","M","M","E","M","R","B",null,"M","M","M","$","M","R","E","R","T","M","R","?","$","E","R","B",null,"M","M","?","M","M","E","$","M","T","M","?","M","M","M","R","B",null],"character_chosen":"DEFECT","items_purchased":["Ball Lightning","Boot","Lockon","Leap"],"campfire_rested":3,"item_purchase_floors":[5,21,30,41],"current_hp_per_floor":[70,70,70,62,62,49,49,47,47,47,46,33,25,35,57,33,75,54,56,42,42,34,56,49,71,71,57,57,57,57,64,64,45,75,52,64,64,75,75,36,36,53,53,75,75,75,52,66,66,51],"gold":175,"neow_bonus":"THREE_SMALL_POTIONS","is_daily":false,"chose_seed":false,"campfire_upgraded":5,"win_rate":0.0,"timestamp":1609664828,"path_taken":["M","?","M","M","$","E","R","?","T","R","M","M","E","M","R","BOSS","M","M","M","$","M","R","E","R","T","M","R","?","$","E","R","BOSS","M","M","?","M","M","E","$","M","T","M","?","M","M","?","R","BOSS"],"items_purchased_type":["Card","Relic","Card","Card"],"build_version":"2020-12-22","purchased_purges":2,"victory":true,"max_hp_per_floor":[75,75,75,75,75,75,75,75,75,75,75,75,75,75,75,75,75,75,75,75,75,75,75,75,75,75,75,75,75,75,75,75,75,75,75,75,75,75,75,75,75,75,75,75,75,75,75,75,75,75],"relic_stats":{"Blood Vial":18,"Dream Catcher":0,"counters":[29,129],"Snecko Eye":[95,91,88,95],"Pen Nib":[5],"Boot":[48],"obtain_stats":[{"Pen Nib":40,"Incense Burner":31,"Boot":21,"Blood Vial":26,"Runic Dome":17,"CaptainsWheel":24,"Dream Catcher":26,"Matryoshka":13,"Snecko Eye":34,"Red Mask":37,"Bag of Marbles":43,"Cracked Core":0,"InkBottle":6,"Toy Ornithopter":43,"NlothsMask":2},{"Pen Nib":23,"Incense Burner":17,"Boot":13,"Blood Vial":15,"Runic Dome":10,"CaptainsWheel":15,"Dream Catcher":15,"Matryoshka":8,"Snecko Eye":18,"Red Mask":20,"Bag of Marbles":24,"Cracked Core":0,"InkBottle":4,"Toy Ornithopter":24,"NlothsMask":1},{"Pen Nib":98,"Incense Burner":68,"Boot":51,"Blood Vial":60,"Runic Dome":40,"CaptainsWheel":60,"Dream Catcher":60,"Matryoshka":28,"Snecko Eye":76,"Red Mask":82,"Bag of Marbles":102,"Cracked Core":0,"InkBottle":15,"Toy Ornithopter":102,"NlothsMask":4}],"InkBottle":[44],"Toy Ornithopter":5},"card_choices":[{"not_picked":["Coolheaded","Go for the Eyes"],"picked":"Hologram","floor":1},{"not_picked":["Steam Power","Storm"],"picked":"Ball Lightning","floor":3},{"not_picked":["Coolheaded","Cold Snap"],"picked":"Sweeping Beam","floor":4},{"not_picked":["Gash","Sweeping Beam"],"picked":"Rip and Tear","floor":6},{"not_picked":["Aggregate","Lockon"],"picked":"Self Repair","floor":8},{"not_picked":["Sweeping Beam","Rebound"],"picked":"Cold Snap","floor":11},{"not_picked":["Redo","Go for the Eyes"],"picked":"Ball Lightning","floor":12},{"not_picked":["Biased Cognition","Double Energy"],"picked":"Hello World","floor":13},{"not_picked":["Stack","Force Field"],"picked":"Cold Snap","floor":14},{"not_picked":["Echo Form","Rainbow"],"picked":"Electrodynamics","floor":16},{"not_picked":["Turbo","Streamline+1"],"picked":"Chill+1","floor":18},{"not_picked":["Stack+1","Gash"],"picked":"Hologram+1","floor":19},{"not_picked":["Redo+1","Hologram"],"picked":"Conserve Battery","floor":20},{"not_picked":["Hello World","Barrage"],"picked":"Tempest+1","floor":22},{"not_picked":["Compile Driver","Steam"],"picked":"Turbo+1","floor":24},{"not_picked":["Heatsinks+1","Chaos+1"],"picked":"Undo+1","floor":27},{"not_picked":["Amplify","Doom and Gloom"],"picked":"Defragment","floor":31},{"not_picked":["All For One","Biased Cognition"],"picked":"Core Surge","floor":33},{"not_picked":["Coolheaded","Rebound"],"picked":"Beam Cell","floor":35},{"not_picked":["Recycle","Genetic Algorithm+1"],"picked":"Self Repair+1","floor":36},{"not_picked":["Beam Cell","Blizzard"],"picked":"Leap+1","floor":38},{"not_picked":["Compile Driver+1","Steam Power+1"],"picked":"Double Energy+1","floor":39},{"not_picked":["Redo","Force Field+1"],"picked":"Seek","floor":40},{"not_picked":["Static Discharge","Leap"],"picked":"Barrage+1","floor":42},{"not_picked":["Rebound+1","Double Energy+1"],"picked":"Ball Lightning","floor":44},{"not_picked":["Streamline+1","Compile Driver+1"],"picked":"Hello World+1","floor":46},{"not_picked":["Beam Cell","Hologram"],"picked":"Barrage+1","floor":47},{"not_picked":["Conserve Battery","Barrage"],"picked":"White Noise","floor":48}],"player_experience":161991,"relics_obtained":[{"floor":6,"key":"InkBottle"},{"floor":13,"key":"Matryoshka"},{"floor":24,"key":"CaptainsWheel"},{"floor":26,"key":"Dream Catcher"},{"floor":26,"key":"Blood Vial"},{"floor":31,"key":"Incense Burner"},{"floor":40,"key":"Pen Nib"},{"floor":43,"key":"Bag of Marbles"},{"floor":43,"key":"Toy Ornithopter"}],"event_choices":[{"damage_healed":0,"gold_gain":0,"player_choice":"Trade","damage_taken":0,"relics_obtained":["NlothsMask"],"max_hp_gain":0,"max_hp_loss":0,"event_name":"FaceTrader","floor":2,"gold_loss":0},{"cards_removed":["Strike_B"],"damage_healed":0,"gold_gain":0,"player_choice":"Gave Gold","damage_taken":0,"max_hp_gain":0,"max_hp_loss":0,"event_name":"Beggar","floor":29,"gold_loss":75},{"damage_healed":0,"gold_gain":0,"player_choice":"Paid","damage_taken":0,"relics_obtained":["Red Mask"],"max_hp_gain":0,"max_hp_loss":0,"event_name":"Tomb of Lord Red Mask","floor":37,"gold_loss":221},{"damage_healed":0,"gold_gain":0,"cards_transformed":["Strike_B"],"player_choice":"Transformed","damage_taken":0,"max_hp_gain":0,"max_hp_loss":0,"event_name":"Transmorgrifier","floor":45,"gold_loss":0,"cards_obtained":["Reboot"]}],"is_beta":false,"boss_relics":[{"not_picked":["Runic Pyramid","Coffee Dripper"],"picked":"Runic Dome"},{"not_picked":["Astrolabe","Pandora\u0027s Box"],"picked":"Snecko Eye"}],"items_purged_floors":[5,21],"is_endless":false,"potions_floor_spawned":[4,6,8,11,13,19,22,24,33,36,39,40,46],"ascension_level":0}}