{"host":"yuhy0i501zzmn1iz","time":1609696148,"event":{"mods":["AchievementEnabler","AlwaysNeverKeys","BaseMod","Bestiary","Better Match","Better Third Choice","Curses Come First","Downfall","Minty Spire (QoL Compilation)","StSLib","The Blue Laboratory","slay the spire mod where everything is the same but ironclad has a cowboy hat"],"gold_per_floor":[115,125,141,94,110,135,135,150,177,208,208,208,208,62,62,160,160,174,174,188,24,53,84,84,84,84,84,84,84,119,131,131,232,232,243,465,0,16,16,16],"floor_reached":39,"playtime":2095,"items_purged":["Electrodynamics+1"],"score":468,"play_id":"8a7f9c53-7821-46f5-ad67-629a529ec8f5","local_time":"20210103124908","is_ascension_mode":true,"campfire_choices":[{"data":"Dualcast","floor":7.0,"key":"SMITH"},{"data":"Steam","floor":11.0,"key":"SMITH"},{"data":"Gash","floor":13.0,"key":"SMITH"},{"data":"Zap","floor":15.0,"key":"SMITH"},{"data":"Impatience","floor":24,"key":"SMITH"},{"data":"Self Repair","floor":27,"key":"SMITH"},{"data":"Reboot","floor":32,"key":"SMITH"}],"circlet_count":0,"master_deck":["Zap+1","Dualcast+1","Auto Shields","Gash+1","Defragment","Cold Snap","Rebound+1","Steam+1","Reboot+1","Self Repair+1","BootSequence","Impatience+1","FTL","Sweeping Beam+1","Beam Cell","Auto Shields+1","Cold Snap","Core Surge","Blizzard","Steam","All For One","Gash","Lockon","Glacier","Machine Learning+1","Go for the Eyes+1","Go for the Eyes","Stack","Redo+1"],"relics":["Coffee Dripper","betterThird:SlimedRelic","Anchor","Potion Belt","Pen Nib","Whetstone","Black Star","Red Mask","Ancient Tea Set","Frozen Egg 2","betterThird:NestCultRelic","Cables","StrikeDummy","Omamori","HornCleat","Pandora\u0027s Box","Emotion Chip"],"acts_visited":["Exordium","TheCity","TheBeyond"],"potions_floor_usage":[30,33],"damage_taken":[{"damage":2.0,"enemies":"Jaw Worm","floor":1.0,"turns":4.0},{"damage":1.0,"enemies":"2 Louse","floor":2.0,"turns":3.0},{"damage":6.0,"enemies":"Small Slimes","floor":3.0,"turns":4.0},{"damage":2.0,"enemies":"2 Fungi Beasts","floor":5.0,"turns":4.0},{"damage":20.0,"enemies":"Gremlin Nob","floor":6.0,"turns":5.0},{"damage":0.0,"enemies":"Looter","floor":8.0,"turns":4.0},{"damage":5.0,"enemies":"Lagavulin","floor":10.0,"turns":8.0},{"damage":16.0,"enemies":"The Guardian","floor":16.0,"turns":13.0},{"damage":3.0,"enemies":"Spheric Guardian","floor":18.0,"turns":4.0},{"damage":3.0,"enemies":"Shell Parasite","floor":20.0,"turns":7.0},{"damage":49,"enemies":"Masked Bandits","floor":22,"turns":7},{"damage":27,"enemies":"Slavers","floor":23,"turns":6},{"damage":6,"enemies":"Book of Stabbing","floor":30,"turns":6},{"damage":10,"enemies":"Snake Plant","floor":31,"turns":5},{"damage":30,"enemies":"Collector","floor":33,"turns":9},{"damage":23,"enemies":"3 Darklings","floor":35,"turns":5},{"damage":2,"enemies":"Orb Walker","floor":38,"turns":3},{"damage":97,"enemies":"Transient","floor":39,"turns":5}],"seed_played":"-453812858452725170","potions_obtained":[{"floor":1.0,"key":"Weak Potion"},{"floor":3.0,"key":"blueLaboratory:HorrorPotion"},{"floor":5.0,"key":"PotionOfCapacity"},{"floor":18.0,"key":"blueLaboratory:ExaltedPotion"},{"floor":23,"key":"blueLaboratory:FruitPreserves"},{"floor":35,"key":"Dexterity Potion"}],"is_trial":false,"path_per_floor":["M","M","M","?","M","E","R","M","T","E","R","?","R","$","R","B",null,"M","?","M","$","?","E","R","?","T","R","?","?","E","M","R","B",null,"M","?","$","M","M"],"character_chosen":"DEFECT","items_purchased":["Whetstone","Impatience","FTL","Go for the Eyes","Emotion Chip","Stack"],"campfire_rested":0,"item_purchase_floors":[14,21,21,37,37,37],"current_hp_per_floor":[73,72,66,55,53,33,33,33,33,28,28,53,53,53,53,37,75,72,72,75,75,33,13,13,13,13,13,13,13,47,47,47,27,75,52,52,52,50,0,0],"gold":16,"neow_bonus":"BOSS_RELIC","is_daily":false,"chose_seed":false,"campfire_upgraded":7,"win_rate":0.0,"timestamp":1609696148,"path_taken":["M","M","M","?","M","E","R","M","T","E","R","?","R","$","R","BOSS","M","?","M","$","?","E","R","?","T","R","?","?","E","?","R","BOSS","M","?","?","M","M"],"items_purchased_type":["Relic","Card","Card","Card","Relic","Card"],"build_version":"2020-12-22","purchased_purges":1,"victory":false,"max_hp_per_floor":[75,75,75,75,75,75,75,75,75,75,75,75,75,75,75,75,75,75,75,75,75,75,75,75,75,75,75,75,75,75,75,75,75,75,75,75,75,75,75,75],"card_choices":[{"not_picked":["Stack","Barrage"],"picked":"Auto Shields","floor":1.0},{"not_picked":["Streamline","Storm"],"picked":"Gash","floor":2.0},{"not_picked":["Force Field","Reinforced Body"],"picked":"Defragment","floor":3.0},{"not_picked":["Stack","Auto Shields","Loop"],"picked":"SKIP","floor":5.0},{"not_picked":["Undo","Fission"],"picked":"Cold Snap","floor":6.0},{"not_picked":["Compile Driver","Loop"],"picked":"Rebound","floor":8.0},{"not_picked":["Ball Lightning","Glacier"],"picked":"Steam","floor":10.0},{"not_picked":["Seek","Amplify"],"picked":"Reboot","floor":16.0},{"not_picked":["Coolheaded","Compile Driver+1"],"picked":"Self Repair","floor":18.0},{"not_picked":["Rebound","Steam"],"picked":"BootSequence","floor":20.0},{"not_picked":["Loop","Turbo"],"picked":"Sweeping Beam+1","floor":22},{"not_picked":["Ball Lightning","Leap"],"picked":"Beam Cell","floor":23},{"not_picked":["Hello World+1","Compile Driver"],"picked":"Auto Shields+1","floor":30},{"not_picked":["Aggregate","Sweeping Beam"],"picked":"Cold Snap","floor":31},{"not_picked":["Electrodynamics+1","Seek"],"picked":"Core Surge","floor":33},{"not_picked":["Steam Power+1","Barrage"],"picked":"Go for the Eyes+1","floor":35},{"not_picked":["Doom and Gloom","Rebound+1"],"picked":"Redo+1","floor":38}],"player_experience":257369,"relics_obtained":[{"floor":6.0,"key":"Anchor"},{"floor":9.0,"key":"Potion Belt"},{"floor":10.0,"key":"Pen Nib"},{"floor":22,"key":"Red Mask"},{"floor":23,"key":"Ancient Tea Set"},{"floor":23,"key":"Frozen Egg 2"},{"floor":26,"key":"Cables"},{"floor":30,"key":"Omamori"},{"floor":30,"key":"HornCleat"}],"event_choices":[{"damage_healed":0.0,"max_hp_gain":0.0,"max_hp_loss":0.0,"gold_gain":0.0,"event_name":"betterThird:BetterGoop","player_choice":"Slimed","floor":4.0,"gold_loss":47.0,"damage_taken":11.0},{"damage_healed":25.0,"max_hp_gain":0.0,"max_hp_loss":0.0,"gold_gain":0.0,"event_name":"Big Fish","player_choice":"Banana","floor":12.0,"gold_loss":0.0,"damage_taken":0.0},{"damage_healed":0.0,"max_hp_gain":0.0,"max_hp_loss":0.0,"gold_gain":0.0,"event_name":"Ghosts","player_choice":"Ignored","floor":19.0,"gold_loss":0.0,"damage_taken":0.0},{"damage_healed":0,"gold_gain":0,"player_choice":"Fought Bandits","damage_taken":0,"max_hp_gain":0,"max_hp_loss":0,"event_name":"Masked Bandits","floor":22,"gold_loss":0},{"damage_healed":0,"gold_gain":0,"player_choice":"Madness","damage_taken":0,"relics_obtained":["betterThird:NestCultRelic"],"max_hp_gain":0,"max_hp_loss":0,"event_name":"betterThird:BetterNest","floor":25,"gold_loss":0},{"damage_healed":0,"gold_gain":0,"player_choice":"Opened","damage_taken":0,"relics_obtained":["StrikeDummy"],"max_hp_gain":0,"max_hp_loss":0,"event_name":"The Mausoleum","floor":28,"gold_loss":0,"cards_obtained":["Writhe"]},{"cards_removed":["Writhe"],"damage_healed":0,"gold_gain":0,"player_choice":"Purged","damage_taken":0,"max_hp_gain":0,"max_hp_loss":0,"event_name":"Purifier","floor":29,"gold_loss":0},{"damage_healed":0,"gold_gain":222,"player_choice":"Wore Mask","damage_taken":0,"max_hp_gain":0,"max_hp_loss":0,"event_name":"Tomb of Lord Red Mask","floor":36,"gold_loss":0}],"is_beta":false,"boss_relics":[{"not_picked":["Runic Dome","SlaversCollar"],"picked":"Black Star"},{"not_picked":["Philosopher\u0027s Stone","SacredBark"],"picked":"Pandora\u0027s Box"}],"items_purged_floors":[37],"is_endless":false,"potions_floor_spawned":[1,3,5,18,23,35],"killed_by":"Transient","ascension_level":2}}