{"host":"6to0pdz5g3mubtyg","time":1609679690,"event":{"mods":["Act Like it!","Aspiration","BaseMod","BetterRewards","Colored Map","Energized Spire","Hallownest","Highlight Path","Infinite Spire","Jorbs\u0027s Wanderer Trilogy","Minty Spire (QoL Compilation)","Shade Mod","StSLib","The Animator","The Blue Laboratory","The Bug Knight"],"gold_per_floor":[119,130,130,11,21,21,21,21,76,95,112,112,146,164,164,269,219,229,229,179,26,40,40,57,57,57],"floor_reached":25,"playtime":1191,"items_purged":["Strike_B"],"score":233,"play_id":"5fd614bd-96a4-4f60-8a54-cb2a7af35e5d","local_time":"20210103061450","is_ascension_mode":true,"campfire_choices":[{"data":"Capacitor","floor":6.0,"key":"SMITH"},{"data":"Consume","floor":8.0,"key":"SMITH"},{"floor":12.0,"key":"REST"},{"floor":15.0,"key":"REST"},{"data":"Echo Form","floor":23.0,"key":"SMITH"}],"circlet_count":0,"master_deck":["Strike_B","Strike_B","Strike_B","Strike_B","Defend_B","Defend_B","Defend_B","Zap","Dualcast","Consume+1","Coolheaded","Capacitor+1","BootSequence","Barrage","Coolheaded","Echo Form+1","Darkness","Chill+1"],"relics":["Cracked Core","PreservedInsect","DataDisk","energizedSpire:HugeHouse","Kunai","Happy Flower"],"acts_visited":["Exordium","TheCity"],"potions_floor_usage":[25,25],"damage_taken":[{"damage":6.0,"enemies":"infinitespire:Voidling","floor":1.0,"turns":3.0},{"damage":10.0,"enemies":"2 Louse","floor":2.0,"turns":3.0},{"damage":6.0,"enemies":"Cultist","floor":5.0,"turns":4.0},{"damage":0.0,"enemies":"Large Slime","floor":10.0,"turns":5.0},{"damage":38.0,"enemies":"Gremlin Gang","floor":11.0,"turns":4.0},{"damage":2.0,"enemies":"HollowMod:MossKnight","floor":13.0,"turns":6.0},{"damage":0.0,"enemies":"2 Fungi Beasts","floor":14.0,"turns":3.0},{"damage":36.0,"enemies":"Hexaghost","floor":16.0,"turns":8.0},{"damage":0.0,"enemies":"Chosen","floor":18.0,"turns":5.0},{"damage":26.0,"enemies":"Snake Plant","floor":22.0,"turns":4.0},{"damage":29.0,"enemies":"Snecko","floor":24.0,"turns":6.0},{"damage":20,"enemies":"Gremlin Leader","floor":25,"turns":2}],"seed_played":"-8477248629696193041","potions_obtained":[{"floor":5.0,"key":"SpeedPotion"},{"floor":10.0,"key":"blueLaboratory:TeslaPotion"},{"floor":16.0,"key":"FocusPotion"},{"floor":18.0,"key":"blueLaboratory:EnragingPotion"},{"floor":22.0,"key":"Fruit Juice"}],"is_trial":false,"path_per_floor":["M","M","?","$","M","R","$","R","T","M","M","R","E","M","R","B",null,"M","AVR","?","$","M","R","M","E"],"character_chosen":"DEFECT","items_purchased":["Capacitor","BootSequence","Happy Flower"],"campfire_rested":2,"item_purchase_floors":[4,4,21],"current_hp_per_floor":[74,64,69,69,63,63,63,63,63,63,25,47,45,45,67,31,70,70,70,70,70,44,44,15,0,0],"gold":57,"neow_bonus":"TRANSFORM_CARD","is_daily":false,"chose_seed":false,"campfire_upgraded":3,"win_rate":0.0,"timestamp":1609679690,"path_taken":["M","?","?","$","M","R","$","R","T","M","M","R","E","?","R","BOSS","M","AVR","?","$","M","R","?","E"],"items_purchased_type":["Card","Card","Relic"],"build_version":"2020-12-22","purchased_purges":1,"victory":false,"max_hp_per_floor":[75,75,75,75,75,75,75,75,75,75,75,75,75,75,75,75,70,70,70,70,70,70,70,70,75,75],"card_choices":[{"not_picked":["Streamline","Sweeping Beam"],"picked":"Conserve Battery","floor":1.0},{"not_picked":["Conserve Battery","Double Energy"],"picked":"Coolheaded","floor":2.0},{"not_picked":["Reprogram","Double Energy"],"picked":"Ball Lightning","floor":5.0},{"not_picked":["Redo","Creative AI"],"picked":"Barrage","floor":10.0},{"not_picked":["Steam","Recycle"],"picked":"Coolheaded","floor":11.0},{"not_picked":["Coolheaded","Amplify","Sunder"],"picked":"SKIP","floor":13.0},{"not_picked":["Cold Snap","Beam Cell","Gash"],"picked":"SKIP","floor":14.0},{"not_picked":["Meteor Strike","Core Surge"],"picked":"Echo Form","floor":16.0},{"not_picked":["Compile Driver","Streamline"],"picked":"Chill+1","floor":18.0},{"not_picked":["Barrage","Conserve Battery","Stack"],"picked":"SKIP","floor":22.0},{"not_picked":["Steam+1","Hologram","Force Field+1"],"picked":"SKIP","floor":24.0},{"not_picked":["Steam+1","Hologram","Force Field+1"],"picked":"SKIP","floor":24.0}],"player_experience":253143,"relics_obtained":[{"floor":9.0,"key":"PreservedInsect"},{"floor":13.0,"key":"DataDisk"}],"event_choices":[{"cards_removed":["Conserve Battery"],"damage_healed":5.0,"max_hp_gain":0.0,"max_hp_loss":0.0,"gold_gain":0.0,"event_name":"Bonfire Elementals","player_choice":"Offered Common","floor":3.0,"gold_loss":0.0,"damage_taken":0.0},{"cards_removed":["Conserve Battery"],"damage_healed":5.0,"max_hp_gain":0.0,"max_hp_loss":0.0,"gold_gain":0.0,"event_name":"Bonfire Elementals","player_choice":"Offered Special","floor":3.0,"gold_loss":0.0,"damage_taken":0.0},{"damage_healed":0.0,"max_hp_gain":0.0,"max_hp_loss":0.0,"gold_gain":0.0,"event_name":"The Joust","player_choice":"Bet on Murderer","floor":20.0,"gold_loss":50.0,"damage_taken":0.0}],"is_beta":false,"boss_relics":[{"not_picked":["aspiration:RunicSpoon","energizedSpire:OgreHead"],"picked":"energizedSpire:HugeHouse"}],"items_purged_floors":[19],"is_endless":false,"potions_floor_spawned":[5,10,16,18,22],"killed_by":"Gremlin Leader","ascension_level":3}}