{"host":"1u4zr9vl8my47i07","time":1609711188,"event":{"mods":["AchievementEnabler","BaseMod","DeckTracker","Highlight Path","Keyboard Shortcuts","Minty Spire (QoL Compilation)","Relic Stats","StSLib","SuperFastMode","The Animator","Uncapped","Waifu the Spire","everything is the same but u backflip on backflip"],"gold_per_floor":[115,65,65,42,61,61,96,96,96,129,54,54,74,101,101,179,179,190,221,146,46,46,46,66,86,86,113,313,313,313,325,325,325,325],"floor_reached":33,"playtime":957,"items_purged":["Strike_R","Strike_R"],"score":559,"play_id":"82aa9f4c-ff02-4cf9-9b35-b4e331b29657","local_time":"20210104065948","is_ascension_mode":true,"campfire_choices":[{"data":"Blood for Blood","floor":6.0,"key":"SMITH"},{"data":"Shrug It Off","floor":8.0,"key":"SMITH"},{"data":"Body Slam","floor":12.0,"key":"SMITH"},{"data":"Dark Embrace","floor":15.0,"key":"SMITH"},{"data":"Offering","floor":23.0,"key":"SMITH"},{"floor":32,"key":"REST"}],"circlet_count":0,"master_deck":["AscendersBane","Strike_R","Defend_R","Defend_R","Defend_R","Defend_R","Bash","Shrug It Off+1","Headbutt","Blood for Blood+1","Offering+1","Body Slam+1","Intimidate","Dark Embrace+1","Corruption","Clothesline","Battle Trance"],"relics":["Burning Blood","NeowsBlessing","Nunchaku","Centennial Puzzle","Regal Pillow","Art of War","Juzu Bracelet","Snecko Eye","Red Mask","Bottled Tornado","Frozen Egg 2"],"acts_visited":["Exordium","TheCity"],"potions_floor_usage":[31],"damage_taken":[{"damage":0.0,"enemies":"Jaw Worm","floor":1.0,"turns":1.0},{"damage":0.0,"enemies":"Small Slimes","floor":5.0,"turns":1.0},{"damage":0.0,"enemies":"3 Sentries","floor":7.0,"turns":2.0},{"damage":24.0,"enemies":"Gremlin Nob","floor":10.0,"turns":3.0},{"damage":0.0,"enemies":"Cultist","floor":13.0,"turns":3.0},{"damage":16.0,"enemies":"Lagavulin","floor":14.0,"turns":3.0},{"damage":37.0,"enemies":"Hexaghost","floor":16.0,"turns":9.0},{"damage":12.0,"enemies":"2 Thieves","floor":18.0,"turns":3.0},{"damage":21.0,"enemies":"Masked Bandits","floor":19.0,"turns":4.0},{"damage":9.0,"enemies":"Chosen","floor":24.0,"turns":2.0},{"damage":6.0,"enemies":"Centurion and Healer","floor":25.0,"turns":4.0},{"damage":16.0,"enemies":"Book of Stabbing","floor":27.0,"turns":3.0},{"damage":6,"enemies":"3 Cultists","floor":31,"turns":3},{"damage":0,"enemies":"Champ","floor":33,"turns":1}],"seed_played":"6477222575541588292","potions_obtained":[{"floor":1.0,"key":"DuplicationPotion"},{"floor":10.0,"key":"Dexterity Potion"},{"floor":16.0,"key":"EntropicBrew"},{"floor":24.0,"key":"Block Potion"},{"floor":31,"key":"PowerPotion"}],"is_trial":false,"path_per_floor":["M","?","?","$","M","R","E","R","T","E","$","R","M","E","R","B",null,"M","?","?","$","$","R","M","M","T","E","?","?","?","M","R","B"],"character_chosen":"IRONCLAD","items_purchased":["Headbutt"],"campfire_rested":1,"item_purchase_floors":[4],"current_hp_per_floor":[74,74,67,67,73,73,75,75,75,57,57,57,63,53,53,22,62,56,41,41,41,41,41,38,38,38,28,28,28,14,14,53,53,53],"gold":325,"neow_bonus":"THREE_ENEMY_KILL","is_daily":false,"chose_seed":false,"campfire_upgraded":5,"win_rate":0.0,"timestamp":1609711188,"path_taken":["M","?","?","?","M","R","E","R","T","E","$","R","?","E","R","BOSS","M","?","?","?","$","R","M","M","T","E","?","?","?","M","R","BOSS"],"items_purchased_type":["Card"],"build_version":"2020-12-22","purchased_purges":2,"victory":false,"max_hp_per_floor":[75,75,75,75,75,75,75,75,75,75,75,75,75,75,75,75,75,75,75,75,75,75,75,75,75,75,75,75,75,80,80,80,80,80],"relic_stats":{"Nunchaku":[9],"Centennial Puzzle":[27],"Regal Pillow":15,"counters":[14,42],"Snecko Eye":[58,50,41,55],"Art of War":[0],"Juzu Bracelet":1,"obtain_stats":[{"Nunchaku":3,"Centennial Puzzle":7,"Regal Pillow":9,"NeowsBlessing":0,"Snecko Eye":17,"Art of War":10,"Juzu Bracelet":14,"Red Mask":19,"Bottled Tornado":26,"Frozen Egg 2":27,"Burning Blood":0},{"Nunchaku":1,"Centennial Puzzle":3,"Regal Pillow":3,"NeowsBlessing":0,"Snecko Eye":7,"Art of War":4,"Juzu Bracelet":6,"Red Mask":9,"Bottled Tornado":11,"Frozen Egg 2":12,"Burning Blood":0},{"Nunchaku":1,"Centennial Puzzle":4,"Regal Pillow":4,"NeowsBlessing":0,"Snecko Eye":22,"Art of War":7,"Juzu Bracelet":13,"Red Mask":29,"Bottled Tornado":35,"Frozen Egg 2":38,"Burning Blood":0}],"Burning Blood":74},"card_choices":[{"not_picked":["Rampage","Clash"],"picked":"Shrug It Off","floor":1.0},{"not_picked":["Clash","Sever Soul"],"picked":"Blood for Blood","floor":5.0},{"not_picked":["Ghostly Armor","Corruption"],"picked":"Offering","floor":7.0},{"not_picked":["Iron Wave","Infernal Blade"],"picked":"Body Slam","floor":10.0},{"not_picked":["Body Slam","Fire Breathing"],"picked":"Intimidate","floor":13.0},{"not_picked":["Seeing Red","Spot Weakness"],"picked":"Dark Embrace","floor":14.0},{"not_picked":["Brutality","Impervious"],"picked":"Corruption","floor":16.0},{"not_picked":["Thunderclap+1","Havoc","Reckless Charge"],"picked":"SKIP","floor":18.0},{"not_picked":["Inflame","True Grit"],"picked":"Clothesline","floor":19.0},{"not_picked":["Hemokinesis","True Grit","Sword Boomerang"],"picked":"SKIP","floor":24.0},{"not_picked":["Burning Pact","Clash"],"picked":"Battle Trance","floor":25.0},{"not_picked":["Pummel","Whirlwind","Perfected Strike"],"picked":"SKIP","floor":27.0},{"not_picked":["Armaments","Whirlwind","Pummel"],"picked":"SKIP","floor":31}],"player_experience":261318,"relics_obtained":[{"floor":7.0,"key":"Centennial Puzzle"},{"floor":9.0,"key":"Regal Pillow"},{"floor":10.0,"key":"Art of War"},{"floor":14.0,"key":"Juzu Bracelet"},{"floor":19.0,"key":"Red Mask"},{"floor":26.0,"key":"Bottled Tornado"},{"floor":27.0,"key":"Frozen Egg 2"}],"event_choices":[{"cards_removed":["Strike_R"],"damage_healed":0.0,"max_hp_gain":0.0,"max_hp_loss":0.0,"gold_gain":0.0,"event_name":"The Cleric","player_choice":"Card Removal","floor":2.0,"gold_loss":50.0,"damage_taken":0.0},{"damage_healed":0.0,"max_hp_gain":0.0,"max_hp_loss":0.0,"gold_gain":0.0,"event_name":"Scrap Ooze","player_choice":"Success","floor":3.0,"gold_loss":0.0,"damage_taken":7.0,"relics_obtained":["Nunchaku"]},{"damage_healed":0.0,"max_hp_gain":0.0,"max_hp_loss":0.0,"gold_gain":0.0,"event_name":"Masked Bandits","player_choice":"Fought Bandits","floor":19.0,"gold_loss":0.0,"damage_taken":0.0},{"cards_removed":["Strike_R"],"damage_healed":0.0,"max_hp_gain":0.0,"max_hp_loss":0.0,"gold_gain":0.0,"event_name":"Beggar","player_choice":"Gave Gold","floor":20.0,"gold_loss":75.0,"damage_taken":0.0},{"damage_healed":0.0,"max_hp_gain":0.0,"max_hp_loss":0.0,"gold_gain":250.0,"event_name":"The Joust","player_choice":"Bet on Owner","floor":28.0,"gold_loss":50.0,"damage_taken":0.0},{"damage_healed":0.0,"max_hp_gain":0.0,"max_hp_loss":0.0,"gold_gain":0.0,"event_name":"Vampires","player_choice":"Ignored","floor":29.0,"gold_loss":0.0,"damage_taken":0.0},{"damage_healed":0.0,"max_hp_gain":5.0,"max_hp_loss":0.0,"gold_gain":0.0,"event_name":"Forgotten Altar","player_choice":"Shed Blood","floor":30.0,"gold_loss":0.0,"damage_taken":19.0}],"is_beta":false,"boss_relics":[{"not_picked":["Velvet Choker","Busted Crown"],"picked":"Snecko Eye"}],"items_purged_floors":[11,21],"is_endless":false,"potions_floor_spawned":[1,10,16,24,27,31],"killed_by":"Champ","ascension_level":14}}