{"host":"9l4mw5jqza9qz9hr","time":1609676766,"event":{"mods":["AchievementEnabler","Always Whale","BaseMod","Colored Map","Minty Spire (QoL Compilation)","StSLib","SuperFastMode"],"gold_per_floor":[110,110,110,130,55,55,88,116,181,227,239,269,281,309,321,438,450,450,462,486,249,268,268,298,298,298,298,311,322,342,542,542,645,645,657,132,182,182,196,224,224,253,253,54,71,88,113,133,133,133],"floor_reached":51,"playtime":1925,"items_purged":["Strike_R","Strike_R","Strike_R","Strike_R+1"],"score":1235,"play_id":"39a3a8ee-1e46-4562-9842-26532a91cf2a","local_time":"20210103212606","is_ascension_mode":true,"campfire_choices":[{"data":"Armaments","floor":6.0,"key":"SMITH"},{"data":"Body Slam","floor":11.0,"key":"SMITH"},{"data":"Entrench","floor":13.0,"key":"SMITH"},{"data":"Metallicize","floor":15.0,"key":"SMITH"},{"data":"Barricade","floor":23.0,"key":"SMITH"},{"data":"Body Slam","floor":25.0,"key":"SMITH"},{"data":"Battle Trance","floor":32.0,"key":"SMITH"},{"data":"Shrug It Off","floor":41.0,"key":"SMITH"},{"data":"Evolve","floor":49,"key":"SMITH"}],"circlet_count":0,"master_deck":["Defend_R","Defend_R","Defend_R+1","Defend_R+1","Bash+1","Armaments+1","Entrench+1","Wild Strike","Body Slam+1","Metallicize+1","Shrug It Off","Barricade+1","Seeing Red+1","Body Slam+1","Shrug It Off+1","Battle Trance+1","Warcry+1","Evolve+1"],"relics":["Burning Blood","NeowsBlessing","Bronze Scales","MawBank","Blood Vial","War Paint","Cursed Key","Bag of Preparation","Mercury Hourglass","Busted Crown","Bottled Tornado","Medical Kit","Pocketwatch","Ginger","Whetstone","Art of War"],"acts_visited":["Exordium","TheCity","TheBeyond"],"potions_floor_usage":[50,50,50],"damage_taken":[{"damage":0.0,"enemies":"Cultist","floor":1.0,"turns":1.0},{"damage":0.0,"enemies":"2 Louse","floor":4.0,"turns":1.0},{"damage":0.0,"enemies":"Lagavulin","floor":7.0,"turns":1.0},{"damage":4.0,"enemies":"Jaw Worm","floor":8.0,"turns":3.0},{"damage":36.0,"enemies":"Gremlin Nob","floor":10.0,"turns":5.0},{"damage":5.0,"enemies":"3 Louse","floor":12.0,"turns":3.0},{"damage":0.0,"enemies":"Exordium Thugs","floor":14.0,"turns":5.0},{"damage":18.0,"enemies":"The Guardian","floor":16.0,"turns":13.0},{"damage":19.0,"enemies":"2 Thieves","floor":18.0,"turns":4.0},{"damage":0.0,"enemies":"Spheric Guardian","floor":20.0,"turns":3.0},{"damage":0.0,"enemies":"Snake Plant","floor":22.0,"turns":2.0},{"damage":12.0,"enemies":"Book of Stabbing","floor":24.0,"turns":5.0},{"damage":0.0,"enemies":"Centurion and Healer","floor":28.0,"turns":5.0},{"damage":9.0,"enemies":"Snecko","floor":29.0,"turns":4.0},{"damage":0.0,"enemies":"Cultist and Chosen","floor":30.0,"turns":4.0},{"damage":19.0,"enemies":"Automaton","floor":33.0,"turns":8.0},{"damage":20.0,"enemies":"3 Shapes","floor":35.0,"turns":3.0},{"damage":0.0,"enemies":"Mind Bloom Boss Battle","floor":37.0,"turns":2.0},{"damage":9.0,"enemies":"3 Darklings","floor":39.0,"turns":5.0},{"damage":0.0,"enemies":"Reptomancer","floor":40.0,"turns":5.0},{"damage":0.0,"enemies":"Nemesis","floor":42.0,"turns":3.0},{"damage":0,"enemies":"Spire Growth","floor":45,"turns":3},{"damage":0,"enemies":"Transient","floor":46,"turns":5},{"damage":0,"enemies":"Reptomancer","floor":47,"turns":4},{"damage":11,"enemies":"Jaw Worm Horde","floor":48,"turns":4},{"damage":0,"enemies":"Time Eater","floor":50,"turns":6}],"seed_played":"7553325880009511369","potions_obtained":[{"floor":4.0,"key":"Ancient Potion"},{"floor":8.0,"key":"Energy Potion"},{"floor":10.0,"key":"BlessingOfTheForge"},{"floor":18.0,"key":"Strength Potion"},{"floor":30.0,"key":"Explosive Potion"},{"floor":37.0,"key":"LiquidMemories"},{"floor":40.0,"key":"Swift Potion"},{"floor":48,"key":"PowerPotion"}],"is_trial":false,"path_per_floor":["M","?","?","M","$","R","E","M","T","E","R","M","R","M","R","B",null,"M","?","M","$","M","R","E","R","T","?","M","M","M","?","R","B",null,"M","$","?","?","M","E","R","E","T","$","M","M","E","M","R","B",null],"character_chosen":"IRONCLAD","items_purchased":["Bag of Preparation","Bottled Tornado","Medical Kit","Swift Potion"],"campfire_rested":0,"item_purchase_floors":[21,36,36,44],"current_hp_per_floor":[78,71,71,77,77,77,80,80,80,50,50,53,53,61,61,51,73,62,62,70,70,78,78,74,74,74,74,80,77,80,80,80,67,77,65,65,73,73,72,80,80,80,80,80,80,80,80,75,75,80],"gold":133,"neow_bonus":"THREE_ENEMY_KILL","is_daily":false,"chose_seed":false,"campfire_upgraded":9,"win_rate":0.0,"timestamp":1609676766,"path_taken":["M","?","?","?","?","R","E","M","T","E","R","M","R","M","R","BOSS","M","?","M","$","M","R","E","R","T","?","M","M","M","?","R","BOSS","M","$","?","?","M","E","R","E","T","$","?","M","E","M","R","BOSS"],"items_purchased_type":["Relic","Relic","Relic","Potion"],"build_version":"2020-12-22","purchased_purges":4,"victory":true,"max_hp_per_floor":[80,80,80,80,80,80,80,80,80,80,80,80,80,80,80,80,80,80,80,80,80,80,80,80,80,80,80,80,80,80,80,80,80,80,80,80,80,80,80,80,80,80,80,80,80,80,80,80,80,80],"card_choices":[{"not_picked":["Clothesline","Sword Boomerang"],"picked":"Armaments","floor":1.0},{"not_picked":["Anger","Reckless Charge"],"picked":"Entrench","floor":4.0},{"not_picked":["Fire Breathing","Burning Pact"],"picked":"Wild Strike","floor":7.0},{"not_picked":["Armaments","Pommel Strike"],"picked":"Body Slam","floor":8.0},{"not_picked":["Havoc","Evolve"],"picked":"Metallicize","floor":10.0},{"not_picked":["Exhume","Clothesline"],"picked":"Shrug It Off","floor":12.0},{"not_picked":["Perfected Strike","Anger","Clash"],"picked":"SKIP","floor":14.0},{"not_picked":["Feed","Exhume"],"picked":"Barricade","floor":16.0},{"not_picked":["Intimidate","Pummel"],"picked":"Seeing Red+1","floor":18.0},{"not_picked":["Wild Strike+1","Body Slam"],"picked":"Shrug It Off","floor":20.0},{"not_picked":["Perfected Strike","Bloodletting","Havoc"],"picked":"SKIP","floor":22.0},{"not_picked":["Uppercut","Sever Soul","Shrug It Off+1"],"picked":"SKIP","floor":24.0},{"not_picked":["Spot Weakness","Shrug It Off","Cleave"],"picked":"SKIP","floor":28.0},{"not_picked":["Iron Wave","Twin Strike","Spot Weakness"],"picked":"SKIP","floor":29.0},{"not_picked":["Shrug It Off","Thunderclap"],"picked":"Battle Trance","floor":30.0},{"not_picked":["Pommel Strike"],"picked":"SKIP","floor":35.0},{"not_picked":[],"picked":"Warcry+1","floor":39.0},{"not_picked":["Headbutt"],"picked":"SKIP","floor":40.0},{"not_picked":["Pommel Strike"],"picked":"SKIP","floor":42.0},{"not_picked":["Iron Wave+1"],"picked":"SKIP","floor":45},{"not_picked":[],"picked":"Evolve","floor":46},{"not_picked":["Rampage+1"],"picked":"SKIP","floor":47},{"not_picked":["Flex"],"picked":"SKIP","floor":48}],"player_experience":158364,"relics_obtained":[{"floor":7.0,"key":"MawBank"},{"floor":9.0,"key":"Blood Vial"},{"floor":10.0,"key":"War Paint"},{"floor":24.0,"key":"Mercury Hourglass"},{"floor":37.0,"key":"Pocketwatch"},{"floor":40.0,"key":"Ginger"},{"floor":42.0,"key":"Whetstone"},{"floor":47,"key":"Art of War"}],"event_choices":[{"damage_healed":0.0,"max_hp_gain":0.0,"max_hp_loss":0.0,"gold_gain":0.0,"event_name":"Scrap Ooze","player_choice":"Success","floor":2.0,"gold_loss":0.0,"damage_taken":7.0,"relics_obtained":["Bronze Scales"]},{"cards_removed":["Strike_R"],"damage_healed":0.0,"max_hp_gain":0.0,"max_hp_loss":0.0,"gold_gain":0.0,"event_name":"Bonfire Elementals","player_choice":"Offered Basic","floor":3.0,"gold_loss":0.0,"damage_taken":0.0},{"damage_healed":0.0,"max_hp_gain":0.0,"max_hp_loss":0.0,"gold_gain":0.0,"event_name":"The Library","player_choice":"Read","floor":19.0,"gold_loss":0.0,"damage_taken":0.0,"cards_obtained":["Body Slam"]},{"damage_healed":0.0,"max_hp_gain":0.0,"max_hp_loss":0.0,"gold_gain":0.0,"event_name":"The Mausoleum","player_choice":"Ignored","floor":27.0,"gold_loss":0.0,"damage_taken":0.0},{"damage_healed":0.0,"max_hp_gain":0.0,"max_hp_loss":0.0,"gold_gain":250.0,"event_name":"The Joust","player_choice":"Bet on Owner","floor":31.0,"gold_loss":50.0,"damage_taken":0.0},{"damage_healed":0.0,"max_hp_gain":0.0,"max_hp_loss":0.0,"gold_gain":0.0,"event_name":"MindBloom","player_choice":"Fight","floor":37.0,"gold_loss":0.0,"damage_taken":0.0},{"damage_healed":0.0,"max_hp_gain":0.0,"max_hp_loss":0.0,"gold_gain":0.0,"event_name":"SecretPortal","player_choice":"Ignored","floor":38.0,"gold_loss":0.0,"damage_taken":0.0}],"is_beta":false,"boss_relics":[{"not_picked":["Runic Pyramid","Coffee Dripper"],"picked":"Cursed Key"},{"not_picked":["Black Blood","Velvet Choker"],"picked":"Busted Crown"}],"items_purged_floors":[5,21,36,44],"is_endless":false,"potions_floor_spawned":[4,8,10,18,20,29,30,37,40,46,48],"ascension_level":6}}