{"host":"b7j598ve05halrwk","time":1609636098,"event":{"mods":["2.2 Compatiblity","BaseMod","Block Reminder","DeckTracker","Minty Spire (QoL Compilation)","Relic Stats","Slay the Relics Exporter","StSLib","ojb\u0027s Info Mod"],"gold_per_floor":[116,86,98,23,35,35,67,67,90,106,121,121,121,152,152,230,230,246,246,261,261,54,85,103,116,141,173,185,214,74,74,74],"floor_reached":31,"playtime":1819,"items_purged":["Normality","Writhe","Strike_B"],"score":684,"play_id":"1d535700-0a06-4947-bc0f-81867fc98504","local_time":"20210102200818","is_ascension_mode":true,"campfire_choices":[{"data":"Rip and Tear","floor":6.0,"key":"SMITH"},{"data":"Buffer","floor":12.0,"key":"SMITH"},{"data":"Defragment","floor":15.0,"key":"SMITH"},{"floor":28,"key":"REST"}],"circlet_count":0,"master_deck":["AscendersBane","Strike_B+1","Strike_B","Defend_B+1","Defend_B","Defend_B","Defend_B","Zap","Dualcast","Buffer+1","Rip and Tear+1","Hello World","Conserve Battery","Electrodynamics","BootSequence","Capacitor","Defragment+1","Echo Form","Chill","Gash","Consume","Aggregate","Ball Lightning","Seek","Chaos+1","Self Repair+1","Dramatic Entrance"],"relics":["Cracked Core","Dream Catcher","Bag of Preparation","Pantograph","Philosopher\u0027s Stone","Smiling Mask","OrangePellets","Happy Flower","MawBank"],"acts_visited":["Exordium","TheCity"],"potions_floor_usage":[25,31,31],"damage_taken":[{"damage":0.0,"enemies":"2 Louse","floor":1.0,"turns":3.0},{"damage":1.0,"enemies":"Cultist","floor":3.0,"turns":3.0},{"damage":7.0,"enemies":"Small Slimes","floor":5.0,"turns":3.0},{"damage":8.0,"enemies":"Lagavulin","floor":7.0,"turns":7.0},{"damage":0.0,"enemies":"3 Louse","floor":10.0,"turns":2.0},{"damage":0.0,"enemies":"Blue Slaver","floor":11.0,"turns":3.0},{"damage":0.0,"enemies":"3 Sentries","floor":14.0,"turns":5.0},{"damage":0.0,"enemies":"Slime Boss","floor":16.0,"turns":6.0},{"damage":0.0,"enemies":"Spheric Guardian","floor":18.0,"turns":4.0},{"damage":13.0,"enemies":"2 Thieves","floor":20.0,"turns":5.0},{"damage":34.0,"enemies":"Gremlin Leader","floor":23.0,"turns":7.0},{"damage":0,"enemies":"Snecko","floor":24,"turns":4},{"damage":22,"enemies":"Snake Plant","floor":25,"turns":5},{"damage":0,"enemies":"Centurion and Healer","floor":27,"turns":6},{"damage":5,"enemies":"Snecko","floor":29,"turns":4},{"damage":24,"enemies":"Book of Stabbing","floor":31,"turns":4}],"seed_played":"-6400300939596733867","potions_obtained":[{"floor":2.0,"key":"SkillPotion"},{"floor":2.0,"key":"SkillPotion"},{"floor":5.0,"key":"Fire Potion"},{"floor":18.0,"key":"SkillPotion"},{"floor":24,"key":"Fire Potion"},{"floor":27,"key":"GamblersBrew"},{"floor":29,"key":"Dexterity Potion"}],"is_trial":false,"path_per_floor":["M","?","M","$","M","R","E","?","T","M","M","R","?","E","R","B",null,"M","?","M","?","$","E","M","M","T","M","R","M","$","E"],"character_chosen":"DEFECT","items_purchased":["OrangePellets","Dramatic Entrance"],"campfire_rested":1,"item_purchase_floors":[22,30],"current_hp_per_floor":[64,64,63,63,56,56,48,27,27,27,27,27,32,32,32,57,71,71,71,58,58,58,24,24,2,2,2,24,19,19,0,0],"gold":74,"neow_bonus":"THREE_RARE_CARDS","is_daily":false,"chose_seed":false,"campfire_upgraded":3,"win_rate":0.0,"timestamp":1609636098,"path_taken":["M","?","?","$","M","R","E","?","T","M","M","R","?","E","R","BOSS","M","?","M","?","$","E","?","M","T","M","R","?","$","E"],"items_purchased_type":["Relic","Card"],"build_version":"2020-12-22","purchased_purges":3,"victory":false,"max_hp_per_floor":[71,71,71,71,71,71,71,71,71,71,71,71,76,76,76,76,76,76,76,76,76,76,76,76,76,76,76,76,76,76,76,76],"relic_stats":{"OrangePellets":[7],"Dream Catcher":1,"Happy Flower":[7],"counters":[16,71],"Pantograph":25,"Bag of Preparation":[24],"Smiling Mask":125,"MawBank":48,"obtain_stats":[{"OrangePellets":22,"Dream Catcher":7,"Happy Flower":23,"Pantograph":14,"Philosopher\u0027s Stone":17,"Bag of Preparation":9,"Cracked Core":0,"Smiling Mask":19,"MawBank":26},{"OrangePellets":10,"Dream Catcher":4,"Happy Flower":11,"Pantograph":7,"Philosopher\u0027s Stone":8,"Bag of Preparation":4,"Cracked Core":0,"Smiling Mask":9,"MawBank":13},{"OrangePellets":41,"Dream Catcher":16,"Happy Flower":48,"Pantograph":26,"Philosopher\u0027s Stone":32,"Bag of Preparation":16,"Cracked Core":0,"Smiling Mask":36,"MawBank":57}]},"card_choices":[{"not_picked":["Fission","Thunder Strike"],"picked":"Buffer","floor":0.0},{"not_picked":["Defragment","Compile Driver"],"picked":"Rip and Tear","floor":1.0},{"not_picked":["Barrage","Hologram"],"picked":"Hello World","floor":3.0},{"not_picked":["Coolheaded","Scrape"],"picked":"Conserve Battery","floor":5.0},{"not_picked":["Sunder","Static Discharge"],"picked":"Electrodynamics","floor":7.0},{"not_picked":["Cold Snap","Sweeping Beam"],"picked":"BootSequence","floor":10.0},{"not_picked":["Turbo","Conserve Battery"],"picked":"Capacitor","floor":11.0},{"not_picked":["Reprogram","BootSequence"],"picked":"Defragment","floor":14.0},{"not_picked":["Creative AI","Thunder Strike"],"picked":"Echo Form","floor":16.0},{"not_picked":["Go for the Eyes","Turbo"],"picked":"Chill","floor":18.0},{"not_picked":["Ball Lightning","Streamline","Beam Cell"],"picked":"SKIP","floor":20.0},{"not_picked":["Stack","Auto Shields"],"picked":"Consume","floor":23.0},{"not_picked":["Hologram","Streamline"],"picked":"Aggregate","floor":24},{"not_picked":["Streamline","Turbo"],"picked":"Ball Lightning","floor":25},{"not_picked":["Streamline","Capacitor"],"picked":"Seek","floor":27},{"not_picked":["Ball Lightning+1","Beam Cell"],"picked":"Chaos+1","floor":28},{"not_picked":["Force Field+1","Leap"],"picked":"Self Repair+1","floor":29}],"player_experience":777871,"relics_obtained":[{"floor":7.0,"key":"Dream Catcher"},{"floor":9.0,"key":"Bag of Preparation"},{"floor":14.0,"key":"Pantograph"},{"floor":23.0,"key":"Happy Flower"},{"floor":26,"key":"MawBank"}],"event_choices":[{"damage_healed":0.0,"max_hp_gain":0.0,"max_hp_loss":0.0,"gold_gain":0.0,"event_name":"The Woman in Blue","player_choice":"Bought 2 Potions","floor":2.0,"gold_loss":0.0,"damage_taken":0.0},{"damage_healed":0.0,"max_hp_gain":0.0,"max_hp_loss":0.0,"gold_gain":0.0,"event_name":"Shining Light","player_choice":"Entered Light","floor":8.0,"gold_loss":0.0,"damage_taken":21.0,"cards_upgraded":["Strike_B","Defend_B"]},{"damage_healed":0.0,"max_hp_gain":5.0,"max_hp_loss":0.0,"gold_gain":0.0,"event_name":"Big Fish","player_choice":"Donut","floor":13.0,"gold_loss":0.0,"damage_taken":0.0},{"damage_healed":0.0,"max_hp_gain":0.0,"max_hp_loss":0.0,"gold_gain":0.0,"event_name":"The Mausoleum","player_choice":"Opened","floor":19.0,"gold_loss":0.0,"damage_taken":0.0,"relics_obtained":["Smiling Mask"],"cards_obtained":["Writhe"]},{"damage_healed":0.0,"max_hp_gain":0.0,"max_hp_loss":0.0,"gold_gain":0.0,"cards_transformed":["Strike_B"],"event_name":"Transmorgrifier","player_choice":"Transformed","floor":21.0,"gold_loss":0.0,"damage_taken":0.0,"cards_obtained":["Gash"]}],"is_beta":false,"boss_relics":[{"not_picked":["Empty Cage","Sozu"],"picked":"Philosopher\u0027s Stone"}],"items_purged_floors":[4,22,30],"is_endless":false,"potions_floor_spawned":[5,10,18,24,27,29],"killed_by":"Book of Stabbing","ascension_level":20}}