{"host":"8lgo2trwv2o0qyml","time":1609637605,"event":{"mods":["BaseMod","Colored Map","Colored Powertips","DeckTracker","Highlight Path","Hubris","Infinite Spire","Minty Spire (QoL Compilation)","Quick Restart","Random Character Button","Relic Sorter","Replay The Spire","StSLib","SuperFastMode","Synergy Search","The Jungle"],"gold_per_floor":[116,116,136,149,149,174,174,203,203,203,203,10,40,52,52,156,156,175,175,1,21,41,41,41],"floor_reached":23,"playtime":1589,"items_purged":["Normality"],"score":209,"play_id":"f1d73336-701b-403c-bdc2-c4ac6ca2918c","local_time":"20210102203325","is_ascension_mode":false,"campfire_choices":[{"floor":7,"key":"REST"},{"data":"infinitespire:Fortify","floor":11,"key":"SMITH"}],"circlet_count":0,"master_deck":["Strike_R","Strike_R","Strike_R","Strike_R","Defend_R","Defend_R","Defend_R","Defend_R","Bash+1","Armaments+1","Iron Wave","ReplayReversal","Intimidate","Rupture","infinitespire:Fortify+1","Armaments","Mayhem","Body Slam","Dark Embrace","Deflect","Dark Embrace","Flex","Burning Pact+1","ReplayTheSpireMod:Reroute Power"],"relics":["Black Blood","Happy Flower","Eternal Feather","Champion Belt","Red Skull","White Beast Statue","PrismaticShard","Calipers"],"acts_visited":["Exordium","TheCity"],"potions_floor_usage":[16,16,16,22,22],"damage_taken":[{"damage":1,"enemies":"2 Louse","floor":1,"turns":3},{"damage":7,"enemies":"Jaw Worm","floor":3,"turns":4},{"damage":6,"enemies":"Small Slimes","floor":4,"turns":3},{"damage":54,"enemies":"Gremlin Nob","floor":6,"turns":5},{"damage":10,"enemies":"Replay:BlueRogue","floor":8,"turns":7},{"damage":10,"enemies":"Lagavulin","floor":13,"turns":7},{"damage":2,"enemies":"Blue Slaver","floor":14,"turns":4},{"damage":37,"enemies":"Fading Forest","floor":16,"turns":11},{"damage":26,"enemies":"3 Byrds","floor":18,"turns":7},{"damage":52,"enemies":"Spheric Guardian","floor":21,"turns":8},{"damage":10,"enemies":"Centurion and Healer","floor":22,"turns":8},{"damage":30,"enemies":"Book of Stabbing","floor":23,"turns":4}],"seed_played":"-7371272307869554453","potions_obtained":[{"floor":3,"key":"SmokeBomb"},{"floor":8,"key":"Doom Potion"},{"floor":13,"key":"Block Potion"},{"floor":14,"key":"Strength Potion"},{"floor":16,"key":"SteroidPotion"},{"floor":18,"key":"Weak Potion"},{"floor":21,"key":"DistilledChaos"},{"floor":22,"key":"SmokeBomb"}],"is_trial":false,"path_per_floor":["M","?","M","M","?","E","R","E","T","?","R","$","E","M","R_BF","B",null,"M","?","$","M","M","E"],"character_chosen":"IRONCLAD","items_purchased":["PrismaticShard","Armaments","Dark Embrace","Flex"],"campfire_rested":1,"item_purchase_floors":[12,12,20,20],"current_hp_per_floor":[80,80,79,79,63,15,48,44,44,24,33,33,29,33,45,23,80,66,66,66,26,28,0,0],"gold":41,"neow_bonus":"RANDOM_COMMON_RELIC","is_daily":false,"chose_seed":false,"campfire_upgraded":1,"win_rate":0.0,"timestamp":1609637605,"path_taken":["M","?","M","M","?","E","R","E","T","?","R","$","E","M","R_BF","BOSS","M","?","$","M","?","E"],"items_purchased_type":["Relic","Card","Card","Card"],"build_version":"2020-12-22","purchased_purges":1,"victory":false,"max_hp_per_floor":[80,80,80,80,80,80,80,80,80,80,80,80,80,80,80,80,80,80,80,80,80,80,80,80],"card_choices":[{"not_picked":["Rupture","Sword Boomerang"],"picked":"Armaments","floor":1},{"not_picked":["Perfected Strike","Battle Trance"],"picked":"Iron Wave","floor":3},{"not_picked":["ReplayTheSpireMod:Strike From Hell","Body Slam"],"picked":"ReplayReversal","floor":4},{"not_picked":["Twin Strike","True Grit"],"picked":"Intimidate","floor":6},{"not_picked":["Bloodletting","Armaments"],"picked":"Rupture","floor":8},{"not_picked":["infinitespire:FutureSight","ReplayTheSpireMod:Haul"],"picked":"infinitespire:Fortify","floor":10},{"not_picked":["Storm","Crescendo"],"picked":"Mayhem","floor":13},{"not_picked":["Crescendo","FlyingSleeves"],"picked":"Body Slam","floor":14},{"not_picked":["ReplayReversal","Dagger Throw"],"picked":"Deflect","floor":18},{"not_picked":["Underhanded Strike","Hemokinesis"],"picked":"Burning Pact+1","floor":21},{"not_picked":["Twin Strike","Body Slam"],"picked":"ReplayTheSpireMod:Reroute Power","floor":22}],"player_experience":0,"relics_obtained":[{"floor":6,"key":"Champion Belt"},{"floor":8,"key":"Red Skull"},{"floor":9,"key":"White Beast Statue"},{"floor":13,"key":"Calipers"}],"event_choices":[{"damage_healed":0,"gold_gain":0,"player_choice":"Box","damage_taken":0,"relics_obtained":["Eternal Feather"],"max_hp_gain":0,"max_hp_loss":0,"event_name":"Big Fish","floor":2,"gold_loss":0,"cards_obtained":["Regret"]},{"damage_healed":0,"gold_gain":0,"player_choice":"Entered Light","damage_taken":16,"max_hp_gain":0,"max_hp_loss":0,"event_name":"Shining Light","floor":5,"gold_loss":0,"cards_upgraded":["Bash","Armaments"]},{"damage_healed":0,"gold_gain":0,"cards_transformed":["Regret"],"player_choice":"Transformed","damage_taken":0,"max_hp_gain":0,"max_hp_loss":0,"event_name":"Transmorgrifier","floor":19,"gold_loss":0,"cards_obtained":["Normality"]}],"is_beta":false,"boss_relics":[{"not_picked":["Busted Crown","Replay:Bronze Core"],"picked":"Black Blood"}],"items_purged_floors":[20],"is_endless":false,"potions_floor_spawned":[3,8,13,14,16,18,21,22],"killed_by":"Book of Stabbing","ascension_level":0}}