{"host":"baymyijz6sxaqj5s","time":1609664660,"event":{"mods":["AchievementEnabler","BaseMod","Colored Map","Colored Powertips","DeckTracker","Highlight Path","KOR Keyword Fix","Keyboard Shortcuts","Minty Spire (QoL Compilation)","Quick Restart","StSLib","SuperFastMode"],"gold_per_floor":[112,62,9,9,21,21,36,36,36,36,36,111,111,122,122,222,222,232,232,245,245,245,245],"floor_reached":22,"playtime":556,"items_purged":[],"score":198,"play_id":"3cdcd599-c096-467c-97a0-4b979e1c7905","local_time":"20210103180420","is_ascension_mode":true,"campfire_choices":[{"data":"Survivor","floor":6,"key":"SMITH"},{"data":"Deflect","floor":8,"key":"SMITH"},{"data":"Deadly Poison","floor":10,"key":"SMITH"},{"data":"Neutralize","floor":13,"key":"SMITH"},{"floor":15,"key":"REST"}],"circlet_count":0,"master_deck":["Strike_G","Strike_G","Strike_G","Strike_G","Defend_G","Defend_G","Defend_G","Defend_G","Defend_G","Survivor+1","Neutralize+1","Quick Slash","Poisoned Stab","Deflect+1","Deadly Poison+1","Burst","Necronomicurse"],"relics":["Ring of the Snake","Unceasing Top","Sozu","MutagenicStrength","Necronomicon"],"acts_visited":["Exordium","TheCity"],"potions_floor_usage":[16,16,16],"damage_taken":[{"damage":5,"enemies":"2 Louse","floor":1,"turns":6},{"damage":0,"enemies":"Small Slimes","floor":5,"turns":3},{"damage":0,"enemies":"Jaw Worm","floor":7,"turns":4},{"damage":8,"enemies":"Large Slime","floor":14,"turns":9},{"damage":49,"enemies":"Slime Boss","floor":16,"turns":17},{"damage":2,"enemies":"Shell Parasite","floor":18,"turns":6},{"damage":23,"enemies":"3 Byrds","floor":20,"turns":7},{"damage":14,"enemies":"Cultist and Chosen","floor":22,"turns":6}],"seed_played":"-4132027818961806160","potions_obtained":[{"floor":5,"key":"Dexterity Potion"},{"floor":7,"key":"CunningPotion"},{"floor":14,"key":"BlessingOfTheForge"}],"is_trial":false,"path_per_floor":["M","?","$","?","M","R","M","R","T","R","$","?","R","M","R","B",null,"M","?","M","?","M"],"character_chosen":"THE_SILENT","items_purchased":["Poisoned Stab"],"campfire_rested":1,"item_purchase_floors":[3],"current_hp_per_floor":[72,72,72,72,72,72,72,72,72,72,72,61,61,53,76,27,77,75,75,52,36,22,22],"gold":245,"neow_bonus":"TEN_PERCENT_HP_BONUS","is_daily":false,"chose_seed":false,"campfire_upgraded":4,"win_rate":0.0,"timestamp":1609664660,"path_taken":["M","?","$","?","M","R","M","R","T","R","?","?","R","M","R","BOSS","M","?","M","?","?"],"items_purchased_type":["Card"],"build_version":"2020-12-22","purchased_purges":0,"victory":false,"max_hp_per_floor":[77,77,77,77,77,77,77,77,77,77,77,77,77,77,77,77,77,77,77,77,77,77,77],"card_choices":[{"not_picked":["Blade Dance","Prepared"],"picked":"Quick Slash","floor":1},{"not_picked":["Cloak And Dagger","Endless Agony"],"picked":"Deflect","floor":5},{"not_picked":["Crippling Poison","Backflip"],"picked":"Deadly Poison","floor":7},{"not_picked":["Deflect","Masterful Stab","Dagger Throw"],"picked":"SKIP","floor":14},{"not_picked":["Envenom","Wraith Form v2"],"picked":"Burst","floor":16},{"not_picked":["Underhanded Strike","Skewer","Eviscerate"],"picked":"SKIP","floor":18},{"not_picked":["Blade Dance","Expertise+1","Calculated Gamble+1"],"picked":"SKIP","floor":20}],"player_experience":309816,"relics_obtained":[{"floor":9,"key":"Unceasing Top"},{"floor":21,"key":"Necronomicon"}],"event_choices":[{"cards_removed":["Strike_G"],"damage_healed":0,"gold_gain":0,"player_choice":"Card Removal","damage_taken":0,"max_hp_gain":0,"max_hp_loss":0,"event_name":"The Cleric","floor":2,"gold_loss":50},{"damage_healed":0,"gold_gain":0,"player_choice":"Ignored","damage_taken":0,"max_hp_gain":0,"max_hp_loss":0,"event_name":"Liars Game","floor":4,"gold_loss":0},{"damage_healed":0,"gold_gain":75,"player_choice":"Gather Gold","damage_taken":11,"max_hp_gain":0,"max_hp_loss":0,"event_name":"World of Goop","floor":12,"gold_loss":0},{"damage_healed":0,"gold_gain":0,"player_choice":"Inject Mutagens","damage_taken":0,"relics_obtained":["MutagenicStrength"],"max_hp_gain":0,"max_hp_loss":0,"event_name":"Drug Dealer","floor":19,"gold_loss":0},{"damage_healed":0,"gold_gain":0,"player_choice":"Obtained Book","damage_taken":16,"max_hp_gain":0,"max_hp_loss":0,"event_name":"Cursed Tome","floor":21,"gold_loss":0}],"is_beta":false,"boss_relics":[{"not_picked":["Velvet Choker","Pandora\u0027s Box"],"picked":"Sozu"}],"items_purged_floors":[],"is_endless":false,"potions_floor_spawned":[5,7,14,20],"killed_by":"Cultist and Chosen","ascension_level":3}}