{"host":"91blwi3hgehj6ch9","time":1609702579,"event":{"mods":["2.2 Compatiblity","AchievementEnabler","BaseMod","Colored Map","DeckTracker","Keyboard Shortcuts","Minty Spire (QoL Compilation)","Permanent Neow","Quick Restart","StSLib","SuperFastMode"],"gold_per_floor":[112,122,122,135,145,1,20,20,45,127,146,46,46,58,58,162,162,177,124,152,242,252,252,265,180,203,203,203,302,314,329,329,427,427,441,456,471,521,521,521,46,46,72,88,101,101,101],"floor_reached":46,"playtime":1966,"items_purged":["Strike_B","Strike_B","Zap"],"score":435,"play_id":"20ca64f4-c3e9-4709-81be-0f4214562f5c","local_time":"20210104043619","is_ascension_mode":true,"campfire_choices":[{"data":"Loop","floor":8.0,"key":"SMITH"},{"data":"Streamline","floor":13.0,"key":"SMITH"},{"data":"Redo","floor":15.0,"key":"SMITH"},{"floor":23,"key":"REST"},{"floor":32,"key":"REST"},{"data":"Defragment","floor":40,"key":"SMITH"},{"data":"Capacitor","floor":42,"key":"SMITH"}],"circlet_count":0,"master_deck":["Dualcast+1","Conserve Battery","Darkness","Sweeping Beam","Ball Lightning","Multi-Cast","Loop+1","Streamline+1","Redo+1","Genetic Algorithm","White Noise","Rainbow","Leap+1","Compile Driver","Double Energy","Redo+1","Turbo","Defragment+1","Biased Cognition","Glacier+1","Skim","BootSequence","Coolheaded","Panacea","Capacitor+1"],"relics":["Cracked Core","Omamori","White Beast Statue","Pandora\u0027s Box","Red Mask","Akabeko","Bag of Marbles","MutagenicStrength","Empty Cage","Incense Burner","Centennial Puzzle","Strawberry"],"acts_visited":["Exordium","TheCity","TheBeyond"],"potions_floor_usage":[31,31,33,37,37],"damage_taken":[{"damage":0.0,"enemies":"2 Louse","floor":1.0,"turns":2.0},{"damage":1.0,"enemies":"Cultist","floor":2.0,"turns":3.0},{"damage":6.0,"enemies":"Jaw Worm","floor":4.0,"turns":4.0},{"damage":4.0,"enemies":"Red Slaver","floor":5.0,"turns":3.0},{"damage":6.0,"enemies":"2 Fungi Beasts","floor":7.0,"turns":2.0},{"damage":0.0,"enemies":"Gremlin Gang","floor":11.0,"turns":3.0},{"damage":9.0,"enemies":"Blue Slaver","floor":14.0,"turns":3.0},{"damage":18.0,"enemies":"The Guardian","floor":16.0,"turns":8.0},{"damage":46.0,"enemies":"2 Thieves","floor":18.0,"turns":4.0},{"damage":0,"enemies":"Masked Bandits","floor":20,"turns":4},{"damage":6,"enemies":"3 Byrds","floor":22,"turns":4},{"damage":0,"enemies":"Cultist and Chosen","floor":24,"turns":4},{"damage":26,"enemies":"Colosseum Slavers","floor":27,"turns":3},{"damage":0,"enemies":"Snecko","floor":30,"turns":3},{"damage":4,"enemies":"Shelled Parasite and Fungi","floor":31,"turns":3},{"damage":19,"enemies":"Champ","floor":33,"turns":8},{"damage":3,"enemies":"3 Shapes","floor":35,"turns":3},{"damage":11,"enemies":"Orb Walker","floor":36,"turns":2},{"damage":11,"enemies":"Maw","floor":37,"turns":6},{"damage":14,"enemies":"Mind Bloom Boss Battle","floor":38,"turns":8},{"damage":18,"enemies":"Spire Growth","floor":44,"turns":7},{"damage":5,"enemies":"Sphere and 2 Shapes","floor":45,"turns":6},{"damage":20,"enemies":"Writhing Mass","floor":46,"turns":3}],"seed_played":"-5626796357501371349","potions_obtained":[{"floor":4.0,"key":"Explosive Potion"},{"floor":5.0,"key":"ColorlessPotion"},{"floor":11.0,"key":"LiquidMemories"},{"floor":14.0,"key":"EntropicBrew"},{"floor":16.0,"key":"Strength Potion"},{"floor":20,"key":"SpeedPotion"},{"floor":30,"key":"Explosive Potion"},{"floor":31,"key":"Swift Potion"},{"floor":33,"key":"LiquidMemories"},{"floor":35,"key":"EssenceOfSteel"},{"floor":37,"key":"EntropicBrew"},{"floor":38,"key":"GamblersBrew"}],"is_trial":false,"path_per_floor":["M","M","?","M","M","$","M","R","T","T","M","$","R","M","R","B",null,"M","$","?","?","M","R","M","?","T","?","?","?","M","M","R","B",null,"M","M","M","?","?","R","$","R","T","M","M","M"],"character_chosen":"DEFECT","items_purchased":["Multi-Cast","Compile Driver","Coolheaded","Panacea","Centennial Puzzle","Capacitor"],"campfire_rested":2,"item_purchase_floors":[6,19,41,41,41,41],"current_hp_per_floor":[75,74,74,68,64,64,58,58,58,58,58,58,58,49,49,31,75,29,29,29,17,11,33,33,33,33,7,7,7,7,3,25,6,75,72,61,50,36,36,36,36,36,43,25,20,0,0],"gold":101,"neow_bonus":"REMOVE_CARD","is_daily":false,"chose_seed":false,"campfire_upgraded":5,"win_rate":0.0,"timestamp":1609702579,"path_taken":["M","M","?","M","M","?","M","R","T","?","?","$","R","M","R","BOSS","M","$","?","?","M","R","?","?","T","?","?","?","M","M","R","BOSS","M","M","M","?","?","R","?","R","T","M","M","M"],"items_purchased_type":["Card","Card","Card","Card","Relic","Card"],"build_version":"2020-12-22","purchased_purges":3,"victory":false,"max_hp_per_floor":[75,75,75,75,75,75,75,75,75,75,75,75,75,75,75,75,75,75,75,75,75,75,75,75,75,75,75,75,75,75,75,75,75,75,75,75,75,75,75,75,75,75,82,82,82,82,82],"card_choices":[{"not_picked":["Loop","Leap"],"picked":"Conserve Battery","floor":1.0},{"not_picked":["Doom and Gloom","Storm"],"picked":"Darkness","floor":2.0},{"not_picked":["Gash","Steam"],"picked":"Sweeping Beam","floor":4.0},{"not_picked":["Sweeping Beam","Stack"],"picked":"Ball Lightning","floor":5.0},{"not_picked":["Aggregate","Ball Lightning"],"picked":"Loop","floor":7.0},{"not_picked":["FTL","Thunder Strike"],"picked":"Streamline","floor":11.0},{"not_picked":["Sunder","Leap"],"picked":"Redo","floor":14.0},{"not_picked":["All For One","Machine Learning"],"picked":"Buffer","floor":16.0},{"not_picked":["Tempest","Steam"],"picked":"Leap+1","floor":18.0},{"not_picked":["Defragment","Self Repair"],"picked":"Double Energy","floor":20},{"not_picked":["Streamline","Fusion"],"picked":"Redo+1","floor":22},{"not_picked":["Sunder","Redo","Barrage+1"],"picked":"SKIP","floor":24},{"not_picked":["Go for the Eyes","Double Energy"],"picked":"Turbo","floor":30},{"not_picked":["Turbo","Steam"],"picked":"Defragment","floor":31},{"not_picked":["Rainbow","Machine Learning"],"picked":"Biased Cognition","floor":33},{"not_picked":["Go for the Eyes","Stack","Redo"],"picked":"SKIP","floor":35},{"not_picked":["Leap+1","Auto Shields"],"picked":"Glacier+1","floor":36},{"not_picked":["Double Energy","Barrage"],"picked":"Skim","floor":37},{"not_picked":["Cold Snap","Stack+1"],"picked":"BootSequence","floor":38},{"not_picked":["Stack","Cold Snap+1","Fission"],"picked":"SKIP","floor":44},{"not_picked":["Hello World+1","Leap","Cold Snap+1"],"picked":"SKIP","floor":45}],"player_experience":142577,"relics_obtained":[{"floor":9.0,"key":"Omamori"},{"floor":10.0,"key":"White Beast Statue"},{"floor":20,"key":"Red Mask"},{"floor":26,"key":"Bag of Marbles"},{"floor":38,"key":"Incense Burner"},{"floor":43,"key":"Strawberry"}],"event_choices":[{"damage_healed":0.0,"max_hp_gain":0.0,"max_hp_loss":0.0,"gold_gain":0.0,"event_name":"Upgrade Shrine","player_choice":"Upgraded","floor":3.0,"gold_loss":0.0,"damage_taken":0.0,"cards_upgraded":["Dualcast"]},{"damage_healed":0,"gold_gain":0,"player_choice":"Fought Bandits","damage_taken":0,"max_hp_gain":0,"max_hp_loss":0,"event_name":"Masked Bandits","floor":20,"gold_loss":0},{"damage_healed":0,"gold_gain":90,"player_choice":"GOLD ","damage_taken":12,"max_hp_gain":0,"max_hp_loss":0,"event_name":"Knowing Skull","floor":21,"potions_obtained":[],"gold_loss":0,"cards_obtained":[]},{"damage_healed":0,"gold_gain":0,"player_choice":"Obtained Relic","damage_taken":0,"relics_obtained":["Akabeko"],"max_hp_gain":0,"max_hp_loss":0,"event_name":"Addict","floor":25,"gold_loss":85},{"damage_healed":0,"gold_gain":0,"player_choice":"Fight","damage_taken":0,"max_hp_gain":0,"max_hp_loss":0,"event_name":"Colosseum","floor":27,"gold_loss":0},{"damage_healed":0,"gold_gain":0,"player_choice":"Fled From Nobs","damage_taken":0,"max_hp_gain":0,"max_hp_loss":0,"event_name":"Colosseum","floor":27,"gold_loss":0},{"damage_healed":0,"gold_gain":0,"player_choice":"Inject Mutagens","damage_taken":0,"relics_obtained":["MutagenicStrength"],"max_hp_gain":0,"max_hp_loss":0,"event_name":"Drug Dealer","floor":28,"gold_loss":0},{"damage_healed":0,"gold_gain":99,"player_choice":"Stole From Cult","damage_taken":0,"max_hp_gain":0,"max_hp_loss":0,"event_name":"Nest","floor":29,"gold_loss":0},{"damage_healed":0,"gold_gain":0,"player_choice":"Fight","damage_taken":0,"max_hp_gain":0,"max_hp_loss":0,"event_name":"MindBloom","floor":38,"gold_loss":0},{"cards_removed":["Buffer"],"damage_healed":0,"gold_gain":0,"player_choice":"Removed Power","damage_taken":0,"max_hp_gain":0,"max_hp_loss":0,"event_name":"Falling","floor":39,"gold_loss":0}],"is_beta":false,"boss_relics":[{"not_picked":["Coffee Dripper","Busted Crown"],"picked":"Pandora\u0027s Box"},{"not_picked":["Nuclear Battery","Velvet Choker"],"picked":"Empty Cage"}],"items_purged_floors":[6,12,41],"is_endless":false,"potions_floor_spawned":[4,5,11,14,16,18,20,22,24,27,30,31,33,35,36,37,38,44,45],"killed_by":"Writhing Mass","ascension_level":1}}