{"host":"nlbr7nnijupf3yfg","time":1609652574,"event":{"mods":["AchievementEnabler","BaseMod","Colored Powertips","DeckTracker","Downfall","Hubris","Minty Spire (QoL Compilation)","Replay The Spire","StSLib","SuperFastMode"],"gold_per_floor":[119,294,294,294,304,333,333,366,366,380,30,50,50,78,78,179,179,189,38,38,51,51,51,82,82,82,98,98,98,109,109,109,214,214,233,533,551,568,588,588,36,36,36,53,72,99,116,128,128,128,128],"floor_reached":50,"playtime":1308,"items_purged":["Doubt"],"score":662,"play_id":"093e53dc-559b-4d56-813e-9c950dba4377","local_time":"20210103004254","is_ascension_mode":false,"campfire_choices":[{"data":"Blade Dance","floor":7,"key":"SMITH"},{"floor":15,"key":"REST"},{"data":"Atom Bomb","floor":23,"key":"SMITH"},{"floor":25,"key":"REST"},{"floor":29,"key":"REST"},{"floor":32,"key":"REST"},{"floor":40,"key":"REST"},{"data":"Atom Bomb","floor":42,"key":"SMITH"},{"floor":49,"key":"REST"}],"circlet_count":0,"master_deck":["Strike_G","Strike_G","Strike_G","Strike_G+1","Defend_G","Defend_G+1","Defend_G","Defend_G","Defend_G","Survivor+1","Neutralize","Deadly Poison+1","Outmaneuver","Blade Dance+1","Quick Slash","Choke","Flying Knee","Catalyst","Atom Bomb+1","Dodge and Roll+1","Atom Bomb+1","Distraction","Deadly Poison","ReplayTheSpireMod:Scrap Shanks+1","After Image","Poisoned Stab+1","Crippling Poison+1","Dagger Spray+1"],"relics":["NeowsBlessing","Simple Rune","Sizzling Blood","Nunchaku","hubris:ToyBattleship","Pear","HornCleat","hubris:PeanutButter","hubris:GrandSneckoEye","DollysMirror","ReplayFunnel","Boot","Black Star","hubris:SphereOfDissonance","Lee\u0027s Waffle","Strawberry","hubris:MysteriousPyramids","Replay:Mystery Machine","hubris:DeckOfHolding"],"acts_visited":["Exordium","TheCity","TheBeyond"],"potions_floor_usage":[8,8,8,8,14,24,27,33,37,46,47,50,50,50],"damage_taken":[{"damage":0,"enemies":"Small Slimes","floor":1,"turns":1},{"damage":0,"enemies":"Jaw Worm","floor":5,"turns":1},{"damage":0,"enemies":"3 Sentries","floor":6,"turns":2},{"damage":10,"enemies":"Lagavulin","floor":8,"turns":4},{"damage":0,"enemies":"2 Louse","floor":10,"turns":2},{"damage":8,"enemies":"Lots of Slimes","floor":12,"turns":3},{"damage":18,"enemies":"3 Sentries","floor":14,"turns":7},{"damage":22,"enemies":"Hexaghost","floor":16,"turns":10},{"damage":2,"enemies":"Shell Parasite","floor":18,"turns":3},{"damage":0,"enemies":"2 Thieves","floor":21,"turns":2},{"damage":19,"enemies":"Gremlin Leader","floor":24,"turns":6},{"damage":5,"enemies":"3 Cultists","floor":27,"turns":4},{"damage":0,"enemies":"Snake Plant","floor":30,"turns":2},{"damage":53,"enemies":"Automaton","floor":33,"turns":8},{"damage":12,"enemies":"3 Shapes","floor":35,"turns":4},{"damage":6,"enemies":"3 Darklings","floor":37,"turns":4},{"damage":25,"enemies":"Jaw Worm Horde","floor":38,"turns":5},{"damage":5,"enemies":"Maw","floor":39,"turns":6},{"damage":30,"enemies":"Transient","floor":44,"turns":5},{"damage":0,"enemies":"Spire Growth","floor":45,"turns":3},{"damage":0,"enemies":"R_Hoarder","floor":46,"turns":6},{"damage":18,"enemies":"Writhing Mass","floor":47,"turns":4},{"damage":20,"enemies":"Jaw Worm Horde","floor":48,"turns":3},{"damage":85,"enemies":"Time Eater","floor":50,"turns":9}],"seed_played":"2291714276875935355","potions_obtained":[{"floor":1,"key":"Fire Potion"},{"floor":6,"key":"EntropicBrew"},{"floor":8,"key":"sneckomod:MuddlingPotion"},{"floor":12,"key":"PowerPotion"},{"floor":14,"key":"Guardian:BlockOnCardUsePotion"},{"floor":21,"key":"hexamod:EctoCoolerPotion"},{"floor":27,"key":"BlessingOfTheForge"},{"floor":33,"key":"Dexterity Potion"},{"floor":35,"key":"SpeedPotion"},{"floor":38,"key":"FearPotion"},{"floor":48,"key":"Dexterity Potion"}],"is_trial":false,"path_per_floor":["M","?","T","?","M","E","R","E","T","M","$","M","?","E","R","B",null,"M","$","?","M","?","R","E","R","T","M","$","R","M","?","R","B",null,"M","?","M","M","M","R","$","R","T","M","M","E","M","M","R","B"],"character_chosen":"THE_SILENT","items_purchased":["HornCleat","Flying Knee","DollysMirror","hubris:SphereOfDissonance","Lee\u0027s Waffle","Strawberry"],"campfire_rested":6,"item_purchase_floors":[11,11,19,41,41,41],"current_hp_per_floor":[70,70,70,74,74,74,74,68,78,82,82,78,61,47,72,54,84,84,84,84,84,84,84,69,84,84,83,83,84,84,68,89,40,89,81,81,79,58,57,83,103,103,103,77,81,85,71,55,85,0,0],"gold":128,"neow_bonus":"THREE_ENEMY_KILL","is_daily":false,"chose_seed":false,"campfire_upgraded":3,"win_rate":0.0,"timestamp":1609652574,"path_taken":["M","?","?","?","M","E","R","E","T","M","$","M","?","E","R","BOSS","M","$","?","M","?","R","E","R","T","?","$","R","M","?","R","BOSS","M","?","?","M","M","R","$","R","T","M","M","E","M","M","R","BOSS"],"items_purchased_type":["Relic","Card","Relic","Relic","Relic","Relic"],"build_version":"2020-12-22","purchased_purges":1,"victory":false,"max_hp_per_floor":[70,70,70,74,74,74,74,74,84,84,84,84,84,84,84,84,84,84,84,84,84,84,84,84,84,84,84,84,84,84,89,89,89,89,89,89,89,89,89,89,103,103,103,103,103,103,103,103,103,103,103],"card_choices":[{"not_picked":["ReplayTheSpireMod:Tripwire","Well Laid Plans"],"picked":"Deadly Poison","floor":1},{"not_picked":["hubris:SlightOfHand","Flechettes"],"picked":"Outmaneuver","floor":5},{"not_picked":["Quick Slash","Dodge and Roll"],"picked":"Blade Dance","floor":6},{"not_picked":["Envenom","Expertise"],"picked":"Quick Slash","floor":8},{"not_picked":["Slice","hubris:TrickCloak"],"picked":"Choke","floor":10},{"not_picked":["Backstab","Acrobatics"],"picked":"Catalyst","floor":12},{"not_picked":["Expertise","Prepared","Dagger Throw"],"picked":"SKIP","floor":14},{"not_picked":["Unload","Night Terror"],"picked":"Atom Bomb","floor":16},{"not_picked":["Slice","Acrobatics"],"picked":"Dodge and Roll+1","floor":18},{"not_picked":["Dodge and Roll","ReplayTheSpireMod:Exploit Weakness"],"picked":"Distraction","floor":21},{"not_picked":["Toxin Wave","Leg Sweep"],"picked":"Deadly Poison","floor":24},{"not_picked":["Reflex+1","Hidden Blade","Backflip"],"picked":"SKIP","floor":27},{"not_picked":["Terror","Outmaneuver"],"picked":"ReplayTheSpireMod:Scrap Shanks+1","floor":30},{"not_picked":["Night Terror","Wraith Form v2"],"picked":"After Image","floor":33},{"not_picked":["hubris:Sniper+1","Acrobatics"],"picked":"Poisoned Stab+1","floor":35},{"not_picked":["Sneak Up+1","Quick Slash","hubris:TrickCloak"],"picked":"SKIP","floor":37},{"not_picked":["Dagger Throw+1","Backflip+1","Bane"],"picked":"SKIP","floor":38},{"not_picked":["Predator","Sneak Up+1","Quick Slash"],"picked":"SKIP","floor":39},{"not_picked":["Poisoned Stab","hubris:SlightOfHand+1","Quick Slash"],"picked":"SKIP","floor":44},{"not_picked":["Finisher","Terror"],"picked":"Crippling Poison+1","floor":45},{"not_picked":["ReplayTheSpireMod:The Works","Finisher+1"],"picked":"Dagger Spray+1","floor":46},{"not_picked":["Dagger Throw+1","Backflip","Malaise"],"picked":"SKIP","floor":47},{"not_picked":["Slice","Endless Agony","Deflect+1"],"picked":"SKIP","floor":48}],"player_experience":30925,"relics_obtained":[{"floor":3,"key":"Simple Rune"},{"floor":6,"key":"Nunchaku"},{"floor":8,"key":"hubris:ToyBattleship"},{"floor":9,"key":"Pear"},{"floor":14,"key":"hubris:PeanutButter"},{"floor":24,"key":"ReplayFunnel"},{"floor":26,"key":"Boot"},{"floor":43,"key":"hubris:MysteriousPyramids"},{"floor":46,"key":"Replay:Mystery Machine"},{"floor":46,"key":"hubris:DeckOfHolding"}],"event_choices":[{"damage_healed":0,"gold_gain":175,"player_choice":"AGREE","damage_taken":0,"max_hp_gain":0,"max_hp_loss":0,"event_name":"Liars Game","floor":2,"gold_loss":0,"cards_obtained":["Doubt"]},{"damage_healed":0,"gold_gain":0,"player_choice":"Entered Light","damage_taken":17,"max_hp_gain":0,"max_hp_loss":0,"event_name":"Shining Light","floor":13,"gold_loss":0,"cards_upgraded":["Deadly Poison","Survivor"]},{"damage_healed":0,"gold_gain":0,"player_choice":"Ignored","damage_taken":0,"max_hp_gain":0,"max_hp_loss":0,"event_name":"Vampires","floor":20,"gold_loss":0},{"cards_removed":["Strike_G"],"damage_healed":0,"gold_gain":0,"player_choice":"Offered Basic","damage_taken":0,"max_hp_gain":0,"max_hp_loss":0,"event_name":"Bonfire Elementals","floor":22,"gold_loss":0},{"damage_healed":0,"gold_gain":0,"player_choice":"Shed Blood","damage_taken":21,"max_hp_gain":5,"max_hp_loss":0,"event_name":"Forgotten Altar","floor":31,"gold_loss":0},{"damage_healed":0,"gold_gain":300,"player_choice":"Gold","damage_taken":0,"max_hp_gain":0,"max_hp_loss":0,"event_name":"Wheel of Change","floor":36,"gold_loss":0}],"is_beta":false,"boss_relics":[{"not_picked":["SlaversCollar","Painkiller Herb"],"picked":"hubris:GrandSneckoEye"},{"not_picked":["hubris:BlackHole","hubris:TerracottaHorce"],"picked":"Black Star"}],"items_purged_floors":[11],"is_endless":false,"potions_floor_spawned":[1,6,8,12,14,21,27,33,35,38,48],"killed_by":"Time Eater","ascension_level":0}}