{"host":"uxq2rly8rxtwffuf","time":1609656031,"event":{"mods":["BaseMod","Koishi","Minty Spire (QoL Compilation)","StSLib","The Judge","The Servant 0.9.4"],"gold_per_floor":[218,218,233,233,47,47,75,86,86,86,97,97,110,123,123,225,225,240,90,110,110,129,129,148,148,172,188,188,188],"floor_reached":28,"playtime":861,"items_purged":["Strike_G"],"score":355,"play_id":"439f2a10-8f80-4c4c-aab1-cf7e54782609","local_time":"20210103094031","is_ascension_mode":true,"campfire_choices":[{"data":"Noxious Fumes","floor":6,"key":"SMITH"},{"data":"Deadly Poison","floor":10,"key":"SMITH"},{"floor":12,"key":"REST"},{"floor":15,"key":"RECALL"},{"floor":23,"key":"REST"},{"floor":25,"key":"REST"}],"circlet_count":0,"master_deck":["AscendersBane","Strike_G","Strike_G","Strike_G","Defend_G","Defend_G","Defend_G","Defend_G","Defend_G","Survivor","Neutralize","Deadly Poison+1","Noxious Fumes+1","Poisoned Stab","Bane","All Out Attack","Die Die Die","Bane","Noxious Fumes","Bouncing Flask+1","Infinite Blades","Catalyst"],"relics":["Ring of the Serpent","Snake Skull","CaptainsWheel","Nloth\u0027s Gift","Regal Pillow"],"acts_visited":["Exordium","TheCity"],"potions_floor_usage":[7,7,13,18,20],"damage_taken":[{"damage":1,"enemies":"Jaw Worm","floor":1,"turns":6},{"damage":1,"enemies":"Small Slimes","floor":3,"turns":4},{"damage":10,"enemies":"Lagavulin","floor":7,"turns":7},{"damage":0,"enemies":"Cultist","floor":8,"turns":4},{"damage":18,"enemies":"Large Slime","floor":11,"turns":5},{"damage":9,"enemies":"Gremlin Gang","floor":13,"turns":4},{"damage":0,"enemies":"Blue Slaver","floor":14,"turns":3},{"damage":17,"enemies":"Slime Boss","floor":16,"turns":7},{"damage":31,"enemies":"2 Thieves","floor":18,"turns":4},{"damage":6,"enemies":"3 Byrds","floor":20,"turns":3},{"damage":37,"enemies":"Centurion and Healer","floor":22,"turns":5},{"damage":12,"enemies":"Snake Plant","floor":24,"turns":4},{"damage":21,"enemies":"Shelled Parasite and Fungi","floor":27,"turns":5},{"damage":23,"enemies":"Centurion and Healer","floor":28,"turns":2}],"seed_played":"-1419147854067222164","potions_obtained":[{"floor":1,"key":"CunningPotion"},{"floor":4,"key":"DistilledChaos"},{"floor":11,"key":"Regen Potion"},{"floor":13,"key":"FairyPotion"},{"floor":16,"key":"Swift Potion"},{"floor":18,"key":"DistilledChaos"},{"floor":27,"key":"Dexterity Potion"}],"is_trial":false,"path_per_floor":["M","?","M","?","$","R","E","M","T","R","M","R","M","M","R","B",null,"M","$","M","?","M","R","M","R","T","M","M"],"character_chosen":"THE_SILENT","items_purchased":["Noxious Fumes","Snake Skull","Noxious Fumes"],"campfire_rested":3,"item_purchase_floors":[5,5,19],"current_hp_per_floor":[62,55,54,54,54,54,44,44,44,44,26,47,52,52,52,35,61,30,30,24,24,12,33,21,42,42,21,0,0],"gold":188,"neow_bonus":"HUNDRED_GOLD","is_daily":false,"chose_seed":false,"campfire_upgraded":2,"win_rate":0.0,"timestamp":1609656031,"path_taken":["M","?","M","?","$","R","E","M","T","R","M","R","?","M","R","BOSS","M","$","M","?","?","R","M","R","T","M","M"],"items_purchased_type":["Card","Relic","Card"],"build_version":"2020-12-22","purchased_purges":1,"victory":false,"max_hp_per_floor":[70,70,70,70,70,70,70,70,70,70,70,70,70,70,70,70,70,70,70,70,70,70,70,70,70,70,70,70,70],"card_choices":[{"not_picked":["Leg Sweep","Deflect"],"picked":"Deadly Poison","floor":1},{"not_picked":["Masterful Stab","Cloak And Dagger","Distraction"],"picked":"SKIP","floor":3},{"not_picked":["Underhanded Strike","Prepared"],"picked":"Poisoned Stab","floor":7},{"not_picked":["Well Laid Plans","Terror"],"picked":"Bane","floor":8},{"not_picked":["Backstab","Deflect"],"picked":"All Out Attack","floor":11},{"not_picked":["Slice","Tactician","Dagger Spray"],"picked":"SKIP","floor":13},{"not_picked":["Outmaneuver","Dagger Spray","Acrobatics"],"picked":"SKIP","floor":14},{"not_picked":["Unload","Wraith Form v2"],"picked":"Die Die Die","floor":16},{"not_picked":["Quick Slash","Dagger Throw"],"picked":"Bane","floor":18},{"not_picked":["Dash","Acrobatics"],"picked":"Bouncing Flask+1","floor":20},{"not_picked":["Glass Knife","Calculated Gamble+1","Blade Dance"],"picked":"SKIP","floor":22},{"not_picked":["Sucker Punch","Flying Knee"],"picked":"Infinite Blades","floor":24},{"not_picked":["Backflip","Sucker Punch"],"picked":"Catalyst","floor":27}],"player_experience":1376754,"relics_obtained":[{"floor":7,"key":"CaptainsWheel"},{"floor":9,"key":"Tingsha"},{"floor":26,"key":"Regal Pillow"}],"event_choices":[{"cards_removed":["Strike_G"],"damage_healed":0,"gold_gain":0,"player_choice":"Card Removal","damage_taken":7,"max_hp_gain":0,"max_hp_loss":0,"event_name":"Golden Wing","floor":2,"gold_loss":0},{"damage_healed":0,"gold_gain":0,"player_choice":"Got Potions","damage_taken":0,"max_hp_gain":0,"max_hp_loss":0,"event_name":"Lab","floor":4,"gold_loss":0},{"damage_healed":0,"gold_gain":0,"player_choice":"Traded Relic","damage_taken":0,"relics_obtained":["Nloth\u0027s Gift"],"max_hp_gain":0,"max_hp_loss":0,"event_name":"N\u0027loth","floor":21,"relics_lost":["Tingsha"],"gold_loss":0}],"is_beta":false,"boss_relics":[{"not_picked":["Calling Bell","Astrolabe"],"picked":"Ring of the Serpent"}],"items_purged_floors":[19],"is_endless":false,"potions_floor_spawned":[1,11,13,16,18,27],"killed_by":"Centurion and Healer","ascension_level":12}}