{"host":"6r4na9dgjsffx65e","time":1609700693,"event":{"mods":["BaseMod","Colored Map","Colored Powertips","Minty Spire (QoL Compilation)","Relic Stats","ojb\u0027s Info Mod"],"gold_per_floor":[116,136,136,136,29,29,58,58,58,73,98,116,156,180,180,311,311,325,298,144,243,0,0,0],"floor_reached":23,"playtime":1290,"items_purged":[],"score":339,"play_id":"e0b157b8-c891-4ca8-aa09-84138e17501d","local_time":"20210103200453","is_ascension_mode":true,"campfire_choices":[{"data":"Deadly Poison","floor":6,"key":"SMITH"},{"data":"Strike_G","floor":15,"key":"PURGE"}],"circlet_count":0,"master_deck":["AscendersBane","Strike_G","Strike_G","Strike_G","Defend_G","Defend_G","Defend_G","Defend_G","Defend_G","Survivor","Neutralize","Poisoned Stab","Deadly Poison+1","Noxious Fumes","Crippling Poison","Leg Sweep","Dagger Spray","Blur","Backflip","Wraith Form v2","Footwork","Acrobatics"],"relics":["Ring of the Snake","NeowsBlessing","Lantern","Peace Pipe","Golden Idol","Shuriken","Anchor","Black Star","PreservedInsect","InkBottle"],"acts_visited":["Exordium","TheCity"],"potions_floor_usage":[13,16,16,19],"damage_taken":[{"damage":0,"enemies":"2 Louse","floor":1,"turns":1},{"damage":0,"enemies":"Small Slimes","floor":2,"turns":1},{"damage":0,"enemies":"Gremlin Nob","floor":7,"turns":1},{"damage":0,"enemies":"Jaw Worm","floor":10,"turns":3},{"damage":12,"enemies":"Exordium Thugs","floor":11,"turns":3},{"damage":4,"enemies":"Large Slime","floor":12,"turns":5},{"damage":10,"enemies":"Lagavulin","floor":13,"turns":5},{"damage":8,"enemies":"Gremlin Gang","floor":14,"turns":4},{"damage":15,"enemies":"Slime Boss","floor":16,"turns":9},{"damage":24,"enemies":"3 Byrds","floor":18,"turns":5},{"damage":2,"enemies":"2 Thieves","floor":19,"turns":5},{"damage":27,"enemies":"Gremlin Leader","floor":23,"turns":4}],"seed_played":"8119774610504940453","potions_obtained":[{"floor":2,"key":"SkillPotion"},{"floor":10,"key":"LiquidMemories"},{"floor":13,"key":"Poison Potion"},{"floor":18,"key":"SkillPotion"}],"is_trial":false,"path_per_floor":["M","M","?","?","$","R","E","?","T","M","M","M","E","M","R","B",null,"M","M","$","?","$","E"],"character_chosen":"THE_SILENT","items_purchased":["Noxious Fumes","Crippling Poison","PreservedInsect","InkBottle"],"campfire_rested":0,"item_purchase_floors":[5,5,20,22],"current_hp_per_floor":[63,63,63,60,60,60,60,60,60,60,48,44,34,26,26,11,52,28,26,26,26,26,0,0],"gold":0,"neow_bonus":"THREE_ENEMY_KILL","is_daily":false,"chose_seed":false,"campfire_upgraded":1,"win_rate":0.0,"timestamp":1609700693,"path_taken":["M","M","?","?","$","R","E","?","T","M","?","M","E","M","R","BOSS","M","M","$","?","$","E"],"items_purchased_type":["Card","Card","Relic","Relic"],"build_version":"2020-12-22","purchased_purges":0,"victory":false,"max_hp_per_floor":[70,70,70,70,70,70,70,65,65,65,65,65,65,65,65,65,65,65,65,65,65,65,65,65],"relic_stats":{"Peace Pipe":1,"counters":[12,46],"Golden Idol":58,"Shuriken":[9],"PreservedInsect":48,"Black Star":0,"obtain_stats":[{"Peace Pipe":7,"Lantern":4,"Anchor":13,"NeowsBlessing":0,"Golden Idol":8,"Shuriken":9,"PreservedInsect":20,"Black Star":17,"InkBottle":22,"Ring of the Snake":0},{"Peace Pipe":3,"Lantern":2,"Anchor":7,"NeowsBlessing":0,"Golden Idol":3,"Shuriken":3,"PreservedInsect":11,"Black Star":9,"InkBottle":11,"Ring of the Snake":0},{"Peace Pipe":3,"Lantern":2,"Anchor":19,"NeowsBlessing":0,"Golden Idol":3,"Shuriken":3,"PreservedInsect":42,"Black Star":32,"InkBottle":42,"Ring of the Snake":0}],"InkBottle":[1],"Ring of the Snake":[24]},"card_choices":[{"not_picked":["Flying Knee","Outmaneuver"],"picked":"Poisoned Stab","floor":1},{"not_picked":["Quick Slash","Cloak And Dagger"],"picked":"Deadly Poison","floor":2},{"not_picked":["Cloak And Dagger","Deadly Poison"],"picked":"Leg Sweep","floor":7},{"not_picked":["Deadly Poison","Eviscerate"],"picked":"Dagger Spray","floor":10},{"not_picked":["Choke","Masterful Stab","Deadly Poison"],"picked":"SKIP","floor":11},{"not_picked":["Deadly Poison","Endless Agony","Flechettes"],"picked":"SKIP","floor":12},{"not_picked":["Dagger Spray","Underhanded Strike"],"picked":"Blur","floor":13},{"not_picked":["Flying Knee","Slice"],"picked":"Backflip","floor":14},{"not_picked":["Bullet Time","Burst"],"picked":"Wraith Form v2","floor":16},{"not_picked":["Underhanded Strike","Distraction"],"picked":"Footwork","floor":18},{"not_picked":["Quick Slash+1","Escape Plan+1"],"picked":"Acrobatics","floor":19}],"player_experience":499911,"relics_obtained":[{"floor":7,"key":"Peace Pipe"},{"floor":9,"key":"Shuriken"},{"floor":13,"key":"Anchor"}],"event_choices":[{"cards_removed":["Strike_G"],"damage_healed":0,"gold_gain":0,"player_choice":"Forget","damage_taken":0,"max_hp_gain":0,"max_hp_loss":0,"event_name":"Living Wall","floor":3,"gold_loss":0},{"damage_healed":0,"gold_gain":0,"player_choice":"Success","damage_taken":3,"relics_obtained":["Lantern"],"max_hp_gain":0,"max_hp_loss":0,"event_name":"Scrap Ooze","floor":4,"gold_loss":0},{"damage_healed":0,"gold_gain":0,"player_choice":"Lose Max HP","damage_taken":0,"relics_obtained":["Golden Idol"],"max_hp_gain":0,"max_hp_loss":5,"event_name":"Golden Idol","floor":8,"gold_loss":0},{"damage_healed":0,"gold_gain":99,"player_choice":"Stole From Cult","damage_taken":0,"max_hp_gain":0,"max_hp_loss":0,"event_name":"Nest","floor":21,"gold_loss":0}],"is_beta":false,"boss_relics":[{"not_picked":["Runic Pyramid","Ectoplasm"],"picked":"Black Star"}],"items_purged_floors":[],"is_endless":false,"potions_floor_spawned":[2,10,13,18],"killed_by":"Gremlin Leader","ascension_level":10}}