{"host":"w0w6jcqjdtkzk2bw","time":1609638849,"event":{"mods":["2.2 Compatiblity","AchievementEnabler","Ascension Unlocker","BaseMod","Bestiary","Colored Map","Colored Powertips","Downfall","Friendly Minions","Highlight Path","Infinite Spire","Minty Spire (QoL Compilation)","Permanent Neow","Quick Restart","Shade Mod","StSLib","Synergy Search","The Runesmith"],"gold_per_floor":[109,125,53,69,69,69,100,100,100,100,100,127,138,163,163,265,265,281,266,266,0,99,99,99,99],"floor_reached":24,"playtime":1488,"items_purged":[],"score":308,"play_id":"898472e7-ea4a-4bc0-925c-194ceb97dc92","local_time":"20210102205409","is_ascension_mode":true,"campfire_choices":[{"floor":6.0,"key":"REST"},{"floor":8.0,"key":"REST"},{"data":"Shade:LichForm","floor":10.0,"key":"SMITH"},{"floor":15.0,"key":"REST"},{"floor":23.0,"key":"REST"}],"circlet_count":0,"master_deck":["Shade:Strike_Shade","Shade:Strike_Shade","Shade:Strike_Shade","Shade:Strike_Shade","Shade:Defend_Shade","Shade:Defend_Shade","Shade:Defend_Shade","Shade:Defend_Shade","Shade:AnimateDead","Shade:CarefulCut","Shade:AncientSpear","Shade:FreshBones","Shade:SpectralStrikes","Shade:StitchTogether","Shade:LichForm+1","Shade:RitualOffering","Shade:ClawBack","Shade:Doomsay","Shade:Coordination","Shade:CommandSoldier+1","Writhe"],"relics":["Runic Pyramid","White Beast Statue","Potion Belt","Du-Vu Doll","Runesmith:Nanobots","SlaversCollar","Ancient Tea Set"],"acts_visited":["Exordium","TheCity"],"potions_floor_usage":[24,24,24],"damage_taken":[{"damage":0.0,"enemies":"Cultist","floor":1.0,"turns":3.0},{"damage":9.0,"enemies":"2 Louse","floor":2.0,"turns":3.0},{"damage":17.0,"enemies":"Small Slimes","floor":4.0,"turns":3.0},{"damage":32.0,"enemies":"3 Sentries","floor":7.0,"turns":11.0},{"damage":16.0,"enemies":"Gremlin Nob","floor":12.0,"turns":3.0},{"damage":17.0,"enemies":"Looter","floor":13.0,"turns":3.0},{"damage":0.0,"enemies":"Lagavulin","floor":14.0,"turns":5.0},{"damage":20.0,"enemies":"Slime Boss","floor":16.0,"turns":8.0},{"damage":12.0,"enemies":"Chosen","floor":18.0,"turns":4.0},{"damage":37.0,"enemies":"2 Thieves","floor":19.0,"turns":5.0},{"damage":33,"enemies":"Book of Stabbing","floor":24,"turns":4}],"seed_played":"-381762221965287118","potions_obtained":[{"floor":1.0,"key":"Fruit Juice"},{"floor":2.0,"key":"Guardian:BlockOnCardUsePotion"},{"floor":4.0,"key":"champ:CounterPotion"},{"floor":12.0,"key":"EssenceOfSteel"},{"floor":13.0,"key":"ColorlessPotion"},{"floor":14.0,"key":"Ancient Potion"},{"floor":16.0,"key":"Dexterity Potion"},{"floor":18.0,"key":"Fire Potion"}],"is_trial":false,"path_per_floor":["M","M","$","M","$","R","E","R","T","R","$","E","M","E","R","B",null,"M","M","?","?","?","R","E"],"character_chosen":"SHADE","items_purchased":["Shade:SpectralStrikes"],"campfire_rested":4,"item_purchase_floors":[3],"current_hp_per_floor":[59,50,50,33,33,52,27,46,46,46,46,30,13,13,32,19,54,42,5,5,5,5,24,0,0],"gold":99,"neow_bonus":"BOSS_RELIC","is_daily":false,"chose_seed":false,"campfire_upgraded":1,"win_rate":0.0,"timestamp":1609638849,"path_taken":["M","M","?","M","$","R","E","R","T","R","$","E","M","E","R","BOSS","M","M","?","?","?","R","E"],"items_purchased_type":["Card"],"build_version":"2020-12-22","purchased_purges":0,"victory":false,"max_hp_per_floor":[65,65,65,65,65,65,65,65,65,65,65,65,65,65,65,65,65,65,65,65,65,65,65,70,70],"card_choices":[{"not_picked":["Shade:GraveStillness","Shade:CommandSoldier"],"picked":"Shade:AncientSpear","floor":1.0},{"not_picked":["Shade:Brains","Shade:ClawBack"],"picked":"Shade:FreshBones","floor":2.0},{"not_picked":["Shade:Trample","Shade:PoundOfFlesh"],"picked":"Shade:StitchTogether","floor":4.0},{"not_picked":["Shade:DangerousRitual","Shade:Patience"],"picked":"Shade:LichForm","floor":7.0},{"not_picked":["Shade:Frenzy","Shade:Premonition"],"picked":"Shade:RitualOffering","floor":12.0},{"not_picked":["Shade:Frenzy","Shade:BoneShards"],"picked":"Shade:ClawBack","floor":13.0},{"not_picked":["Shade:GraveStillness","Shade:WallOfFlesh"],"picked":"Shade:Doomsay","floor":14.0},{"not_picked":["Shade:Consume","Shade:UnbarTheGrave"],"picked":"Shade:Coordination","floor":16.0},{"not_picked":["Shade:AncientSpear","Shade:AblativeArmor"],"picked":"Shade:CommandSoldier+1","floor":18.0},{"not_picked":["Shade:Bonestorm","Shade:FreshBones","Shade:ClawBack"],"picked":"SKIP","floor":19.0}],"player_experience":334642,"relics_obtained":[{"floor":7.0,"key":"White Beast Statue"},{"floor":9.0,"key":"Potion Belt"},{"floor":12.0,"key":"Du-Vu Doll"},{"floor":14.0,"key":"Runesmith:Nanobots"}],"event_choices":[{"damage_healed":0.0,"max_hp_gain":0.0,"max_hp_loss":0.0,"gold_gain":0.0,"event_name":"The Mausoleum","player_choice":"Opened","floor":20.0,"gold_loss":0.0,"damage_taken":0.0,"relics_obtained":["Ancient Tea Set"],"cards_obtained":["Writhe"]},{"damage_healed":0.0,"max_hp_gain":0.0,"max_hp_loss":0.0,"gold_gain":0.0,"event_name":"Masked Bandits","player_choice":"Paid Fearfully","floor":21.0,"gold_loss":266.0,"damage_taken":0.0},{"damage_healed":0.0,"max_hp_gain":0.0,"max_hp_loss":0.0,"gold_gain":99.0,"event_name":"Nest","player_choice":"Stole From Cult","floor":22.0,"gold_loss":0.0,"damage_taken":0.0}],"is_beta":false,"boss_relics":[{"not_picked":["Snecko Eye","Runesmith:UraniumAnvil"],"picked":"SlaversCollar"}],"items_purged_floors":[],"is_endless":false,"potions_floor_spawned":[1,2,4,12,13,14,16,18,19],"killed_by":"Book of Stabbing","ascension_level":6}}