{"host":"jl15pmpb41l0mhji","time":1609646397,"event":{"mods":["2.2 Compatiblity","AchievementEnabler","BaseMod","Better Altar","Better Match","Better Note","Better Sensory Stone","Better Skull","Better Third Choice","Better Vampires","Colored Map","Displayed Cursed Tome","Emptier Cage","Hermit","Highlight Path","Minty Spire (QoL Compilation)","Permanent Neow","Random Character Button","Relic Stats","StSLib","The Hierophant"],"gold_per_floor":[113,128,128,233,253,253,293,293,293,337,349,376,407,435,447,580,592,619,54,75,88,138,201,242,277,277,333,333,401,401,89,89,212,212,235,298,631,649,280,313,313,342,368,368,393,393,419,433,433,433],"floor_reached":51,"playtime":2932,"items_purged":["Strike_P","Strike_P"],"score":1021,"play_id":"104d5f8a-e977-4c3a-9cba-5a544757b822","local_time":"20210102215957","is_ascension_mode":true,"campfire_choices":[{"data":"Protect","floor":6,"key":"SMITH"},{"data":"Conclude","floor":8,"key":"SMITH"},{"data":"Vigilance","floor":11,"key":"SMITH"},{"data":"DeusExMachina","floor":15,"key":"SMITH"},{"data":"Devotion","floor":28,"key":"SMITH"},{"floor":32,"key":"REST"},{"floor":41,"key":"REST"},{"floor":44,"key":"REST"},{"floor":49,"key":"REST"}],"circlet_count":0,"master_deck":["Strike_P+1","Strike_P+1","Defend_P+1","Defend_P+1","Defend_P+1","Vigilance+1","WheelKick+1","Conclude+1","Protect+1","ReachHeaven+1","Wallop+1","EmptyFist+1","CrushJoints+1","DeusExMachina+1","Devotion+1","Swivel+1","HandOfGreed+1","SandsOfTime+1","InnerPeace+1","TalkToTheHand+1","LessonLearned+1","Pray+1","Scrawl+1","Vault+1","Establishment+1","LikeWater+1","WaveOfTheHand+1","WheelKick+1","Protect+1","SandsOfTime+1","Ragnarok+1","WaveOfTheHand+1","DeusExMachina+1","WheelKick+1"],"relics":["HolyWater","Molten Egg 2","Yang","MawBank","Snecko Eye","Toxic Egg 2","Potion Belt","Darkstone Periapt","Smiling Mask","Regal Pillow","InkBottle","White Beast Statue","Singing Bowl","CaptainsWheel","Bag of Preparation","Lizard Tail","Dream Catcher","Omamori","Pear","War Paint"],"acts_visited":["Exordium","TheCity","TheBeyond"],"potions_floor_usage":[7,10,16,23,29,33,38,40,42,50,50,50,50],"damage_taken":[{"damage":2,"enemies":"Cultist","floor":1,"turns":4},{"damage":0,"enemies":"2 Louse","floor":2,"turns":2},{"damage":0,"enemies":"Small Slimes","floor":5,"turns":4},{"damage":10,"enemies":"Gremlin Nob","floor":7,"turns":4},{"damage":3,"enemies":"Lagavulin","floor":10,"turns":5},{"damage":0,"enemies":"2 Fungi Beasts","floor":12,"turns":3},{"damage":0,"enemies":"Exordium Thugs","floor":13,"turns":1},{"damage":0,"enemies":"Exordium Wildlife","floor":14,"turns":2},{"damage":1,"enemies":"The Guardian","floor":16,"turns":9},{"damage":5,"enemies":"Chosen","floor":18,"turns":3},{"damage":0,"enemies":"Spheric Guardian","floor":20,"turns":1},{"damage":3,"enemies":"Snake Plant","floor":21,"turns":3},{"damage":3,"enemies":"Book of Stabbing","floor":23,"turns":3},{"damage":0,"enemies":"Centurion and Healer","floor":24,"turns":6},{"damage":2,"enemies":"Gremlin Leader","floor":25,"turns":3},{"damage":0,"enemies":"Slavers","floor":27,"turns":3},{"damage":0,"enemies":"Gremlin Leader","floor":29,"turns":3},{"damage":9,"enemies":"Collector","floor":33,"turns":5},{"damage":0,"enemies":"3 Shapes","floor":35,"turns":3},{"damage":27,"enemies":"Mind Bloom Boss Battle","floor":36,"turns":5},{"damage":0,"enemies":"3 Darklings","floor":38,"turns":4},{"damage":17,"enemies":"Nemesis","floor":40,"turns":5},{"damage":6,"enemies":"Giant Head","floor":42,"turns":6},{"damage":0,"enemies":"Reptomancer","floor":45,"turns":5},{"damage":2,"enemies":"Nemesis","floor":47,"turns":5},{"damage":0,"enemies":"Writhing Mass","floor":48,"turns":2},{"damage":32,"enemies":"Time Eater","floor":50,"turns":8}],"seed_played":"-7607849939212820970","potions_obtained":[{"floor":1,"key":"Weak Potion"},{"floor":7,"key":"Strength Potion"},{"floor":13,"key":"StancePotion"},{"floor":14,"key":"PowerPotion"},{"floor":18,"key":"Energy Potion"},{"floor":20,"key":"DuplicationPotion"},{"floor":29,"key":"Fire Potion"},{"floor":33,"key":"PowerPotion"},{"floor":35,"key":"StancePotion"},{"floor":36,"key":"BottledMiracle"},{"floor":38,"key":"Regen Potion"},{"floor":40,"key":"SpeedPotion"},{"floor":42,"key":"FairyPotion"},{"floor":45,"key":"Energy Potion"},{"floor":48,"key":"Strength Potion"}],"is_trial":false,"path_per_floor":["M","M","?","?","M","R","E","R","T","E","R","M","M","M","R","B",null,"M","$","M","M","?","E","M","E","T","E","R","E","T","$","R","B",null,"M","?","?","M","$","E","R","E","T","R","E","?","E","M","R","B",null],"character_chosen":"WATCHER","items_purchased":["Toxic Egg 2","Swivel+1","HandOfGreed+1","SandsOfTime+1","Singing Bowl","WaveOfTheHand+1","WheelKick+1","Protect+1","Bag of Preparation"],"campfire_rested":4,"item_purchase_floors":[19,19,19,19,31,39,39,39,39],"current_hp_per_floor":[70,70,67,49,49,49,39,39,39,36,36,36,36,36,36,35,67,62,62,62,59,59,56,56,54,54,54,54,54,54,54,67,58,67,69,42,42,44,44,41,73,67,67,75,85,85,83,83,87,55],"gold":433,"neow_bonus":"TRANSFORM_CARD","is_daily":false,"chose_seed":false,"campfire_upgraded":5,"win_rate":0.0,"timestamp":1609646397,"path_taken":["M","?","?","?","M","R","E","R","T","E","R","M","M","?","R","BOSS","M","$","M","M","?","E","M","E","T","E","R","E","?","$","R","BOSS","M","?","?","M","$","E","R","E","T","R","E","?","E","M","R","BOSS"],"items_purchased_type":["Relic","Card","Card","Card","Relic","Card","Card","Card","Relic"],"build_version":"2020-12-22","purchased_purges":2,"victory":true,"max_hp_per_floor":[72,72,67,67,67,67,67,67,67,67,67,67,67,67,67,67,67,67,67,67,67,67,67,67,67,67,67,67,67,67,67,67,67,67,69,69,69,71,71,73,73,73,73,75,85,85,85,85,87,87],"relic_stats":{"Darkstone Periapt":0,"Regal Pillow":11,"Singing Bowl":10,"counters":[27,107],"Yang":[231],"Bag of Preparation":[0],"War Paint":[],"MawBank":108,"Smiling Mask":75,"Lizard Tail":0,"Dream Catcher":2,"Snecko Eye":[165,140,128,155],"obtain_stats":[{"Potion Belt":23,"Darkstone Periapt":25,"Regal Pillow":27,"Pear":45,"Singing Bowl":31,"Golden Idol":3,"Yang":9,"Bag of Preparation":39,"Omamori":43,"War Paint":47,"MawBank":10,"Smiling Mask":26,"White Beast Statue":30,"CaptainsWheel":36,"Lizard Tail":40,"Dream Catcher":42,"Snecko Eye":17,"HolyWater":34,"Molten Egg 2":7,"PureWater":0,"Toxic Egg 2":19,"InkBottle":29},{"Potion Belt":13,"Darkstone Periapt":15,"Regal Pillow":16,"Pear":24,"Singing Bowl":17,"Golden Idol":2,"Yang":4,"Bag of Preparation":21,"Omamori":23,"War Paint":25,"MawBank":5,"Smiling Mask":15,"White Beast Statue":17,"CaptainsWheel":20,"Lizard Tail":22,"Dream Catcher":23,"Snecko Eye":9,"HolyWater":18,"Molten Egg 2":4,"PureWater":0,"Toxic Egg 2":10,"InkBottle":17},{"Potion Belt":44,"Darkstone Periapt":53,"Regal Pillow":56,"Pear":92,"Singing Bowl":59,"Golden Idol":6,"Yang":14,"Bag of Preparation":76,"Omamori":87,"War Paint":97,"MawBank":19,"Smiling Mask":53,"White Beast Statue":59,"CaptainsWheel":72,"Lizard Tail":81,"Dream Catcher":87,"Snecko Eye":34,"HolyWater":64,"Molten Egg 2":14,"PureWater":0,"Toxic Egg 2":37,"InkBottle":59}],"InkBottle":[25]},"card_choices":[{"not_picked":["MentalFortress","FlurryOfBlows"],"picked":"Conclude","floor":1},{"not_picked":["Study","ThirdEye"],"picked":"Protect","floor":2},{"not_picked":["Study","Halt"],"picked":"ReachHeaven","floor":5},{"not_picked":["FlurryOfBlows+1","ClearTheMind"],"picked":"Wallop+1","floor":7},{"not_picked":["Evaluate","Fasting2"],"picked":"EmptyFist+1","floor":10},{"not_picked":["WaveOfTheHand","PathToVictory"],"picked":"CrushJoints+1","floor":12},{"not_picked":["ClearTheMind","Halt"],"picked":"DeusExMachina","floor":13},{"not_picked":["EmptyBody","CutThroughFate+1","InnerPeace"],"picked":"SKIP","floor":14},{"not_picked":["Judgement","DevaForm"],"picked":"Devotion","floor":16},{"not_picked":["CrushJoints+1","Crescendo","Halt+1"],"picked":"SKIP","floor":18},{"not_picked":["ForeignInfluence+1","MentalFortress"],"picked":"InnerPeace+1","floor":20},{"not_picked":["Consecrate+1","ThirdEye+1"],"picked":"TalkToTheHand+1","floor":21},{"not_picked":["ThirdEye+1","FlurryOfBlows+1"],"picked":"LessonLearned+1","floor":23},{"not_picked":["EmptyFist+1","CrushJoints+1"],"picked":"Pray+1","floor":24},{"not_picked":["Halt+1","FollowUp+1"],"picked":"Scrawl+1","floor":25},{"not_picked":["Halt+1","EmptyFist+1","Blasphemy+1"],"picked":"SKIP","floor":27},{"not_picked":["EmptyFist+1","Establishment"],"picked":"Vault+1","floor":29},{"not_picked":["Scrawl+1","Judgement+1"],"picked":"Establishment","floor":33},{"not_picked":["CrushJoints+1","Perseverance+1","Weave+1"],"picked":"Singing Bowl","floor":35},{"not_picked":["InnerPeace+1","DeceiveReality+1"],"picked":"LikeWater+1","floor":36},{"not_picked":["CrushJoints+1","FollowUp+1","Sanctity+1"],"picked":"Singing Bowl","floor":38},{"not_picked":["Tantrum+1","SashWhip+1","EmptyMind+1"],"picked":"Singing Bowl","floor":40},{"not_picked":["Evaluate+1","CutThroughFate+1"],"picked":"SandsOfTime+1","floor":42},{"not_picked":["FollowUp+1","PathToVictory+1","JustLucky+1"],"picked":"Singing Bowl","floor":44},{"not_picked":["EmptyBody+1","FlurryOfBlows+1"],"picked":"Ragnarok+1","floor":45},{"not_picked":["JustLucky+1","PathToVictory+1"],"picked":"DeusExMachina+1","floor":47},{"not_picked":["ClearTheMind+1","BowlingBash+1"],"picked":"WheelKick+1","floor":48},{"not_picked":["ReachHeaven+1","FollowUp+1","FlyingSleeves+1"],"picked":"Singing Bowl","floor":49}],"player_experience":1665377,"relics_obtained":[{"floor":7,"key":"Molten Egg 2"},{"floor":9,"key":"Yang"},{"floor":10,"key":"MawBank"},{"floor":23,"key":"Potion Belt"},{"floor":25,"key":"Darkstone Periapt"},{"floor":26,"key":"Smiling Mask"},{"floor":27,"key":"Regal Pillow"},{"floor":29,"key":"InkBottle"},{"floor":30,"key":"White Beast Statue"},{"floor":36,"key":"CaptainsWheel"},{"floor":40,"key":"Lizard Tail"},{"floor":42,"key":"Dream Catcher"},{"floor":43,"key":"Omamori"},{"floor":45,"key":"Pear"},{"floor":47,"key":"War Paint"}],"event_choices":[{"damage_healed":0,"gold_gain":0,"player_choice":"Lose Max HP","damage_taken":0,"relics_obtained":["Golden Idol"],"max_hp_gain":0,"max_hp_loss":5,"event_name":"Golden Idol","floor":3,"gold_loss":0},{"damage_healed":0,"gold_gain":105,"player_choice":"GO UP ","damage_taken":21,"relics_obtained":[],"max_hp_gain":0,"max_hp_loss":0,"event_name":"betterSkull:BetterSkull","floor":4,"gold_loss":0,"cards_upgraded":["Defend_P"]},{"damage_healed":0,"gold_gain":100,"player_choice":"Bet on Murderer","damage_taken":0,"max_hp_gain":0,"max_hp_loss":0,"event_name":"The Joust","floor":22,"gold_loss":50},{"damage_healed":0,"gold_gain":0,"player_choice":"Fight","damage_taken":0,"max_hp_gain":0,"max_hp_loss":0,"event_name":"MindBloom","floor":36,"gold_loss":0},{"damage_healed":0,"gold_gain":333,"player_choice":"Gave Idol","damage_taken":0,"max_hp_gain":0,"max_hp_loss":0,"event_name":"The Moai Head","floor":37,"relics_lost":["Golden Idol"],"gold_loss":0},{"damage_healed":0,"gold_gain":0,"cards_transformed":["Defend_P"],"player_choice":"Transformed","damage_taken":0,"max_hp_gain":0,"max_hp_loss":0,"event_name":"Transmorgrifier","floor":46,"gold_loss":0,"cards_obtained":["WaveOfTheHand"]}],"is_beta":false,"boss_relics":[{"not_picked":["Astrolabe","Black Star"],"picked":"Snecko Eye"},{"not_picked":["Runic Dome","Runic Pyramid"],"picked":"HolyWater"}],"items_purged_floors":[31,39],"is_endless":false,"potions_floor_spawned":[1,7,13,14,18,20,29,33,35,36,38,40,42,45,47,48],"ascension_level":1}}