{"host":"jx3f6ezc0g3s9edc","time":1609643903,"event":{"mods":["AchievementEnabler","BaseMod","Bestiary","Colored Map","Highlight Path","Minty Spire (QoL Compilation)","StSLib"],"gold_per_floor":[109,59,59,59,79,112,13,24,93,93,106,133,144,18,18,120,120,138,150,1,1,1],"floor_reached":21,"playtime":1386,"items_purged":["Strike_B"],"score":236,"play_id":"145367bd-985d-48c0-87da-49244a7ab4bd","local_time":"20210102221823","is_ascension_mode":true,"campfire_choices":[{"floor":10.0,"key":"REST"},{"floor":15.0,"key":"REST"}],"circlet_count":0,"master_deck":["Strike_B","Strike_B","Strike_B","Defend_B","Defend_B","Defend_B","Defend_B","Zap","Dualcast+1","Cold Snap","Gash+1","Beam Cell","Defragment","Capacitor","Redo","Gash","Defragment","Stack","Ball Lightning","Echo Form","Streamline","Hologram+1","Gash","Self Repair","Leap"],"relics":["Fusion Hammer","Potion Belt","Pear","Mercury Hourglass","SacredBark"],"acts_visited":["Exordium","TheCity"],"potions_floor_usage":[16,16],"damage_taken":[{"damage":0.0,"enemies":"2 Louse","floor":1.0,"turns":4.0},{"damage":0.0,"enemies":"Cultist","floor":5.0,"turns":3.0},{"damage":30.0,"enemies":"Gremlin Nob","floor":6.0,"turns":5.0},{"damage":11.0,"enemies":"Jaw Worm","floor":8.0,"turns":4.0},{"damage":21.0,"enemies":"Large Slime","floor":11.0,"turns":7.0},{"damage":12.0,"enemies":"Lagavulin","floor":12.0,"turns":7.0},{"damage":15.0,"enemies":"Lots of Slimes","floor":13.0,"turns":2.0},{"damage":25,"enemies":"The Guardian","floor":16,"turns":9},{"damage":9,"enemies":"Chosen","floor":18,"turns":4},{"damage":17,"enemies":"Spheric Guardian","floor":19,"turns":4},{"damage":43,"enemies":"Cultist and Chosen","floor":21,"turns":7}],"seed_played":"-4059894072484808512","potions_obtained":[{"floor":1.0,"key":"FocusPotion"},{"floor":5.0,"key":"SpeedPotion"},{"floor":6.0,"key":"ColorlessPotion"},{"floor":12.0,"key":"LiquidBronze"},{"floor":18,"key":"Ancient Potion"}],"is_trial":false,"path_per_floor":["M","$","?","?","M","E","$","M","T","R","M","E","M","$","R","B",null,"M","M","$","M"],"character_chosen":"DEFECT","items_purchased":["Gash","Capacitor","Redo","Ball Lightning","Gash","Self Repair","Leap"],"campfire_rested":2,"item_purchase_floors":[2,7,7,14,20,20,20],"current_hp_per_floor":[75,75,75,75,75,45,45,34,44,69,48,36,21,21,46,21,69,60,43,43,0,0],"gold":1,"neow_bonus":"BOSS_RELIC","is_daily":false,"chose_seed":false,"campfire_upgraded":0,"win_rate":0.0,"timestamp":1609643903,"path_taken":["M","$","?","?","M","E","$","?","T","R","M","E","M","$","R","BOSS","M","M","$","M"],"items_purchased_type":["Card","Card","Card","Card","Card","Card","Card"],"build_version":"2020-12-22","purchased_purges":1,"victory":false,"max_hp_per_floor":[75,75,75,75,75,75,75,75,85,85,85,85,85,85,85,85,85,85,85,85,85,85],"card_choices":[{"not_picked":["Undo","Coolheaded"],"picked":"Cold Snap","floor":1.0},{"not_picked":["Auto Shields","Compile Driver"],"picked":"Beam Cell","floor":5.0},{"not_picked":["Loop","Reinforced Body"],"picked":"Defragment","floor":6.0},{"not_picked":["Genetic Algorithm","Chill"],"picked":"Gash","floor":8.0},{"not_picked":["Force Field","Tempest"],"picked":"Defragment","floor":11.0},{"not_picked":["Tempest","Stack","Ball Lightning"],"picked":"SKIP","floor":12.0},{"not_picked":["Leap","Chaos"],"picked":"Stack","floor":13.0},{"not_picked":["Rainbow","Reboot"],"picked":"Echo Form","floor":16},{"not_picked":["Reinforced Body","Skim"],"picked":"Streamline","floor":18},{"not_picked":["BootSequence+1","Capacitor"],"picked":"Hologram+1","floor":19}],"player_experience":709305,"relics_obtained":[{"floor":6.0,"key":"Potion Belt"},{"floor":9.0,"key":"Pear"},{"floor":12.0,"key":"Mercury Hourglass"}],"event_choices":[{"damage_healed":0.0,"max_hp_gain":0.0,"max_hp_loss":0.0,"gold_gain":0.0,"event_name":"Living Wall","player_choice":"Grow","floor":3.0,"gold_loss":0.0,"damage_taken":0.0,"cards_upgraded":["Dualcast"]},{"damage_healed":0.0,"max_hp_gain":0.0,"max_hp_loss":0.0,"gold_gain":0.0,"event_name":"Upgrade Shrine","player_choice":"Upgraded","floor":4.0,"gold_loss":0.0,"damage_taken":0.0,"cards_upgraded":["Gash"]}],"is_beta":false,"boss_relics":[{"not_picked":["Nuclear Battery","Sozu"],"picked":"SacredBark"}],"items_purged_floors":[14],"is_endless":false,"potions_floor_spawned":[1,5,6,12,18],"killed_by":"Cultist and Chosen","ascension_level":5}}