{"host":"9l4mw5jqza9qz9hr","time":1609655471,"event":{"mods":["AchievementEnabler","Always Whale","BaseMod","Colored Map","Minty Spire (QoL Compilation)","StSLib","SuperFastMode"],"gold_per_floor":[119,129,147,147,170,170,211,286,286,286,39,60,103,103,103,249,249,267,95,118,132,132,132,167,167,167,192,210,210,223,223,223,349,349,364,379,80,103,168,168,168],"floor_reached":40,"playtime":1034,"items_purged":["Strike_R","Strike_R","Defend_R"],"score":583,"play_id":"0fb580ed-f6d2-45e5-bccd-8090db2d7ccc","local_time":"20210103153111","is_ascension_mode":true,"campfire_choices":[{"data":"Uppercut","floor":6.0,"key":"SMITH"},{"data":"Cleave","floor":10.0,"key":"SMITH"},{"data":"Pommel Strike","floor":15,"key":"SMITH"},{"data":"Bash","floor":23,"key":"SMITH"},{"data":"Defend_R","floor":25,"key":"SMITH"},{"data":"Cleave","floor":32,"key":"SMITH"}],"circlet_count":0,"master_deck":["Defend_R+1","Bash+1","Cleave+1","Pommel Strike+1","Uppercut+1","True Grit+1","Apotheosis+1","Feed+1","Offering+1","Infernal Blade+1","Shockwave+1","Shrug It Off+1","Shrug It Off+1","Offering+1","Burning Pact+1","Cleave+1","Corruption","Shrug It Off+1","True Grit+1","Master of Strategy+1","Metallicize+1"],"relics":["Burning Blood","NeowsBlessing","Golden Idol","Lantern","Toxic Egg 2","Nunchaku","Potion Belt","Sozu","Omamori","Bag of Marbles","Sundial","Empty Cage","Girya"],"acts_visited":["Exordium","TheCity","TheBeyond"],"potions_floor_usage":[16,18],"damage_taken":[{"damage":0.0,"enemies":"Cultist","floor":1.0,"turns":1.0},{"damage":0.0,"enemies":"Small Slimes","floor":2.0,"turns":1.0},{"damage":0.0,"enemies":"Jaw Worm","floor":3.0,"turns":1.0},{"damage":25.0,"enemies":"Lagavulin","floor":7.0,"turns":6.0},{"damage":5.0,"enemies":"Looter","floor":12.0,"turns":3.0},{"damage":10.0,"enemies":"3 Sentries","floor":13.0,"turns":6.0},{"damage":24,"enemies":"Slime Boss","floor":16,"turns":8},{"damage":6,"enemies":"Chosen","floor":18,"turns":3},{"damage":7,"enemies":"Spheric Guardian","floor":20,"turns":3},{"damage":6,"enemies":"Snake Plant","floor":21,"turns":2},{"damage":6,"enemies":"Slavers","floor":24,"turns":4},{"damage":0,"enemies":"3 Cultists","floor":27,"turns":5},{"damage":14,"enemies":"Snecko","floor":28,"turns":4},{"damage":11,"enemies":"Snake Plant","floor":30,"turns":3},{"damage":31,"enemies":"Collector","floor":33,"turns":9},{"damage":12,"enemies":"3 Darklings","floor":35,"turns":1},{"damage":12,"enemies":"Orb Walker","floor":36,"turns":2},{"damage":28,"enemies":"Maw","floor":38,"turns":5},{"damage":25,"enemies":"2 Orb Walkers","floor":39,"turns":3},{"damage":0,"enemies":"Nemesis","floor":40,"turns":2}],"seed_played":"-1589821980023619964","potions_obtained":[{"floor":2.0,"key":"Strength Potion"},{"floor":12.0,"key":"ColorlessPotion"},{"floor":16,"key":"SkillPotion"}],"is_trial":false,"path_per_floor":["M","M","M","?","T","R","E","?","T","R","$","M","E","?","R","B",null,"M","$","M","M","?","R","E","R","T","M","M","T","M","?","R","B",null,"M","M","$","M","?","E"],"character_chosen":"IRONCLAD","items_purchased":["Apotheosis+1","Shockwave+1","Master of Strategy+1"],"campfire_rested":0,"item_purchase_floors":[11,19,37],"current_hp_per_floor":[80,80,80,74,74,74,55,44,44,44,44,45,45,45,45,27,65,65,65,64,64,64,64,68,68,68,78,70,70,65,65,65,40,75,73,71,71,49,30,30,30],"gold":168,"neow_bonus":"THREE_ENEMY_KILL","is_daily":false,"chose_seed":false,"campfire_upgraded":6,"win_rate":0.0,"timestamp":1609655471,"path_taken":["M","M","?","?","?","R","E","?","T","R","$","M","E","?","R","BOSS","M","$","M","?","?","R","E","R","T","M","M","?","M","?","R","BOSS","M","M","$","M","?","E"],"items_purchased_type":["Card","Card","Card"],"build_version":"2020-12-22","purchased_purges":3,"victory":false,"max_hp_per_floor":[80,80,80,74,74,74,74,74,74,74,74,74,78,78,78,78,78,78,78,78,78,78,78,82,82,82,86,86,86,86,86,86,86,86,90,94,94,94,94,94,94],"card_choices":[{"not_picked":["Burning Pact","Iron Wave"],"picked":"Cleave","floor":1.0},{"not_picked":["Clothesline","Dropkick"],"picked":"Pommel Strike","floor":2.0},{"not_picked":["Headbutt","Sword Boomerang"],"picked":"Uppercut","floor":3.0},{"not_picked":["Power Through+1","Hemokinesis"],"picked":"True Grit+1","floor":7.0},{"not_picked":["Pummel","Headbutt"],"picked":"Feed","floor":12.0},{"not_picked":["Sever Soul","Armaments+1","Dropkick"],"picked":"SKIP","floor":13},{"not_picked":["Brutality","Immolate"],"picked":"Offering+1","floor":16},{"not_picked":["Heavy Blade","Bloodletting+1"],"picked":"Infernal Blade+1","floor":18},{"not_picked":["Clash","Uppercut"],"picked":"Shrug It Off+1","floor":20},{"not_picked":["Anger","Clothesline"],"picked":"Shrug It Off+1","floor":21},{"not_picked":["Perfected Strike","Havoc+1","Wild Strike"],"picked":"SKIP","floor":24},{"not_picked":["Anger","Thunderclap"],"picked":"Offering+1","floor":27},{"not_picked":["Wild Strike","Spot Weakness+1","Uppercut+1"],"picked":"SKIP","floor":28},{"not_picked":["Entrench+1","Perfected Strike","Clothesline"],"picked":"SKIP","floor":30},{"not_picked":["Limit Break+1","Berserk"],"picked":"Corruption","floor":33},{"not_picked":["Dropkick+1","Perfected Strike+1"],"picked":"Shrug It Off+1","floor":35},{"not_picked":["Cleave+1","Sever Soul+1"],"picked":"True Grit+1","floor":36},{"not_picked":["Warcry+1","Clothesline+1"],"picked":"Metallicize+1","floor":38}],"player_experience":140629,"relics_obtained":[{"floor":5.0,"key":"Lantern"},{"floor":7.0,"key":"Toxic Egg 2"},{"floor":9.0,"key":"Nunchaku"},{"floor":13,"key":"Potion Belt"},{"floor":24,"key":"Omamori"},{"floor":26,"key":"Bag of Marbles"},{"floor":29,"key":"Sundial"},{"floor":39,"key":"Girya"}],"event_choices":[{"damage_healed":0.0,"max_hp_gain":0.0,"max_hp_loss":6.0,"gold_gain":0.0,"event_name":"Golden Idol","player_choice":"Lose Max HP","floor":4.0,"gold_loss":0.0,"damage_taken":0.0,"relics_obtained":["Golden Idol"]},{"damage_healed":0.0,"max_hp_gain":0.0,"max_hp_loss":0.0,"gold_gain":75.0,"event_name":"World of Goop","player_choice":"Gather Gold","floor":8.0,"gold_loss":0.0,"damage_taken":11.0},{"damage_healed":0,"gold_gain":0,"player_choice":"Upgraded","damage_taken":0,"max_hp_gain":0,"max_hp_loss":0,"event_name":"Upgrade Shrine","floor":14,"gold_loss":0,"cards_upgraded":["Feed"]},{"cards_removed":["Strike_R"],"damage_healed":0,"gold_gain":0,"player_choice":"Elegance","damage_taken":0,"max_hp_gain":0,"max_hp_loss":0,"event_name":"Back to Basics","floor":22,"gold_loss":0},{"damage_healed":0,"gold_gain":0,"cards_transformed":["Strike_R","Strike_R"],"player_choice":"Became Test Subject","damage_taken":0,"max_hp_gain":0,"max_hp_loss":0,"event_name":"Drug Dealer","floor":31,"gold_loss":0,"cards_obtained":["Burning Pact","Cleave"]},{"damage_healed":0,"gold_gain":0,"player_choice":"Fight","damage_taken":0,"max_hp_gain":0,"max_hp_loss":0,"event_name":"Mysterious Sphere","floor":39,"gold_loss":0}],"is_beta":false,"boss_relics":[{"not_picked":["SlaversCollar","Runic Pyramid"],"picked":"Sozu"},{"not_picked":["Runic Dome","Velvet Choker"],"picked":"Empty Cage"}],"items_purged_floors":[11,19,37],"is_endless":false,"potions_floor_spawned":[2,12,16,24,28,38],"killed_by":"Nemesis","ascension_level":5}}