{"host":"l84l8xigz5v5foa2","time":1609690699,"event":{"mods":["2.2 Compatiblity","AchievementEnabler","BaseMod","Better Note","Better Vampires","Card Filter","Colored Map","DeckTracker","Downfall","Gremlin Skip","Highlight Path","Keyboard Shortcuts","Minty Spire (QoL Compilation)","Permanent Neow","Quick Restart","Relic Filter","Relic Stats","StSLib","SuperFastMode","Transform Curses","Unknown Chances"],"gold_per_floor":[99,119,134,148,148,248,248,248,248,6,6,6,41,52,65,144,144,144,155,173,173,190,190,190,190,24,34,62,82,82,95,105,182,182,182,195,195,195,220,220,290,290,316,465,240,115,115,134,148,148,148,176,26,26,26],"floor_reached":56,"playtime":4209,"items_purged":["hexamod:Sear","hexamod:Strike","hexamod:Strike","hexamod:Defend"],"score":2240,"play_id":"d2ff8f2d-8e21-4683-813d-66d752894f25","local_time":"20210104011819","is_ascension_mode":true,"campfire_choices":[{"data":"hexamod:Float","floor":1.0,"key":"SMITH"},{"data":"hexamod:EtherealExpedition","floor":9.0,"key":"SMITH"},{"data":"hexamod:GhostOfSpirePast","floor":12.0,"key":"SMITH"},{"data":"Panacea","floor":18.0,"key":"SMITH"},{"data":"hexamod:NightmareGuise","floor":25.0,"key":"SMITH"},{"data":"hexamod:GhostOfSpireFuture","floor":35.0,"key":"SMITH"},{"floor":40.0,"key":"RECALL"},{"data":"hexamod:NecessarySacrifice","floor":45,"key":"SMITH"},{"data":"hexamod:GhostOfSpireFuture","floor":54,"key":"SMITH"}],"circlet_count":0,"master_deck":["AscendersBane","hexamod:Defend","hexamod:Defend","hexamod:Defend","hexamod:Float+1","Panacea+1","hexamod:EtherealExpedition+1","hexamod:StepThrough","hexamod:GhostOfSpirePast+1","hexamod:FastForward+1","hexamod:NightmareGuise+1","hexamod:FourthSeal","hexamod:AdvancingGuard","hexamod:HexaLevel","hexamod:HeatMetal","hexamod:StepThrough+1","hexamod:Hexaguard","hexamod:GhostOfSpirePast","hexamod:Incineration+1","hexamod:GhostOfSpireFuture+1","hexamod:Rewind+1","hexamod:TimeWarp","hexamod:TimeWarp+1","hexamod:GhostOfSpireFuture+1","hexamod:HeatMetal+1","hexamod:StepThrough","hexamod:NecessarySacrifice+1","hexamod:HauntingEcho+1","hexamod:ApocalypticArmor","hexamod:HexaLevel"],"relics":["hexamod:SpiritBrand","downfall:ShatteredFragment","Ornamental Fan","Guardian:PocketSentry","Pen Nib","Runic Pyramid","Juzu Bracelet","Philosopher\u0027s Stone","hexamod:SoulOfChaos","Kunai","Bottled Flame","downfall:HeartBlessingRed","downfall:HeartBlessingGreen","downfall:HeartBlessingBlue","Whetstone"],"acts_visited":["Exordium","TheCity","TheBeyond","TheEnding"],"potions_floor_usage":[52,55,55],"damage_taken":[{"damage":0.0,"enemies":"Jaw Worm","floor":2.0,"turns":4.0},{"damage":4.0,"enemies":"2 Louse","floor":3.0,"turns":3.0},{"damage":5.0,"enemies":"Small Slimes","floor":4.0,"turns":6.0},{"damage":0.0,"enemies":"downfall:FleeingMerchant","floor":10.0,"turns":4.0},{"damage":4.0,"enemies":"Lagavulin","floor":13.0,"turns":6.0},{"damage":0.0,"enemies":"Red Slaver","floor":14.0,"turns":3.0},{"damage":0.0,"enemies":"3 Louse","floor":15.0,"turns":3.0},{"damage":22.0,"enemies":"downfall:Silent","floor":16.0,"turns":8.0},{"damage":1.0,"enemies":"Spheric Guardian","floor":19.0,"turns":5.0},{"damage":0.0,"enemies":"3 Byrds","floor":20.0,"turns":3.0},{"damage":0.0,"enemies":"Centurion and Healer","floor":22.0,"turns":5.0},{"damage":0.0,"enemies":"downfall:FleeingMerchant","floor":26.0,"turns":4.0},{"damage":7.0,"enemies":"Snecko","floor":27.0,"turns":6.0},{"damage":4.0,"enemies":"Book of Stabbing","floor":28.0,"turns":5.0},{"damage":11.0,"enemies":"Chosen and Byrds","floor":29.0,"turns":4.0},{"damage":0.0,"enemies":"Snake Plant","floor":31.0,"turns":3.0},{"damage":0.0,"enemies":"Sentry and Sphere","floor":32.0,"turns":5.0},{"damage":5.0,"enemies":"downfall:Ironclad","floor":33.0,"turns":8.0},{"damage":0.0,"enemies":"Orb Walker","floor":36.0,"turns":3.0},{"damage":0.0,"enemies":"Mind Bloom Boss Battle","floor":39.0,"turns":5.0},{"damage":0.0,"enemies":"Giant Head","floor":43.0,"turns":6.0},{"damage":0,"enemies":"downfall:FleeingMerchant","floor":44,"turns":3},{"damage":0,"enemies":"3 Darklings","floor":48,"turns":4},{"damage":0,"enemies":"Spire Growth","floor":49,"turns":3},{"damage":0,"enemies":"downfall:Defect","floor":50,"turns":6},{"damage":0,"enemies":"downfall:CharBossMerchant","floor":52,"turns":7},{"damage":26,"enemies":"downfall:NeowBoss","floor":55,"turns":15}],"seed_played":"7784012567443842140","potions_obtained":[{"floor":2.0,"key":"AttackPotion"},{"floor":13.0,"key":"LiquidBronze"},{"floor":15.0,"key":"ColorlessPotion"},{"floor":16.0,"key":"hexamod:EctoCoolerPotion"},{"floor":19.0,"key":"Swift Potion"},{"floor":20.0,"key":"Fruit Juice"},{"floor":22.0,"key":"CultistPotion"},{"floor":22.0,"key":"LiquidBronze"},{"floor":26.0,"key":"LiquidMemories"},{"floor":27.0,"key":"Explosive Potion"},{"floor":29.0,"key":"DistilledChaos"},{"floor":52,"key":"Regen Potion"}],"is_trial":false,"path_per_floor":["R","M","M","M","?","?","T","?","R","$","?","R","E","M","M","B",null,"R","M","M","?","M","?","T","R","$","M","E","M","?","M","M","B",null,"R","M","?","?","?","R","T","?","E","$","R","$","?","M","M","B",null,"E","$","R","B",null],"character_chosen":"THE_SPIRIT","items_purchased":["Guardian:PocketSentry","hexamod:FastForward","hexamod:GhostOfSpirePast","hexamod:NecessarySacrifice"],"campfire_rested":0,"item_purchase_floors":[10,10,26,44],"current_hp_per_floor":[57,57,53,48,27,27,27,27,27,27,27,27,23,23,23,1,48,48,47,52,52,52,52,52,52,52,45,41,30,30,30,30,25,57,57,57,57,57,57,57,57,57,57,57,67,67,67,67,67,67,75,75,75,75,64],"gold":26,"neow_bonus":"RANDOM_COLORLESS","is_daily":false,"chose_seed":false,"campfire_upgraded":8,"win_rate":0.0,"timestamp":1609690699,"path_taken":["R","M","M","M","?","?","T","?","R","$","?","R","E","?","M","BOSS","R","M","M","?","?","?","T","R","?","?","E","M","?","M","M","BOSS","R","M","?","?","?","R","T","?","E","?","R","$","?","M","M","BOSS","E","$","R","BOSS"],"items_purchased_type":["Relic","Card","Card","Card"],"build_version":"2020-12-22","purchased_purges":4,"victory":true,"max_hp_per_floor":[63,63,63,63,63,63,63,63,63,63,63,63,63,63,63,63,63,63,63,68,68,68,68,68,68,68,68,68,68,68,68,68,68,68,68,68,68,68,68,68,68,68,68,68,78,78,78,78,78,78,78,78,78,78,78],"relic_stats":{"counters":[27,136],"Ornamental Fan":[408],"Pen Nib":[40],"Juzu Bracelet":3,"Kunai":[70],"Whetstone":["hexamod:HeatMetal","hexamod:TimeWarp"],"obtain_stats":[{"downfall:ShatteredFragment":5,"downfall:HeartBlessingRed":45,"downfall:HeartBlessingGreen":45,"Pen Nib":13,"Guardian:PocketSentry":10,"Juzu Bracelet":28,"Whetstone":52,"Bottled Flame":43,"Ornamental Fan":7,"downfall:HeartBlessingBlue":45,"hexamod:SoulOfChaos":39,"Philosopher\u0027s Stone":34,"Kunai":41,"hexamod:SpiritBrand":0,"Runic Pyramid":17},{"downfall:ShatteredFragment":3,"downfall:HeartBlessingRed":22,"downfall:HeartBlessingGreen":22,"Pen Nib":5,"Guardian:PocketSentry":4,"Juzu Bracelet":14,"Whetstone":26,"Bottled Flame":21,"Ornamental Fan":3,"downfall:HeartBlessingBlue":22,"hexamod:SoulOfChaos":20,"Philosopher\u0027s Stone":18,"Kunai":20,"hexamod:SpiritBrand":0,"Runic Pyramid":8},{"downfall:ShatteredFragment":13,"downfall:HeartBlessingRed":101,"downfall:HeartBlessingGreen":101,"Pen Nib":23,"Guardian:PocketSentry":17,"Juzu Bracelet":64,"Whetstone":121,"Bottled Flame":98,"Ornamental Fan":13,"downfall:HeartBlessingBlue":101,"hexamod:SoulOfChaos":92,"Philosopher\u0027s Stone":84,"Kunai":92,"hexamod:SpiritBrand":0,"Runic Pyramid":36}]},"card_choices":[{"not_picked":["expansioncontent:BronzeBeam","Dramatic Entrance"],"picked":"Panacea","floor":0.0},{"not_picked":["hexamod:SwordOfDarkness","hexamod:ThermalTransfer"],"picked":"hexamod:EtherealExpedition","floor":2.0},{"not_picked":["hexamod:AdvancingGuard","hexamod:ThermalTransfer"],"picked":"hexamod:StepThrough","floor":3.0},{"not_picked":["hexamod:HeatShield","hexamod:SoulSteal"],"picked":"hexamod:GhostOfSpirePast","floor":4.0},{"not_picked":["hexamod:GhostflameBarrier","hexamod:Haunt","hexamod:SwordOfDarkness"],"picked":"SKIP","floor":10.0},{"not_picked":["hexamod:SwordOfDarkness","hexamod:PhantomCloak"],"picked":"hexamod:NightmareGuise","floor":13.0},{"not_picked":["hexamod:RainOfEmbers","hexamod:FastForward"],"picked":"hexamod:FourthSeal","floor":14.0},{"not_picked":["hexamod:RainOfEmbers","hexamod:SpectersWail"],"picked":"hexamod:AdvancingGuard","floor":15.0},{"not_picked":["hexamod:VolcanoVisage","hexamod:ApocalypticArmor"],"picked":"hexamod:HexaLevel","floor":16.0},{"not_picked":["hexamod:SpectersWail","hexamod:HeatShield"],"picked":"hexamod:HeatMetal","floor":19.0},{"not_picked":["hexamod:GhostflameBarrier","hexamod:ChargedBarrage","hexamod:EmpoweredFlame"],"picked":"SKIP","floor":20.0},{"not_picked":["hexamod:RetreatToShadows+1","hexamod:GhostLash"],"picked":"hexamod:StepThrough+1","floor":22.0},{"not_picked":["hexamod:ShieldOfDarkness","hexamod:BacktrackSmack"],"picked":"hexamod:Hexaguard","floor":26.0},{"not_picked":["hexamod:Haunt","hexamod:SpectralSpark+1"],"picked":"hexamod:Incineration+1","floor":27.0},{"not_picked":["hexamod:SoulSteal","hexamod:EtherealExpedition"],"picked":"hexamod:GhostOfSpireFuture","floor":28.0},{"not_picked":["hexamod:NightmareGuise","hexamod:ShieldOfDarkness+1"],"picked":"hexamod:Rewind+1","floor":29.0},{"not_picked":["hexamod:NightmareGuise","hexamod:SpectersWail","hexamod:Firestarter"],"picked":"SKIP","floor":31.0},{"not_picked":["hexamod:ExtraCrispy","hexamod:SpectersWail"],"picked":"hexamod:TimeWarp","floor":32.0},{"not_picked":["hexamod:VolcanoVisage","hexamod:TimeOfNeed"],"picked":"hexamod:TimeWarp","floor":33.0},{"not_picked":["hexamod:NightmareGuise","hexamod:GhostShield","hexamod:SoulSteal"],"picked":"SKIP","floor":36.0},{"not_picked":["hexamod:FastForward","hexamod:BacktrackSmack"],"picked":"hexamod:GhostOfSpireFuture","floor":39.0},{"not_picked":["hexamod:HauntingEcho","hexamod:Firestarter+1","hexamod:ChargedBarrage"],"picked":"SKIP","floor":43.0},{"not_picked":["hexamod:ChargedBarrage","hexamod:FourthSeal"],"picked":"hexamod:StepThrough","floor":44},{"not_picked":["hexamod:BurningTouch","hexamod:GhostOfSpireFuture"],"picked":"hexamod:HauntingEcho+1","floor":48},{"not_picked":["hexamod:NightmareStrike+1","hexamod:SwordOfDarkness"],"picked":"hexamod:ApocalypticArmor","floor":49},{"not_picked":["hexamod:RadiantFlame","hexamod:NightmareGuise"],"picked":"hexamod:HexaLevel","floor":52}],"player_experience":2814536,"relics_obtained":[{"floor":7.0,"key":"Ornamental Fan"},{"floor":13.0,"key":"Pen Nib"},{"floor":28.0,"key":"Juzu Bracelet"},{"floor":39.0,"key":"hexamod:SoulOfChaos"},{"floor":41.0,"key":"Kunai"},{"floor":43.0,"key":"Bottled Flame"},{"floor":52,"key":"Whetstone"}],"event_choices":[{"damage_healed":0.0,"max_hp_gain":0.0,"max_hp_loss":0.0,"gold_gain":0.0,"event_name":"Accursed Blacksmith","player_choice":"Forge","floor":11.0,"gold_loss":0.0,"damage_taken":0.0,"cards_upgraded":["hexamod:FastForward"]},{"cards_removed":["hexamod:Strike"],"damage_healed":0.0,"max_hp_gain":0.0,"max_hp_loss":0.0,"gold_gain":0.0,"event_name":"Purifier","player_choice":"Purged","floor":21.0,"gold_loss":0.0,"damage_taken":0.0},{"cards_removed":["hexamod:Strike"],"damage_healed":0.0,"max_hp_gain":0.0,"max_hp_loss":0.0,"gold_gain":0.0,"event_name":"Bonfire Elementals","player_choice":"Offered Basic","floor":23.0,"gold_loss":0.0,"damage_taken":0.0},{"damage_healed":0.0,"max_hp_gain":0.0,"max_hp_loss":0.0,"gold_gain":0.0,"event_name":"Lab","player_choice":"Got Potions","floor":37.0,"gold_loss":0.0,"damage_taken":0.0},{"damage_healed":0.0,"max_hp_gain":0.0,"max_hp_loss":0.0,"gold_gain":0.0,"cards_transformed":["Slimebound:Icky"],"event_name":"Transmorgrifier","player_choice":"Transformed","floor":42.0,"gold_loss":0.0,"damage_taken":0.0,"cards_obtained":["hexamod:HeatMetal"]}],"is_beta":false,"boss_relics":[{"not_picked":["Empty Cage","Fusion Hammer"],"picked":"Runic Pyramid"},{"not_picked":["SlaversCollar","Calling Bell"],"picked":"Philosopher\u0027s Stone"}],"items_purged_floors":[26,44,46,53],"is_endless":false,"potions_floor_spawned":[2,13,15,16,19,22,27,28,36,48],"ascension_level":20}}