{"host":"1cd1aqaox6jesai3","time":1609696848,"event":{"mods":["Act Like it!","Arknights The Spire","Astrologer","Bartender","BaseMod","Colored Powertips","Downfall","Googly Eyes","Hallownest","Infinite Spire","Mimic Mod","Minty Spire (QoL Compilation)","Replay The Spire","StSLib","The Bug Knight","The Construct","The Factory"],"gold_per_floor":[117,117,136,146,246,246,259,259,259,259,259,270,195,213,213,230,230,335,435,455,455,465,465,479,509,528,528,528,542,576,589,589,614,614,718,718,737,787,787,799,799,834,849,849,849,878,898,898,926,926,926,926],"floor_reached":53,"playtime":3099,"items_purged":["ats:Strike S"],"score":779,"play_id":"8043b93c-fc85-4243-82a2-2787503e8a49","local_time":"20210103130048","is_ascension_mode":false,"campfire_choices":[{"data":"ats:Burning Ground","floor":6,"key":"SMITH"},{"data":"ats:Guardian Obelisk","floor":8,"key":"SMITH"},{"floor":17,"key":"REST"},{"data":"ats:Strike V","floor":27,"key":"PURGE"},{"floor":32,"key":"REST"},{"floor":44,"key":"REST"},{"data":"ats:Revitalization","floor":48,"key":"SMITH"},{"data":"ats:Flame Of Heaven","floor":51,"key":"SMITH"}],"circlet_count":0,"master_deck":["ats:Strike C","ats:Armor Crushing Shot","ats:Defend","ats:Defend","ats:Defend","ats:Defend","ats:Emotion Absorption","ats:Burning Ground+1","ats:Very Hot Blade+1","ats:Guardian Obelisk+1","ats:Mental Burst","CommonCold","ats:Sunburst","ats:Guardian Obelisk+1","ats:Sunburst+1","ats:Flame Of Heaven+1","ats:Wolf Pack","expansioncontent:Collect","ats:Apocalypse","ats:Disruption Kick","ats:Revitalization+1","ats:Soul Absorption+1","ats:Ignite+1","ats:Part Time Job+1"],"relics":["ats:Sanity","NeowsBlessing","Power_Wrist","Replay:Wanted Poster","ReplayTheSpireMod:Ring of Addiction","Ring of Searing","Chameleon Ring","White Beast Statue","ats:Originium","Peace Pipe","Replay:Bottled Eggs","Centennial Puzzle","Red Mask","Honey Jar","HollowMod:QueensCombRelic","Replay:Towering Pillar of Hats","Question Card","Molten Egg 2","Happy Flower"],"acts_visited":["Exordium","TheCity","TheBeyond"],"potions_floor_usage":[18,24,25,25,26,26,30,33,35,37,42,46,46,46,49,52,52],"damage_taken":[{"damage":0,"enemies":"2 Louse","floor":1,"turns":1},{"damage":0,"enemies":"Cultist","floor":3,"turns":1},{"damage":0,"enemies":"Small Slimes","floor":4,"turns":1},{"damage":21,"enemies":"2 Fungi Beasts","floor":7,"turns":3},{"damage":14,"enemies":"Exordium Thugs","floor":12,"turns":3},{"damage":6,"enemies":"3 Louse","floor":14,"turns":3},{"damage":12,"enemies":"Exordium Wildlife","floor":16,"turns":3},{"damage":11,"enemies":"Hexaghost","floor":18,"turns":6},{"damage":0,"enemies":"Spheric Guardian","floor":20,"turns":2},{"damage":12,"enemies":"Shell Parasite","floor":22,"turns":2},{"damage":12,"enemies":"Shelled Parasite and Fungi","floor":24,"turns":3},{"damage":19,"enemies":"Replay:Snechameleon","floor":25,"turns":3},{"damage":0,"enemies":"Cultist and Chosen","floor":26,"turns":2},{"damage":5,"enemies":"Chosen and Byrds","floor":29,"turns":3},{"damage":15,"enemies":"Nightmare","floor":30,"turns":3},{"damage":5,"enemies":"Centurion and Healer","floor":31,"turns":3},{"damage":0,"enemies":"Masked Bandits","floor":33,"turns":2},{"damage":11,"enemies":"Collector","floor":35,"turns":4},{"damage":6,"enemies":"Orb Walker","floor":37,"turns":2},{"damage":38,"enemies":"Mind Bloom Boss Battle","floor":38,"turns":4},{"damage":5,"enemies":"3 Darklings","floor":40,"turns":3},{"damage":29,"enemies":"Nightmare","floor":42,"turns":5},{"damage":12,"enemies":"4 Shapes","floor":43,"turns":3},{"damage":30,"enemies":"R_Hoarder","floor":46,"turns":6},{"damage":2,"enemies":"Jaw Worm Horde","floor":47,"turns":3},{"damage":10,"enemies":"Giant Head","floor":49,"turns":5},{"damage":41,"enemies":"Donu and Deca","floor":52,"turns":5}],"seed_played":"-3554919609607423102","potions_obtained":[{"floor":4,"key":"Dexterity Potion"},{"floor":7,"key":"SneckoOil"},{"floor":16,"key":"Energy Potion"},{"floor":22,"key":"Energy Potion"},{"floor":23,"key":"Flashbang"},{"floor":24,"key":"Energy Potion"},{"floor":25,"key":"Guardian:BlockOnCardUsePotion"},{"floor":26,"key":"Energy Potion"},{"floor":29,"key":"Fire Potion"},{"floor":31,"key":"ColorlessPotion"},{"floor":33,"key":"Explosive Potion"},{"floor":35,"key":"Ancient Potion"},{"floor":37,"key":"Strength Potion"},{"floor":38,"key":"ats:Top Emergency Sanity Potion"},{"floor":40,"key":"Cursed Concoction"},{"floor":43,"key":"Cursed Concoction"},{"floor":46,"key":"Strength Potion"},{"floor":47,"key":"AttackPotion"},{"floor":49,"key":"PowerPotion"}],"is_trial":false,"path_per_floor":["M","?","M","M","?","R","M","R","PTL","PTL","T","M","$","M","$","M","R","B",null,"M","?","M","?","M","E","M","R","T","M","NM","M","R","?","R","B",null,"M","?","?","M","?","NM","M","R","T","E","M","R","E","?","R","B",null],"character_chosen":"DOCTOR_CLASS","items_purchased":[],"campfire_rested":3,"item_purchase_floors":[],"current_hp_per_floor":[72,72,72,72,72,72,51,51,51,51,51,37,37,31,31,19,40,29,72,72,72,60,60,48,29,29,29,29,24,9,4,25,25,46,35,70,64,26,26,29,29,16,8,21,21,17,24,24,30,30,30,10],"gold":926,"neow_bonus":"THREE_ENEMY_KILL","is_daily":false,"chose_seed":false,"campfire_upgraded":4,"win_rate":0.0,"timestamp":1609696848,"path_taken":["M","?","M","M","?","R","?","R","PTL","PTL","T","M","?","M","?","M","R","BOSS","M","?","M","?","?","E","M","R","T","M","NM","M","R","?","R","BOSS","M","?","?","M","?","NM","M","R","T","E","?","R","E","?","R","BOSS"],"items_purchased_type":[],"build_version":"2020-12-22","purchased_purges":1,"victory":true,"max_hp_per_floor":[72,72,72,72,72,72,72,72,72,72,72,72,72,72,72,72,72,72,72,72,72,72,72,72,72,72,72,72,72,70,70,70,70,70,70,70,70,46,46,46,44,44,44,44,44,42,42,42,42,42,42,42],"card_choices":[{"not_picked":["ats:Revitalization","ats:Flame Of Heaven"],"picked":"ats:Burning Ground","floor":1},{"not_picked":["ats:Revitalization","ats:Shell Defense","ats:Powerful Strike"],"picked":"SKIP","floor":3},{"not_picked":["ats:Hammer On","ats:Sunburst"],"picked":"ats:Very Hot Blade","floor":4},{"not_picked":["ats:Sunburst","ats:Roar Of Ursus"],"picked":"ats:Guardian Obelisk","floor":7},{"not_picked":["ats:Charging Defense","ats:Revitalization","ats:Defend Order"],"picked":"SKIP","floor":12},{"not_picked":["ats:Rapid Magazine","ats:Powerful Strike","ats:Revitalization"],"picked":"SKIP","floor":14},{"not_picked":["ats:Assault Order","ats:Explosion Area Strengthen"],"picked":"ats:Mental Burst","floor":16},{"not_picked":["ats:Thermite Blade","ats:Encircling Forest","ats:Powerful Strike"],"picked":"SKIP","floor":20},{"not_picked":["ats:Healing Drone","ats:Revitalization+1","ats:Apocalypse+1"],"picked":"SKIP","floor":22},{"not_picked":["ats:Steam Pump","ats:Hammer On","ats:Shadow Assault"],"picked":"SKIP","floor":24},{"not_picked":["ats:Hammer On","ats:Consecutive Shot Auto"],"picked":"ats:Sunburst","floor":25},{"not_picked":["ats:Leaping Hammer","ats:Revitalization+1","ats:Powerful Strike"],"picked":"SKIP","floor":26},{"not_picked":["ats:Shell Defense","ats:Explosion Area Strengthen+1","ats:Charging Defense"],"picked":"SKIP","floor":29},{"not_picked":["ats:Shell Defense+1","ats:Durian"],"picked":"ats:Guardian Obelisk+1","floor":30},{"not_picked":["ats:Curse Doll","ats:Revitalization+1","ats:Sword Rain"],"picked":"SKIP","floor":31},{"not_picked":["ats:Poison Spread","ats:Apocalypse"],"picked":"ats:Sunburst+1","floor":33},{"not_picked":["ats:Cat Scratch+1","ats:Leaping Hammer+1","ats:Hammer On+1"],"picked":"ats:Flame Of Heaven","floor":37},{"not_picked":["ats:Explosion Area Strengthen+1","ats:Curse Doll+1","ats:Flexible Camouflage+1"],"picked":"ats:Wolf Pack","floor":38},{"not_picked":["Poisoned Strike","expansioncontent:Flail","Magnetism"],"picked":"expansioncontent:Collect","floor":39},{"not_picked":["ats:Leaping Hammer","ats:Cat Scratch+1","ats:Poison Spread"],"picked":"ats:Apocalypse","floor":40},{"not_picked":["ats:Demon Strength","ats:Powerful Strike","ats:Assault Order"],"picked":"ats:Healing Strengthening+1","floor":42},{"not_picked":["ats:Flexible Camouflage+1","ats:Support Order+1","ats:Powerful Strike"],"picked":"ats:Revitalization","floor":43},{"not_picked":["ats:Rapid Magazine+1","ats:Shell Defense+1","ats:Cat Scratch+1","ats:LN2 Cannon+1"],"picked":"ats:Soul Absorption+1","floor":46},{"not_picked":["ats:Magnetic Hammer+1","ats:Durian","ats:Composite Medical Shells","ats:Explosion Area Strengthen+1"],"picked":"ats:Ignite+1","floor":47},{"not_picked":["ats:Closed Bolt Burst Fire+1","ats:Red Shift+1","ats:Explosion Area Strengthen+1","ats:Powerful Strike+1"],"picked":"ats:Part Time Job+1","floor":49}],"player_experience":152183,"relics_obtained":[{"floor":11,"key":"Power_Wrist"},{"floor":23,"key":"ReplayTheSpireMod:Ring of Addiction"},{"floor":23,"key":"Ring of Searing"},{"floor":23,"key":"Chameleon Ring"},{"floor":23,"key":"White Beast Statue"},{"floor":25,"key":"ats:Originium"},{"floor":25,"key":"Peace Pipe"},{"floor":28,"key":"Replay:Bottled Eggs"},{"floor":30,"key":"ats:Originium"},{"floor":30,"key":"Centennial Puzzle"},{"floor":33,"key":"Red Mask"},{"floor":38,"key":"HollowMod:QueensCombRelic"},{"floor":42,"key":"ats:Originium"},{"floor":42,"key":"Replay:Towering Pillar of Hats"},{"floor":45,"key":"Question Card"},{"floor":46,"key":"Molten Egg 2"},{"floor":49,"key":"Happy Flower"}],"event_choices":[{"damage_healed":0,"gold_gain":0,"player_choice":"Ignored","damage_taken":0,"max_hp_gain":0,"max_hp_loss":0,"event_name":"Liars Game","floor":2,"gold_loss":0},{"damage_healed":0,"gold_gain":100,"player_choice":"Pray","damage_taken":0,"max_hp_gain":0,"max_hp_loss":0,"event_name":"Golden Shrine","floor":5,"gold_loss":0},{"damage_healed":0,"gold_gain":0,"player_choice":"Ignored","damage_taken":0,"max_hp_gain":0,"max_hp_loss":0,"event_name":"Vampires","floor":21,"gold_loss":0},{"damage_healed":0,"gold_gain":0,"player_choice":"Fought Bandits","damage_taken":0,"max_hp_gain":0,"max_hp_loss":0,"event_name":"Masked Bandits","floor":33,"gold_loss":0},{"damage_healed":0,"gold_gain":0,"player_choice":"Fight","damage_taken":0,"max_hp_gain":0,"max_hp_loss":0,"event_name":"MindBloom","floor":38,"gold_loss":0},{"damage_healed":0,"gold_gain":0,"player_choice":"Memory 1","damage_taken":0,"max_hp_gain":0,"max_hp_loss":0,"event_name":"SensoryStone","floor":39,"gold_loss":0},{"damage_healed":0,"gold_gain":0,"cards_transformed":["ats:Strike G"],"player_choice":"Transformed","damage_taken":0,"max_hp_gain":0,"max_hp_loss":0,"event_name":"Transmorgrifier","floor":41,"gold_loss":0,"cards_obtained":["ats:Disruption Kick"]},{"cards_removed":["ats:Healing Strengthening"],"damage_healed":0,"gold_gain":0,"player_choice":"Removed Power","damage_taken":0,"max_hp_gain":0,"max_hp_loss":0,"event_name":"Falling","floor":50,"gold_loss":0}],"is_beta":false,"boss_relics":[{"not_picked":["Fusion Hammer","SacredBark"],"picked":"Replay:Wanted Poster"},{"not_picked":["ats:Omniscience","ats:Sanity Plus"],"picked":"Honey Jar"}],"items_purged_floors":[13],"is_endless":false,"potions_floor_spawned":[4,7,16,22,24,25,26,29,31,33,35,37,38,40,43,46,47,49],"ascension_level":0}}