{"host":"xx5zt3jtdyh8iun7","time":1609681422,"event":{"mods":["AchievementEnabler","Act Like it!","BaseMod","Bestiary","Downfall","Minty Spire (QoL Compilation)","Replay The Spire","StSLib"],"gold_per_floor":[99,99,99,99,110,110,110,139,154,154,169,201,221,249,269,366,366,291,301,319,329,269,269,317,167,196,214,214,241,3,3,16,115,115,115,125,137,148,62,94,94,109,136,62,89,102,102,135,152,152,152,187,19,19,19],"floor_reached":56,"playtime":9295,"items_purged":["Guardian:Defend_Guardian","Looming Evil"],"score":1848,"play_id":"a4ff310f-d867-4523-8085-327dd63f720d","local_time":"20210103144342","is_ascension_mode":true,"campfire_choices":[{"data":"Guardian:Strike_Guardian","floor":1,"key":"PURGE"},{"data":"Guardian:SphericShield","floor":6,"key":"SMITH"},{"data":"Guardian:EvasiveProtocol","floor":10,"key":"SMITH"},{"floor":18,"key":"RECALL"},{"data":"Guardian:CompilePackage","floor":23,"key":"SMITH"},{"data":"Guardian:Suspension","floor":25,"key":"SMITH"},{"data":"Guardian:TemporalShield","floor":28,"key":"SMITH"},{"data":"Guardian:SphericShield","floor":35,"key":"SMITH"},{"data":"Guardian:Repulse","floor":47,"key":"SMITH"},{"data":"Guardian:TimeCapacitor","floor":54,"key":"SMITH"}],"circlet_count":0,"master_deck":["Guardian:Defend_Guardian","Guardian:Defend_Guardian","Guardian:CurlUp","Guardian:TwinSlam","Guardian:SphericShield+1","Guardian:EvasiveProtocol+1","Guardian:PiercingHide","Guardian:Planning","Guardian:RefractedBeam","Guardian:Recover","Pot Of Greed","Pot Of Greed","Guardian:MultiBeam","Guardian:Suspension+1","Guardian:CompilePackage+1","Guardian:TemporalStrike","Guardian:PrimingBeam","Pot Of Greed","Guardian:Planning","Guardian:FloatingOrbs","Guardian:TemporalShield+1","Guardian:ShieldCharger+1","Guardian:PolyBeam","Necronomicurse","Guardian:SphericShield+1","Guardian:Preprogram","Pot Of Greed","Guardian:Incinerate","Parasite","Guardian:ShieldSpikes+1","Guardian:Repulse+1","Guardian:StasisEngine","Guardian:SentryBeam","Guardian:TimeCapacitor+1"],"relics":["Guardian:ModeShifter","WarpedTongs","Nunchaku","Mirror","Grinning Jar","Akabeko","Replay:Grab Bag","ReplayTheSpireMod:Onyx Gauntlets","ReplayTheSpireMod:DimensionalGlitch","Kintsugi","Replay:Drink Me","downfall:HeartBlessingGreen","downfall:HeartBlessingRed","downfall:HeartBlessingBlue","Bottled Flame","ReplayTheSpireMod:TigerMarble","Chemical X","Necronomicon","Cursed Key","OrangePellets","Guardian:StasisCodex","Matryoshka","Garlic","Du-Vu Doll","Guardian:PocketSentry","Blood Vial","Incense Burner","Lizard Tail"],"acts_visited":["Exordium","TheCity","TheBeyond","TheEnding"],"potions_floor_usage":[12,12,14,30,42,52,55],"damage_taken":[{"damage":0,"enemies":"Cultist","floor":3,"turns":1},{"damage":3,"enemies":"2 Louse","floor":5,"turns":4},{"damage":14,"enemies":"Replay:BlueRogue","floor":8,"turns":8},{"damage":7,"enemies":"Jaw Worm","floor":9,"turns":6},{"damage":5,"enemies":"Blue Slaver","floor":11,"turns":5},{"damage":5,"enemies":"3 Sentries","floor":12,"turns":12},{"damage":1,"enemies":"Red Slaver","floor":13,"turns":4},{"damage":15,"enemies":"Lagavulin","floor":14,"turns":9},{"damage":0,"enemies":"Blue Slaver","floor":15,"turns":5},{"damage":0,"enemies":"downfall:Silent","floor":16,"turns":11},{"damage":0,"enemies":"Chosen","floor":19,"turns":3},{"damage":0,"enemies":"Snecko","floor":20,"turns":4},{"damage":0,"enemies":"Centurion and Healer","floor":21,"turns":6},{"damage":0,"enemies":"Replay:Snechameleon","floor":26,"turns":3},{"damage":0,"enemies":"Shelled Parasite and Fungi","floor":27,"turns":3},{"damage":0,"enemies":"Book of Stabbing","floor":29,"turns":3},{"damage":0,"enemies":"downfall:FleeingMerchant","floor":30,"turns":4},{"damage":0,"enemies":"Chosen and Byrds","floor":32,"turns":2},{"damage":0,"enemies":"downfall:Watcher","floor":33,"turns":4},{"damage":0,"enemies":"3 Shapes","floor":36,"turns":3},{"damage":0,"enemies":"3 Darklings","floor":37,"turns":2},{"damage":0,"enemies":"4 Shapes","floor":38,"turns":2},{"damage":0,"enemies":"downfall:FleeingMerchant","floor":39,"turns":2},{"damage":0,"enemies":"Giant Head","floor":40,"turns":2},{"damage":0,"enemies":"Writhing Mass","floor":42,"turns":3},{"damage":0,"enemies":"Nemesis","floor":43,"turns":3},{"damage":0,"enemies":"Giant Head","floor":45,"turns":3},{"damage":0,"enemies":"Transient","floor":46,"turns":4},{"damage":0,"enemies":"R_Hoarder","floor":48,"turns":2},{"damage":0,"enemies":"Maw","floor":49,"turns":3},{"damage":0,"enemies":"downfall:Defect","floor":50,"turns":3},{"damage":0,"enemies":"downfall:CharBossMerchant","floor":52,"turns":2},{"damage":0,"enemies":"downfall:NeowBoss","floor":55,"turns":11}],"seed_played":"8229707663096814038","potions_obtained":[{"floor":5,"key":"Energy Potion"},{"floor":8,"key":"DuplicationPotion"},{"floor":9,"key":"SkillPotion"},{"floor":16,"key":"Languid Potion"},{"floor":21,"key":"Elixir"},{"floor":29,"key":"AttackPotion"},{"floor":32,"key":"Energy Potion"},{"floor":33,"key":"Slimebound:ThreeZeroPotion"},{"floor":40,"key":"FearPotion"},{"floor":43,"key":"Guardian:AcceleratePotion"}],"is_trial":false,"path_per_floor":["R","?","M","?","M","R","T","E","M","R","M","E","M","E","M","B",null,"R","M","M","M","?","R","T","R","E","M","R","E","$","?","M","B",null,"R","M","M","M","$","E","T","M","E","$","E","M","R","E","M","B",null,"E","$","R","B",null],"character_chosen":"GUARDIAN","items_purchased":["Chemical X","OrangePellets","Guardian:StasisCodex","Guardian:Repulse","Guardian:TimeCapacitor"],"campfire_rested":0,"item_purchase_floors":[30,39,39,44,53],"current_hp_per_floor":[80,80,80,80,77,77,77,63,56,56,51,46,45,30,30,30,60,60,60,60,60,60,60,60,70,70,70,70,70,70,46,46,46,70,70,70,70,70,70,70,70,70,70,70,70,70,70,70,70,70,70,70,70,70,70],"gold":19,"neow_bonus":"ONE_RANDOM_RARE_CARD","is_daily":false,"chose_seed":false,"campfire_upgraded":8,"win_rate":0.0,"timestamp":1609681422,"path_taken":["R","?","M","?","M","R","T","E","?","R","M","E","M","E","M","BOSS","R","M","M","M","?","R","T","R","E","M","R","E","$","?","M","BOSS","R","M","M","M","$","E","T","M","E","$","E","M","R","E","M","BOSS","E","$","R","BOSS"],"items_purchased_type":["Relic","Relic","Relic","Card","Card"],"build_version":"2020-12-22","purchased_purges":2,"victory":true,"max_hp_per_floor":[80,80,80,80,80,80,80,80,80,80,80,80,80,80,80,80,60,60,60,60,60,60,60,60,70,70,70,70,70,70,70,70,70,70,70,70,70,70,70,70,70,70,70,70,70,70,70,70,70,70,70,70,70,70,70],"card_choices":[{"not_picked":["Guardian:CrystalBeam","Guardian:TimeBomb"],"picked":"Guardian:EvasiveProtocol","floor":3},{"not_picked":["Guardian:RefractedBeam","Guardian:FloatingOrbs"],"picked":"Guardian:PiercingHide","floor":5},{"not_picked":["Guardian:WalkerClaw","Guardian:BronzeArmor"],"picked":"Guardian:Planning","floor":8},{"not_picked":["Guardian:WalkerClaw","Guardian:Recover"],"picked":"Guardian:RefractedBeam","floor":9},{"not_picked":["Guardian:PiercingHide","Guardian:CrystalBeam"],"picked":"Guardian:Recover","floor":11},{"not_picked":["Guardian:ChargeCore","Guardian:ChargeUp"],"picked":"Guardian:MultiBeam","floor":12},{"not_picked":["Guardian:Planning","Guardian:Reroute"],"picked":"Guardian:Suspension","floor":13},{"not_picked":["Guardian:ArmoredProtocol","Guardian:CrystalBeam"],"picked":"Guardian:CompilePackage","floor":14},{"not_picked":["Guardian:CrystalBeam","Guardian:VentSteam"],"picked":"Guardian:TemporalStrike","floor":15},{"not_picked":["Guardian:StasisField","Guardian:TimeSifter"],"picked":"Guardian:Gem_Orange","floor":16},{"not_picked":["Guardian:PiercingHide+1","Guardian:Clone"],"picked":"Guardian:PrimingBeam","floor":19},{"not_picked":["Guardian:Gem_Cyan","Guardian:BronzeArmor"],"picked":"Guardian:Planning","floor":20},{"not_picked":["Guardian:CrystalBeam","Guardian:Planning+1"],"picked":"Guardian:FloatingOrbs","floor":21},{"not_picked":["Guardian:VentSteam","Guardian:GemFinder"],"picked":"Guardian:TemporalShield","floor":26},{"not_picked":["Guardian:Gem_Purple","Guardian:Planning"],"picked":"Guardian:Gem_Crimson","floor":27},{"not_picked":["Guardian:Reroute","Guardian:RollAttack+1"],"picked":"Guardian:ShieldCharger+1","floor":29},{"not_picked":["Guardian:EvasiveProtocol","Guardian:RollAttack"],"picked":"Guardian:PolyBeam","floor":30},{"not_picked":["Guardian:BronzeArmor","Guardian:Reroute"],"picked":"Guardian:Gem_Red","floor":32},{"not_picked":["Guardian:StasisEngine","Guardian:ExploitGems"],"picked":"Guardian:SphericShield","floor":33},{"not_picked":["Guardian:ArmoredProtocol","Guardian:GuardianWhirl+1"],"picked":"Guardian:Gem_Crimson","floor":36},{"not_picked":["Guardian:Gem_Green","Guardian:ChargeCore+1"],"picked":"Guardian:Gem_Purple","floor":37},{"not_picked":["Guardian:VentSteam+1","Guardian:Gem_Cyan"],"picked":"Guardian:Preprogram","floor":38},{"not_picked":["Guardian:Gem_Lightblue","Guardian:GemFire"],"picked":"Guardian:Incinerate","floor":39},{"not_picked":["Guardian:FuturePlans","Guardian:TimeBomb+1"],"picked":"Guardian:Gem_Blue","floor":40},{"not_picked":["Guardian:Reroute","Guardian:Recover"],"picked":"Guardian:ShieldSpikes+1","floor":42},{"not_picked":["Guardian:ChargeCore+1","Guardian:TemporalStrike+1","Guardian:Gem_Cyan"],"picked":"SKIP","floor":43},{"not_picked":["Guardian:TemporalStrike","Guardian:Gem_Lightblue"],"picked":"Guardian:StasisEngine","floor":45},{"not_picked":["Guardian:Gem_Red","Guardian:MultiBeam"],"picked":"Guardian:SentryBeam","floor":46},{"not_picked":["Guardian:RefractedBeam+1","Guardian:VentSteam"],"picked":"Guardian:Gem_Orange","floor":48},{"not_picked":["Guardian:PrismaticBarrier","Guardian:ChargeCore","Guardian:PiercingHide+1"],"picked":"SKIP","floor":49},{"not_picked":["Guardian:StasisEngine","Guardian:DonusPower"],"picked":"Guardian:Gem_Synthetic","floor":52}],"player_experience":803065,"relics_obtained":[{"floor":7,"key":"Nunchaku"},{"floor":8,"key":"Mirror"},{"floor":12,"key":"Grinning Jar"},{"floor":14,"key":"Akabeko"},{"floor":26,"key":"Bottled Flame"},{"floor":29,"key":"ReplayTheSpireMod:TigerMarble"},{"floor":31,"key":"Necronomicon"},{"floor":40,"key":"Matryoshka"},{"floor":41,"key":"Garlic"},{"floor":41,"key":"Du-Vu Doll"},{"floor":43,"key":"Guardian:PocketSentry"},{"floor":45,"key":"Blood Vial"},{"floor":48,"key":"Incense Burner"},{"floor":52,"key":"Lizard Tail"}],"event_choices":[],"is_beta":false,"boss_relics":[{"not_picked":["Ring of Chaos","Astrolabe"],"picked":"Replay:Grab Bag"},{"not_picked":["Busted Crown","Replay:Bronze Core"],"picked":"ReplayTheSpireMod:Onyx Gauntlets"},{"not_picked":["Guardian:StasisSlotReductionRelic","ChewingGum"],"picked":"ReplayTheSpireMod:DimensionalGlitch"},{"not_picked":["SacredBark","Snecko Eye"],"picked":"Kintsugi"},{"not_picked":["Runic Pyramid","Calling Bell"],"picked":"Replay:Drink Me"},{"not_picked":["Replay:Wanted Poster","Replay:Ancient Bell"],"picked":"Cursed Key"}],"items_purged_floors":[30,53],"is_endless":false,"potions_floor_spawned":[5,8,9,16,21,29,32,33,37,40,43,45,46],"ascension_level":1}}