{"host":"Fun","time":1609634359,"event":{"mods":["BaseMod","Colored Map","Filter the Spire","Minty Spire (QoL Compilation)","Relic Stats","StSLib"],"gold_per_floor":[119,137,137,137,86,86,99,133,156,173,173,186,204,230,230,307,307,325,338,348,34,34,34,67,67,67,96,96,107,107,126,126,205,205,223,237,237,251,251,251],"floor_reached":39,"playtime":1505,"items_purged":[],"score":823,"play_id":"d7c7ab6e-f82d-472e-b533-bca87d642d2a","local_time":"20210102193919","is_ascension_mode":true,"campfire_choices":[{"data":"Adrenaline","floor":6,"key":"SMITH"},{"data":"Accuracy","floor":11,"key":"SMITH"},{"data":"Neutralize","floor":15,"key":"SMITH"},{"floor":23,"key":"REST"},{"floor":25,"key":"RECALL"},{"floor":28,"key":"REST"},{"floor":32,"key":"REST"}],"circlet_count":0,"master_deck":["AscendersBane","Strike_G","Strike_G","Strike_G","Defend_G","Defend_G","Defend_G","Defend_G","Defend_G","Survivor","Neutralize+1","Adrenaline+1","Crippling Poison+1","Blade Dance","Accuracy+1","Deadly Poison","Crippling Poison","Cloak And Dagger","Backflip","Escape Plan","PiercingWail","Accuracy+1","Backflip","Burst","Endless Agony+1","PiercingWail","Finesse","Master of Strategy","Dramatic Entrance"],"relics":["Ring of the Snake","WarpedTongs","Snake Skull","Toy Ornithopter","Happy Flower","Fusion Hammer","TungstenRod","Frozen Egg 2","Mercury Hourglass","Matryoshka","WristBlade"],"acts_visited":["Exordium","TheCity","TheBeyond"],"potions_floor_usage":[14,16,24,33,38,39],"damage_taken":[{"damage":0,"enemies":"2 Louse","floor":1,"turns":3},{"damage":0,"enemies":"Jaw Worm","floor":2,"turns":6},{"damage":0,"enemies":"Cultist","floor":7,"turns":2},{"damage":8,"enemies":"3 Sentries","floor":8,"turns":10},{"damage":1,"enemies":"Large Slime","floor":10,"turns":3},{"damage":1,"enemies":"Exordium Thugs","floor":12,"turns":4},{"damage":1,"enemies":"3 Louse","floor":13,"turns":3},{"damage":8,"enemies":"Gremlin Nob","floor":14,"turns":3},{"damage":1,"enemies":"Hexaghost","floor":16,"turns":7},{"damage":1,"enemies":"2 Thieves","floor":18,"turns":4},{"damage":6,"enemies":"Spheric Guardian","floor":19,"turns":3},{"damage":11,"enemies":"Snake Plant","floor":20,"turns":4},{"damage":7,"enemies":"Gremlin Leader","floor":24,"turns":6},{"damage":10,"enemies":"Book of Stabbing","floor":27,"turns":5},{"damage":0,"enemies":"Snecko","floor":29,"turns":5},{"damage":3,"enemies":"Centurion and Healer","floor":31,"turns":6},{"damage":42,"enemies":"Automaton","floor":33,"turns":11},{"damage":1,"enemies":"Orb Walker","floor":35,"turns":2},{"damage":5,"enemies":"3 Darklings","floor":36,"turns":4},{"damage":33,"enemies":"Transient","floor":38,"turns":6},{"damage":18,"enemies":"Maw","floor":39,"turns":6}],"seed_played":"-6396386541029107109","potions_obtained":[{"floor":1,"key":"Block Potion"},{"floor":7,"key":"DistilledChaos"},{"floor":14,"key":"AttackPotion"},{"floor":18,"key":"Block Potion"},{"floor":27,"key":"CultistPotion"},{"floor":35,"key":"Weak Potion"}],"is_trial":false,"path_per_floor":["M","M","?","?","$","R","M","E","T","M","R","M","M","E","R","B",null,"M","M","M","$","?","R","E","R","T","E","R","M","?","M","R","B",null,"M","M","?","M","M"],"character_chosen":"THE_SILENT","items_purchased":["Deadly Poison","TungstenRod"],"campfire_rested":3,"item_purchase_floors":[5,21],"current_hp_per_floor":[59,59,59,59,59,59,59,51,51,50,50,49,48,45,45,49,62,61,55,44,44,44,63,61,61,61,51,66,66,66,63,66,26,56,55,50,41,13,0,0],"gold":251,"neow_bonus":"ONE_RANDOM_RARE_CARD","is_daily":false,"chose_seed":false,"campfire_upgraded":3,"win_rate":0.0,"timestamp":1609634359,"path_taken":["M","M","?","?","$","R","M","E","T","M","R","M","M","E","R","BOSS","M","M","M","?","?","R","E","R","T","E","R","?","?","?","R","BOSS","M","?","?","M","M"],"items_purchased_type":["Card","Relic"],"build_version":"2020-12-18","purchased_purges":0,"victory":false,"max_hp_per_floor":[66,66,66,66,66,66,66,66,66,66,66,66,66,66,66,66,66,66,66,66,66,66,66,66,66,66,66,66,66,66,66,66,66,66,66,66,66,66,66,66],"relic_stats":{"Happy Flower":[23],"counters":[21,102],"Snake Skull":[65],"obtain_stats":[{"Matryoshka":27,"Happy Flower":14,"WristBlade":34,"Snake Skull":8,"Fusion Hammer":17,"Frozen Egg 2":24,"Toy Ornithopter":9,"TungstenRod":21,"Ring of the Snake":0,"WarpedTongs":0,"Mercury Hourglass":26},{"Matryoshka":14,"Happy Flower":8,"WristBlade":17,"Snake Skull":4,"Fusion Hammer":9,"Frozen Egg 2":13,"Toy Ornithopter":4,"TungstenRod":12,"Ring of the Snake":0,"WarpedTongs":0,"Mercury Hourglass":13},{"Matryoshka":63,"Happy Flower":34,"WristBlade":84,"Snake Skull":21,"Fusion Hammer":41,"Frozen Egg 2":58,"Toy Ornithopter":21,"TungstenRod":52,"Ring of the Snake":0,"WarpedTongs":0,"Mercury Hourglass":58}],"Toy Ornithopter":27,"TungstenRod":23,"Ring of the Snake":[42],"WarpedTongs":[102],"Mercury Hourglass":[158]},"card_choices":[{"not_picked":["Infinite Blades","Reflex"],"picked":"Crippling Poison","floor":1},{"not_picked":["Calculated Gamble","Setup"],"picked":"Blade Dance","floor":2},{"not_picked":["Distraction","All Out Attack","Riddle With Holes"],"picked":"SKIP","floor":7},{"not_picked":["Dodge and Roll","Quick Slash","Slice"],"picked":"SKIP","floor":8},{"not_picked":["Prepared","Quick Slash"],"picked":"Crippling Poison","floor":10},{"not_picked":["Doppelganger","Slice","Concentrate"],"picked":"SKIP","floor":12},{"not_picked":["Dodge and Roll","Deflect"],"picked":"Cloak And Dagger","floor":13},{"not_picked":["Dagger Spray","Dash"],"picked":"Backflip","floor":14},{"not_picked":["Dagger Spray","Flying Knee"],"picked":"Escape Plan","floor":18},{"not_picked":["Backstab","Tactician","Calculated Gamble"],"picked":"SKIP","floor":19},{"not_picked":["Tactician","Slice"],"picked":"PiercingWail","floor":20},{"not_picked":["Prepared","Masterful Stab"],"picked":"Accuracy+1","floor":24},{"not_picked":["Prepared","Slice"],"picked":"Backflip","floor":27},{"not_picked":["Masterful Stab+1","Flying Knee+1","Acrobatics"],"picked":"SKIP","floor":29},{"not_picked":["Dodge and Roll","Predator","Skewer+1"],"picked":"SKIP","floor":31},{"not_picked":["Phantasmal Killer","Unload"],"picked":"Burst","floor":33},{"not_picked":["Backstab+1","Expertise"],"picked":"Endless Agony+1","floor":35},{"not_picked":["Underhanded Strike","Quick Slash"],"picked":"PiercingWail","floor":36},{"not_picked":["Deep Breath","Flash of Steel"],"picked":"Finesse","floor":37},{"not_picked":["Discovery","Purity"],"picked":"Master of Strategy","floor":37},{"not_picked":["Forethought","Deep Breath"],"picked":"Dramatic Entrance","floor":37},{"not_picked":["Infinite Blades+1","Dagger Spray","Deadly Poison+1"],"picked":"SKIP","floor":38}],"player_experience":133799,"relics_obtained":[{"floor":8,"key":"Snake Skull"},{"floor":9,"key":"Toy Ornithopter"},{"floor":14,"key":"Happy Flower"},{"floor":24,"key":"Frozen Egg 2"},{"floor":26,"key":"Mercury Hourglass"},{"floor":27,"key":"Matryoshka"}],"event_choices":[{"damage_healed":0,"gold_gain":0,"player_choice":"Grow","damage_taken":0,"max_hp_gain":0,"max_hp_loss":0,"event_name":"Living Wall","floor":3,"gold_loss":0,"cards_upgraded":["Crippling Poison"]},{"damage_healed":0,"gold_gain":0,"cards_transformed":["Strike_G"],"player_choice":"Transformed","damage_taken":0,"max_hp_gain":0,"max_hp_loss":0,"event_name":"Transmorgrifier","floor":4,"gold_loss":0,"cards_obtained":["Accuracy"]},{"cards_removed":["Strike_G"],"damage_healed":0,"gold_gain":0,"player_choice":"Purged","damage_taken":0,"max_hp_gain":0,"max_hp_loss":0,"event_name":"Purifier","floor":22,"gold_loss":0},{"damage_healed":0,"gold_gain":0,"player_choice":"0 cards matched","damage_taken":0,"max_hp_gain":0,"max_hp_loss":0,"event_name":"Match and Keep!","floor":30,"gold_loss":0,"cards_obtained":[]},{"damage_healed":0,"gold_gain":0,"player_choice":"Memory 3","damage_taken":10,"max_hp_gain":0,"max_hp_loss":0,"event_name":"SensoryStone","floor":37,"gold_loss":0}],"is_beta":true,"boss_relics":[{"not_picked":["Ectoplasm","Empty Cage"],"picked":"Fusion Hammer"},{"not_picked":["Tiny House","Sozu"],"picked":"WristBlade"}],"items_purged_floors":[],"is_endless":false,"potions_floor_spawned":[1,7,8,14,18,20,27,35,36],"killed_by":"Maw","ascension_level":18}}