{"host":"gkp57zoegrd3f2ij","time":1609690832,"event":{"mods":["BaseMod","Colored Map","Colored Powertips","Downfall","Minty Spire (QoL Compilation)","StSLib"],"gold_per_floor":[110,6,6,25,25,68,68,68,146,185,185,208,208,231,231,354,354,374,374,374,374],"floor_reached":20,"playtime":1062,"items_purged":[],"score":189,"play_id":"9fb54458-8e5d-4a90-acbc-a528fa8cef10","local_time":"20210103172032","is_ascension_mode":true,"campfire_choices":[{"floor":11,"key":"REST"},{"data":"Zap","floor":13,"key":"SMITH"},{"floor":15,"key":"REST"}],"circlet_count":0,"master_deck":["Strike_B","Strike_B","Strike_B","Strike_B","Defend_B","Defend_B","Defend_B","Defend_B","Zap+1","Dualcast","Steam","Go for the Eyes","Compile Driver","Parasite","Conserve Battery","Cold Snap"],"relics":["Cracked Core","Juzu Bracelet","Golden Idol","The Courier","Nunchaku","Darkstone Periapt","Ornamental Fan","Sozu"],"acts_visited":["Exordium","TheCity"],"potions_floor_usage":[6,16],"damage_taken":[{"damage":5,"enemies":"2 Louse","floor":1,"turns":4},{"damage":0,"enemies":"Small Slimes","floor":4,"turns":3},{"damage":9,"enemies":"Lagavulin","floor":6,"turns":7},{"damage":34,"enemies":"Gremlin Nob","floor":10,"turns":5},{"damage":4,"enemies":"Jaw Worm","floor":12,"turns":3},{"damage":2,"enemies":"3 Louse","floor":14,"turns":5},{"damage":43,"enemies":"Hexaghost","floor":16,"turns":11},{"damage":26,"enemies":"Spheric Guardian","floor":18,"turns":6},{"damage":53,"enemies":"Masked Bandits","floor":20,"turns":4}],"seed_played":"-7156853564571869842","potions_obtained":[{"floor":4,"key":"ColorlessPotion"},{"floor":14,"key":"LiquidBronze"},{"floor":16,"key":"sneckomod:MuddlingPotion"}],"is_trial":false,"path_per_floor":["M","$","?","M","$","E","?","?","T","E","R","M","R","M","R","B",null,"M","?","?"],"character_chosen":"DEFECT","items_purchased":["Steam","Go for the Eyes"],"campfire_rested":2,"item_purchase_floors":[2,2],"current_hp_per_floor":[70,70,52,52,52,43,40,58,58,24,46,42,42,40,62,19,75,49,49,0,0],"gold":374,"neow_bonus":"RANDOM_COMMON_RELIC","is_daily":false,"chose_seed":false,"campfire_upgraded":1,"win_rate":0.0,"timestamp":1609690832,"path_taken":["M","$","?","M","$","E","?","?","T","E","R","M","R","M","R","BOSS","M","?","?"],"items_purchased_type":["Card","Card"],"build_version":"2020-12-22","purchased_purges":0,"victory":false,"max_hp_per_floor":[75,75,75,75,75,75,75,75,75,75,75,75,75,75,75,75,75,75,75,75,75],"card_choices":[{"not_picked":["Beam Cell","Barrage","Streamline"],"picked":"SKIP","floor":1},{"not_picked":["Turbo","Redo"],"picked":"Compile Driver","floor":4},{"not_picked":["Steam","Loop","Doom and Gloom"],"picked":"SKIP","floor":6},{"not_picked":["Lockon","Rebound","Force Field"],"picked":"SKIP","floor":10},{"not_picked":["Beam Cell","Streamline"],"picked":"Conserve Battery","floor":12},{"not_picked":["Force Field","Streamline","Beam Cell"],"picked":"SKIP","floor":14},{"not_picked":["Hologram","Rebound"],"picked":"Cold Snap","floor":18}],"player_experience":202844,"relics_obtained":[{"floor":6,"key":"The Courier"},{"floor":9,"key":"Darkstone Periapt"},{"floor":10,"key":"Ornamental Fan"}],"event_choices":[{"damage_healed":0,"gold_gain":0,"player_choice":"Take Damage","damage_taken":18,"relics_obtained":["Golden Idol"],"max_hp_gain":0,"max_hp_loss":0,"event_name":"Golden Idol","floor":3,"gold_loss":0},{"damage_healed":0,"gold_gain":0,"player_choice":"Success","damage_taken":3,"relics_obtained":["Nunchaku"],"max_hp_gain":0,"max_hp_loss":0,"event_name":"Scrap Ooze","floor":7,"gold_loss":0},{"damage_healed":18,"gold_gain":0,"player_choice":"Healed and dodged fight","damage_taken":0,"max_hp_gain":0,"max_hp_loss":0,"event_name":"Mushrooms","floor":8,"gold_loss":0,"cards_obtained":["Parasite"]},{"damage_healed":0,"gold_gain":0,"player_choice":"Ignored","damage_taken":0,"max_hp_gain":0,"max_hp_loss":0,"event_name":"Ghosts","floor":19,"gold_loss":0},{"damage_healed":0,"gold_gain":0,"player_choice":"Fought Bandits","damage_taken":0,"max_hp_gain":0,"max_hp_loss":0,"event_name":"Masked Bandits","floor":20,"gold_loss":0}],"is_beta":false,"boss_relics":[{"not_picked":["Nuclear Battery","Velvet Choker"],"picked":"Sozu"}],"items_purged_floors":[],"is_endless":false,"potions_floor_spawned":[4,14,16,18],"killed_by":"Masked Bandits","ascension_level":1}}