{"host":"armnliea5o2aqs4b","time":1609668812,"event":{"mods":["BaseMod","Hubris","Infinite Spire","Minty Spire (QoL Compilation)","Quick Restart","StSLib"],"gold_per_floor":[114,78,78,78,78,78,78,93,93,125,137,167,177,128,128,229,229,239,239,339,350,205,205,205],"floor_reached":23,"playtime":545,"items_purged":[],"score":255,"play_id":"08748fd7-e1bd-4616-9bbb-7006829974eb","local_time":"20210103211332","is_ascension_mode":true,"campfire_choices":[{"data":"infinitespire:OneForAll","floor":6,"key":"SMITH"},{"floor":15,"key":"REST"}],"circlet_count":0,"master_deck":["Strike_R+1","Strike_R","Strike_R","Defend_R","Defend_R","Defend_R","Defend_R","Bash+1","Heavy Blade","Inflame","infinitespire:OneForAll+1","Double Tap","Bloodletting","Flex","Double Tap","Seeing Red"],"relics":["infinitespire:DarkRift","NeowsBlessing","infinitespire:Cubic Diamond","Sundial","hubris:Potato","hubris:PeanutButter","Empty Cage","hubris:Towel","Sling"],"acts_visited":["Exordium","TheCity"],"potions_floor_usage":[8,12,12,12,16,23,23],"damage_taken":[{"damage":0,"enemies":"Small Slimes","floor":1,"turns":1},{"damage":3,"enemies":"2 Louse","floor":8,"turns":2},{"damage":0,"enemies":"Gremlin Nob","floor":10,"turns":1},{"damage":12,"enemies":"Jaw Worm","floor":11,"turns":3},{"damage":45,"enemies":"Lagavulin","floor":12,"turns":6},{"damage":0,"enemies":"Large Slime","floor":13,"turns":3},{"damage":23,"enemies":"The Guardian","floor":16,"turns":10},{"damage":4,"enemies":"Spheric Guardian","floor":18,"turns":4},{"damage":0,"enemies":"Chosen","floor":21,"turns":4},{"damage":90,"enemies":"Gremlin Leader","floor":23,"turns":4}],"seed_played":"-3134851161359348659","potions_obtained":[{"floor":8,"key":"Fruit Juice"},{"floor":11,"key":"EntropicBrew"},{"floor":16,"key":"SpeedPotion"},{"floor":21,"key":"EssenceOfSteel"}],"is_trial":false,"path_per_floor":["M","$","?","?","?","R","$","M","T","E","M","E","M","$","R","B",null,"M","?","?","M","$","E"],"character_chosen":"IRONCLAD","items_purchased":["Inflame","Flex","Sling"],"campfire_rested":1,"item_purchase_floors":[2,14,22],"current_hp_per_floor":[80,80,80,64,64,64,64,66,66,66,54,9,9,9,34,11,85,81,81,81,81,81,0,0],"gold":205,"neow_bonus":"THREE_ENEMY_KILL","is_daily":false,"chose_seed":false,"campfire_upgraded":1,"win_rate":0.0,"timestamp":1609668812,"path_taken":["M","$","?","?","?","R","?","?","T","E","M","E","M","$","R","BOSS","M","?","?","M","$","E"],"items_purchased_type":["Card","Card","Relic"],"build_version":"2020-12-22","purchased_purges":0,"victory":false,"max_hp_per_floor":[80,80,80,80,80,80,80,85,85,85,85,85,85,85,85,85,85,85,85,85,85,85,85,85],"card_choices":[{"not_picked":["Wild Strike","Metallicize"],"picked":"Heavy Blade","floor":1},{"not_picked":["Sword Boomerang","Burning Pact","Wild Strike"],"picked":"SKIP","floor":8},{"not_picked":["Sword Boomerang","True Grit"],"picked":"Double Tap","floor":10},{"not_picked":["Perfected Strike","Shockwave","Dropkick"],"picked":"SKIP","floor":11},{"not_picked":["Havoc","Evolve"],"picked":"Bloodletting","floor":12},{"not_picked":["Clothesline","Metallicize","Iron Wave"],"picked":"SKIP","floor":13},{"not_picked":["Corruption","Fiend Fire"],"picked":"Double Tap","floor":16},{"not_picked":["Iron Wave","Power Through","Blood for Blood"],"picked":"SKIP","floor":18},{"not_picked":["True Grit","Headbutt+1"],"picked":"Seeing Red","floor":21}],"player_experience":148246,"relics_obtained":[{"floor":9,"key":"Sundial"},{"floor":10,"key":"hubris:Potato"},{"floor":12,"key":"hubris:PeanutButter"}],"event_choices":[{"damage_healed":0,"gold_gain":0,"player_choice":"Entered Light","damage_taken":16,"max_hp_gain":0,"max_hp_loss":0,"event_name":"Shining Light","floor":4,"gold_loss":0,"cards_upgraded":["Strike_R","Bash"]},{"damage_healed":0,"gold_gain":100,"player_choice":"Pray","damage_taken":0,"max_hp_gain":0,"max_hp_loss":0,"event_name":"Golden Shrine","floor":20,"gold_loss":0}],"is_beta":false,"boss_relics":[{"not_picked":["Fusion Hammer","hubris:RunicObelisk"],"picked":"Empty Cage"}],"items_purged_floors":[],"is_endless":false,"potions_floor_spawned":[8,11,16,21],"killed_by":"Gremlin Leader","ascension_level":3}}