{"host":"qxeepl7ydvsgmfdb","time":1609677405,"event":{"mods":["AchievementEnabler","BaseMod","Colored Powertips","Minty Spire (QoL Compilation)","Quick Restart","slay the spire mod where everything is the same but ironclad has a cowboy hat"],"gold_per_floor":[112,112,112,10,87,121,48,74,100,200,200,219,239,249,249,349,349,364,378,378,152,152,182,198,198,198,216,216,216,250,260,260,360,360,380,71,90,140,151,151,179,179,179],"floor_reached":42,"playtime":1675,"items_purged":["Defend_B"],"score":546,"play_id":"ab2d475f-cde1-4317-801f-07889bf67980","local_time":"20210103073645","is_ascension_mode":true,"campfire_choices":[{"floor":11.0,"key":"REST"},{"floor":15.0,"key":"REST"},{"floor":28.0,"key":"REST"},{"floor":32.0,"key":"REST"},{"floor":40.0,"key":"REST"}],"circlet_count":0,"master_deck":["Strike_B+1","Strike_B+1","Defend_B","Defend_B","Zap+1","Dualcast","Ball Lightning","Redo","Sweeping Beam","Defragment+1","Defragment+1","Redo","Cold Snap","Electrodynamics+1","Chill","Leap","Loop+1","Turbo","Chaos","BootSequence","Darkness","Rainbow","Parasite"],"relics":["Cracked Core","Strawberry","Frozen Egg 2","Lizard Tail","Whetstone","Dream Catcher","Black Star","Lantern","Orichalcum","MealTicket","Sundial","MutagenicStrength","Smiling Mask","Darkstone Periapt","Empty Cage","Kunai","TungstenRod","FossilizedHelix","Dead Branch"],"acts_visited":["Exordium","TheCity","TheBeyond"],"potions_floor_usage":[41],"damage_taken":[{"damage":0.0,"enemies":"2 Louse","floor":1.0,"turns":3.0},{"damage":31.0,"enemies":"Lagavulin","floor":6.0,"turns":6.0},{"damage":25.0,"enemies":"3 Sentries","floor":8.0,"turns":5.0},{"damage":2.0,"enemies":"Jaw Worm","floor":12.0,"turns":3.0},{"damage":6.0,"enemies":"Cultist","floor":13.0,"turns":3.0},{"damage":7.0,"enemies":"Lots of Slimes","floor":14.0,"turns":3.0},{"damage":17.0,"enemies":"The Guardian","floor":16.0,"turns":7.0},{"damage":11.0,"enemies":"Shell Parasite","floor":18.0,"turns":5.0},{"damage":6.0,"enemies":"Spheric Guardian","floor":19.0,"turns":3.0},{"damage":23.0,"enemies":"Book of Stabbing","floor":23.0,"turns":6.0},{"damage":23.0,"enemies":"Snake Plant","floor":24.0,"turns":4.0},{"damage":13.0,"enemies":"Shelled Parasite and Fungi","floor":27.0,"turns":4.0},{"damage":8.0,"enemies":"Gremlin Leader","floor":30.0,"turns":5.0},{"damage":12.0,"enemies":"Snecko","floor":31.0,"turns":4.0},{"damage":41.0,"enemies":"Collector","floor":33.0,"turns":9.0},{"damage":16.0,"enemies":"3 Darklings","floor":35.0,"turns":4.0},{"damage":14.0,"enemies":"3 Shapes","floor":37.0,"turns":5.0},{"damage":0.0,"enemies":"Mind Bloom Boss Battle","floor":38.0,"turns":4.0},{"damage":30.0,"enemies":"Maw","floor":39.0,"turns":8.0},{"damage":115,"enemies":"Reptomancer","floor":41,"turns":9},{"damage":21,"enemies":"Writhing Mass","floor":42,"turns":4}],"seed_played":"3366720592693663623","potions_obtained":[{"floor":12.0,"key":"Fruit Juice"},{"floor":14.0,"key":"FearPotion"},{"floor":16.0,"key":"Dexterity Potion"},{"floor":23.0,"key":"Fire Potion"},{"floor":24.0,"key":"PowerPotion"},{"floor":30.0,"key":"Energy Potion"},{"floor":31.0,"key":"Dexterity Potion"},{"floor":35.0,"key":"LiquidBronze"},{"floor":37.0,"key":"FearPotion"}],"is_trial":false,"path_per_floor":["M","?","?","$","T","E","$","E","T","?","R","M","M","M","R","B",null,"M","M","?","$","?","E","M","?","T","M","R","?","E","M","R","B",null,"M","$","M","?","M","R","E","M"],"character_chosen":"DEFECT","items_purchased":["Redo","Sweeping Beam","Defragment+1","Chaos","Lantern","Kunai"],"campfire_rested":5,"item_purchase_floors":[4,4,7,21,21,36],"current_hp_per_floor":[82,82,75,75,75,44,44,19,19,19,43,46,40,33,59,42,87,76,70,70,70,70,47,24,24,24,11,37,37,29,17,43,2,87,71,86,72,72,42,68,13,0,0],"gold":179,"neow_bonus":"RANDOM_COMMON_RELIC","is_daily":false,"chose_seed":false,"campfire_upgraded":0,"win_rate":0.0,"timestamp":1609677405,"path_taken":["M","?","?","$","?","E","$","E","T","?","R","M","?","M","R","BOSS","M","?","?","$","?","E","M","?","T","?","R","?","E","M","R","BOSS","M","$","M","?","M","R","E","M"],"items_purchased_type":["Card","Card","Card","Card","Relic","Relic"],"build_version":"2020-12-22","purchased_purges":1,"victory":false,"max_hp_per_floor":[82,82,82,82,82,82,82,82,82,82,82,87,87,87,87,87,87,87,87,87,87,87,87,87,87,87,87,87,87,87,87,87,87,87,87,87,87,87,87,87,87,93,93],"card_choices":[{"not_picked":["Conserve Battery","Undo"],"picked":"Ball Lightning","floor":1.0},{"not_picked":["Go for the Eyes","Consume","Hologram"],"picked":"SKIP","floor":6.0},{"not_picked":["Leap","Rip and Tear"],"picked":"Defragment+1","floor":8.0},{"not_picked":["Go for the Eyes","Barrage"],"picked":"Redo","floor":11.0},{"not_picked":["Glacier","Go for the Eyes"],"picked":"Cold Snap","floor":12.0},{"not_picked":["Rip and Tear","Steam"],"picked":"Electrodynamics+1","floor":13.0},{"not_picked":["Sweeping Beam","Turbo"],"picked":"Chill","floor":14.0},{"not_picked":["Stack","Reprogram"],"picked":"Leap","floor":15.0},{"not_picked":["Streamline","Rebound"],"picked":"Loop+1","floor":18.0},{"not_picked":["Coolheaded","Redo"],"picked":"Turbo","floor":19.0},{"not_picked":["Go for the Eyes+1","Compile Driver"],"picked":"Darkness","floor":23.0},{"not_picked":["Streamline+1","Fission","Aggregate"],"picked":"SKIP","floor":24.0},{"not_picked":["Leap+1","Scrape+1","Gash+1"],"picked":"SKIP","floor":27.0},{"not_picked":["Fusion","Blizzard","Redo"],"picked":"SKIP","floor":30.0},{"not_picked":["Go for the Eyes+1","Beam Cell","Leap"],"picked":"SKIP","floor":31.0},{"not_picked":["Meteor Strike","Fission"],"picked":"Rainbow","floor":33.0},{"not_picked":["Stack","Self Repair+1","Beam Cell+1"],"picked":"SKIP","floor":35.0},{"not_picked":["White Noise","Stack","Compile Driver+1"],"picked":"SKIP","floor":37.0},{"not_picked":["Chaos+1","Barrage","Go for the Eyes"],"picked":"SKIP","floor":39.0},{"not_picked":["All For One","Rebound+1","White Noise"],"picked":"SKIP","floor":41}],"player_experience":360287,"relics_obtained":[{"floor":5.0,"key":"Frozen Egg 2"},{"floor":6.0,"key":"Lizard Tail"},{"floor":8.0,"key":"Whetstone"},{"floor":9.0,"key":"Dream Catcher"},{"floor":23.0,"key":"Orichalcum"},{"floor":23.0,"key":"MealTicket"},{"floor":26.0,"key":"Sundial"},{"floor":30.0,"key":"Smiling Mask"},{"floor":30.0,"key":"Darkstone Periapt"},{"floor":38.0,"key":"TungstenRod"},{"floor":41,"key":"FossilizedHelix"},{"floor":41,"key":"Dead Branch"}],"event_choices":[{"damage_healed":0.0,"max_hp_gain":0.0,"max_hp_loss":0.0,"gold_gain":0.0,"event_name":"Living Wall","player_choice":"Grow","floor":2.0,"gold_loss":0.0,"damage_taken":0.0,"cards_upgraded":["Zap"]},{"cards_removed":["Strike_B"],"damage_healed":0.0,"max_hp_gain":0.0,"max_hp_loss":0.0,"gold_gain":0.0,"event_name":"Golden Wing","player_choice":"Card Removal","floor":3.0,"gold_loss":0.0,"damage_taken":7.0},{"damage_healed":0.0,"max_hp_gain":0.0,"max_hp_loss":0.0,"gold_gain":100.0,"event_name":"Golden Shrine","player_choice":"Pray","floor":10.0,"gold_loss":0.0,"damage_taken":0.0},{"damage_healed":0.0,"max_hp_gain":0.0,"max_hp_loss":0.0,"gold_gain":0.0,"event_name":"Vampires","player_choice":"Ignored","floor":20.0,"gold_loss":0.0,"damage_taken":0.0},{"damage_healed":0.0,"max_hp_gain":0.0,"max_hp_loss":0.0,"gold_gain":0.0,"event_name":"The Library","player_choice":"Read","floor":22.0,"gold_loss":0.0,"damage_taken":0.0,"cards_obtained":["BootSequence"]},{"damage_healed":0.0,"max_hp_gain":0.0,"max_hp_loss":0.0,"gold_gain":0.0,"event_name":"Match and Keep!","player_choice":"0 cards matched","floor":25.0,"gold_loss":0.0,"damage_taken":0.0,"cards_obtained":[]},{"damage_healed":0.0,"max_hp_gain":0.0,"max_hp_loss":0.0,"gold_gain":0.0,"event_name":"Drug Dealer","player_choice":"Inject Mutagens","floor":29.0,"gold_loss":0.0,"damage_taken":0.0,"relics_obtained":["MutagenicStrength"]},{"damage_healed":0.0,"max_hp_gain":0.0,"max_hp_loss":0.0,"gold_gain":0.0,"event_name":"MindBloom","player_choice":"Fight","floor":38.0,"gold_loss":0.0,"damage_taken":0.0}],"is_beta":false,"boss_relics":[{"not_picked":["Astrolabe","Pandora\u0027s Box"],"picked":"Black Star"},{"not_picked":["FrozenCore","Inserter"],"picked":"Empty Cage"}],"items_purged_floors":[36],"is_endless":false,"potions_floor_spawned":[12,14,16,23,24,30,31,35,37],"killed_by":"Writhing Mass","ascension_level":2}}