{"host":"qj91dvco5uhu9oti","time":1609680367,"event":{"mods":["BaseMod","Colored Map","Downfall","Keyboard Shortcuts","Minty Spire (QoL Compilation)","Permanent Neow","Relic Stats","StSLib","SuperFastMode","everything is the same but u backflip on backflip"],"gold_per_floor":[99,99,99,99,99,24,51,51,71,71,86,120,120,135,149,149,149,149],"floor_reached":16,"playtime":586,"items_purged":["Guardian:Defend_Guardian"],"score":98,"play_id":"0a722b79-2978-4e8a-8432-dc64e761fdd5","local_time":"20210103222607","is_ascension_mode":false,"campfire_choices":[{"data":"Guardian:TwinSlam","floor":1,"key":"SMITH"},{"data":"Guardian:DecasProtection","floor":8,"key":"SMITH"},{"data":"Guardian:CurlUp","floor":10,"key":"SMITH"},{"data":"Guardian:Recover","floor":13,"key":"SMITH"}],"circlet_count":0,"master_deck":["Guardian:Strike_Guardian","Guardian:Strike_Guardian","Guardian:Strike_Guardian","Guardian:Strike_Guardian","Guardian:Defend_Guardian","Guardian:Defend_Guardian","Guardian:Defend_Guardian","Guardian:CurlUp+1","Guardian:TwinSlam+1","Guardian:TimeBomb","Guardian:DecasProtection+1","Guardian:Recover+1","Guardian:WalkerClaw","Guardian:ArmoredProtocol"],"relics":["Guardian:ModeShifter","downfall:HeartsMalice","Letter Opener","Turnip","Nunchaku","Unceasing Top"],"acts_visited":["Exordium"],"potions_floor_usage":[12,16],"damage_taken":[{"damage":0,"enemies":"Small Slimes","floor":2,"turns":1},{"damage":0,"enemies":"Jaw Worm","floor":5,"turns":1},{"damage":0,"enemies":"downfall:FleeingMerchant","floor":6,"turns":1},{"damage":0,"enemies":"Cultist","floor":9,"turns":4},{"damage":24,"enemies":"Exordium Thugs","floor":11,"turns":5},{"damage":15,"enemies":"3 Sentries","floor":12,"turns":6},{"damage":10,"enemies":"3 Louse","floor":14,"turns":3},{"damage":6,"enemies":"Gremlin Gang","floor":15,"turns":4},{"damage":20,"enemies":"downfall:Watcher","floor":16,"turns":8}],"seed_played":"-7636377907031418914","potions_obtained":[{"floor":9,"key":"AttackPotion"},{"floor":14,"key":"Energy Potion"},{"floor":15,"key":"sneckomod:MuddlingPotion"}],"is_trial":false,"path_per_floor":["R","M","?","T","M","$","T","R","M","R","M","E","R","M","M","B"],"character_chosen":"GUARDIAN","items_purchased":[],"campfire_rested":0,"item_purchase_floors":[],"current_hp_per_floor":[80,80,68,68,68,68,68,68,68,68,44,29,29,19,13,0,0,0],"gold":149,"neow_bonus":"THREE_ENEMY_KILL","is_daily":false,"chose_seed":false,"campfire_upgraded":4,"win_rate":0.0,"timestamp":1609680367,"path_taken":["R","M","?","?","M","$","T","R","?","R","M","E","R","M","M","BOSS"],"items_purchased_type":[],"build_version":"2020-12-22","purchased_purges":1,"victory":false,"max_hp_per_floor":[80,80,80,80,80,80,80,80,80,80,80,80,80,80,80,80,80,80],"relic_stats":{"Nunchaku":[4],"counters":[9,28],"Turnip":[2],"Letter Opener":[99],"obtain_stats":[{"Nunchaku":7,"Guardian:ModeShifter":0,"downfall:HeartsMalice":0,"Turnip":4,"Letter Opener":3,"Unceasing Top":12},{"Nunchaku":3,"Guardian:ModeShifter":0,"downfall:HeartsMalice":0,"Turnip":1,"Letter Opener":1,"Unceasing Top":6},{"Nunchaku":0,"Guardian:ModeShifter":0,"downfall:HeartsMalice":0,"Turnip":0,"Letter Opener":0,"Unceasing Top":13}],"Unceasing Top":[1]},"card_choices":[{"not_picked":["Guardian:ShieldCharger","Guardian:Gem_Crimson"],"picked":"Guardian:TimeBomb","floor":2},{"not_picked":["Guardian:SentryBeam","Guardian:BronzeOrb"],"picked":"Guardian:DecasProtection","floor":5},{"not_picked":["Guardian:TimeBomb","Guardian:BronzeOrb"],"picked":"Guardian:Gem_Cyan","floor":6},{"not_picked":["Guardian:ChargeUp","Guardian:ChargeCore"],"picked":"Guardian:Recover","floor":9},{"not_picked":["Guardian:ChargeCore","Guardian:TimeCapacitor"],"picked":"Guardian:Gem_Green","floor":11},{"not_picked":["Guardian:VentSteam","Guardian:Emergency"],"picked":"Guardian:Gem_Crimson","floor":12},{"not_picked":["Guardian:Gem_Purple","Guardian:Gem_Green"],"picked":"Guardian:WalkerClaw","floor":14},{"not_picked":["Guardian:TemporalStrike","Guardian:PrismaticBarrier"],"picked":"Guardian:ArmoredProtocol","floor":15}],"player_experience":337173,"relics_obtained":[{"floor":4,"key":"Turnip"},{"floor":7,"key":"Nunchaku"},{"floor":12,"key":"Unceasing Top"}],"event_choices":[{"damage_healed":0,"gold_gain":0,"player_choice":"Success","damage_taken":12,"relics_obtained":["Letter Opener"],"max_hp_gain":0,"max_hp_loss":0,"event_name":"Scrap Ooze","floor":3,"gold_loss":0}],"is_beta":false,"boss_relics":[],"items_purged_floors":[6],"is_endless":false,"potions_floor_spawned":[9,14,15],"killed_by":"downfall:Watcher","ascension_level":0}}