{"host":"6to0pdz5g3mubtyg","time":1609684530,"event":{"mods":["Act Like it!","Aspiration","BaseMod","BetterRewards","Colored Map","Energized Spire","Hallownest","Highlight Path","Infinite Spire","Jorbs\u0027s Wanderer Trilogy","Minty Spire (QoL Compilation)","Shade Mod","StSLib","The Animator","The Blue Laboratory","The Bug Knight"],"gold_per_floor":[129,54,54,54,93,181,181,279,279,279,377,432,465,559,559,891,891,924,989,741,741,941,1054,1087,1200,1227,1227,1279,1369,1463,1518,1518,1859,1859,1918,1977,1977,2071,2071,2071,2113,2175,2253,2366,1598,1663,1774,1774,1783,2095,2095,2139,2185,2021,2075,2075,2189,2219,2219,2265,2274,2353,2362,2395,2404,2404,2720,2720,2720,2720],"floor_reached":69,"playtime":2804,"items_purged":["Cold Snap","Redo"],"score":1689,"play_id":"e7a90938-c061-4cbf-9a91-e41be2021d74","local_time":"20210103073530","daily_mods":["Draft","Vintage","Heirloom","Time Dilation","DeadlyEvents","Midas"],"is_ascension_mode":true,"campfire_choices":[{"floor":7.0,"key":"REST"},{"floor":10.0,"key":"REST"},{"floor":15.0,"key":"REST"},{"floor":27.0,"key":"REST"},{"floor":49.0,"key":"REST"},{"floor":59.0,"key":"REST"},{"floor":61.0,"key":"REST"},{"floor":63.0,"key":"REST"},{"floor":66.0,"key":"REST"}],"circlet_count":1,"master_deck":["Scrape","Stack","Rebound","Gash","Go for the Eyes","Cold Snap","Genetic Algorithm+1","Gash","Genetic Algorithm+1","FTL","Glacier","Gash","Conserve Battery","Gash","Sweeping Beam","Core Surge","CurseOfTheBell","Double Energy+1","Chill","Gash","BootSequence+1","All For One","Scrape","Mayhem+1","Rebound+1","Gash","Gash","Hello World+1","Machine Learning+1","FTL","infinitespire:Collect","Reboot"],"relics":["Cracked Core","StoneCalendar","infinitespire:Beetle Shell","Golden Idol","Meat on the Bone","PreservedInsect","Torii","Symbiotic Virus","Regal Pillow","Pen Nib","Dream Catcher","aspiration:TomeofQuesting","Calling Bell","CeramicFish","Cables","aspiration:MysteriousAuxiliaryCore","Vajra","aspiration:StickyExplosives_weak","Frozen Eye","InkBottle","Eternal Feather","aspiration:ArtOfWarUpgrade","Boot","infinitespire:Joker Card","War Paint","infinitespire:Satchel","Centennial Puzzle","Sozu","Letter Opener","Thread and Needle","Omamori","infinitespire:EmpoweringShard","infinitespire:PuzzleCube","Blue Candle","StrikeDummy","infinitespire:Lucky Rock","Frozen Egg 2","ClockworkSouvenir","Blood Vial","Gambling Chip","energizedSpire:UnstableMolecules","energizedSpire:DeadBattery","Gremlin Horn","aspiration:HummingbirdHeart","Lantern","Bag of Marbles","Circlet","HollowMod:PaleOreRelic","DataDisk","Orichalcum","HollowMod:QueensCombRelic","infinitespire:FocusingShard","Bag of Preparation","energizedSpire:MagnifyingGlass"],"acts_visited":["Exordium","TheCity","TheBeyond","Exordium","TheCity"],"potions_floor_usage":[],"damage_taken":[{"damage":0.0,"enemies":"Cultist","floor":1.0,"turns":2.0},{"damage":0.0,"enemies":"Small Slimes","floor":5.0,"turns":1.0},{"damage":5.0,"enemies":"Lagavulin","floor":6.0,"turns":4.0},{"damage":4.0,"enemies":"Gremlin Nob","floor":8.0,"turns":3.0},{"damage":1.0,"enemies":"3 Sentries","floor":11.0,"turns":5.0},{"damage":0.0,"enemies":"Jaw Worm","floor":12.0,"turns":2.0},{"damage":0.0,"enemies":"Gremlin Gang","floor":13.0,"turns":3.0},{"damage":0.0,"enemies":"Gremlin Nob","floor":14.0,"turns":3.0},{"damage":22.0,"enemies":"Hexaghost","floor":16.0,"turns":5.0},{"damage":7.0,"enemies":"Chosen","floor":18.0,"turns":3.0},{"damage":0.0,"enemies":"Spheric Guardian","floor":19.0,"turns":3.0},{"damage":0.0,"enemies":"Gremlin Leader","floor":23.0,"turns":3.0},{"damage":0.0,"enemies":"3 Cultists","floor":24.0,"turns":3.0},{"damage":0.0,"enemies":"Book of Stabbing","floor":25.0,"turns":3.0},{"damage":0.0,"enemies":"Shelled Parasite and Fungi","floor":28.0,"turns":3.0},{"damage":0.0,"enemies":"HollowMod:Nosk","floor":29.0,"turns":4.0},{"damage":6.0,"enemies":"Slavers","floor":30.0,"turns":2.0},{"damage":0.0,"enemies":"Sentry and Sphere","floor":31.0,"turns":3.0},{"damage":7.0,"enemies":"Champ","floor":33.0,"turns":4.0},{"damage":1.0,"enemies":"3 Shapes","floor":35.0,"turns":2.0},{"damage":1.0,"enemies":"3 Darklings","floor":36.0,"turns":3.0},{"damage":1.0,"enemies":"Reptomancer","floor":38.0,"turns":4.0},{"damage":0.0,"enemies":"Jaw Worm Horde","floor":41.0,"turns":3.0},{"damage":0.0,"enemies":"Maw","floor":42.0,"turns":4.0},{"damage":5.0,"enemies":"Nightmare","floor":44.0,"turns":4.0},{"damage":0.0,"enemies":"Spire Growth","floor":46.0,"turns":3.0},{"damage":0.0,"enemies":"Giant Head","floor":47.0,"turns":3.0},{"damage":24.0,"enemies":"infinitespire:MassOfShapes","floor":50.0,"turns":6.0},{"damage":0.0,"enemies":"2 Louse","floor":52.0,"turns":1.0},{"damage":0.0,"enemies":"Jaw Worm","floor":53.0,"turns":1.0},{"damage":0.0,"enemies":"Cultist","floor":55.0,"turns":1.0},{"damage":0.0,"enemies":"Lagavulin","floor":57.0,"turns":2.0},{"damage":0.0,"enemies":"Lots of Slimes","floor":58.0,"turns":1.0},{"damage":12.0,"enemies":"Nightmare","floor":62.0,"turns":4.0},{"damage":0.0,"enemies":"3 Louse","floor":64.0,"turns":1.0},{"damage":0.0,"enemies":"Slime Boss","floor":67.0,"turns":2.0},{"damage":0,"enemies":"Chosen","floor":69,"turns":1}],"seed_played":"-308230235213473352","potions_obtained":[{"floor":1.0,"key":"blueLaboratory:BiasPotion"},{"floor":8.0,"key":"blueLaboratory:PlasmaFuel"},{"floor":12.0,"key":"infinitespire:BlackPotion"},{"floor":18.0,"key":"blueLaboratory:FrostheartPotion"}],"is_trial":true,"path_per_floor":["M","$","?","?","M","E","R","E","T","R","E","M","M","E","R","B",null,"M","M","$","?","?","E","M","E","T","R","M","E","E","M","R","B",null,"M","M","?","E","?","R","M","M","T","NM","$","M","E","AVR","R","B",null,"M","M","$","M","?","E","M","R","T","R","NM","R","M","AVR","R","B",null,"M"],"character_chosen":"DEFECT","items_purchased":["Frozen Eye","Scrape","infinitespire:Lucky Rock","Frozen Egg 2","ClockworkSouvenir","Mayhem+1","Gash","Lantern"],"campfire_rested":9,"item_purchase_floors":[20,45,45,45,45,45,54,54],"current_hp_per_floor":[75,75,80,60,60,55,79,75,75,80,79,79,79,79,80,58,80,73,73,73,80,80,80,80,80,80,80,80,80,74,74,80,73,80,79,78,78,77,77,80,80,80,80,75,75,75,77,77,80,56,80,80,80,80,80,60,62,64,80,80,80,52,52,52,52,52,52,52,52,52],"gold":2720,"neow_bonus":"","is_daily":false,"chose_seed":false,"campfire_upgraded":0,"win_rate":0.0,"timestamp":1609684530,"path_taken":["M","$","?","?","?","E","R","E","T","R","E","M","M","?","R","BOSS","M","M","$","?","?","E","M","E","T","R","M","?","E","M","R","BOSS","M","M","?","?","?","R","M","M","T","NM","$","?","?","AVR","R","BOSS","M","M","$","M","?","E","M","R","T","R","NM","R","?","AVR","R","BOSS","M"],"items_purchased_type":["Relic","Card","Relic","Relic","Relic","Card","Card","Relic"],"build_version":"2020-12-22","purchased_purges":2,"victory":false,"max_hp_per_floor":[75,75,80,80,80,80,80,80,80,80,80,80,80,80,80,80,80,80,80,80,80,80,80,80,80,80,80,80,80,80,80,80,80,80,80,80,80,80,80,80,80,80,80,80,80,80,80,80,80,80,80,80,80,80,80,80,80,80,80,80,80,52,52,52,52,52,52,52,52,52],"card_choices":[{"not_picked":["Undo","Auto Shields"],"picked":"Scrape","floor":0.0},{"not_picked":["Darkness","Cold Snap"],"picked":"Stack","floor":0.0},{"not_picked":["Barrage","BootSequence"],"picked":"Redo","floor":0.0},{"not_picked":["Rip and Tear","Beam Cell"],"picked":"Rebound","floor":0.0},{"not_picked":["Cold Snap","Glacier"],"picked":"Gash","floor":0.0},{"not_picked":["Turbo","Hello World"],"picked":"Go for the Eyes","floor":0.0},{"not_picked":["Barrage","Redo"],"picked":"Cold Snap","floor":0.0},{"not_picked":["Rebound","Ball Lightning"],"picked":"Cold Snap","floor":0.0},{"not_picked":["Recycle","Doom and Gloom"],"picked":"Genetic Algorithm","floor":0.0},{"not_picked":["Barrage","Force Field"],"picked":"Gash","floor":0.0},{"not_picked":["Lockon","Ball Lightning"],"picked":"Genetic Algorithm","floor":0.0},{"not_picked":["Reinforced Body","Ball Lightning"],"picked":"FTL","floor":0.0},{"not_picked":["Cold Snap","Darkness"],"picked":"Glacier","floor":0.0},{"not_picked":["Conserve Battery","Cold Snap"],"picked":"Gash","floor":0.0},{"not_picked":["Stack","Leap"],"picked":"Conserve Battery","floor":0.0},{"not_picked":["Ball Lightning","Leap","Consume"],"picked":"SKIP","floor":6.0},{"not_picked":["aspiration:Polymerization","Storm","Undo"],"picked":"SKIP","floor":8.0},{"not_picked":["Reprogram","Stack","Reboot"],"picked":"SKIP","floor":11.0},{"not_picked":["FTL","Cold Snap"],"picked":"Gash","floor":14.0},{"not_picked":["Cold Snap","Undo"],"picked":"Sweeping Beam","floor":15.0},{"not_picked":["Meteor Strike","Hyperbeam"],"picked":"Core Surge","floor":16.0},{"not_picked":["Beam Cell","Core Surge"],"picked":"Double Energy+1","floor":23.0},{"not_picked":["Reprogram","Double Energy"],"picked":"Chill","floor":25.0},{"not_picked":["Barrage","Doom and Gloom"],"picked":"Gash","floor":29.0},{"not_picked":["Cold Snap","aspiration:Polymerization"],"picked":"BootSequence+1","floor":30.0},{"not_picked":["Rainbow","Seek"],"picked":"Machine Learning","floor":33.0},{"not_picked":["Ball Lightning+1","Undo","Leap+1"],"picked":"SKIP","floor":38.0},{"not_picked":["Self Repair+1","Coolheaded"],"picked":"All For One","floor":44.0},{"not_picked":["Barrage+1","Force Field","Ball Lightning"],"picked":"SKIP","floor":47.0},{"not_picked":["Redo+1","Aggregate+1"],"picked":"Rebound+1","floor":49.0},{"not_picked":["Doom and Gloom","Barrage"],"picked":"Gash","floor":57.0},{"not_picked":["Barrage","Consume"],"picked":"Hello World+1","floor":61.0},{"not_picked":["Barrage","Redo"],"picked":"Machine Learning+1","floor":62.0},{"not_picked":["Hologram","Barrage"],"picked":"FTL","floor":63.0},{"not_picked":["Buffer+1","Amplify"],"picked":"Reboot","floor":67.0}],"player_experience":256158,"relics_obtained":[{"floor":1.0,"key":"infinitespire:Beetle Shell"},{"floor":5.0,"key":"Meat on the Bone"},{"floor":6.0,"key":"PreservedInsect"},{"floor":8.0,"key":"Torii"},{"floor":9.0,"key":"Symbiotic Virus"},{"floor":11.0,"key":"Regal Pillow"},{"floor":12.0,"key":"Pen Nib"},{"floor":13.0,"key":"Dream Catcher"},{"floor":14.0,"key":"aspiration:TomeofQuesting"},{"floor":17.0,"key":"CeramicFish"},{"floor":17.0,"key":"Cables"},{"floor":17.0,"key":"aspiration:MysteriousAuxiliaryCore"},{"floor":18.0,"key":"Vajra"},{"floor":19.0,"key":"aspiration:StickyExplosives_weak"},{"floor":23.0,"key":"InkBottle"},{"floor":24.0,"key":"Eternal Feather"},{"floor":25.0,"key":"Art of War"},{"floor":26.0,"key":"Boot"},{"floor":28.0,"key":"infinitespire:Joker Card"},{"floor":29.0,"key":"War Paint"},{"floor":30.0,"key":"infinitespire:Satchel"},{"floor":31.0,"key":"Centennial Puzzle"},{"floor":35.0,"key":"Letter Opener"},{"floor":36.0,"key":"Thread and Needle"},{"floor":38.0,"key":"Omamori"},{"floor":41.0,"key":"infinitespire:EmpoweringShard"},{"floor":42.0,"key":"infinitespire:PuzzleCube"},{"floor":43.0,"key":"Blue Candle"},{"floor":44.0,"key":"StrikeDummy"},{"floor":46.0,"key":"Blood Vial"},{"floor":47.0,"key":"Gambling Chip"},{"floor":52.0,"key":"Gremlin Horn"},{"floor":53.0,"key":"aspiration:HummingbirdHeart"},{"floor":55.0,"key":"Bag of Marbles"},{"floor":57.0,"key":"HollowMod:PaleOreRelic"},{"floor":58.0,"key":"DataDisk"},{"floor":60.0,"key":"Orichalcum"},{"floor":62.0,"key":"HollowMod:QueensCombRelic"},{"floor":64.0,"key":"infinitespire:FocusingShard"}],"event_choices":[{"damage_healed":0.0,"max_hp_gain":5.0,"max_hp_loss":0.0,"gold_gain":0.0,"event_name":"Big Fish","player_choice":"Donut","floor":3.0,"gold_loss":0.0,"damage_taken":0.0},{"damage_healed":0.0,"max_hp_gain":0.0,"max_hp_loss":0.0,"gold_gain":0.0,"event_name":"Golden Idol","player_choice":"Take Damage","floor":4.0,"gold_loss":0.0,"damage_taken":20.0,"relics_obtained":["Golden Idol"]},{"damage_healed":0.0,"max_hp_gain":0.0,"max_hp_loss":0.0,"gold_gain":200.0,"event_name":"Wheel of Change","player_choice":"Gold","floor":22.0,"gold_loss":0.0,"damage_taken":0.0},{"damage_healed":0.0,"max_hp_gain":0.0,"max_hp_loss":0.0,"gold_gain":0.0,"event_name":"SecretPortal","player_choice":"Ignored","floor":37.0,"gold_loss":0.0,"damage_taken":0.0},{"cards_removed":["Machine Learning"],"damage_healed":0.0,"max_hp_gain":0.0,"max_hp_loss":0.0,"gold_gain":0.0,"event_name":"Falling","player_choice":"Removed Power","floor":39.0,"gold_loss":0.0,"damage_taken":0.0},{"damage_healed":0.0,"max_hp_gain":0.0,"max_hp_loss":0.0,"gold_gain":0.0,"event_name":"Golden Idol","player_choice":"Take Damage","floor":56.0,"gold_loss":0.0,"damage_taken":20.0,"relics_obtained":["Circlet"]}],"is_beta":false,"boss_relics":[{"not_picked":["energizedSpire:StickyHand","energizedSpire:RedRose"],"picked":"Calling Bell"},{"not_picked":["aspiration:RitualDagger","energizedSpire:NeverEndingSparkler"],"picked":"Sozu"},{"not_picked":["Busted Crown","energizedSpire:OgreHead"],"picked":"energizedSpire:DeadBattery"},{"not_picked":["Busted Crown","energizedSpire:OgreHead"],"picked":"energizedSpire:MagnifyingGlass"}],"items_purged_floors":[2,20],"is_endless":true,"potions_floor_spawned":[1,8,12,18,19,24,30,33,35,36,46,50,52,58,62,67],"killed_by":"Chosen","ascension_level":3}}