{"host":"nozk9xg7ssf2drdi","time":1609642295,"event":{"mods":["BaseMod","Colored Map","Minty Spire (QoL Compilation)","Relic Stats","Slay the Relics Exporter","StSLib","everything is the same but u backflip on backflip"],"gold_per_floor":[118,137,162,185,197,209,233,273,311,323,43,71,86,117,117,196,196,215,215,235,235,248,248,263,263,263],"floor_reached":25,"playtime":2718,"items_purged":["Defend_R"],"score":546,"play_id":"db46fea7-4bb8-4b37-bfa7-76d77b1a0c57","local_time":"20210102205135","is_ascension_mode":true,"campfire_choices":[{"data":"Perfected Strike","floor":6,"key":"SMITH"},{"data":"Whirlwind","floor":10,"key":"SMITH"},{"data":"Disarm","floor":15,"key":"SMITH"},{"data":"Corruption","floor":23,"key":"SMITH"}],"circlet_count":0,"master_deck":["AscendersBane","Strike_R+1","Strike_R+1","Strike_R+1","Strike_R+1","Strike_R+1","Defend_R+1","Defend_R+1","Defend_R+1","Bash+1","Disarm+1","Anger","Perfected Strike+1","Thunderclap","Whirlwind+1","Exhume","Corruption+1","CurseOfTheBell","Thunderclap","Battle Trance","Shrug It Off","Flex+1","Evolve"],"relics":["Burning Blood","MawBank","Paper Frog","Bronze Scales","MealTicket","Chemical X","Shuriken","Oddly Smooth Stone","Calling Bell","Regal Pillow","Matryoshka","Thread and Needle"],"acts_visited":["Exordium","TheCity"],"potions_floor_usage":[8,14,22,25],"damage_taken":[{"damage":1,"enemies":"Cultist","floor":1,"turns":3},{"damage":6,"enemies":"2 Louse","floor":2,"turns":3},{"damage":6,"enemies":"Small Slimes","floor":4,"turns":4},{"damage":13,"enemies":"3 Louse","floor":7,"turns":4},{"damage":16,"enemies":"Lagavulin","floor":8,"turns":5},{"damage":0,"enemies":"3 Sentries","floor":12,"turns":2},{"damage":12,"enemies":"Large Slime","floor":13,"turns":2},{"damage":0,"enemies":"Gremlin Nob","floor":14,"turns":2},{"damage":16,"enemies":"Slime Boss","floor":16,"turns":7},{"damage":18,"enemies":"Spheric Guardian","floor":18,"turns":4},{"damage":0,"enemies":"3 Byrds","floor":20,"turns":2},{"damage":11,"enemies":"Snake Plant","floor":22,"turns":2},{"damage":21,"enemies":"Shelled Parasite and Fungi","floor":24,"turns":5},{"damage":49,"enemies":"Slavers","floor":25,"turns":4}],"seed_played":"8544151165726296667","potions_obtained":[{"floor":1,"key":"LiquidBronze"},{"floor":2,"key":"EssenceOfSteel"},{"floor":4,"key":"DistilledChaos"},{"floor":13,"key":"Energy Potion"},{"floor":14,"key":"Explosive Potion"},{"floor":22,"key":"ElixirPotion"}],"is_trial":false,"path_per_floor":["M","M","T","M","?","R","M","E","T","R","$","E","M","E","R","B",null,"M","?","M","?","M","R","M","E"],"character_chosen":"IRONCLAD","items_purchased":["Chemical X","Energy Potion"],"campfire_rested":0,"item_purchase_floors":[11,11],"current_hp_per_floor":[73,73,73,73,62,62,55,45,45,45,60,66,60,66,66,56,70,58,58,64,64,59,59,44,0,0],"gold":263,"neow_bonus":"UPGRADE_CARD","is_daily":false,"chose_seed":false,"campfire_upgraded":4,"win_rate":0.0,"timestamp":1609642295,"path_taken":["M","M","?","M","?","R","M","E","T","R","$","E","M","E","R","BOSS","M","?","M","?","M","R","M","E"],"items_purchased_type":["Relic","Potion"],"build_version":"2020-12-22","purchased_purges":1,"victory":false,"max_hp_per_floor":[75,75,75,75,75,75,75,75,75,75,75,75,75,75,75,75,75,75,75,75,75,75,75,75,75,75],"relic_stats":{"Regal Pillow":0,"counters":[14,49],"Shuriken":[9],"Bronze Scales":[108],"MealTicket":15,"Chemical X":[8],"MawBank":96,"obtain_stats":[{"Calling Bell":17,"Regal Pillow":17,"Matryoshka":17,"Shuriken":12,"Bronze Scales":8,"Oddly Smooth Stone":14,"MealTicket":9,"Thread and Needle":17,"Chemical X":11,"MawBank":3,"Burning Blood":0,"Paper Frog":5},{"Calling Bell":9,"Regal Pillow":9,"Matryoshka":9,"Shuriken":6,"Bronze Scales":5,"Oddly Smooth Stone":8,"MealTicket":5,"Thread and Needle":9,"Chemical X":5,"MawBank":2,"Burning Blood":0,"Paper Frog":3},{"Calling Bell":32,"Regal Pillow":32,"Matryoshka":32,"Shuriken":21,"Bronze Scales":19,"Oddly Smooth Stone":25,"MealTicket":19,"Thread and Needle":32,"Chemical X":19,"MawBank":6,"Burning Blood":0,"Paper Frog":10}],"Burning Blood":78},"card_choices":[{"not_picked":["Intimidate","Iron Wave"],"picked":"Disarm","floor":1},{"not_picked":["Pommel Strike","Thunderclap"],"picked":"Anger","floor":2},{"not_picked":["Armaments","Rupture"],"picked":"Perfected Strike","floor":4},{"not_picked":["True Grit","Sword Boomerang"],"picked":"Thunderclap","floor":7},{"not_picked":["Burning Pact","Bloodletting"],"picked":"Whirlwind","floor":8},{"not_picked":["Wild Strike","Clothesline"],"picked":"Exhume","floor":12},{"not_picked":["Pummel","Iron Wave","Rage"],"picked":"SKIP","floor":13},{"not_picked":["Wild Strike","Clash","Clothesline"],"picked":"SKIP","floor":14},{"not_picked":["Reaper","Feed"],"picked":"Corruption","floor":16},{"not_picked":["Armaments","Warcry"],"picked":"Thunderclap","floor":18},{"not_picked":["Blood for Blood","True Grit"],"picked":"Shrug It Off","floor":20},{"not_picked":["Thunderclap+1","Blood for Blood"],"picked":"Flex+1","floor":22},{"not_picked":["Sword Boomerang","True Grit"],"picked":"Evolve","floor":24}],"player_experience":5954169,"relics_obtained":[{"floor":3,"key":"MawBank"},{"floor":8,"key":"Bronze Scales"},{"floor":9,"key":"MealTicket"},{"floor":12,"key":"Shuriken"},{"floor":14,"key":"Oddly Smooth Stone"},{"floor":17,"key":"Regal Pillow"},{"floor":17,"key":"Matryoshka"},{"floor":17,"key":"Thread and Needle"}],"event_choices":[{"damage_healed":0,"gold_gain":0,"player_choice":"Success","damage_taken":11,"relics_obtained":["Paper Frog"],"max_hp_gain":0,"max_hp_loss":0,"event_name":"Scrap Ooze","floor":5,"gold_loss":0},{"damage_healed":0,"gold_gain":0,"player_choice":"Read","damage_taken":0,"max_hp_gain":0,"max_hp_loss":0,"event_name":"The Library","floor":19,"gold_loss":0,"cards_obtained":["Battle Trance"]},{"damage_healed":0,"gold_gain":0,"player_choice":"Simplicity","damage_taken":0,"max_hp_gain":0,"max_hp_loss":0,"event_name":"Back to Basics","floor":21,"gold_loss":0,"cards_upgraded":["Strike_R","Strike_R","Strike_R","Strike_R","Strike_R","Defend_R","Defend_R","Defend_R"]}],"is_beta":false,"boss_relics":[{"not_picked":["Velvet Choker","Mark of Pain"],"picked":"Calling Bell"}],"items_purged_floors":[11],"is_endless":false,"potions_floor_spawned":[1,2,4,13,14,20,22],"killed_by":"Slavers","ascension_level":20}}