{"host":"gkp57zoegrd3f2ij","time":1609712078,"event":{"mods":["BaseMod","Colored Map","Colored Powertips","Downfall","Minty Spire (QoL Compilation)","StSLib"],"gold_per_floor":[219,219,229,85,100,100,116,144,170,18,18,38,38,62,62,192,192,207,167,22,47,8,8,21,21,21,40,40,40,78,98,98,222,222,237,297,23,1022,1036,1070,1070,1095,1095,1095,1116,491,509,53,53,53],"floor_reached":51,"playtime":3817,"items_purged":["Strike_B","Shame","Injury"],"score":757,"play_id":"53b017bc-fab0-43d5-9af0-6a7e21488721","local_time":"20210103231438","is_ascension_mode":true,"campfire_choices":[{"data":"Defragment","floor":6,"key":"SMITH"},{"floor":11,"key":"REST"},{"floor":15,"key":"REST"},{"data":"Zap","floor":23,"key":"SMITH"},{"data":"Defragment","floor":25,"key":"SMITH"},{"data":"Cold Snap","floor":29,"key":"SMITH"},{"data":"Doom and Gloom","floor":32,"key":"SMITH"},{"data":"Self Repair","floor":44,"key":"SMITH"},{"floor":49,"key":"REST"}],"circlet_count":0,"master_deck":["Strike_B","Defend_B+1","Defend_B","Defend_B","Zap+1","Dualcast","Defragment+1","Cold Snap+1","Coolheaded","Conserve Battery","Seek+1","Cold Snap+1","Self Repair+1","Glacier","Defragment+1","Barrage+1","Doom and Gloom+1","Redo+1","Steam","Machine Learning","Go for the Eyes","Lockon+1","expansioncontent:AwakenDeath"],"relics":["Cracked Core","ClockworkSouvenir","Blood Vial","Bronze Scales","Anchor","Golden Idol","Cursed Key","HornCleat","Omamori","Empty Cage","Ice Cream","Turnip","Mummified Hand","Toolbox","StoneCalendar","OrangePellets"],"acts_visited":["Exordium","TheCity","TheBeyond"],"potions_floor_usage":[33,33,36,37,40,42,42,50,50],"damage_taken":[{"damage":0,"enemies":"Cultist","floor":1,"turns":3},{"damage":0,"enemies":"Small Slimes","floor":3,"turns":3},{"damage":7,"enemies":"2 Louse","floor":5,"turns":3},{"damage":14,"enemies":"Large Slime","floor":7,"turns":5},{"damage":32,"enemies":"Gremlin Nob","floor":8,"turns":5},{"damage":0,"enemies":"Exordium Thugs","floor":12,"turns":3},{"damage":0,"enemies":"3 Louse","floor":14,"turns":2},{"damage":42,"enemies":"Hexaghost","floor":16,"turns":12},{"damage":12,"enemies":"3 Byrds","floor":18,"turns":2},{"damage":10,"enemies":"Shell Parasite","floor":21,"turns":6},{"damage":0,"enemies":"Cultist and Chosen","floor":24,"turns":8},{"damage":0,"enemies":"Sentry and Sphere","floor":27,"turns":7},{"damage":29,"enemies":"Gremlin Leader","floor":30,"turns":11},{"damage":0,"enemies":"Chosen and Byrds","floor":31,"turns":4},{"damage":0,"enemies":"Collector","floor":33,"turns":17},{"damage":15,"enemies":"3 Shapes","floor":35,"turns":4},{"damage":45,"enemies":"2 Orb Walkers","floor":36,"turns":7},{"damage":0,"enemies":"Orb Walker","floor":39,"turns":3},{"damage":20,"enemies":"Reptomancer","floor":40,"turns":9},{"damage":0,"enemies":"Jaw Worm Horde","floor":42,"turns":5},{"damage":0,"enemies":"Maw","floor":45,"turns":7},{"damage":23,"enemies":"4 Shapes","floor":47,"turns":4},{"damage":30,"enemies":"Time Eater","floor":50,"turns":13}],"seed_played":"-4589850090029201023","potions_obtained":[{"floor":1,"key":"Regen Potion"},{"floor":3,"key":"FocusPotion"},{"floor":5,"key":"SteroidPotion"},{"floor":16,"key":"LiquidMemories"},{"floor":39,"key":"DuplicationPotion"},{"floor":41,"key":"LiquidBronze"},{"floor":41,"key":"Ancient Potion"},{"floor":42,"key":"Regen Potion"},{"floor":47,"key":"Fire Potion"}],"is_trial":false,"path_per_floor":["M","?","M","$","M","R","M","E","T","$","R","M","?","M","R","B",null,"M","?","$","M","$","R","M","R","T","M","$","R","E","M","R","B",null,"M","?","$","?","M","E","?","M","T","R","M","$","M","$","R","B",null],"character_chosen":"DEFECT","items_purchased":["ClockworkSouvenir","Anchor","Self Repair","Defragment","Fruit Juice","Regen Potion","Mummified Hand","Toolbox","expansioncontent:AwakenDeath","StoneCalendar","OrangePellets"],"campfire_rested":3,"item_purchase_floors":[4,10,20,22,37,37,46,46,46,48,48],"current_hp_per_floor":[75,75,75,75,68,68,54,22,22,22,44,46,46,48,70,30,75,63,63,63,62,62,62,71,71,71,75,75,75,53,62,62,71,75,60,24,29,29,31,35,35,51,51,51,63,63,52,52,76,62],"gold":53,"neow_bonus":"HUNDRED_GOLD","is_daily":false,"chose_seed":false,"campfire_upgraded":6,"win_rate":0.0,"timestamp":1609712078,"path_taken":["M","?","M","$","?","R","M","E","T","$","R","M","?","M","R","BOSS","M","?","$","?","$","R","M","R","T","M","$","R","E","M","R","BOSS","M","?","$","?","M","E","?","M","T","R","M","$","?","$","R","BOSS"],"items_purchased_type":["Relic","Relic","Card","Card","Potion","Potion","Relic","Relic","Card","Relic","Relic"],"build_version":"2020-12-22","purchased_purges":3,"victory":true,"max_hp_per_floor":[75,75,75,75,75,75,75,75,75,75,75,75,75,75,75,75,75,75,75,75,75,75,75,75,75,75,75,75,75,75,75,75,75,75,75,75,80,80,80,80,80,80,80,80,80,80,80,80,80,80],"card_choices":[{"not_picked":["Scrape","Steam"],"picked":"Defragment","floor":1},{"not_picked":["Lockon","Sweeping Beam"],"picked":"Cold Snap","floor":3},{"not_picked":["Hologram","Turbo","Scrape"],"picked":"SKIP","floor":5},{"not_picked":["Barrage","Turbo","Sweeping Beam"],"picked":"SKIP","floor":7},{"not_picked":["Thunder Strike","Cold Snap"],"picked":"Coolheaded","floor":8},{"not_picked":["Heatsinks","Steam Power","Tempest"],"picked":"SKIP","floor":12},{"not_picked":["Streamline","Cold Snap"],"picked":"Conserve Battery","floor":14},{"not_picked":["Multi-Cast","Core Surge"],"picked":"Seek","floor":16},{"not_picked":["Go for the Eyes","White Noise"],"picked":"Cold Snap+1","floor":18},{"not_picked":["Auto Shields+1","Compile Driver"],"picked":"Glacier","floor":21},{"not_picked":["Reprogram","Tempest+1"],"picked":"Barrage+1","floor":24},{"not_picked":["Streamline","Auto Shields"],"picked":"Doom and Gloom","floor":27},{"not_picked":["Steam","Storm"],"picked":"Redo+1","floor":30},{"not_picked":["Compile Driver","Melter+1"],"picked":"Steam","floor":31},{"not_picked":["Core Surge","All For One"],"picked":"Machine Learning","floor":33},{"not_picked":["Storm+1","Double Energy"],"picked":"Go for the Eyes","floor":35},{"not_picked":["Coolheaded","Rebound","Hologram"],"picked":"SKIP","floor":39},{"not_picked":["Beam Cell","Storm+1"],"picked":"Lockon+1","floor":40},{"not_picked":["Streamline+1","Machine Learning","Cold Snap"],"picked":"SKIP","floor":42},{"not_picked":["Barrage+1","Heatsinks","Steam+1"],"picked":"SKIP","floor":45},{"not_picked":["Sweeping Beam+1","Beam Cell","Gash+1"],"picked":"SKIP","floor":47}],"player_experience":220908,"relics_obtained":[{"floor":8,"key":"Blood Vial"},{"floor":9,"key":"Bronze Scales"},{"floor":26,"key":"HornCleat"},{"floor":30,"key":"Omamori"},{"floor":36,"key":"Ice Cream"},{"floor":40,"key":"Turnip"}],"event_choices":[{"cards_removed":["Strike_B"],"damage_healed":0,"gold_gain":0,"player_choice":"Purged","damage_taken":0,"max_hp_gain":0,"max_hp_loss":0,"event_name":"Purifier","floor":2,"gold_loss":0},{"damage_healed":0,"gold_gain":0,"player_choice":"Take Wound","damage_taken":0,"relics_obtained":["Golden Idol"],"max_hp_gain":0,"max_hp_loss":0,"event_name":"Golden Idol","floor":13,"gold_loss":0,"cards_obtained":["Injury"]},{"damage_healed":0,"gold_gain":0,"player_choice":"Upgraded Two","damage_taken":0,"max_hp_gain":0,"max_hp_loss":0,"event_name":"Designer","floor":19,"gold_loss":40,"cards_upgraded":["Defend_B","Seek"]},{"damage_healed":0,"gold_gain":0,"player_choice":"Fight","damage_taken":0,"max_hp_gain":0,"max_hp_loss":0,"event_name":"Mysterious Sphere","floor":36,"gold_loss":0},{"damage_healed":0,"gold_gain":999,"player_choice":"Gold","damage_taken":0,"max_hp_gain":0,"max_hp_loss":0,"event_name":"MindBloom","floor":38,"gold_loss":0,"cards_obtained":["Normality","Normality"]},{"damage_healed":0,"gold_gain":0,"player_choice":"Got Potions","damage_taken":0,"max_hp_gain":0,"max_hp_loss":0,"event_name":"Lab","floor":41,"gold_loss":0}],"is_beta":false,"boss_relics":[{"not_picked":["Runic Pyramid","Snecko Eye"],"picked":"Cursed Key"},{"not_picked":["Pandora\u0027s Box","Velvet Choker"],"picked":"Empty Cage"}],"items_purged_floors":[20,37,46],"is_endless":false,"potions_floor_spawned":[1,3,5,16,24,27,30,39,42,47],"ascension_level":1}}