{"host":"t9ey1ebdrj6sa9fi","time":1609687201,"event":{"mods":["Act Like it!","BaseMod","Better Silent Start","Better Vampires","Colored Map","Colored Powertips","Emptier Cage","Gensokyo","Highlight Path","Minty Spire (QoL Compilation)","Optimize The Spire","Permanent Neow","Quick Restart","Random Character Button","Spicy Shops","StSLib","SuperFastMode","The Caster","The IronCluck","Wandering Minibosses","Wide Potions","everything is the same but u backflip on backflip"],"gold_per_floor":[109,109,122,122,141,166,180,180,180,180,192,224,154,154,154,257,257,269,149,168,31,51,51,62,92,129,0,31,43,55,55],"floor_reached":30,"playtime":2144,"items_purged":[],"score":310,"play_id":"a9f295c8-7352-4d28-a448-54444562fb46","local_time":"20210103162001","is_ascension_mode":false,"campfire_choices":[{"floor":10.0,"key":"DIG"},{"floor":15.0,"key":"DIG"},{"data":"caster:ShortenedChant","floor":23,"key":"SMITH"},{"floor":29,"key":"DIG"}],"circlet_count":0,"master_deck":["caster:Meteor","caster:strike+1","caster:strike+1","caster:strike","caster:DivertFocus","caster:Channeling","caster:defend","caster:defend+1","caster:defend","caster:Ramuh+1","caster:Charge","caster:WallOfRocks","caster:FrostDriver","caster:PyroclasticTide","caster:AlternatingCurrent","caster:Thundara+1","caster:StaticField","caster:Grimoire","caster:ShortenedChant+1","caster:Fireball+1","caster:Charge","caster:StormGust","caster:MagicBarrier","caster:WallOfMirrors"],"relics":["caster:MagicBook","Eternal Feather","Shovel","Dead Branch","Bronze Scales","Toy Ornithopter","Philosopher\u0027s Stone","Gensokyo:LionMask","ClockworkSouvenir","MawBank","Bag of Preparation","Meat on the Bone","Frozen Eye"],"acts_visited":["Gensokyo:Gensokyo","Gensokyo:Gensokyoer"],"potions_floor_usage":[24,28],"damage_taken":[{"damage":10.0,"enemies":"Gensokyo:2_Kodama","floor":1.0,"turns":5.0},{"damage":3.0,"enemies":"Gensokyo:Gryphon","floor":3.0,"turns":5.0},{"damage":0.0,"enemies":"Gensokyo:3_Fairies","floor":5.0,"turns":5.0},{"damage":7.0,"enemies":"Gensokyo:Aya","floor":6.0,"turns":10.0},{"damage":9.0,"enemies":"Gensokyo:LivingMonolith","floor":7.0,"turns":4.0},{"damage":3.0,"enemies":"Gensokyo:VengefulSpirit","floor":11.0,"turns":5.0},{"damage":14.0,"enemies":"Gensokyo:Cirno","floor":12.0,"turns":8.0},{"damage":0.0,"enemies":"Gensokyo:Yukari","floor":16.0,"turns":10.0},{"damage":12.0,"enemies":"Gensokyo:AngelMirror","floor":18.0,"turns":3.0},{"damage":25.0,"enemies":"Gensokyo:CosmicMonolith","floor":20.0,"turns":5.0},{"damage":5,"enemies":"Gensokyo:Wraith","floor":22,"turns":4},{"damage":8,"enemies":"Gensokyo:Chomper_and_Gloop","floor":24,"turns":3},{"damage":31,"enemies":"Gensokyo:Tenshi","floor":25,"turns":4},{"damage":0,"enemies":"Gensokyo:Swordslinger","floor":28,"turns":3},{"damage":37,"enemies":"Gensokyo:Koishi","floor":30,"turns":4}],"seed_played":"-7792278731813047595","potions_obtained":[{"floor":3.0,"key":"AttackPotion"},{"floor":20.0,"key":"EssenceOfSteel"},{"floor":25,"key":"EssenceOfSteel"}],"is_trial":false,"path_per_floor":["M","?","M","?","M","E","M","?","T","R","M","E","?","?","R","B",null,"M","?","M","COS","M","R","M","E","T","?","M","R","E"],"character_chosen":"THE_CASTER","items_purchased":[],"campfire_rested":0,"item_purchase_floors":[],"current_hp_per_floor":[54,42,39,39,39,32,23,23,23,32,29,15,15,21,30,30,70,58,58,33,33,28,40,42,11,11,11,21,33,0,0],"gold":55,"neow_bonus":"ONE_RANDOM_RARE_CARD","is_daily":false,"chose_seed":false,"campfire_upgraded":1,"win_rate":0.0,"timestamp":1609687201,"path_taken":["M","?","?","?","?","E","M","?","T","R","?","E","?","?","R","BOSS","M","?","M","COS","M","R","M","E","T","?","M","R","E"],"items_purchased_type":[],"build_version":"2020-12-22","purchased_purges":0,"victory":false,"max_hp_per_floor":[64,64,64,64,64,64,64,64,64,64,64,64,64,70,70,70,70,70,70,70,70,70,70,70,70,70,70,70,70,70,70],"card_choices":[{"not_picked":["caster:Sleet","caster:DiablosFlame"],"picked":"caster:Charge","floor":1.0},{"not_picked":["caster:Charge","caster:WallOfSwords"],"picked":"caster:WallOfRocks","floor":3.0},{"not_picked":["caster:Charge","caster:MeteorStorm"],"picked":"caster:FrostDriver","floor":5.0},{"not_picked":["caster:Inferno","caster:Embers"],"picked":"caster:PyroclasticTide","floor":6.0},{"not_picked":["caster:WallOfSwords","caster:MagicAttunement"],"picked":"caster:AlternatingCurrent","floor":7.0},{"not_picked":["caster:MagicBarrier","caster:Inferno"],"picked":"caster:StaticField","floor":11.0},{"not_picked":["caster:Permafrost","caster:QuickCast"],"picked":"caster:Grimoire","floor":12.0},{"not_picked":["caster:Cool","caster:FreezeInHell"],"picked":"caster:ShortenedChant","floor":16.0},{"not_picked":["caster:MagicResonance+1","caster:FrostDriver"],"picked":"caster:Fireball+1","floor":18.0},{"not_picked":["caster:GlacialShield","caster:Congeal"],"picked":"caster:Charge","floor":20.0},{"not_picked":["caster:GlacialShield","caster:DiamondDust"],"picked":"caster:StormGust","floor":22},{"not_picked":["caster:Sultry","caster:Embers"],"picked":"caster:MagicBarrier","floor":24},{"not_picked":["caster:FlashFrost","caster:MagicWeapon"],"picked":"caster:WallOfMirrors","floor":25},{"not_picked":["caster:Discharge","caster:WallOfSwords","caster:NaturalChaos"],"picked":"SKIP","floor":28}],"player_experience":27076,"relics_obtained":[{"floor":6.0,"key":"Eternal Feather"},{"floor":9.0,"key":"Shovel"},{"floor":10.0,"key":"Dead Branch"},{"floor":12.0,"key":"Bronze Scales"},{"floor":15.0,"key":"Toy Ornithopter"},{"floor":25,"key":"MawBank"},{"floor":26,"key":"Bag of Preparation"},{"floor":29,"key":"Meat on the Bone"}],"event_choices":[],"is_beta":false,"boss_relics":[{"not_picked":["Coffee Dripper","Empty Cage"],"picked":"Philosopher\u0027s Stone"}],"items_purged_floors":[],"is_endless":false,"potions_floor_spawned":[3,7,11,12,20,22,25],"killed_by":"Gensokyo:Koishi","ascension_level":0}}