{"host":"na09lpbrez4gbfiz","time":1609698537,"event":{"mods":["Act Like it!","BaseMod","BetterRewards","Colored Map","Colored Powertips","DeckTracker","Googly Eyes","Highlight Path","Minty Spire (QoL Compilation)","Quick Restart","Spicy Shops","StSLib","SuperFastMode","Synergy Search"],"gold_per_floor":[119,119,119,129,129,129,54,85,133,164,164,184,30,58,58,160,160,180,160,160,160,172,172,197,197,245,345,43,60,85,85,85,188,188,200,225,125,125,125,151,151,0,0,0,0,0,0,11,11,11],"floor_reached":51,"playtime":1476,"items_purged":["Strike_R","Defend_R"],"score":831,"play_id":"bb975fd7-77d9-43b5-aaf8-36ef184f4bdd","local_time":"20210103192857","is_ascension_mode":true,"campfire_choices":[{"data":"Metallicize","floor":6,"key":"SMITH"},{"data":"Heavy Blade","floor":11,"key":"SMITH"},{"data":"Metallicize","floor":15,"key":"SMITH"},{"data":"Demon Form","floor":23,"key":"SMITH"},{"floor":25,"key":"REST"},{"data":"Corruption","floor":32,"key":"SMITH"},{"data":"Bite","floor":41,"key":"SMITH"},{"data":"Bite","floor":44,"key":"SMITH"},{"data":"Bite","floor":46,"key":"SMITH"},{"data":"Bite","floor":49,"key":"SMITH"}],"circlet_count":0,"master_deck":["Defend_R","Defend_R","Defend_R","Metallicize+1","Bloodletting","Metallicize+1","Heavy Blade+1","Demon Form+1","Bite+1","Bite+1","Bite","Bite+1","Bite+1","Warcry+1","Corruption+1","Armaments+1","Madness+1","Madness+1","Warcry+1"],"relics":["Burning Blood","Red Skull","Omamori","InkBottle","Pantograph","Juzu Bracelet","Regal Pillow","Runic Dome","Orichalcum","Oddly Smooth Stone","WingedGreaves","Toxic Egg 2","PreservedInsect","Sling","Potion Belt","Nloth\u0027s Gift","Sozu","Nunchaku","Matryoshka","Red Mask","Boot","Mercury Hourglass"],"acts_visited":["Exordium","TheCity","TheBeyond"],"potions_floor_usage":[8,24,24,50],"damage_taken":[{"damage":0,"enemies":"2 Louse","floor":1,"turns":3},{"damage":5,"enemies":"Small Slimes","floor":4,"turns":3},{"damage":24,"enemies":"Lagavulin","floor":8,"turns":8},{"damage":3,"enemies":"3 Sentries","floor":10,"turns":11},{"damage":3,"enemies":"Jaw Worm","floor":12,"turns":3},{"damage":17,"enemies":"Gremlin Nob","floor":14,"turns":4},{"damage":42,"enemies":"Slime Boss","floor":16,"turns":14},{"damage":15,"enemies":"Spheric Guardian","floor":18,"turns":5},{"damage":9,"enemies":"Chosen","floor":22,"turns":5},{"damage":68,"enemies":"Slavers","floor":24,"turns":7},{"damage":28,"enemies":"Colosseum Slavers","floor":27,"turns":3},{"damage":11,"enemies":"Colosseum Nobs","floor":27,"turns":5},{"damage":15,"enemies":"Centurion and Healer","floor":29,"turns":7},{"damage":31,"enemies":"Gremlin Leader","floor":30,"turns":4},{"damage":76,"enemies":"Automaton","floor":33,"turns":10},{"damage":34,"enemies":"3 Darklings","floor":35,"turns":5},{"damage":22,"enemies":"Giant Head","floor":40,"turns":6},{"damage":9,"enemies":"Orb Walker","floor":48,"turns":4},{"damage":105,"enemies":"Donu and Deca","floor":50,"turns":9}],"seed_played":"4252328251945100766","potions_obtained":[{"floor":1,"key":"BlessingOfTheForge"},{"floor":8,"key":"BloodPotion"},{"floor":18,"key":"SpeedPotion"},{"floor":19,"key":"SmokeBomb"},{"floor":29,"key":"SkillPotion"},{"floor":30,"key":"SpeedPotion"}],"is_trial":false,"path_per_floor":["M","?","?","M","?","R","$","E","T","E","R","M","$","E","R","B",null,"M","?","?","?","M","R","E","R","T","?","$","M","E","?","R","B",null,"M","T","$","?","?","E","R","?","T","R","?","R","$","M","R","B",null],"character_chosen":"IRONCLAD","items_purchased":["Juzu Bracelet","PreservedInsect","Sling"],"campfire_rested":1,"item_purchase_floors":[13,28,28],"current_hp_per_floor":[80,55,61,62,55,55,55,37,37,42,42,47,47,38,38,29,86,77,77,60,60,69,69,37,79,79,74,74,87,70,70,70,57,91,79,79,79,79,79,85,85,85,85,85,74,74,74,89,89,39],"gold":11,"neow_bonus":"RANDOM_COMMON_RELIC","is_daily":false,"chose_seed":false,"campfire_upgraded":9,"win_rate":0.0,"timestamp":1609698537,"path_taken":["M","?","?","M","?","R","$","E","T","E","R","M","$","E","R","BOSS","M","?","?","?","M","R","E","R","T","?","?","M","E","?","R","BOSS","M","?","$","?","?","E","R","?","T","R","?","R","?","M","R","BOSS"],"items_purchased_type":["Relic","Relic","Relic"],"build_version":"2020-12-22","purchased_purges":2,"victory":true,"max_hp_per_floor":[80,80,86,86,86,86,86,86,86,86,86,86,86,86,86,86,86,86,86,91,91,91,91,91,91,91,91,91,91,91,91,91,91,91,91,91,91,91,91,91,91,91,91,91,91,91,91,91,91,91],"card_choices":[{"not_picked":["Pummel","Burning Pact"],"picked":"Metallicize","floor":1},{"not_picked":["Feel No Pain","Power Through"],"picked":"Bloodletting","floor":4},{"not_picked":["Thunderclap","Clothesline"],"picked":"Metallicize","floor":8},{"not_picked":["Warcry","Burning Pact"],"picked":"Heavy Blade","floor":10},{"not_picked":["Armaments","Pommel Strike","Berserk"],"picked":"SKIP","floor":12},{"not_picked":["Headbutt","Disarm","Flame Barrier"],"picked":"SKIP","floor":14},{"not_picked":["Double Tap","Berserk"],"picked":"Demon Form","floor":16},{"not_picked":["Searing Blow+1","Headbutt+1","Warcry"],"picked":"SKIP","floor":18},{"not_picked":["Twin Strike","Clothesline+1","Heavy Blade"],"picked":"SKIP","floor":22},{"not_picked":["Shrug It Off","Twin Strike","Thunderclap"],"picked":"SKIP","floor":24},{"not_picked":["Clothesline","Thunderclap"],"picked":"Warcry+1","floor":29},{"not_picked":["Clash","Clothesline"],"picked":"Corruption","floor":30},{"not_picked":["Cleave+1","Anger","Pommel Strike"],"picked":"SKIP","floor":35},{"not_picked":["Immolate","Body Slam"],"picked":"Armaments+1","floor":40},{"not_picked":["Dark Embrace+1","Headbutt+1"],"picked":"Warcry+1","floor":48}],"player_experience":138346,"relics_obtained":[{"floor":8,"key":"InkBottle"},{"floor":9,"key":"Blood Vial"},{"floor":10,"key":"Pantograph"},{"floor":14,"key":"Regal Pillow"},{"floor":24,"key":"Orichalcum"},{"floor":26,"key":"Oddly Smooth Stone"},{"floor":27,"key":"WingedGreaves"},{"floor":27,"key":"Toxic Egg 2"},{"floor":30,"key":"Potion Belt"},{"floor":36,"key":"Nunchaku"},{"floor":40,"key":"Matryoshka"},{"floor":43,"key":"Boot"},{"floor":43,"key":"Mercury Hourglass"}],"event_choices":[{"damage_healed":0,"gold_gain":0,"player_choice":"Success","damage_taken":25,"relics_obtained":["Darkstone Periapt"],"max_hp_gain":0,"max_hp_loss":0,"event_name":"Scrap Ooze","floor":2,"gold_loss":0},{"damage_healed":0,"gold_gain":0,"player_choice":"Box","damage_taken":0,"relics_obtained":["Omamori"],"max_hp_gain":0,"max_hp_loss":0,"event_name":"Big Fish","floor":3,"gold_loss":0,"cards_obtained":["Regret"]},{"cards_removed":["Regret"],"damage_healed":0,"gold_gain":0,"player_choice":"Card Removal","damage_taken":7,"max_hp_gain":0,"max_hp_loss":0,"event_name":"Golden Wing","floor":5,"gold_loss":0},{"damage_healed":0,"gold_gain":0,"player_choice":"Bought 1 Potion","damage_taken":0,"max_hp_gain":0,"max_hp_loss":0,"event_name":"The Woman in Blue","floor":19,"gold_loss":0},{"damage_healed":0,"gold_gain":0,"player_choice":"Shed Blood","damage_taken":22,"max_hp_gain":5,"max_hp_loss":0,"event_name":"Forgotten Altar","floor":20,"gold_loss":0},{"damage_healed":0,"gold_gain":0,"player_choice":"Became a vampire (Vial)","damage_taken":0,"max_hp_gain":0,"max_hp_loss":0,"event_name":"Vampires","floor":21,"relics_lost":["Blood Vial"],"gold_loss":0,"cards_obtained":["Bite","Bite","Bite","Bite","Bite"]},{"damage_healed":0,"gold_gain":0,"player_choice":"Fight","damage_taken":0,"max_hp_gain":0,"max_hp_loss":0,"event_name":"Colosseum","floor":27,"gold_loss":0},{"damage_healed":0,"gold_gain":0,"player_choice":"Fought Nobs","damage_taken":0,"max_hp_gain":0,"max_hp_loss":0,"event_name":"Colosseum","floor":27,"gold_loss":0},{"damage_healed":0,"gold_gain":0,"player_choice":"Traded Relic","damage_taken":0,"relics_obtained":["Nloth\u0027s Gift"],"max_hp_gain":0,"max_hp_loss":0,"event_name":"N\u0027loth","floor":31,"relics_lost":["Darkstone Periapt"],"gold_loss":0},{"damage_healed":0,"gold_gain":0,"player_choice":"Memory 1","damage_taken":0,"max_hp_gain":0,"max_hp_loss":0,"event_name":"SensoryStone","floor":38,"gold_loss":0},{"cards_removed":["Bash"],"damage_healed":0,"gold_gain":0,"player_choice":"Removed Attack","damage_taken":0,"max_hp_gain":0,"max_hp_loss":0,"event_name":"Falling","floor":39,"gold_loss":0},{"damage_healed":0,"gold_gain":0,"player_choice":"Paid","damage_taken":0,"relics_obtained":["Red Mask"],"max_hp_gain":0,"max_hp_loss":0,"event_name":"Tomb of Lord Red Mask","floor":42,"gold_loss":151},{"damage_healed":0,"gold_gain":0,"player_choice":"Embrace Madness","damage_taken":11,"max_hp_gain":0,"max_hp_loss":0,"event_name":"Winding Halls","floor":45,"gold_loss":0,"cards_obtained":["Madness","Madness"]}],"is_beta":false,"boss_relics":[{"not_picked":["Fusion Hammer","Astrolabe"],"picked":"Runic Dome"},{"not_picked":["SacredBark","Cursed Key"],"picked":"Sozu"}],"items_purged_floors":[7,37],"is_endless":false,"potions_floor_spawned":[1,8,18,29,30,40],"ascension_level":1}}