{"host":"p4v0hquynnreu717","time":1609696438,"event":{"mods":["BaseMod","Better Vampires","DeckTracker","Googly Eyes","Minty Spire (QoL Compilation)","Quick Restart","StSLib","SuperFastMode"],"gold_per_floor":[110,35,35,53,53,79,79,90,140,158,188,212,212,112,112,188,188,207,257,277,288,299,299,313,313,313,228,243,243,277,296,296,367,367,383,401,401,417,429,429,449,449,449,150,150,0,20,50,50,50],"floor_reached":51,"playtime":1666,"items_purged":["Defend_P","Strike_P","Strike_P"],"score":1355,"play_id":"6e6ffb94-79f4-430f-86df-b9876ea800a8","local_time":"20210104015358","is_ascension_mode":true,"campfire_choices":[{"data":"Eruption","floor":7.0,"key":"SMITH"},{"floor":15.0,"key":"REST"},{"data":"TalkToTheHand","floor":23.0,"key":"SMITH"},{"data":"Scrawl","floor":25.0,"key":"SMITH"},{"floor":29.0,"key":"REST"},{"data":"BattleHymn","floor":32.0,"key":"SMITH"},{"data":"Panacea","floor":45,"key":"SMITH"},{"data":"Vault","floor":49,"key":"SMITH"}],"circlet_count":0,"master_deck":["AscendersBane","Strike_P","Strike_P","Defend_P+1","Eruption+1","Vigilance+1","TalkToTheHand+1","Consecrate","EmptyMind","Sanctity","Scrawl+1","Wallop+1","BattleHymn+1","Fasting2+1","Evaluate","ClearTheMind","WheelKick","Vault+1","Panacea+1","InnerPeace","Indignation"],"relics":["PureWater","NeowsBlessing","Bag of Preparation","Akabeko","Odd Mushroom","Regal Pillow","Philosopher\u0027s Stone","Orichalcum","MealTicket","Eternal Feather","Black Star","Boot","Vajra","Strawberry"],"acts_visited":["Exordium","TheCity","TheBeyond"],"potions_floor_usage":[41,48,50],"damage_taken":[{"damage":0.0,"enemies":"2 Louse","floor":1.0,"turns":1.0},{"damage":0.0,"enemies":"Small Slimes","floor":4.0,"turns":1.0},{"damage":0.0,"enemies":"3 Sentries","floor":6.0,"turns":2.0},{"damage":0.0,"enemies":"Cultist","floor":8.0,"turns":2.0},{"damage":0.0,"enemies":"Lots of Slimes","floor":10.0,"turns":1.0},{"damage":15.0,"enemies":"The Mushroom Lair","floor":11.0,"turns":3.0},{"damage":15.0,"enemies":"The Guardian","floor":16.0,"turns":15.0},{"damage":12.0,"enemies":"3 Byrds","floor":18.0,"turns":3.0},{"damage":4.0,"enemies":"2 Thieves","floor":20.0,"turns":4.0},{"damage":1.0,"enemies":"Snake Plant","floor":21.0,"turns":3.0},{"damage":0.0,"enemies":"Chosen and Byrds","floor":22.0,"turns":4.0},{"damage":2.0,"enemies":"Cultist and Chosen","floor":24.0,"turns":4.0},{"damage":5.0,"enemies":"Snake Plant","floor":28.0,"turns":4.0},{"damage":7.0,"enemies":"Book of Stabbing","floor":30.0,"turns":4.0},{"damage":2.0,"enemies":"Centurion and Healer","floor":31.0,"turns":6.0},{"damage":48.0,"enemies":"Collector","floor":33.0,"turns":8.0},{"damage":16.0,"enemies":"3 Darklings","floor":35.0,"turns":6.0},{"damage":0.0,"enemies":"Orb Walker","floor":36.0,"turns":2.0},{"damage":5.0,"enemies":"4 Shapes","floor":38.0,"turns":6.0},{"damage":10,"enemies":"3 Darklings","floor":39,"turns":5},{"damage":14,"enemies":"Jaw Worm Horde","floor":41,"turns":4},{"damage":12,"enemies":"Sphere and 2 Shapes","floor":47,"turns":5},{"damage":30,"enemies":"Nemesis","floor":48,"turns":6},{"damage":53,"enemies":"Awakened One","floor":50,"turns":13}],"seed_played":"-8436589445520325842","potions_obtained":[{"floor":6.0,"key":"Dexterity Potion"},{"floor":11.0,"key":"LiquidMemories"},{"floor":21.0,"key":"FearPotion"},{"floor":24.0,"key":"LiquidMemories"},{"floor":31.0,"key":"LiquidMemories"},{"floor":36.0,"key":"EssenceOfSteel"},{"floor":41,"key":"SteroidPotion"},{"floor":47,"key":"Block Potion"}],"is_trial":false,"path_per_floor":["M","$","?","M","?","E","R","M","T","M","?","T","?","$","R","B",null,"M","?","M","M","M","R","M","R","T","?","M","R","E","M","R","B",null,"M","M","?","M","M","?","M","?","T","$","R","$","M","E","R","B",null],"character_chosen":"WATCHER","items_purchased":["Vault","Panacea","InnerPeace","Indignation"],"campfire_rested":2,"item_purchase_floors":[44,44,46,46],"current_hp_per_floor":[61,61,54,54,54,54,54,54,54,54,39,39,19,19,54,39,61,49,43,39,38,38,38,36,36,36,36,31,66,59,57,66,18,56,40,40,78,73,63,63,49,49,49,64,73,78,66,43,55,2],"gold":50,"neow_bonus":"THREE_ENEMY_KILL","is_daily":false,"chose_seed":false,"campfire_upgraded":6,"win_rate":0.0,"timestamp":1609696438,"path_taken":["M","$","?","M","?","E","R","M","T","M","?","?","?","?","R","BOSS","M","?","?","?","M","R","M","R","T","?","M","R","E","M","R","BOSS","M","M","?","M","?","?","?","?","T","$","R","$","M","E","R","BOSS"],"items_purchased_type":["Card","Card","Card","Card"],"build_version":"2020-12-22","purchased_purges":3,"victory":true,"max_hp_per_floor":[68,68,68,68,68,68,68,68,68,68,68,68,68,68,68,68,68,68,68,68,68,68,68,68,68,68,68,68,68,68,68,68,68,68,68,68,78,78,78,78,78,78,78,78,78,78,78,85,85,85],"card_choices":[{"not_picked":["SashWhip","EmptyFist","JustLucky"],"picked":"SKIP","floor":1.0},{"not_picked":["Perseverance","Nirvana"],"picked":"TalkToTheHand","floor":4.0},{"not_picked":["Prostrate","ReachHeaven","BattleHymn"],"picked":"SKIP","floor":6.0},{"not_picked":["SashWhip","WreathOfFlame"],"picked":"Consecrate","floor":8.0},{"not_picked":["WindmillStrike","ClearTheMind"],"picked":"EmptyMind","floor":10.0},{"not_picked":["CrushJoints","EmptyMind"],"picked":"Sanctity","floor":11.0},{"not_picked":["Blasphemy","SpiritShield"],"picked":"Scrawl","floor":16.0},{"not_picked":["CarveReality","CutThroughFate"],"picked":"Wallop+1","floor":18.0},{"not_picked":["Halt+1","Perseverance"],"picked":"BattleHymn","floor":20.0},{"not_picked":["Nirvana","Study"],"picked":"Fasting2+1","floor":21.0},{"not_picked":["SashWhip","FlyingSleeves","Consecrate"],"picked":"SKIP","floor":22.0},{"not_picked":["SignatureMove","Omniscience","PathToVictory"],"picked":"SKIP","floor":24.0},{"not_picked":["Worship","Protect+1"],"picked":"Evaluate","floor":28.0},{"not_picked":["WreathOfFlame","BowlingBash","Halt"],"picked":"SKIP","floor":30.0},{"not_picked":["Conclude","SpiritShield"],"picked":"ClearTheMind","floor":31.0},{"not_picked":["Wish","Omniscience"],"picked":"Scrawl","floor":33.0},{"not_picked":["EmptyBody+1","SashWhip","Protect"],"picked":"SKIP","floor":35.0},{"not_picked":["WreathOfFlame+1","Study","SashWhip"],"picked":"SKIP","floor":36.0},{"not_picked":["FlurryOfBlows","CrushJoints+1"],"picked":"WheelKick","floor":38.0},{"not_picked":["Conclude+1","EmptyFist","BowlingBash"],"picked":"SKIP","floor":39},{"not_picked":["Swivel","WaveOfTheHand","Evaluate"],"picked":"SKIP","floor":41},{"not_picked":["MentalFortress","ForeignInfluence+1","LikeWater"],"picked":"SKIP","floor":47},{"not_picked":["WindmillStrike","WaveOfTheHand+1","Halt"],"picked":"SKIP","floor":48}],"player_experience":751665,"relics_obtained":[{"floor":6.0,"key":"Bag of Preparation"},{"floor":9.0,"key":"Akabeko"},{"floor":11.0,"key":"Odd Mushroom"},{"floor":12.0,"key":"Regal Pillow"},{"floor":26.0,"key":"Orichalcum"},{"floor":30.0,"key":"Eternal Feather"},{"floor":43,"key":"Boot"},{"floor":48,"key":"Vajra"},{"floor":48,"key":"Strawberry"}],"event_choices":[{"cards_removed":["Defend_P"],"damage_healed":0.0,"max_hp_gain":0.0,"max_hp_loss":0.0,"gold_gain":0.0,"event_name":"Golden Wing","player_choice":"Card Removal","floor":3.0,"gold_loss":0.0,"damage_taken":7.0},{"damage_healed":0.0,"max_hp_gain":0.0,"max_hp_loss":0.0,"gold_gain":0.0,"event_name":"Liars Game","player_choice":"Ignored","floor":5.0,"gold_loss":0.0,"damage_taken":0.0},{"damage_healed":0.0,"max_hp_gain":0.0,"max_hp_loss":0.0,"gold_gain":0.0,"event_name":"Mushrooms","player_choice":"Fought Mushrooms","floor":11.0,"gold_loss":0.0,"damage_taken":0.0},{"damage_healed":0.0,"max_hp_gain":0.0,"max_hp_loss":0.0,"gold_gain":0.0,"event_name":"Shining Light","player_choice":"Entered Light","floor":13.0,"gold_loss":0.0,"damage_taken":20.0,"cards_upgraded":["Vigilance","Defend_P"]},{"damage_healed":0.0,"max_hp_gain":0.0,"max_hp_loss":0.0,"gold_gain":50.0,"event_name":"FaceTrader","player_choice":"Touch","floor":19.0,"gold_loss":0.0,"damage_taken":6.0},{"damage_healed":0.0,"max_hp_gain":0.0,"max_hp_loss":0.0,"gold_gain":0.0,"event_name":"Addict","player_choice":"Obtained Relic","floor":27.0,"gold_loss":85.0,"damage_taken":0.0,"relics_obtained":["MealTicket"]},{"cards_removed":["Scrawl"],"damage_healed":28.0,"max_hp_gain":10.0,"max_hp_loss":0.0,"gold_gain":0.0,"event_name":"Bonfire Elementals","player_choice":"Offered Rare","floor":37.0,"gold_loss":0.0,"damage_taken":0.0},{"damage_healed":0,"gold_gain":0,"player_choice":"Ignored","damage_taken":0,"max_hp_gain":0,"max_hp_loss":0,"event_name":"SecretPortal","floor":40,"gold_loss":0},{"cards_removed":["Defend_P"],"damage_healed":0,"gold_gain":0,"player_choice":"Purged","damage_taken":0,"max_hp_gain":0,"max_hp_loss":0,"event_name":"Purifier","floor":42,"gold_loss":0}],"is_beta":false,"boss_relics":[{"not_picked":["Runic Dome","Busted Crown"],"picked":"Philosopher\u0027s Stone"},{"not_picked":["Fusion Hammer","Velvet Choker"],"picked":"Black Star"}],"items_purged_floors":[2,14,44],"is_endless":false,"potions_floor_spawned":[6,11,16,21,24,31,36,41,47],"ascension_level":15}}