{"host":"q8niu1x2pgv94o1d","time":1609708761,"event":{"mods":["AchievementEnabler","BaseMod","Colored Map","Colored Powertips","Minty Spire (QoL Compilation)","StSLib"],"gold_per_floor":[117,131,144,69,69,69,95,108,134,284,284,295,326,326,326,405,405,445,370,8,23,38,88,100,100,100,154,154,189,199,39,39,113,113,127,349,27,62,97,128,173,173,199,234,234,293,293,253,253,253,253,253,253,0,28,28,28],"floor_reached":56,"playtime":10278,"items_purged":["Strike_P"],"score":2241,"play_id":"d48b0673-da6b-4136-b49d-7573bf27d917","local_time":"20210103221921","is_ascension_mode":true,"campfire_choices":[{"floor":6,"key":"REST"},{"floor":15,"key":"RECALL"},{"floor":32,"key":"REST"},{"floor":45,"key":"REST"},{"floor":49,"key":"REST"},{"floor":53,"key":"REST"}],"circlet_count":0,"master_deck":["AscendersBane","Strike_P+1","Defend_P+1","Eruption","Vigilance","SignatureMove+1","FlurryOfBlows+1","EmptyFist","Scrawl","Wish","DeceiveReality","Vault","Necronomicurse","Adaptation+1","Tantrum","DeceiveReality+1","FollowUp+1","FearNoEvil+1","Madness","Secret Weapon","Wireheading+1","Perseverance+1"],"relics":["Fusion Hammer","Toy Ornithopter","Lantern","Bag of Preparation","Pantograph","Bronze Scales","Runic Pyramid","Frozen Egg 2","InkBottle","Necronomicon","Gremlin Horn","Mummified Hand","Red Mask","Nunchaku","Astrolabe","Torii","Dream Catcher","Whetstone","Yang","Happy Flower","StoneCalendar"],"acts_visited":["Exordium","TheCity","TheBeyond","TheEnding"],"potions_floor_usage":[7,13,16,23,27,27,39,56],"damage_taken":[{"damage":7,"enemies":"Jaw Worm","floor":1,"turns":3},{"damage":14,"enemies":"2 Louse","floor":2,"turns":2},{"damage":0,"enemies":"Cultist","floor":3,"turns":2},{"damage":0,"enemies":"Lagavulin","floor":7,"turns":3},{"damage":0,"enemies":"3 Louse","floor":8,"turns":2},{"damage":0,"enemies":"2 Fungi Beasts","floor":12,"turns":1},{"damage":0,"enemies":"Gremlin Nob","floor":13,"turns":2},{"damage":25,"enemies":"Hexaghost","floor":16,"turns":6},{"damage":15,"enemies":"Shell Parasite","floor":18,"turns":5},{"damage":0,"enemies":"Spheric Guardian","floor":21,"turns":3},{"damage":7,"enemies":"Snake Plant","floor":22,"turns":5},{"damage":0,"enemies":"Slavers","floor":23,"turns":4},{"damage":8,"enemies":"Sentry and Sphere","floor":24,"turns":6},{"damage":15,"enemies":"Gremlin Leader","floor":27,"turns":6},{"damage":0,"enemies":"Masked Bandits","floor":29,"turns":4},{"damage":0,"enemies":"Centurion and Healer","floor":30,"turns":3},{"damage":12,"enemies":"Automaton","floor":33,"turns":9},{"damage":1,"enemies":"3 Shapes","floor":35,"turns":4},{"damage":0,"enemies":"Orb Walker","floor":38,"turns":2},{"damage":0,"enemies":"Jaw Worm Horde","floor":39,"turns":2},{"damage":0,"enemies":"Giant Head","floor":40,"turns":5},{"damage":0,"enemies":"3 Darklings","floor":41,"turns":2},{"damage":8,"enemies":"Reptomancer","floor":44,"turns":5},{"damage":0,"enemies":"Giant Head","floor":46,"turns":5},{"damage":28,"enemies":"Time Eater","floor":50,"turns":8},{"damage":20,"enemies":"Awakened One","floor":51,"turns":6},{"damage":0,"enemies":"Shield and Spear","floor":55,"turns":4},{"damage":75,"enemies":"The Heart","floor":56,"turns":4}],"seed_played":"6192548136683347970","potions_obtained":[{"floor":1,"key":"PowerPotion"},{"floor":3,"key":"AttackPotion"},{"floor":7,"key":"SteroidPotion"},{"floor":21,"key":"BlessingOfTheForge"},{"floor":22,"key":"Regen Potion"},{"floor":24,"key":"PowerPotion"},{"floor":27,"key":"Fire Potion"},{"floor":30,"key":"SteroidPotion"},{"floor":35,"key":"SkillPotion"},{"floor":39,"key":"LiquidMemories"}],"is_trial":false,"path_per_floor":["M","M","M","?","?","R","E","M","T","?","T","M","E","?","R","B",null,"M","?","$","M","M","E","M","?","T","E","?","?","M","$","R","B",null,"M","?","$","M","M","E","M","?","T","E","R","E","?","$","R","B","B",null,"R","$","E","B"],"character_chosen":"WATCHER","items_purchased":["Frozen Egg 2","Nunchaku","Torii","Wireheading+1","Happy Flower","DuplicationPotion"],"campfire_rested":5,"item_purchase_floors":[20,31,37,48,54,54],"current_hp_per_floor":[54,40,40,40,29,49,54,54,54,54,54,54,59,39,39,43,62,47,47,47,47,40,45,37,16,16,26,26,26,26,26,46,56,65,64,64,64,64,68,68,68,58,58,50,68,68,68,68,68,40,45,62,68,68,68,0,0],"gold":28,"neow_bonus":"BOSS_RELIC","is_daily":false,"chose_seed":false,"campfire_upgraded":0,"win_rate":0.0,"timestamp":1609708761,"path_taken":["M","M","M","?","?","R","E","M","T","?","?","?","E","?","R","BOSS","M","?","$","M","M","E","M","?","T","E","?","?","M","?","R","BOSS","M","?","$","M","M","E","M","?","T","E","R","E","?","$","R","BOSS","BOSS","R","$","E","BOSS"],"items_purchased_type":["Relic","Relic","Relic","Card","Relic","Potion"],"build_version":"2020-12-22","purchased_purges":1,"victory":false,"max_hp_per_floor":[68,68,68,68,68,68,68,68,68,68,68,68,68,68,68,68,68,68,68,68,68,68,68,68,68,68,68,68,68,68,68,68,68,68,68,68,68,68,68,68,68,68,68,68,68,68,68,68,68,68,68,68,68,68,68,68,68],"card_choices":[{"not_picked":["Prostrate","Sanctity"],"picked":"SignatureMove","floor":1},{"not_picked":["EmptyFist","SignatureMove"],"picked":"FlurryOfBlows","floor":2},{"not_picked":["ClearTheMind","Evaluate","Weave"],"picked":"SKIP","floor":3},{"not_picked":["Nirvana","CrushJoints"],"picked":"EmptyFist","floor":7},{"not_picked":["Pray","ForeignInfluence","ReachHeaven"],"picked":"SKIP","floor":8},{"not_picked":["CrushJoints","PathToVictory","Protect"],"picked":"SKIP","floor":12},{"not_picked":["Crescendo","DeusExMachina"],"picked":"Scrawl","floor":13},{"not_picked":["Brilliance","SpiritShield"],"picked":"Wish","floor":16},{"not_picked":["Crescendo","FlurryOfBlows","Indignation"],"picked":"SKIP","floor":18},{"not_picked":["Crescendo","CutThroughFate","Collect"],"picked":"SKIP","floor":21},{"not_picked":["Crescendo","CutThroughFate","Collect"],"picked":"SKIP","floor":21},{"not_picked":["Consecrate","CutThroughFate"],"picked":"DeceiveReality","floor":22},{"not_picked":["Conclude","FlyingSleeves"],"picked":"Vault","floor":23},{"not_picked":["Prostrate","SignatureMove","Collect"],"picked":"SKIP","floor":24},{"not_picked":["ForeignInfluence","ClearTheMind"],"picked":"Adaptation+1","floor":27},{"not_picked":["CutThroughFate","WheelKick"],"picked":"Tantrum","floor":29},{"not_picked":["FlurryOfBlows","CutThroughFate","BowlingBash"],"picked":"SKIP","floor":30},{"not_picked":["CarveReality","FollowUp+1","JustLucky"],"picked":"SKIP","floor":35},{"not_picked":["EmptyFist+1","ThirdEye","PathToVictory"],"picked":"SKIP","floor":38},{"not_picked":["Vengeance","SignatureMove","FlurryOfBlows"],"picked":"SKIP","floor":39},{"not_picked":["SashWhip","Prostrate+1","Omniscience"],"picked":"SKIP","floor":40},{"not_picked":["ThirdEye+1","Wallop","Protect"],"picked":"SKIP","floor":41},{"not_picked":["Swift Strike","Flash of Steel"],"picked":"Madness","floor":42},{"not_picked":["Finesse","Impatience"],"picked":"Secret Weapon","floor":42},{"not_picked":["Impatience","Purity"],"picked":"Dark Shackles","floor":42},{"not_picked":["CrushJoints","CutThroughFate+1","CarveReality"],"picked":"SKIP","floor":44},{"not_picked":["JustLucky","PathToVictory","BowlingBash"],"picked":"SKIP","floor":46},{"not_picked":["CutThroughFate","DeceiveReality"],"picked":"Perseverance+1","floor":55}],"player_experience":1739922,"relics_obtained":[{"floor":7,"key":"Lantern"},{"floor":9,"key":"Bag of Preparation"},{"floor":11,"key":"Pantograph"},{"floor":13,"key":"Bronze Scales"},{"floor":23,"key":"InkBottle"},{"floor":25,"key":"Necronomicon"},{"floor":26,"key":"Gremlin Horn"},{"floor":27,"key":"Mummified Hand"},{"floor":29,"key":"Red Mask"},{"floor":40,"key":"Dream Catcher"},{"floor":44,"key":"Whetstone"},{"floor":46,"key":"Yang"},{"floor":55,"key":"StoneCalendar"}],"event_choices":[{"cards_removed":["Defend_P"],"damage_healed":0,"gold_gain":0,"player_choice":"Card Removal","damage_taken":0,"max_hp_gain":0,"max_hp_loss":0,"event_name":"The Cleric","floor":4,"gold_loss":75},{"damage_healed":0,"gold_gain":0,"player_choice":"Success","damage_taken":11,"relics_obtained":["Toy Ornithopter"],"max_hp_gain":0,"max_hp_loss":0,"event_name":"Scrap Ooze","floor":5,"gold_loss":0},{"damage_healed":0,"gold_gain":150,"player_choice":"AGREE","damage_taken":0,"max_hp_gain":0,"max_hp_loss":0,"event_name":"Liars Game","floor":10,"gold_loss":0,"cards_obtained":["Doubt"]},{"damage_healed":0,"gold_gain":0,"player_choice":"Entered Light","damage_taken":20,"max_hp_gain":0,"max_hp_loss":0,"event_name":"Shining Light","floor":14,"gold_loss":0,"cards_upgraded":["Strike_P","Defend_P"]},{"cards_removed":["Doubt"],"damage_healed":0,"gold_gain":0,"player_choice":"Gave Gold","damage_taken":0,"max_hp_gain":0,"max_hp_loss":0,"event_name":"Beggar","floor":19,"gold_loss":75},{"damage_healed":0,"gold_gain":0,"player_choice":"Obtained Book","damage_taken":21,"max_hp_gain":0,"max_hp_loss":0,"event_name":"Cursed Tome","floor":25,"gold_loss":0},{"cards_removed":["Strike_P"],"damage_healed":0,"gold_gain":0,"player_choice":"Elegance","damage_taken":0,"max_hp_gain":0,"max_hp_loss":0,"event_name":"Back to Basics","floor":28,"gold_loss":0},{"damage_healed":0,"gold_gain":0,"player_choice":"Fought Bandits","damage_taken":0,"max_hp_gain":0,"max_hp_loss":0,"event_name":"Masked Bandits","floor":29,"gold_loss":0},{"damage_healed":0,"gold_gain":222,"player_choice":"Wore Mask","damage_taken":0,"max_hp_gain":0,"max_hp_loss":0,"event_name":"Tomb of Lord Red Mask","floor":36,"gold_loss":0},{"damage_healed":0,"gold_gain":0,"player_choice":"Memory 3","damage_taken":10,"max_hp_gain":0,"max_hp_loss":0,"event_name":"SensoryStone","floor":42,"gold_loss":0},{"cards_removed":["Dark Shackles"],"damage_healed":0,"gold_gain":0,"player_choice":"Removed Skill","damage_taken":0,"max_hp_gain":0,"max_hp_loss":0,"event_name":"Falling","floor":47,"gold_loss":0}],"is_beta":false,"boss_relics":[{"not_picked":["SlaversCollar","Velvet Choker"],"picked":"Runic Pyramid"},{"not_picked":["SacredBark","Calling Bell"],"picked":"Astrolabe"}],"items_purged_floors":[20],"is_endless":false,"potions_floor_spawned":[1,3,7,12,21,22,24,27,30,33,35,39,40,44,55],"killed_by":"The Heart","ascension_level":20}}