{"host":"y2d5jdk6et74e3ks","time":1609715541,"event":{"mods":["BaseMod","Colored Map","Downfall","Hubris","Minty Spire (QoL Compilation)","Replay The Spire","StSLib"],"gold_per_floor":[119,136,156,22,40,67,67,67,67,67,102,113,148,148,148,247,247,260,260,272,65,65,65],"floor_reached":22,"playtime":2049,"items_purged":["Time Bomb"],"score":224,"play_id":"ead40977-af47-42de-9162-a446f36f98e3","local_time":"20210103181221","is_ascension_mode":true,"campfire_choices":[{"data":"Self Repair","floor":7,"key":"SMITH"},{"data":"Echo Form","floor":15,"key":"SMITH"}],"circlet_count":0,"master_deck":["Strike_B","Strike_B","Strike_B","Strike_B","Defend_B","Defend_B+1","Defend_B","Defend_B+1","Zap","Dualcast","Leap","Coolheaded+1","ReplayTheSpireMod:System Scan","Self Repair+1","Panic Button","Echo Form+1","Darkness","Redo","Echo Form","FIFO Queue","ReplayRNGCard"],"relics":["Cracked Core","Strawberry","Replay:Wax Seal","Smiling Mask","hubris:OldNail","hubris:Stopwatch","Happy Flower"],"acts_visited":["Exordium","TheCity"],"potions_floor_usage":[6,6,13,18,20],"damage_taken":[{"damage":4,"enemies":"Cultist","floor":1,"turns":5},{"damage":0,"enemies":"2 Louse","floor":2,"turns":3},{"damage":1,"enemies":"Small Slimes","floor":3,"turns":4},{"damage":1,"enemies":"2 Fungi Beasts","floor":5,"turns":3},{"damage":13,"enemies":"Gremlin Nob","floor":6,"turns":4},{"damage":7,"enemies":"Replay:BlueRogue","floor":11,"turns":8},{"damage":9,"enemies":"Gremlin Gang","floor":12,"turns":13},{"damage":18,"enemies":"3 Sentries","floor":13,"turns":10},{"damage":19,"enemies":"Fading Forest","floor":16,"turns":11},{"damage":35,"enemies":"Shell Parasite","floor":18,"turns":5},{"damage":50,"enemies":"Spheric Guardian","floor":20,"turns":10}],"seed_played":"2376039916866467572","potions_obtained":[{"floor":2,"key":"Energy Potion"},{"floor":5,"key":"SpeedPotion"},{"floor":12,"key":"Energy Potion"},{"floor":13,"key":"Block Potion"},{"floor":18,"key":"PowerPotion"}],"is_trial":false,"path_per_floor":["M","M","M","$","M","E","R","?","T","?","E","M","E","?","R","B",null,"M","?","M","$","?"],"character_chosen":"DEFECT","items_purchased":["Self Repair","Panic Button","Happy Flower"],"campfire_rested":0,"item_purchase_floors":[4,4,21],"current_hp_per_floor":[71,71,70,70,69,70,70,58,58,42,45,46,48,48,48,49,82,67,51,21,21,0,0],"gold":65,"neow_bonus":"THREE_CARDS","is_daily":false,"chose_seed":false,"campfire_upgraded":2,"win_rate":0.0,"timestamp":1609715541,"path_taken":["M","M","M","$","?","E","R","?","T","?","E","M","E","?","R","BOSS","M","?","M","$","?"],"items_purchased_type":["Card","Card","Relic"],"build_version":"2020-12-22","purchased_purges":1,"victory":false,"max_hp_per_floor":[75,75,75,75,75,82,82,82,82,82,82,82,82,82,82,82,82,82,87,87,87,87,87],"card_choices":[{"not_picked":["Reprogram","ReplayTheSpireMod:Repulse"],"picked":"Leap","floor":0},{"not_picked":["Panic Button","Compile Driver"],"picked":"Time Bomb","floor":1},{"not_picked":["Barrage","Static Discharge"],"picked":"Coolheaded","floor":2},{"not_picked":["Streamline","Steam"],"picked":"ReplayTheSpireMod:System Scan","floor":3},{"not_picked":["Turbo","Compile Driver","FTL"],"picked":"SKIP","floor":5},{"not_picked":["Scrape","Chaos","Gash"],"picked":"SKIP","floor":6},{"not_picked":["ReplayGash","Rip and Tear"],"picked":"Echo Form","floor":11},{"not_picked":["Blizzard","Turbo"],"picked":"Darkness","floor":12},{"not_picked":["Leap","Chill"],"picked":"Redo","floor":13},{"not_picked":["All For One","Mirror Shield"],"picked":"Echo Form","floor":16},{"not_picked":["Turbo","Redo+1"],"picked":"FIFO Queue","floor":18},{"not_picked":["Rebound","Cold Snap"],"picked":"ReplayRNGCard","floor":20}],"player_experience":117735,"relics_obtained":[{"floor":6,"key":"Strawberry"},{"floor":11,"key":"Smiling Mask"},{"floor":13,"key":"hubris:OldNail"}],"event_choices":[{"damage_healed":0,"gold_gain":0,"player_choice":"Success","damage_taken":12,"relics_obtained":["Replay:Wax Seal"],"max_hp_gain":0,"max_hp_loss":0,"event_name":"Scrap Ooze","floor":8,"gold_loss":0},{"damage_healed":0,"gold_gain":0,"player_choice":"Entered Light","damage_taken":16,"max_hp_gain":0,"max_hp_loss":0,"event_name":"Shining Light","floor":10,"gold_loss":0,"cards_upgraded":["Defend_B","Defend_B"]},{"damage_healed":0,"gold_gain":0,"player_choice":"Shed Blood","damage_taken":21,"max_hp_gain":5,"max_hp_loss":0,"event_name":"Forgotten Altar","floor":19,"gold_loss":0}],"is_beta":false,"boss_relics":[{"not_picked":["Abe\u0027s Treasure","Replay:Wanted Poster"],"picked":"hubris:Stopwatch"}],"items_purged_floors":[21],"is_endless":false,"potions_floor_spawned":[2,5,12,13,18],"ascension_level":2}}