{"host":"56ghxnzsglgdq727","time":1609669663,"event":{"mods":["AchievementEnabler","BaseMod","Downfall","Minty Spire (QoL Compilation)","StSLib"],"gold_per_floor":[99,113,132,132,232,244,268,568,91,103,103,132,132,132,147,244,244,244,264,277,288,304,304,304,318,318,22,47,63,63,82,101,198,198,198,211,211,227,192,211,238,238,255,255,272,272,282,282,282,282,282],"floor_reached":49,"playtime":3951,"items_purged":["Slimebound:Icky","Slimebound:Icky","Guardian:Strike_Guardian"],"score":488,"play_id":"82622043-67d7-40f2-9461-0e357416c870","local_time":"20210103052743","is_ascension_mode":false,"campfire_choices":[{"data":"Guardian:TwinSlam","floor":1.0,"key":"SMITH"},{"data":"expansioncontent:StudyTheSpire","floor":11.0,"key":"SMITH"},{"data":"Guardian:PrismaticBeam","floor":13.0,"key":"SMITH"},{"data":"Guardian:RefractedBeam","floor":18.0,"key":"SMITH"},{"floor":30.0,"key":"REST"},{"data":"Metamorphosis","floor":35,"key":"SMITH"},{"data":"Guardian:TimeSifter","floor":44,"key":"SMITH"},{"floor":46,"key":"REST"}],"circlet_count":0,"master_deck":["Guardian:Strike_Guardian","Guardian:Strike_Guardian","Guardian:Strike_Guardian","Guardian:Defend_Guardian","Guardian:Defend_Guardian","Guardian:Defend_Guardian","Guardian:Defend_Guardian","Guardian:CurlUp","Guardian:TwinSlam+1","Guardian:Incinerate","Guardian:PrismaticBeam+1","Guardian:BronzeArmor","Guardian:RefractedBeam+1","expansioncontent:StudyTheSpire+1","Guardian:ChargeCore","Guardian:AncientConstruct","Guardian:Orbwalk+1","expansioncontent:Flail","Metamorphosis+1","Guardian:ArmoredProtocol","Guardian:ExploitGems","Guardian:TimeSifter+1","Guardian:Planning","Guardian:TimeCapacitor","Parasite","Guardian:Recover","Guardian:ChargeUp+1"],"relics":["Guardian:ModeShifter","Ancient Tea Set","Meat on the Bone","Nunchaku","Membership Card","Oddly Smooth Stone","Pocketwatch","Mummified Hand","Black Star","downfall:RedIOU","Toy Ornithopter","Cauldron","Tiny Chest","Pear","Philosopher\u0027s Stone","Gremlin Horn","Vajra","Guardian:PickAxe","Medical Kit","Lantern","Pen Nib"],"acts_visited":["Exordium","TheCity","TheBeyond"],"potions_floor_usage":[33,39,39],"damage_taken":[{"damage":0.0,"enemies":"2 Louse","floor":2.0,"turns":2.0},{"damage":4.0,"enemies":"Cultist","floor":3.0,"turns":4.0},{"damage":2.0,"enemies":"Small Slimes","floor":6.0,"turns":3.0},{"damage":10.0,"enemies":"downfall:FleeingMerchant","floor":9.0,"turns":4.0},{"damage":13.0,"enemies":"Exordium Wildlife","floor":10.0,"turns":3.0},{"damage":20.0,"enemies":"Gremlin Nob","floor":12.0,"turns":4.0},{"damage":3.0,"enemies":"Blue Slaver","floor":15.0,"turns":3.0},{"damage":16.0,"enemies":"downfall:Watcher","floor":16.0,"turns":8.0},{"damage":0.0,"enemies":"Spheric Guardian","floor":19.0,"turns":3.0},{"damage":9.0,"enemies":"Chosen","floor":20.0,"turns":5.0},{"damage":11.0,"enemies":"Snake Plant","floor":21.0,"turns":4.0},{"damage":15.0,"enemies":"Snecko","floor":22.0,"turns":4.0},{"damage":37.0,"enemies":"Sentry and Sphere","floor":25.0,"turns":7.0},{"damage":9.0,"enemies":"downfall:FleeingMerchant","floor":27.0,"turns":4.0},{"damage":15.0,"enemies":"Gremlin Leader","floor":28.0,"turns":5.0},{"damage":24.0,"enemies":"3 Cultists","floor":29.0,"turns":6.0},{"damage":10.0,"enemies":"Centurion and Healer","floor":31.0,"turns":5.0},{"damage":11.0,"enemies":"Snecko","floor":32.0,"turns":4.0},{"damage":30,"enemies":"downfall:Ironclad","floor":33,"turns":8},{"damage":13,"enemies":"3 Darklings","floor":36,"turns":4},{"damage":34,"enemies":"3 Shapes","floor":38,"turns":4},{"damage":13,"enemies":"downfall:FleeingMerchant","floor":39,"turns":4},{"damage":27,"enemies":"Writhing Mass","floor":40,"turns":5},{"damage":16,"enemies":"Sphere and 2 Shapes","floor":43,"turns":4},{"damage":22,"enemies":"4 Shapes","floor":45,"turns":5},{"damage":0,"enemies":"Jaw Worm Horde","floor":47,"turns":3},{"damage":50,"enemies":"Transient","floor":49,"turns":4}],"seed_played":"-7736690294414054814","potions_obtained":[{"floor":12.0,"key":"Guardian:DefensiveModePotion"},{"floor":15.0,"key":"Swift Potion"},{"floor":16.0,"key":"Energy Potion"},{"floor":20.0,"key":"Fire Potion"},{"floor":25.0,"key":"Swift Potion"},{"floor":27.0,"key":"PowerPotion"},{"floor":27.0,"key":"ColorlessPotion"},{"floor":27.0,"key":"BlessingOfTheForge"},{"floor":31.0,"key":"Guardian:StasisDiscoveryPotion"},{"floor":32.0,"key":"AttackPotion"},{"floor":33,"key":"Strength Potion"},{"floor":36,"key":"LiquidBronze"},{"floor":47,"key":"AttackPotion"}],"is_trial":false,"path_per_floor":["R","M","M","?","?","M","T","?","$","M","R","E","R","T","M","B",null,"R","M","M","M","M","?","T","M","?","$","E","M","R","M","M","B",null,"R","M","T","M","$","M","T","R","M","R","M","R","M","T","M"],"character_chosen":"GUARDIAN","items_purchased":["Membership Card","expansioncontent:StudyTheSpire","Guardian:Gem_Red","Guardian:ChargeCore","Bag of Preparation","Oddly Smooth Stone","Cauldron","expansioncontent:Flail","Metamorphosis","Guardian:ArmoredProtocol","Vajra","Guardian:PickAxe","Medical Kit","Guardian:Gem_Red","Guardian:Planning","Guardian:TimeCapacitor"],"campfire_rested":2,"item_purchase_floors":[9,9,9,9,9,9,27,27,27,27,39,39,39,39,39,39],"current_hp_per_floor":[80,80,76,76,76,74,74,74,64,51,51,43,43,43,52,48,80,80,80,71,60,45,45,45,20,20,28,45,38,65,55,49,36,90,90,77,77,55,52,37,37,37,33,33,23,50,50,50,0,0,0],"gold":282,"neow_bonus":"RANDOM_COMMON_RELIC","is_daily":false,"chose_seed":false,"campfire_upgraded":6,"win_rate":0.0,"timestamp":1609669663,"path_taken":["R","M","M","?","?","?","T","?","?","M","R","E","R","?","M","BOSS","R","M","M","?","M","?","T","M","?","$","E","M","R","?","M","BOSS","R","M","?","M","$","?","T","R","M","R","M","R","M","?","M"],"items_purchased_type":["Relic","Card","Card","Card","Relic","Relic","Relic","Card","Card","Card","Relic","Relic","Relic","Card","Card","Card"],"build_version":"2020-12-22","purchased_purges":3,"victory":false,"max_hp_per_floor":[80,80,80,80,80,80,80,80,80,80,80,80,80,80,80,80,80,80,80,80,80,80,80,80,80,80,80,90,90,90,90,90,90,90,90,90,90,90,90,90,90,90,90,90,90,90,90,90,90,90,90],"card_choices":[{"not_picked":["Guardian:Reroute","Guardian:Repulse"],"picked":"Guardian:Incinerate","floor":2.0},{"not_picked":["Guardian:Suspension","Guardian:Orbwalk"],"picked":"Guardian:PrismaticBeam","floor":3.0},{"not_picked":["Guardian:ShieldCharger","Guardian:Gem_Blue"],"picked":"Guardian:BronzeArmor","floor":6.0},{"not_picked":["Guardian:RollAttack","Guardian:Reroute"],"picked":"Guardian:RefractedBeam","floor":9.0},{"not_picked":["Guardian:ShieldCharger","Guardian:Preprogram"],"picked":"Guardian:AncientConstruct","floor":10.0},{"not_picked":["Guardian:TimeCapacitor","Guardian:BronzeArmor","Guardian:ShieldCharger"],"picked":"SKIP","floor":12.0},{"not_picked":["Guardian:ShieldSpikes","Guardian:WalkerClaw","Guardian:TemporalShield"],"picked":"SKIP","floor":15.0},{"not_picked":["Guardian:ConstructionForm","Guardian:GatlingBeam"],"picked":"Guardian:Gem_Synthetic","floor":16.0},{"not_picked":["Guardian:Gem_Red","Guardian:Gem_Green"],"picked":"Guardian:Gem_Cyan","floor":19.0},{"not_picked":["Guardian:Gem_Green","Guardian:TimeCapacitor","Guardian:Emergency"],"picked":"SKIP","floor":20.0},{"not_picked":["Guardian:SpikerProtocol","Guardian:EvasiveProtocol","Guardian:RollAttack"],"picked":"SKIP","floor":21.0},{"not_picked":["Guardian:RollAttack+1","Guardian:PrismaticBarrier+1","Guardian:SpikerProtocol+1"],"picked":"SKIP","floor":22.0},{"not_picked":["Guardian:Recover","Guardian:Planning","Guardian:EvasiveProtocol"],"picked":"SKIP","floor":25.0},{"not_picked":["Guardian:Planning","Guardian:ShieldCharger"],"picked":"Guardian:Orbwalk+1","floor":27.0},{"not_picked":["Guardian:Reroute","Guardian:VentSteam+1","Guardian:TimeBomb"],"picked":"SKIP","floor":28.0},{"not_picked":["Guardian:VentSteam","Guardian:Gem_Crimson","Guardian:PiercingHide"],"picked":"SKIP","floor":29.0},{"not_picked":["Guardian:ShieldSpikes","Guardian:Gem_Red"],"picked":"Guardian:ExploitGems","floor":31.0},{"not_picked":["Guardian:PrimingBeam","Guardian:WalkerClaw+1","Guardian:ShieldCharger"],"picked":"SKIP","floor":32.0},{"not_picked":["Guardian:GatlingBeam","Guardian:RevengeProtocol"],"picked":"Guardian:TimeSifter","floor":33},{"not_picked":["Guardian:PrismaticBarrier+1","Guardian:ChargeCore","Guardian:WalkerClaw+1"],"picked":"SKIP","floor":36},{"not_picked":["Guardian:VentSteam","Guardian:TimeCapacitor+1"],"picked":"Guardian:Gem_Blue","floor":38},{"not_picked":["Guardian:TemporalShield+1","Guardian:ChargeCore+1","Guardian:TimeCapacitor"],"picked":"SKIP","floor":39},{"not_picked":["Guardian:VentSteam","Guardian:Incinerate+1"],"picked":"Guardian:Recover","floor":40},{"not_picked":["Guardian:Gem_Lightblue","Guardian:TemporalShield","Guardian:RollAttack"],"picked":"SKIP","floor":43},{"not_picked":["Guardian:Harden+1","Guardian:Reroute+1"],"picked":"Guardian:ChargeUp+1","floor":45},{"not_picked":["Guardian:Orbwalk+1","Guardian:Emergency","Guardian:PrismaticBarrier"],"picked":"SKIP","floor":47}],"player_experience":107766,"relics_obtained":[{"floor":7.0,"key":"Nunchaku"},{"floor":12.0,"key":"Pocketwatch"},{"floor":14.0,"key":"Mummified Hand"},{"floor":24.0,"key":"Toy Ornithopter"},{"floor":28.0,"key":"Tiny Chest"},{"floor":28.0,"key":"Pear"},{"floor":37,"key":"Gremlin Horn"},{"floor":41,"key":"Lantern"},{"floor":48,"key":"Pen Nib"}],"event_choices":[],"is_beta":false,"boss_relics":[{"not_picked":["Astrolabe","Snecko Eye"],"picked":"Black Star"},{"not_picked":["Runic Dome","Runic Pyramid"],"picked":"Philosopher\u0027s Stone"}],"items_purged_floors":[9,27,39],"is_endless":false,"potions_floor_spawned":[12,15,16,20,25,31,32,33,36,47],"killed_by":"Transient","ascension_level":0}}