{"host":"7bzprrpqr2usgpra","time":1609667449,"event":{"mods":["ATMod(°¢èªMod)","BaseMod","BetterRewards","Dota2Spire","HololiveMod","Lobotomy","Minty Spire (QoL Compilation)","MostiFishMod","Quick Restart","Spicy Shops","StSLib","TestMod","TheWitcher","[IsaacMod]ÒÔÈö¼âËþ","¡¾ÒÅÎï¿¨ÅÆ¡¿REMEMod"],"gold_per_floor":[110,160,170,182,182,182,182],"floor_reached":6,"playtime":857,"items_purged":[],"score":63,"play_id":"6fc3d9e5-ee12-433b-b1e2-c98045ad6811","local_time":"20210103175049","is_ascension_mode":true,"campfire_choices":[],"circlet_count":0,"master_deck":["AscendersBane","Strike_P","Strike_P","Strike_P","Defend_P","Defend_P","Defend_P","Defend_P","Eruption","Vigilance","testmod-SelfRegulatingSystem","AT_RealColorLess","OldLady","MostiFishMod:FlowState","SingingMachine","Prostrate","SnowQueen","AT_DivineConfetti","Wellcheers","Fasting2","WaveOfTheHand"],"relics":["PureWater","AT_ATBox","testmod-TestBox","HushsDoor","REME_ComplimentaryCards","DaveBox","CogitoBucket","BirthdayGift-Tetrahedron","DeadEye","testmod-HeartOfStrike","SynthV:TestCard","Dota2Spire:LinkenSphere","Strawberry"],"acts_visited":["Exordium"],"potions_floor_usage":[2],"damage_taken":[{"damage":2,"enemies":"Small Slimes","floor":1,"turns":2},{"damage":18,"enemies":"Hiden Room Battle","floor":2,"turns":2},{"damage":4,"enemies":"Cultist","floor":3,"turns":1},{"damage":0,"enemies":"Jaw Worm","floor":4,"turns":1},{"damage":45,"enemies":"Lagavulin","floor":6,"turns":3}],"seed_played":"5236493692618488222","potions_obtained":[{"floor":1,"key":"BottledMiracle"},{"floor":4,"key":"testmod-EscapePotion"}],"is_trial":false,"path_per_floor":["M","?","M","M","?","E"],"character_chosen":"WATCHER","items_purchased":[],"campfire_rested":0,"item_purchase_floors":[],"current_hp_per_floor":[59,48,44,44,44,0,0],"gold":182,"neow_bonus":"","is_daily":false,"chose_seed":false,"campfire_upgraded":0,"win_rate":0.0,"timestamp":1609667449,"path_taken":["M","?","M","M","?","E"],"items_purchased_type":[],"build_version":"2020-12-22","purchased_purges":0,"victory":false,"max_hp_per_floor":[68,75,75,75,75,75,75],"card_choices":[{"not_picked":[],"picked":"Bomb","floor":0},{"not_picked":["Murderer","WallGazer"],"picked":"OldLady","floor":1},{"not_picked":["BowlingBash","Prostrate"],"picked":"MostiFishMod:FlowState","floor":1},{"not_picked":["NakedNest","WallGazer"],"picked":"SingingMachine","floor":2},{"not_picked":["FlyingSleeves","ClearTheMind","EmptyFist","EmptyBody"],"picked":"Prostrate","floor":2},{"not_picked":["Murderer","OSAHOGD"],"picked":"SnowQueen","floor":3},{"not_picked":["BowlingBash","SashWhip","FlyingSleeves","Weave"],"picked":"AT_DivineConfetti","floor":3},{"not_picked":["Freischutz","FairyFestival"],"picked":"Wellcheers","floor":4},{"not_picked":["Protect","CrushJoints","Consecrate","CarveReality"],"picked":"Fasting2","floor":4}],"player_experience":238018,"relics_obtained":[{"floor":1,"key":"SynthV:TestCard"},{"floor":2,"key":"Dota2Spire:LinkenSphere"},{"floor":2,"key":"Strawberry"}],"event_choices":[{"damage_healed":0,"gold_gain":0,"player_choice":"Fight","damage_taken":0,"max_hp_gain":0,"max_hp_loss":0,"event_name":"HidenRoomEvent","floor":2,"gold_loss":0},{"damage_healed":0,"gold_gain":0,"cards_transformed":["Strike_P"],"player_choice":"Transformed","damage_taken":0,"max_hp_gain":0,"max_hp_loss":0,"event_name":"Transmorgrifier","floor":5,"gold_loss":0,"cards_obtained":["WaveOfTheHand"]}],"is_beta":false,"boss_relics":[],"items_purged_floors":[],"is_endless":false,"potions_floor_spawned":[1,4],"killed_by":"Lagavulin","ascension_level":15}}