{"host":"ijmqth23a408ytzh","time":1609714317,"event":{"mods":["BaseMod","Curses Come First","Downfall","Minty Spire (QoL Compilation)","StSLib"],"gold_per_floor":[99,117,392,411,427,133,159,178,278,305,305,333,333,351,365,463,463,463,481,481,500,511,511,534,534,459,475,490,490,2,22,39,144,144,144,159,171,171,171,43,69,80,80,10,20,31,31,363,213,213,213,240,115,115,115],"floor_reached":56,"playtime":6578,"items_purged":["Regret","Slimebound:Tackle","Slimebound:Defend_Slimebound+1"],"score":1206,"play_id":"fd0be17c-2510-489a-9e46-6ef1076c24c3","local_time":"20210103145157","is_ascension_mode":false,"campfire_choices":[{"data":"Slimebound:Split","floor":1.0,"key":"SMITH"},{"floor":11.0,"key":"REST"},{"floor":18.0,"key":"RECALL"},{"floor":23.0,"key":"REST"},{"floor":26.0,"key":"REST"},{"floor":35.0,"key":"REST"},{"floor":47.0,"key":"REST"},{"floor":49,"key":"REST"},{"floor":54,"key":"REST"}],"circlet_count":0,"master_deck":["Slimebound:Strike_Slimebound+1","Slimebound:Defend_Slimebound+1","Slimebound:Split+1","Slimebound:CorrosiveSpit","Slimebound:Teamwork","Slimebound:GrowthPunch","Slimebound:MegaLick","Slimebound:GrowthPunch","Slimebound:SplitBruiser","Slimebound:SplitMire","Slimebound:SplitAcid","Slimebound:FirmFortitude+1","Slimebound:FlameTackle","Slimebound:FinishingTackle","Slimebound:FormOfPuddle","Slimebound:LeadByExample","Slimebound:ForwardTackle","Slimebound:Gluttony","Slimebound:ViciousTackle","Slimebound:ForwardTackle","Slimebound:MinionMaster","Slimebound:SlimeSpikes+1","Slimebound:GoopSpray+1","Slimebound:SlimeSpikes+1","Slimebound:CheckThePlaybook","Slimebound:SplitLeeching+1","Slimebound:MassFeed","Slimebound:SplitLeeching","Slimebound:SplitMire","Slimebound:AcidTongue","Slimebound:SplitAcid","Slimebound:AcidTongue","Slimebound:OozeBath","Slimebound:BestDefense+1","Slimebound:Repurpose","Slimebound:HauntingLick+1","Slimebound:SplitMire+1","expansioncontent:DefensiveMode","expansioncontent:Hexaburn","expansioncontent:DecasProtection","Slimebound:LevelUp","Slimebound:SplitAcid+1","Slimebound:LeechingTouch+1","Slimebound:TongueLash"],"relics":["Slimebound:AbsorbEndCombat","Art of War","Du-Vu Doll","Odd Mushroom","StrikeDummy","Fusion Hammer","Strawberry","downfall:HeartBlessingRed","Ginger","Sozu","TungstenRod","Lee\u0027s Waffle","Old Coin","downfall:HeartBlessingGreen","downfall:HeartBlessingBlue","Incense Burner"],"acts_visited":["Exordium","TheCity","TheBeyond","TheEnding"],"potions_floor_usage":[48],"damage_taken":[{"damage":14.0,"enemies":"Jaw Worm","floor":2.0,"turns":3.0},{"damage":13.0,"enemies":"Cultist","floor":4.0,"turns":3.0},{"damage":8.0,"enemies":"2 Louse","floor":5.0,"turns":3.0},{"damage":9.0,"enemies":"downfall:FleeingMerchant","floor":6.0,"turns":4.0},{"damage":18.0,"enemies":"Large Slime","floor":8.0,"turns":4.0},{"damage":51.0,"enemies":"downfall:Heads","floor":9.0,"turns":5.0},{"damage":25.0,"enemies":"Lagavulin","floor":10.0,"turns":5.0},{"damage":14.0,"enemies":"The Mushroom Lair","floor":12.0,"turns":3.0},{"damage":8.0,"enemies":"3 Louse","floor":14.0,"turns":2.0},{"damage":15.0,"enemies":"Blue Slaver","floor":15.0,"turns":3.0},{"damage":57.0,"enemies":"downfall:Silent","floor":16.0,"turns":6.0},{"damage":22.0,"enemies":"Shell Parasite","floor":19.0,"turns":4.0},{"damage":6.0,"enemies":"Snecko","floor":21.0,"turns":5.0},{"damage":41.0,"enemies":"Snake Plant","floor":22.0,"turns":3.0},{"damage":11.0,"enemies":"Cultist and Chosen","floor":27.0,"turns":4.0},{"damage":11.0,"enemies":"Centurion and Healer","floor":28.0,"turns":3.0},{"damage":16.0,"enemies":"downfall:FleeingMerchant","floor":30.0,"turns":4.0},{"damage":14.0,"enemies":"Snake Plant","floor":31.0,"turns":4.0},{"damage":20.0,"enemies":"Cultist and Chosen","floor":32.0,"turns":4.0},{"damage":44.0,"enemies":"downfall:Ironclad","floor":33.0,"turns":7.0},{"damage":29.0,"enemies":"3 Shapes","floor":36.0,"turns":4.0},{"damage":42.0,"enemies":"3 Darklings","floor":37.0,"turns":4.0},{"damage":5.0,"enemies":"downfall:FleeingMerchant","floor":40.0,"turns":4.0},{"damage":29.0,"enemies":"Jaw Worm Horde","floor":42.0,"turns":3.0},{"damage":4.0,"enemies":"Writhing Mass","floor":45.0,"turns":2.0},{"damage":29.0,"enemies":"4 Shapes","floor":46.0,"turns":4.0},{"damage":23,"enemies":"Reptomancer","floor":48,"turns":4},{"damage":30,"enemies":"downfall:Watcher","floor":50,"turns":6},{"damage":76,"enemies":"downfall:CharBossMerchant","floor":52,"turns":7},{"damage":124,"enemies":"downfall:NeowBoss","floor":55,"turns":25}],"seed_played":"1049613087272463626","potions_obtained":[{"floor":8.0,"key":"sneckomod:MuddlingPotion"},{"floor":10.0,"key":"FairyPotion"},{"floor":12.0,"key":"BlessingOfTheForge"},{"floor":14.0,"key":"AttackPotion"},{"floor":22.0,"key":"Fire Potion"},{"floor":28.0,"key":"Fire Potion"},{"floor":31.0,"key":"champ:CounterPotion"},{"floor":33.0,"key":"Guardian:BlockOnCardUsePotion"}],"is_trial":false,"path_per_floor":["R","M","?","M","M","$","T","M","?","E","R","?","?","M","M","B",null,"R","M","?","M","M","R","T","?","R","M","M","?","$","M","M","B",null,"R","M","M","?","?","$","T","M","?","$","M","M","R","E","R","B",null,"E","$","R","B",null],"character_chosen":"SLIMEBOUND","items_purchased":["Slimebound:SplitMire","Slimebound:SplitAcid","Slimebound:FirmFortitude","Slimebound:FlameTackle","Ginger","Slimebound:SplitMire","Slimebound:AcidTongue","TungstenRod","Lee\u0027s Waffle","Slimebound:LevelUp"],"campfire_rested":7,"item_purchase_floors":[6,6,6,6,30,30,30,40,40,44],"current_hp_per_floor":[60,58,58,55,59,60,60,56,32,31,49,51,39,37,38,28,60,60,52,52,60,31,49,56,33,53,56,57,57,65,63,59,45,67,67,58,46,46,46,74,74,71,62,62,64,67,74,65,84,82,84,52,52,77,29],"gold":115,"neow_bonus":"ONE_RANDOM_RARE_CARD","is_daily":false,"chose_seed":false,"campfire_upgraded":1,"win_rate":0.0,"timestamp":1609714317,"path_taken":["R","M","?","M","?","?","T","M","?","E","R","?","?","M","M","BOSS","R","M","?","M","M","R","T","?","R","M","M","?","$","M","M","BOSS","R","M","M","?","?","$","T","?","?","?","M","M","R","E","R","BOSS","E","$","R","BOSS"],"items_purchased_type":["Card","Card","Card","Card","Relic","Card","Card","Relic","Relic","Card"],"build_version":"2020-12-22","purchased_purges":3,"victory":true,"max_hp_per_floor":[60,60,60,60,60,60,60,60,60,60,60,60,60,60,60,60,60,60,60,60,60,60,60,67,67,67,67,67,67,67,67,67,67,67,67,67,67,67,67,74,74,74,74,74,74,74,74,74,84,84,84,84,84,84,84],"card_choices":[{"not_picked":["Slimebound:FinishingTackle","Slimebound:ItLooksTasty"],"picked":"Slimebound:GrowthPunch","floor":2.0},{"not_picked":["Slimebound:Nibble","Slimebound:ProtectTheBoss"],"picked":"Slimebound:MegaLick","floor":4.0},{"not_picked":["Slimebound:GoopSpray","Slimebound:SplitLeeching"],"picked":"Slimebound:GrowthPunch","floor":5.0},{"not_picked":["Slimebound:SlimeSpikes","Slimebound:MassRepurpose"],"picked":"Slimebound:SplitBruiser","floor":6.0},{"not_picked":["Slimebound:Nibble","Slimebound:Dissolve"],"picked":"Slimebound:FinishingTackle","floor":8.0},{"not_picked":["Slimebound:Repurpose","Slimebound:RollThrough"],"picked":"Slimebound:LeadByExample","floor":9.0},{"not_picked":["Slimebound:SplitAcid","Slimebound:SplitBruiser"],"picked":"Slimebound:ForwardTackle","floor":10.0},{"not_picked":["Slimebound:LivingWall","Slimebound:GoopSpray"],"picked":"Slimebound:Gluttony","floor":12.0},{"not_picked":["Slimebound:LivingWall","Slimebound:LeechingTouch"],"picked":"Slimebound:ViciousTackle","floor":14.0},{"not_picked":["Slimebound:SlimeSpikes","Slimebound:DivideAndConquer"],"picked":"Slimebound:ForwardTackle","floor":15.0},{"not_picked":["Slimebound:Overexert","Slimebound:SlimeSlap"],"picked":"Slimebound:MinionMaster","floor":16.0},{"not_picked":["Slimebound:MegaLick","Slimebound:GrowthPunch"],"picked":"Slimebound:SlimeSpikes+1","floor":19.0},{"not_picked":["Slimebound:DivideAndConquer+1","Slimebound:RollThrough"],"picked":"Slimebound:GoopSpray+1","floor":21.0},{"not_picked":["Slimebound:FinishingTackle","Slimebound:Gluttony"],"picked":"Slimebound:SlimeSpikes+1","floor":22.0},{"not_picked":["Slimebound:SlimeSpikes","Slimebound:Replication"],"picked":"Slimebound:SplitLeeching+1","floor":27.0},{"not_picked":["Slimebound:FlameTackle","Slimebound:Replication"],"picked":"Slimebound:MassFeed","floor":28.0},{"not_picked":["Slimebound:RainOfGoop","Slimebound:LeechingTouch"],"picked":"Slimebound:SplitLeeching","floor":30.0},{"not_picked":["Slimebound:RollThrough","Slimebound:DisruptingSlam+1"],"picked":"Slimebound:SplitAcid","floor":31.0},{"not_picked":["Slimebound:Nibble+1","Slimebound:DivideAndConquer"],"picked":"Slimebound:AcidTongue","floor":32.0},{"not_picked":["Slimebound:WasteNot","Slimebound:DouseInSlime"],"picked":"Slimebound:OozeBath","floor":33.0},{"not_picked":["Slimebound:ServeAndProtect","Slimebound:SplitLeeching"],"picked":"Slimebound:BestDefense+1","floor":36.0},{"not_picked":["Slimebound:GrowthPunch","Slimebound:DivideAndConquer+1","Slimebound:ViciousTackle"],"picked":"SKIP","floor":37.0},{"not_picked":["Slimebound:DuplicatedForm","Slimebound:LeechingTouch+1"],"picked":"Slimebound:HauntingLick+1","floor":40.0},{"not_picked":["Slimebound:FlameTackle+1","Slimebound:LeechEnergy+1"],"picked":"Slimebound:SplitMire+1","floor":42.0},{"not_picked":["expansioncontent:DonusPower","expansioncontent:Sear"],"picked":"expansioncontent:DefensiveMode","floor":43.0},{"not_picked":["expansioncontent:Torchfire","expansioncontent:HyperBeam"],"picked":"expansioncontent:Hexaburn","floor":43.0},{"not_picked":["expansioncontent:DarkVoid","expansioncontent:ManipulateTime"],"picked":"expansioncontent:DecasProtection","floor":43.0},{"not_picked":["Slimebound:ViciousTackle","Slimebound:LeechingTouch+1"],"picked":"Slimebound:SplitAcid+1","floor":45.0},{"not_picked":["Slimebound:SplitAcid+1","Slimebound:GrowthPunch+1"],"picked":"Slimebound:LeechingTouch+1","floor":46.0},{"not_picked":["Slimebound:SlimeBrawl+1","Slimebound:SplitAcid+1"],"picked":"Slimebound:TongueLash","floor":48},{"not_picked":["Slimebound:TongueLash","Slimebound:CheckThePlaybook","Slimebound:ComboTackle"],"picked":"SKIP","floor":52}],"player_experience":705730,"relics_obtained":[{"floor":7.0,"key":"Art of War"},{"floor":10.0,"key":"Du-Vu Doll"},{"floor":12.0,"key":"Odd Mushroom"},{"floor":24.0,"key":"Strawberry"},{"floor":48,"key":"Old Coin"},{"floor":52,"key":"Incense Burner"}],"event_choices":[{"damage_healed":0.0,"max_hp_gain":0.0,"max_hp_loss":0.0,"gold_gain":0.0,"event_name":"Mushrooms","player_choice":"Fought Mushrooms","floor":12.0,"gold_loss":0.0,"damage_taken":0.0},{"damage_healed":0.0,"max_hp_gain":0.0,"max_hp_loss":0.0,"gold_gain":0.0,"event_name":"Scrap Ooze","player_choice":"Success","floor":13.0,"gold_loss":0.0,"damage_taken":12.0,"relics_obtained":["StrikeDummy"]},{"damage_healed":0.0,"max_hp_gain":0.0,"max_hp_loss":0.0,"gold_gain":0.0,"event_name":"Back to Basics","player_choice":"Simplicity","floor":20.0,"gold_loss":0.0,"damage_taken":0.0,"cards_upgraded":["Slimebound:Strike_Slimebound","Slimebound:Strike_Slimebound","Slimebound:Defend_Slimebound","Slimebound:Defend_Slimebound","Slimebound:Defend_Slimebound"]},{"cards_removed":["Slimebound:Strike_Slimebound"],"damage_healed":0.0,"max_hp_gain":0.0,"max_hp_loss":0.0,"gold_gain":0.0,"event_name":"Falling","player_choice":"Removed Attack","floor":38.0,"gold_loss":0.0,"damage_taken":0.0},{"damage_healed":0.0,"max_hp_gain":0.0,"max_hp_loss":0.0,"gold_gain":0.0,"cards_transformed":["Slimebound:Defend_Slimebound"],"event_name":"Transmorgrifier","player_choice":"Transformed","floor":39.0,"gold_loss":0.0,"damage_taken":0.0,"cards_obtained":["Slimebound:Repurpose"]}],"is_beta":false,"boss_relics":[{"not_picked":["Velvet Choker","Snecko Eye"],"picked":"Fusion Hammer"},{"not_picked":["Coffee Dripper","Pandora\u0027s Box"],"picked":"Sozu"}],"items_purged_floors":[6,30,53],"is_endless":false,"potions_floor_spawned":[8,10,12,14,22,28,31,33,36,45,48],"ascension_level":0}}