{"host":"684z1xpuwaoqmmh1","time":1611979001,"event":{"mods":["BaseMod","Downfall","Hermit","Jorbs\u0027s Wanderer Trilogy","Marisa????????","Minty Spire (QoL Compilation)","Robot Space Explorer","Shade Mod","StSLib","The Bug Knight","The Cursed","The Dragon Tamer","The Hayseed","The Hierophant","The Marked","The Mystic","The Runesmith","The Senshi"],"gold_per_floor":[210,229,229,250,7,7,38,53,78,78,39,39,70,89,89,215,215,229,229,229,229],"floor_reached":20,"language":"ENG","playtime":893,"items_purged":["Runesmith:Strike_RS"],"score":237,"play_id":"86b588dd-7185-4db3-9386-2e0879f3a3e3","local_time":"20210130055641","is_ascension_mode":true,"campfire_choices":[{"data":"Runesmith:CraftFirestone","floor":6,"key":"SMITH"},{"floor":10,"key":"REST"},{"data":"Runesmith:Fortify","floor":12,"key":"SMITH"},{"floor":15,"key":"REST"}],"circlet_count":0,"master_deck":["Runesmith:Strike_RS","Runesmith:Strike_RS","Runesmith:Strike_RS","Runesmith:Defend_RS","Runesmith:Defend_RS","Runesmith:Defend_RS","Runesmith:Defend_RS","Runesmith:CraftFirestone+1","Runesmith:Fortify+1","Runesmith:CraftIncendium","Runesmith:NanitesCloud","Runesmith:GoWithTheFlow","Runesmith:Grindstone","Runesmith:CraftIndustria","Runesmith:RuneHurl","Runesmith:PoweredAnvil","Runesmith:Augment","Runesmith:HeatedChisel","Runesmith:FissionHammer","Runesmith:CreatorForm","Runesmith:CraftMagma","Runesmith:RunicBlueprint"],"relics":["Runesmith:BrokenRuby","Golden Idol","bronze:BronzeIdol","Strawberry","Runesmith:EmergencyProvisions","Bag of Preparation","SlaversCollar"],"acts_visited":["Exordium","TheCity"],"potions_floor_usage":[13],"damage_taken":[{"damage":0,"enemies":"Small Slimes","floor":1,"turns":4},{"damage":6,"enemies":"Jaw Worm","floor":2,"turns":4},{"damage":0,"enemies":"Cultist","floor":4,"turns":4},{"damage":17,"enemies":"Lagavulin","floor":7,"turns":9},{"damage":24,"enemies":"Exordium Wildlife","floor":8,"turns":6},{"damage":39,"enemies":"Gremlin Nob","floor":13,"turns":5},{"damage":1,"enemies":"Lots of Slimes","floor":14,"turns":3},{"damage":18,"enemies":"Slime Boss","floor":16,"turns":7},{"damage":19,"enemies":"Spheric Guardian","floor":18,"turns":5},{"damage":23,"enemies":"Chosen","floor":20,"turns":6}],"seed_played":"6378426086348668953","potions_obtained":[{"floor":4,"key":"Strength Potion"},{"floor":7,"key":"Dexterity Potion"},{"floor":8,"key":"LiquidBronze"}],"is_trial":false,"path_per_floor":["M","M","?","M","$","R","E","M","T","R","$","R","E","M","R","B",null,"M","?","M"],"character_chosen":"RUNESMITH_CLASS","items_purchased":["bronze:BronzeIdol","Runesmith:Grindstone","Runesmith:PoweredAnvil"],"campfire_rested":2,"item_purchase_floors":[5,5,11],"current_hp_per_floor":[63,57,57,57,57,57,47,23,23,44,44,44,5,4,25,7,56,37,37,14,14],"gold":229,"neow_bonus":"HUNDRED_GOLD","is_daily":false,"chose_seed":false,"campfire_upgraded":2,"win_rate":0.0,"timestamp":1611979001,"path_taken":["M","M","?","M","$","R","E","M","T","R","$","R","E","M","R","BOSS","M","?","M"],"items_purchased_type":["Relic","Card","Card"],"build_version":"2020-12-22","purchased_purges":1,"victory":false,"max_hp_per_floor":[70,70,65,65,65,65,72,72,72,72,72,72,72,72,72,72,72,72,72,72,72],"card_choices":[{"not_picked":["Runesmith:HeatedChisel","Runesmith:StaticCage"],"picked":"Runesmith:CraftIncendium","floor":1},{"not_picked":["Runesmith:Discharge","Runesmith:ShiftingStrike"],"picked":"Runesmith:NanitesCloud","floor":2},{"not_picked":["Runesmith:RuneHurl","Runesmith:EnergizedChisel"],"picked":"Runesmith:GoWithTheFlow","floor":4},{"not_picked":["Runesmith:Firestorm","Runesmith:Augment"],"picked":"Runesmith:CraftIndustria","floor":7},{"not_picked":["Runesmith:Overpower","Runesmith:EarthShield"],"picked":"Runesmith:RuneHurl","floor":8},{"not_picked":["Runesmith:Empowerment","Runesmith:FieryHammer"],"picked":"Runesmith:Augment","floor":13},{"not_picked":["Runesmith:HeatExchange","Runesmith:UnstableHammer"],"picked":"Runesmith:HeatedChisel","floor":14},{"not_picked":["Runesmith:CraftPrismatica","Runesmith:LastStand"],"picked":"Runesmith:FissionHammer","floor":16},{"not_picked":["Runesmith:CraftIncendium","Runesmith:RuneHurl","Runesmith:Repurpose"],"picked":"SKIP","floor":18}],"player_experience":2996166,"relics_obtained":[{"floor":7,"key":"Strawberry"},{"floor":9,"key":"Runesmith:EmergencyProvisions"},{"floor":13,"key":"Bag of Preparation"}],"event_choices":[{"damage_healed":0,"gold_gain":0,"player_choice":"Lose Max HP","damage_taken":0,"relics_obtained":["Golden Idol"],"max_hp_gain":0,"max_hp_loss":5,"event_name":"Golden Idol","floor":3,"gold_loss":0},{"damage_healed":0,"gold_gain":0,"player_choice":"3 cards matched","damage_taken":0,"max_hp_gain":0,"max_hp_loss":0,"event_name":"Match and Keep!","floor":19,"gold_loss":0,"cards_obtained":["Runesmith:CreatorForm","Runesmith:CraftMagma","Runesmith:RunicBlueprint"]}],"is_beta":false,"boss_relics":[{"not_picked":["Runic Dome","SacredBark"],"picked":"SlaversCollar"}],"items_purged_floors":[5],"is_endless":false,"potions_floor_spawned":[4,7,8],"killed_by":"Chosen","ascension_level":6}}