{"host":"p34rppyhk302xzzg","time":1611975296,"event":{"mods":["Act Like it!","Ascension Reborn","BaseMod","Better Vampires","BetterRewards","Colored Map","Gensokyo","Googly Eyes","Hallownest","Koishi","Lobotomy","LobotomyExtend","Marisa£®ÏF”Í°°ƒß¿Ì…≥£©","Minty Spire (QoL Compilation)","Pale of the Ancients","Quick Restart","Reimu£®≤©¿ˆ¡È√Œ£©","Remilia£®¿Ÿ√◊¿Ú—«£©","Replay The Spire","SOS£®Àπ∞Õ¥Ô÷Æ◊”£©","StSLib","The Administrix","The Bug Knight","UnlockEverythingMod","Waifu the Spire","Yakumo Yukari mod","Youmu£®ªÍ∆«—˝√Œ£©","noobMod","°æ“≈ŒÔø®≈∆°øREMEMod"],"gold_per_floor":[110,110,129,155,173,173,184,184,184,209,209,209,261,296,296,415,415,444,479,108,108,108,160,160,160,187,299,330,99,99,131,131,249,276,276,276],"floor_reached":35,"language":"ZHS","playtime":1251,"items_purged":[],"score":558,"play_id":"e6125f44-087e-46d3-9410-1bcd6fe7c27a","local_time":"20210130105456","is_ascension_mode":true,"campfire_choices":[{"data":"GluttonyofRealm_purpleEX","floor":6.0,"key":"SMITH"},{"data":"Koishi:HauntingSlash","floor":15.0,"key":"SMITH"},{"floor":24.0,"key":"RECALL"},{"floor":30.0,"key":"REST"},{"data":"Koishi:SubterraneanRose","floor":32.0,"key":"SMITH"}],"circlet_count":0,"master_deck":["Apo_SoulSlash","Apo_Charge","Apo_Charge","Apo_Beam","Apo_Beam","Apo_Execute","Apo_Slash","Apo_Slash","Apo_SoulSlash","FairyFestival","Koishi:FourthEye+1","Koishi:PhantomStrike","Koishi:MindNumbingTerror","Koishi:UnseenTerror+1","DespairKnight","Koishi:PhantomBarrier","Koishi:EmbersOfLove","BodiesMountain","Koishi:SubterraneanRose+1","BlackArmy","Koishi:HeartStoppingHorror","REME_BodyOfCthun+1","Specialist+1","Replay:Sssssssssstrike+1"],"relics":["Koishi:ImaginaryFriend","REME_ComplimentaryCards","ice","CogitoBucket","LetterFromLob","Smiling Mask","Ancient Tea Set","Moonlight_r","ShedSkin_r","Hallownest:DreamNailRelic","CeramicFish","AspirationHeart","Honey Jar","Counterbalance","ApostleMask","Bronze Scales","Hallownest:NailmastersGloryRelic","Omamori","LuminousBracelet","HandDrill","Astrolabe","Frozen Eye"],"acts_visited":["Exordium","Hallownest:Greenpath","Hallownest:CityofTears"],"potions_floor_usage":[35],"damage_taken":[{"damage":5.0,"enemies":"Hallownest:monsterHuskGuard","floor":1.0,"turns":4.0},{"damage":0.0,"enemies":"Hallownest:2_MossCreeps","floor":3.0,"turns":2.0},{"damage":11.0,"enemies":"Hallownest:2_Baldur","floor":5.0,"turns":3.0},{"damage":16.0,"enemies":"Hallownest:1_Ooma_and_2_Uuma","floor":7.0,"turns":3.0},{"damage":19.0,"enemies":"Hallownest:eliteCrystalGuardian","floor":10.0,"turns":8.0},{"damage":0.0,"enemies":"Hallownest:eliteMossKnight","floor":13.0,"turns":3.0},{"damage":0.0,"enemies":"Hallownest:monsterMossCharger","floor":14.0,"turns":1.0},{"damage":36.0,"enemies":"Hallownest:BossHornet","floor":16.0,"turns":5.0},{"damage":39.0,"enemies":"Hallownest:Guard_and_Sentry","floor":18.0,"turns":3.0},{"damage":3.0,"enemies":"Hallownest:Flukemon_and_Top","floor":19.0,"turns":2.0},{"damage":0.0,"enemies":"Hallownest:eliteSoulWarrior","floor":23.0,"turns":2.0},{"damage":8.0,"enemies":"Hallownest:3_Mistakes","floor":28.0,"turns":2.0},{"damage":0.0,"enemies":"Hallownest:2_Flukemon","floor":31.0,"turns":1.0},{"damage":0.0,"enemies":"Hallownest:BossGrimm","floor":33.0,"turns":1.0},{"damage":44,"enemies":"Hallownest:Shield_Heavy","floor":35,"turns":2}],"seed_played":"6702518152382856540","potions_obtained":[{"floor":5.0,"key":"Swift Potion"},{"floor":14.0,"key":"Fire Potion"},{"floor":16.0,"key":"Explosive Potion"},{"floor":18.0,"key":"FairyPotion"},{"floor":23.0,"key":"SpeedPotion"},{"floor":31.0,"key":"SkillPotion"},{"floor":33.0,"key":"Ancient Potion"}],"is_trial":false,"path_per_floor":["M","?","M","T","M","R","M","?","T","E","M","?","E","M","R","B",null,"M","M","$","M","?","E","R","?","T","?","M","$","R","M","R","B",null,"M"],"character_chosen":"KOISHI","items_purchased":["Counterbalance","Koishi:GrowingPain","HandDrill","Koishi:EmbersOfLove","Block Potion"],"campfire_rested":1,"item_purchase_floors":[20,20,29,29,29],"current_hp_per_floor":[57,57,57,57,49,49,34,34,34,67,29,29,31,45,45,15,91,54,61,61,59,59,59,59,59,59,19,11,11,11,11,11,11,11,0,0],"gold":276,"neow_bonus":"","is_daily":false,"chose_seed":false,"campfire_upgraded":3,"win_rate":0.0,"timestamp":1611975296,"path_taken":["M","?","M","?","M","R","M","?","T","E","M","?","E","?","R","BOSS","M","M","$","M","?","E","R","?","T","?","M","$","R","M","R","BOSS","M"],"items_purchased_type":["Relic","Card","Relic","Card","Potion"],"build_version":"2020-12-22","purchased_purges":0,"victory":false,"max_hp_per_floor":[60,60,60,60,63,63,63,63,63,67,67,67,67,81,81,91,91,95,100,100,102,102,102,102,102,102,102,121,121,121,121,121,121,121,121,121],"card_choices":[{"not_picked":["OldLady","Bloodbath"],"picked":"Scorched","floor":1.0},{"not_picked":["Koishi:FleetingPhantom","Koishi:EmbryosDream"],"picked":"Koishi:PhantomStrike","floor":1.0},{"not_picked":["CherryBlossoms","Porccubus","PunishingBird"],"picked":"Singing Bowl","floor":3.0},{"not_picked":["Wellcheers","PunishingBird"],"picked":"SingingMachine","floor":3.0},{"not_picked":["Koishi:ParalyzingFear","Koishi:EmbryosDream"],"picked":"Koishi:PhantomStrike","floor":3.0},{"not_picked":["Murderer","MeatLantern","OldLady"],"picked":"Singing Bowl","floor":5.0},{"not_picked":["UniverseFragment","BeautyBeast"],"picked":"Bloodbath","floor":5.0},{"not_picked":["Koishi:Bloodlust","Koishi:YoukaiPolygraph"],"picked":"Koishi:BramblyRoseGarden","floor":5.0},{"not_picked":["UniverseFragment","MeatLantern"],"picked":"HappyTeddy","floor":7.0},{"not_picked":["Koishi:IdleWhim","Koishi:Jaunt"],"picked":"Koishi:PhantomStrike","floor":7.0},{"not_picked":["Koishi:TraumaticStroke","Koishi:UnconsciousUprising"],"picked":"Koishi:GrowingPain","floor":10.0},{"not_picked":["LongBird","SpiderBud","ShyLook"],"picked":"Singing Bowl","floor":10.0},{"not_picked":["BlackSwan","OldLady"],"picked":"CrumblingArmor","floor":10.0},{"not_picked":["ShyLook","UniverseFragment"],"picked":"FairyFestival","floor":13.0},{"not_picked":["Koishi:UnseenTerror","Koishi:IdleWhim"],"picked":"Koishi:PhantomBarrier","floor":13.0},{"not_picked":["NakedNest","MeatLantern"],"picked":"OSAHOGD","floor":14.0},{"not_picked":["Koishi:ReflexRadar","Koishi:TremblingHands"],"picked":"Koishi:CatchAndRose","floor":14.0},{"not_picked":["Wellcheers","RedShoes"],"picked":"Murderer","floor":16.0},{"not_picked":["Koishi:TerrifyingSpectre","Koishi:GrowingPain"],"picked":"Koishi:RollingInRichesHeart","floor":16.0},{"not_picked":["MeatLantern","UniverseFragment"],"picked":"PlagueDoctor","floor":18.0},{"not_picked":["Koishi:SubterraneanRose","Koishi:UnansweredLove","Koishi:ReflexRadar"],"picked":"Koishi:BloodcurdlingScream+1","floor":18.0},{"not_picked":["Freischutz","Woodsman"],"picked":"DespairKnight","floor":19.0},{"not_picked":["Koishi:PhantomStrike","Koishi:RacingHeart+1","Koishi:SpiritedAway"],"picked":"Koishi:DreadfulBlow","floor":19.0},{"not_picked":["MHz","FieryBird"],"picked":"FairyFestival","floor":23.0},{"not_picked":["Koishi:ReflexRadar","Koishi:Whimsy","Koishi:HeartfeltFancy"],"picked":"Koishi:FourthEye+1","floor":23.0},{"not_picked":["Koishi:ReflexRadar+1","Koishi:StrangeCloudFist","Koishi:MassHysteria"],"picked":"Koishi:PhantomStrike","floor":27.0},{"not_picked":["Koishi:Catatonia","Koishi:TraumaticStroke+1","Koishi:EmbersOfLove"],"picked":"Koishi:MindNumbingTerror","floor":27.0},{"not_picked":["Koishi:FleetingPhantom","Koishi:FadingMemory","Koishi:MindNumbingTerror"],"picked":"Koishi:UnseenTerror+1","floor":27.0},{"not_picked":["CherryBlossoms","HappyTeddy"],"picked":"DespairKnight","floor":28.0},{"not_picked":["Koishi:JumpScare","Koishi:Jaunt+1","Koishi:ConfinedInnocent"],"picked":"Koishi:PhantomBarrier","floor":28.0},{"not_picked":["LittlePrince","FieryBird"],"picked":"BodiesMountain","floor":31.0},{"not_picked":["Koishi:ReleaseOfTheId+1","Koishi:ReflexRadar+1","Koishi:Whimsy"],"picked":"Koishi:SubterraneanRose","floor":31.0},{"not_picked":["MeatLantern","BigBird"],"picked":"BlackArmy","floor":33.0},{"not_picked":["Koishi:ConditionedTeleport","Koishi:PerfectMindControl","Koishi:ConfinedInnocent"],"picked":"Koishi:HeartStoppingHorror","floor":33.0}],"player_experience":72435,"relics_obtained":[{"floor":1.0,"key":"LetterFromLob"},{"floor":9.0,"key":"Smiling Mask"},{"floor":10.0,"key":"Ancient Tea Set"},{"floor":13.0,"key":"CeramicFish"},{"floor":23.0,"key":"Bronze Scales"},{"floor":26.0,"key":"Omamori"}],"event_choices":[],"is_beta":false,"boss_relics":[{"not_picked":["ReplayTheSpireMod:DimensionalGlitch","Busted Crown"],"picked":"Honey Jar"},{"not_picked":["Replay:Bronze Core","Snecko Eye"],"picked":"Astrolabe"}],"items_purged_floors":[],"is_endless":false,"potions_floor_spawned":[5,10,14,16,18,23,31,33],"killed_by":"Hallownest:Shield_Heavy","ascension_level":0}}