{"host":"tq99ucv8ezzqzioe","time":1611993149,"event":{"mods":["BaseMod","Colored Map","Downfall","Highlight Path","Minty Spire (QoL Compilation)","StSLib"],"gold_per_floor":[116,34,45,45,57,57,68,97,97,127,92,121,121,221,221,221,221],"floor_reached":16,"language":"ENG","playtime":3066,"items_purged":[],"score":303,"play_id":"41e23de9-ab97-4801-905d-a618cdffd941","local_time":"20210130025229","is_ascension_mode":true,"campfire_choices":[{"data":"Whirlwind","floor":6,"key":"SMITH"},{"data":"Inflame","floor":15,"key":"SMITH"}],"circlet_count":0,"master_deck":["Strike_R","Strike_R","Strike_R","Strike_R","Strike_R","Defend_R","Defend_R","Defend_R","Defend_R","Bash","Pommel Strike","Ghostly Armor","Wild Strike","Whirlwind+1","Wild Strike","Wild Strike","Inflame+1","downfall:Haunted","downfall:Haunted","Clumsy","Exhume","downfall:Icky","Pain"],"relics":["Burning Blood","NeowsBlessing","Nunchaku","Anchor","Kunai","InkBottle","Darkstone Periapt"],"acts_visited":["Exordium"],"potions_floor_usage":[8,16,16],"damage_taken":[{"damage":0,"enemies":"Cultist","floor":1,"turns":1},{"damage":0,"enemies":"Small Slimes","floor":3,"turns":1},{"damage":0,"enemies":"Jaw Worm","floor":5,"turns":1},{"damage":3,"enemies":"3 Louse","floor":7,"turns":3},{"damage":52,"enemies":"Lagavulin","floor":8,"turns":9},{"damage":32,"enemies":"Gremlin Nob","floor":10,"turns":4},{"damage":20,"enemies":"Lagavulin","floor":12,"turns":7},{"damage":49,"enemies":"Hexaghost","floor":16,"turns":9}],"seed_played":"7908563382624420356","potions_obtained":[{"floor":7,"key":"Dexterity Potion"},{"floor":8,"key":"GamblersBrew"},{"floor":12,"key":"DistilledChaos"}],"is_trial":false,"path_per_floor":["M","$","M","$","M","R","M","E","T","E","?","E","?","?","R","B"],"character_chosen":"IRONCLAD","items_purchased":["Ghostly Armor"],"campfire_rested":0,"item_purchase_floors":[2],"current_hp_per_floor":[78,78,80,80,80,80,80,34,34,8,28,14,14,49,49,0,0],"gold":221,"neow_bonus":"THREE_ENEMY_KILL","is_daily":false,"chose_seed":false,"campfire_upgraded":2,"win_rate":0.0,"timestamp":1611993149,"path_taken":["M","?","M","$","M","R","M","E","T","E","?","E","?","?","R","BOSS"],"items_purchased_type":["Card"],"build_version":"2020-12-22","purchased_purges":0,"victory":false,"max_hp_per_floor":[80,80,80,80,80,80,80,80,80,80,80,80,80,115,115,115,115],"card_choices":[{"not_picked":["Shrug It Off","Cleave"],"picked":"Pommel Strike","floor":1},{"not_picked":["Warcry","Entrench"],"picked":"Wild Strike","floor":3},{"not_picked":["Dropkick","Anger"],"picked":"Whirlwind","floor":5},{"not_picked":["Intimidate","Burning Pact"],"picked":"Wild Strike","floor":7},{"not_picked":["Feel No Pain","Anger"],"picked":"Wild Strike","floor":8},{"not_picked":["Shrug It Off","Sword Boomerang"],"picked":"Inflame","floor":10},{"not_picked":["Body Slam","Warcry","Clash"],"picked":"SKIP","floor":12}],"player_experience":822035,"relics_obtained":[{"floor":8,"key":"Nunchaku"},{"floor":9,"key":"Anchor"},{"floor":10,"key":"Kunai"},{"floor":12,"key":"InkBottle"}],"event_choices":[{"damage_healed":20,"gold_gain":0,"player_choice":"Healed","damage_taken":0,"max_hp_gain":0,"max_hp_loss":0,"event_name":"The Cleric","floor":11,"gold_loss":35},{"damage_healed":0,"gold_gain":0,"player_choice":"Ignored","damage_taken":0,"max_hp_gain":0,"max_hp_loss":0,"event_name":"Golden Idol","floor":13,"gold_loss":0}],"is_beta":false,"boss_relics":[],"items_purged_floors":[],"is_endless":false,"potions_floor_spawned":[7,8,12],"killed_by":"Hexaghost","ascension_level":6}}