{"host":"7ap89n2sm7vm35bt","time":1611992652,"event":{"mods":["AchievementEnabler","Aspiration","BaseMod","Minty Spire (QoL Compilation)","StSLib","[IsaacMod]ÒÔÈö¼âËþ"],"gold_per_floor":[119,137,137,137,62,62,78,54,54,74,92,92,92,92,92,189,189,207,207,107,107,122,122,142,142,142,158,174,174,188,202,202,306,306,321,26,26,26,39,39,54,73,98,98,78,97,111,121,121,121],"floor_reached":51,"language":"ZHS","playtime":1683,"items_purged":["Strike_B","Defend_B"],"score":843,"play_id":"5408312a-535d-4a6a-bb69-1cd3e2ce1e49","local_time":"20210130154412","is_ascension_mode":false,"campfire_choices":[{"data":"Zap","floor":6.0,"key":"SMITH"},{"data":"Streamline","floor":12.0,"key":"SMITH"},{"data":"Loop","floor":15.0,"key":"SMITH"},{"data":"Dualcast","floor":23.0,"key":"SMITH"},{"data":"Beam Cell","floor":25.0,"key":"SMITH"},{"floor":29.0,"key":"REST"},{"floor":32.0,"key":"REST"},{"data":"Defend_B","floor":40.0,"key":"SMITH"},{"floor":44,"key":"REST"},{"floor":49,"key":"REST"}],"circlet_count":0,"master_deck":["Strike_B","Strike_B","Defend_B+1","Defend_B","Defend_B","Zap+1","Dualcast+1","Beam Cell+1","Loop+1","Streamline+1","Leap+1","Decay","Cancel+1"],"relics":["FrozenCore","HushsDoor","NeowsBlessing","TheBible","Pear","aspiration:FaultyCoupler","MutagenicStrength","aspiration:HatOfInfinitePower","Inserter","Ice Cream","Happy Flower"],"acts_visited":["Exordium","TheCity","TheBeyond"],"potions_floor_usage":[50,50,50],"damage_taken":[{"damage":0.0,"enemies":"2 Louse","floor":1.0,"turns":1.0},{"damage":0.0,"enemies":"Small Slimes","floor":2.0,"turns":1.0},{"damage":0.0,"enemies":"Jaw Worm","floor":7.0,"turns":1.0},{"damage":8.0,"enemies":"Red Slaver","floor":10.0,"turns":2.0},{"damage":12.0,"enemies":"Exordium Wildlife","floor":11.0,"turns":4.0},{"damage":8.0,"enemies":"Hexaghost","floor":16.0,"turns":8.0},{"damage":13.0,"enemies":"Chosen","floor":18.0,"turns":5.0},{"damage":0.0,"enemies":"Spheric Guardian","floor":22.0,"turns":4.0},{"damage":23.0,"enemies":"Chosen and Byrds","floor":24.0,"turns":6.0},{"damage":11.0,"enemies":"Snake Plant","floor":27.0,"turns":3.0},{"damage":7.0,"enemies":"Cultist and Chosen","floor":28.0,"turns":5.0},{"damage":18.0,"enemies":"Shelled Parasite and Fungi","floor":30.0,"turns":6.0},{"damage":32.0,"enemies":"Chosen and Byrds","floor":31.0,"turns":7.0},{"damage":0.0,"enemies":"Automaton","floor":33.0,"turns":11.0},{"damage":1.0,"enemies":"Orb Walker","floor":35.0,"turns":4.0},{"damage":5.0,"enemies":"3 Shapes","floor":39.0,"turns":4.0},{"damage":27,"enemies":"3 Darklings","floor":41,"turns":9},{"damage":3,"enemies":"Maw","floor":42,"turns":10},{"damage":29,"enemies":"Spire Growth","floor":46,"turns":6},{"damage":35,"enemies":"Transient","floor":47,"turns":5},{"damage":3,"enemies":"4 Shapes","floor":48,"turns":7},{"damage":1,"enemies":"Time Eater","floor":50,"turns":14}],"seed_played":"-9056020380275163309","potions_obtained":[{"floor":2.0,"key":"Strength Potion"},{"floor":7.0,"key":"DuplicationPotion"},{"floor":16.0,"key":"SkillPotion"},{"floor":27.0,"key":"Dexterity Potion"},{"floor":28.0,"key":"CultistPotion"},{"floor":35.0,"key":"AttackPotion"},{"floor":42,"key":"Ancient Potion"},{"floor":45,"key":"EssenceOfSteel"},{"floor":46,"key":"Dexterity Potion"}],"is_trial":false,"path_per_floor":["M","M","?","?","$","R","M","$","T","M","M","R","$","?","R","B",null,"M","?","$","?","M","R","M","R","T","M","M","R","M","M","R","B",null,"M","$","?","$","M","R","M","M","T","R","?","M","M","M","R","B",null],"character_chosen":"DEFECT","items_purchased":["Streamline","Ice Cream"],"campfire_rested":4,"item_purchase_floors":[8,36],"current_hp_per_floor":[75,75,75,75,75,75,75,75,85,77,65,65,65,58,58,50,85,72,72,72,72,72,72,49,49,49,38,31,56,38,6,31,31,85,84,84,84,84,79,79,52,49,49,74,74,45,10,7,32,32],"gold":121,"neow_bonus":"THREE_ENEMY_KILL","is_daily":false,"chose_seed":false,"campfire_upgraded":6,"win_rate":0.0,"timestamp":1611992652,"path_taken":["M","M","?","?","$","R","M","$","T","M","M","R","?","?","R","BOSS","M","?","$","?","M","R","M","R","T","?","M","R","M","M","R","BOSS","M","?","?","?","M","R","M","?","T","R","?","M","?","M","R","BOSS"],"items_purchased_type":["Card","Relic"],"build_version":"2020-12-22","purchased_purges":2,"victory":true,"max_hp_per_floor":[75,75,75,75,75,75,75,75,85,85,85,85,85,85,85,85,85,85,85,85,85,85,85,85,85,85,85,85,85,85,85,85,85,85,85,85,85,85,85,85,85,85,85,85,85,85,85,85,85,85],"card_choices":[{"not_picked":["Stack","Hologram","Reinforced Body"],"picked":"SKIP","floor":1.0},{"not_picked":["Hello World","Turbo"],"picked":"Beam Cell","floor":2.0},{"not_picked":["Fusion","Steam"],"picked":"Loop","floor":7.0},{"not_picked":["Turbo","Gash","Sweeping Beam"],"picked":"SKIP","floor":10.0},{"not_picked":["Chaos","Turbo","Steam"],"picked":"SKIP","floor":11.0},{"not_picked":["Turbo","Sweeping Beam","Compile Driver"],"picked":"SKIP","floor":18.0},{"not_picked":["Auto Shields","Streamline+1","Ball Lightning+1"],"picked":"SKIP","floor":22.0},{"not_picked":["Distribution+1","Compile Driver+1","Redo"],"picked":"SKIP","floor":24.0},{"not_picked":["Reprogram","Conserve Battery+1","Cold Snap+1"],"picked":"SKIP","floor":27.0},{"not_picked":["Undo","Cold Snap","Coolheaded"],"picked":"SKIP","floor":28.0},{"not_picked":["Self Repair","Storm+1","Compile Driver"],"picked":"SKIP","floor":30.0},{"not_picked":["Go for the Eyes","Stack+1"],"picked":"Leap+1","floor":31.0},{"not_picked":["Consume","Turbo","Coolheaded"],"picked":"SKIP","floor":35.0},{"not_picked":["Hologram+1","Leap+1","Conserve Battery"],"picked":"SKIP","floor":39.0},{"not_picked":["Redo","Stack","Streamline+1"],"picked":"SKIP","floor":41},{"not_picked":["Streamline+1","Chill","Hyperbeam"],"picked":"SKIP","floor":42},{"not_picked":["Aggregate","Fan","Redo"],"picked":"SKIP","floor":46},{"not_picked":["Gash+1","Cancel","Beam Cell+1"],"picked":"SKIP","floor":47},{"not_picked":["Coolheaded+1","aspiration:Polymerization+1"],"picked":"Cancel+1","floor":48}],"player_experience":243000,"relics_obtained":[{"floor":9.0,"key":"Pear"},{"floor":26.0,"key":"aspiration:HatOfInfinitePower"},{"floor":43,"key":"Happy Flower"}],"event_choices":[{"damage_healed":0.0,"max_hp_gain":0.0,"max_hp_loss":0.0,"gold_gain":0.0,"event_name":"Golden Idol","player_choice":"Ignored","floor":3.0,"gold_loss":0.0,"damage_taken":0.0},{"damage_healed":0.0,"max_hp_gain":0.0,"max_hp_loss":0.0,"gold_gain":0.0,"event_name":"Scrap Ooze","player_choice":"Success","floor":14.0,"gold_loss":0.0,"damage_taken":7.0,"relics_obtained":["aspiration:FaultyCoupler"]},{"cards_removed":["Strike_B"],"damage_healed":0.0,"max_hp_gain":0.0,"max_hp_loss":0.0,"gold_gain":0.0,"event_name":"Back to Basics","player_choice":"Elegance","floor":19.0,"gold_loss":0.0,"damage_taken":0.0},{"damage_healed":0.0,"max_hp_gain":0.0,"max_hp_loss":0.0,"gold_gain":0.0,"event_name":"Drug Dealer","player_choice":"Inject Mutagens","floor":21.0,"gold_loss":0.0,"damage_taken":0.0,"relics_obtained":["MutagenicStrength"]},{"damage_healed":0.0,"max_hp_gain":0.0,"max_hp_loss":0.0,"gold_gain":0.0,"event_name":"Wheel of Change","player_choice":"Cursed","floor":37.0,"gold_loss":0.0,"damage_taken":0.0,"cards_obtained":["Decay"]},{"damage_healed":0,"gold_gain":0,"player_choice":"Bought 1 Potion","damage_taken":0,"max_hp_gain":0,"max_hp_loss":0,"event_name":"The Woman in Blue","floor":45,"gold_loss":0}],"is_beta":false,"boss_relics":[{"not_picked":["aspiration:SecretTechniqueScroll","Runic Dome"],"picked":"FrozenCore"},{"not_picked":[]},{"not_picked":["Pandora\u0027s Box","Snecko Eye"],"picked":"Inserter"},{"not_picked":[]}],"items_purged_floors":[5,20],"is_endless":false,"potions_floor_spawned":[2,7,16,18,27,28,30,31,35,42,46],"ascension_level":0}}