{"host":"gf8hyl7jhl0is674","time":1611993274,"event":{"mods":["2.2 Compatiblity","Act Like it!","BaseMod","Chen","Colored Map","Gensokyo","KinomotoSakuraMod(????)","Koishi","Marisa????????","Minty Spire (QoL Compilation)","StSLib","The Servant 0.9.4","Waifu the Spire"],"gold_per_floor":[117,42,52,71,87,87,101,101,101,201,56,73,107,123,123,226,226,201,211,67,67,67,113,125,137,174,40,57,77,77,88,88,186,186,205,255,11,11,11,11,26,43,67,67,67],"floor_reached":44,"language":"ENG","playtime":5232,"items_purged":["ClowCardTheShield","ClowCardTheRain"],"score":455,"play_id":"a579ec60-750c-4150-b543-8b59e1acf531","local_time":"20210130005434","is_ascension_mode":false,"campfire_choices":[{"data":"ClowCardTheWatery","floor":6,"key":"SMITH"},{"data":"ClowCardTheSnow","floor":15,"key":"SMITH"},{"data":"ClowCardTheFight","floor":24,"key":"SMITH"},{"data":"ClowCardTheFreeze","floor":30,"key":"SMITH"},{"data":"ClowCardTheWave","floor":32,"key":"SMITH"},{"data":"ClowCardTheSilent","floor":40,"key":"PURGE"}],"circlet_count":0,"master_deck":["SakuraCardTheFight+","SakuraCardTheGlow+","ClowCardTheSword+1","ClowCardTheShield+1","SpellCardSeal","ClowCardTheWave+1","ClowCardTheWatery+1","ClowCardTheFreeze+1","ClowCardTheSnow+1","ClowCardTheTime","ClowCardTheSweet","ClowCardTheShadow+1","ClowCardTheTwin","ClowCardTheFlower","ClowCardTheLittle","ClowCardTheTwin","ClowCardTheWood","Trip","Swift Strike","Magnetism"],"relics":["KSMOD_SealedBook","KSMOD_SealedWand","Nunchaku","KSMOD_TeddyBear","KSMOD_RollerSkates","KSMOD_DarknessWand","KSMOD_GemBrooch","MawBank","Shuriken","Peace Pipe","Pen Nib","Medical Kit","Busted Crown","Du-Vu Doll","PrismaticShard","Oddly Smooth Stone"],"acts_visited":["Exordium","TheCity","TheBeyond"],"potions_floor_usage":[5,12,13,16],"damage_taken":[{"damage":0,"enemies":"Cultist","floor":1,"turns":4},{"damage":1,"enemies":"Small Slimes","floor":3,"turns":4},{"damage":2,"enemies":"Jaw Worm","floor":4,"turns":3},{"damage":0,"enemies":"Blue Slaver","floor":5,"turns":5},{"damage":0,"enemies":"2 Fungi Beasts","floor":7,"turns":3},{"damage":0,"enemies":"Gremlin Gang","floor":12,"turns":3},{"damage":0,"enemies":"Lagavulin","floor":13,"turns":7},{"damage":0,"enemies":"Exordium Wildlife","floor":14,"turns":6},{"damage":36,"enemies":"Hexaghost","floor":16,"turns":12},{"damage":22,"enemies":"2 Thieves","floor":18,"turns":5},{"damage":0,"enemies":"Shell Parasite","floor":19,"turns":6},{"damage":20,"enemies":"Gremlin Leader","floor":23,"turns":7},{"damage":0,"enemies":"Snake Plant","floor":28,"turns":2},{"damage":5,"enemies":"Sentry and Sphere","floor":29,"turns":6},{"damage":3,"enemies":"Shelled Parasite and Fungi","floor":31,"turns":6},{"damage":20,"enemies":"Collector","floor":33,"turns":8},{"damage":7,"enemies":"3 Darklings","floor":35,"turns":6},{"damage":0,"enemies":"Mind Bloom Boss Battle","floor":36,"turns":5},{"damage":1,"enemies":"3 Shapes","floor":41,"turns":5},{"damage":37,"enemies":"Jaw Worm Horde","floor":42,"turns":5},{"damage":61,"enemies":"Sphere and 2 Shapes","floor":44,"turns":3}],"seed_played":"6895644852323898969","potions_obtained":[{"floor":1,"key":"SkillPotion"},{"floor":4,"key":"SpeedPotion"},{"floor":7,"key":"Energy Potion"},{"floor":12,"key":"Energy Potion"},{"floor":18,"key":"SteroidPotion"},{"floor":23,"key":"SpeedPotion"},{"floor":29,"key":"FearPotion"}],"is_trial":false,"path_per_floor":["M","$","M","M","M","R","M","?","T","?","$","M","E","M","R","B",null,"M","M","$","?","T","E","R","?","T","$","M","M","R","M","R","B",null,"M","?","$","?","$","R","M","M","T","M"],"character_chosen":"KINOMOTOSAKURA","items_purchased":["KSMOD_TeddyBear","KSMOD_GemBrooch","Medical Kit","PrismaticShard"],"campfire_rested":0,"item_purchase_floors":[11,20,27,37],"current_hp_per_floor":[77,77,76,74,74,74,74,67,67,67,67,67,67,67,67,46,77,60,65,65,65,65,50,50,50,50,50,55,55,55,57,57,42,77,75,77,77,67,67,67,77,50,50,0,0],"gold":67,"neow_bonus":"TEN_PERCENT_HP_BONUS","is_daily":false,"chose_seed":false,"campfire_upgraded":5,"win_rate":0.0,"timestamp":1611993274,"path_taken":["M","?","M","M","?","R","M","?","T","?","$","?","E","M","R","BOSS","M","M","$","?","?","E","R","?","T","?","M","M","R","M","R","BOSS","M","?","$","?","?","R","M","M","T","M"],"items_purchased_type":["Relic","Relic","Relic","Relic"],"build_version":"2020-12-22","purchased_purges":2,"victory":false,"max_hp_per_floor":[77,77,77,77,77,77,77,77,77,77,77,77,77,77,77,77,77,77,77,77,77,77,77,77,77,77,77,77,77,77,77,77,77,77,77,77,77,77,77,77,77,77,77,77,77],"card_choices":[{"not_picked":["ClowCardTheFirey","ClowCardTheCloud"],"picked":"ClowCardTheWave","floor":1},{"not_picked":["ClowCardTheErase","ClowCardTheArrow"],"picked":"ClowCardTheWatery","floor":3},{"not_picked":["ClowCardTheFly","ClowCardTheShadow"],"picked":"ClowCardTheGlow","floor":4},{"not_picked":["ClowCardTheMirror","ClowCardTheErase"],"picked":"ClowCardTheFreeze","floor":5},{"not_picked":["ClowCardTheSweet","ClowCardTheArrow"],"picked":"ClowCardTheSilent","floor":7},{"not_picked":["ClowCardTheFirey","ClowCardTheJump"],"picked":"ClowCardTheSnow","floor":12},{"not_picked":["ClowCardTheFloat","ClowCardTheGlow"],"picked":"ClowCardTheTime","floor":13},{"not_picked":["ClowCardTheErase","ClowCardTheLibra"],"picked":"ClowCardTheSweet","floor":14},{"not_picked":["ClowCardTheThunder","ClowCardTheCreate"],"picked":"ClowCardTheFight","floor":16},{"not_picked":["ClowCardTheBig","ClowCardTheEarthy"],"picked":"ClowCardTheShadow+1","floor":18},{"not_picked":["ClowCardTheDream","ClowCardTheChange"],"picked":"ClowCardTheRain","floor":19},{"not_picked":["ClowCardTheFirey","ClowCardTheWindy"],"picked":"ClowCardTheTwin","floor":23},{"not_picked":["ClowCardTheChange","ClowCardTheStorm"],"picked":"ClowCardTheFlower","floor":28},{"not_picked":["ClowCardTheMist","ClowCardTheDream","ClowCardThePower"],"picked":"SKIP","floor":29},{"not_picked":["ClowCardTheShot","ClowCardTheMove"],"picked":"ClowCardTheLittle","floor":31},{"not_picked":["ClowCardTheReturn","ClowCardTheTime"],"picked":"ClowCardTheTwin","floor":33},{"not_picked":[],"picked":"ClowCardTheWood","floor":35},{"not_picked":[],"picked":"Trip","floor":38},{"not_picked":[],"picked":"Swift Strike","floor":38},{"not_picked":[],"picked":"Magnetism","floor":38},{"not_picked":["Koishi:SubterraneanRose"],"picked":"SKIP","floor":41},{"not_picked":["Koishi:PhantomStrike+1"],"picked":"SKIP","floor":42}],"player_experience":331889,"relics_obtained":[{"floor":9,"key":"Nunchaku"},{"floor":13,"key":"KSMOD_RollerSkates"},{"floor":22,"key":"MawBank"},{"floor":23,"key":"Shuriken"},{"floor":26,"key":"Pen Nib"},{"floor":36,"key":"Du-Vu Doll"},{"floor":43,"key":"Oddly Smooth Stone"}],"event_choices":[{"cards_removed":["ClowCardTheSword"],"damage_healed":0,"gold_gain":0,"player_choice":"Card Removal","damage_taken":7,"max_hp_gain":0,"max_hp_loss":0,"event_name":"Golden Wing","floor":8,"gold_loss":0},{"damage_healed":0,"gold_gain":100,"player_choice":"Pray","damage_taken":0,"max_hp_gain":0,"max_hp_loss":0,"event_name":"Golden Shrine","floor":10,"gold_loss":0},{"cards_removed":["SpellCardRelease"],"damage_healed":0,"gold_gain":0,"player_choice":"Elegance","damage_taken":0,"max_hp_gain":0,"max_hp_loss":0,"event_name":"Back to Basics","floor":21,"gold_loss":0},{"damage_healed":0,"gold_gain":0,"player_choice":"Opened","damage_taken":0,"relics_obtained":["Peace Pipe"],"max_hp_gain":0,"max_hp_loss":0,"event_name":"The Mausoleum","floor":25,"gold_loss":0},{"damage_healed":0,"gold_gain":0,"player_choice":"Fight","damage_taken":0,"max_hp_gain":0,"max_hp_loss":0,"event_name":"MindBloom","floor":36,"gold_loss":0},{"damage_healed":0,"gold_gain":0,"player_choice":"Memory 3","damage_taken":10,"max_hp_gain":0,"max_hp_loss":0,"event_name":"SensoryStone","floor":38,"gold_loss":0}],"is_beta":false,"boss_relics":[{"not_picked":["Calling Bell","Velvet Choker"],"picked":"KSMOD_DarknessWand"},{"not_picked":["Runic Dome","Black Star"],"picked":"Busted Crown"}],"items_purged_floors":[2,37],"is_endless":false,"potions_floor_spawned":[1,4,7,12,18,23,29,36],"killed_by":"Sphere and 2 Shapes","ascension_level":0}}