{"host":"08t08ld674si40tv","time":1611978488,"event":{"mods":["AchievementEnabler","BaseMod","Colored Map","Minty Spire (QoL Compilation)","StSLib","SuperFastMode"],"gold_per_floor":[109,34,34,34,51,86,104,104,104,137,189,205,223,234,234,313,313,324,214,114,125,137,137,154,185,211,227,227,241,268,268,268],"floor_reached":31,"language":"KOR","playtime":804,"items_purged":["Strike_B","Strike_B"],"score":644,"play_id":"fad3badf-fa1a-48f6-9847-a4bce270dc9b","local_time":"20210130124808","is_ascension_mode":true,"campfire_choices":[{"data":"Zap","floor":8,"key":"SMITH"},{"floor":15,"key":"REST"},{"data":"White Noise","floor":23,"key":"SMITH"}],"circlet_count":0,"master_deck":["AscendersBane","Defend_B+1","Defend_B","Defend_B","Defend_B","Zap+1","Dualcast","Ball Lightning","Sweeping Beam","Melter","Core Surge","White Noise+1","Coolheaded","Thunder Strike","Chill","Reinforced Body","Turbo","Recycle"],"relics":["Cracked Core","NeowsBlessing","InkBottle","Boot","Bottled Flame","Oddly Smooth Stone","StrikeDummy","Nuclear Battery","Sundial","Bag of Preparation","Regal Pillow"],"acts_visited":["Exordium","TheCity"],"potions_floor_usage":[10,25,25,30,30],"damage_taken":[{"damage":0,"enemies":"Small Slimes","floor":1,"turns":1},{"damage":0,"enemies":"Jaw Worm","floor":5,"turns":1},{"damage":0,"enemies":"3 Sentries","floor":6,"turns":1},{"damage":1,"enemies":"Cultist","floor":7,"turns":3},{"damage":14,"enemies":"Gremlin Nob","floor":10,"turns":3},{"damage":8,"enemies":"3 Louse","floor":12,"turns":2},{"damage":27,"enemies":"Gremlin Gang","floor":13,"turns":3},{"damage":7,"enemies":"Blue Slaver","floor":14,"turns":3},{"damage":1,"enemies":"The Guardian","floor":16,"turns":12},{"damage":0,"enemies":"Chosen","floor":18,"turns":3},{"damage":3,"enemies":"Spheric Guardian","floor":21,"turns":3},{"damage":6,"enemies":"Snecko","floor":22,"turns":6},{"damage":20,"enemies":"Cultist and Chosen","floor":24,"turns":5},{"damage":23,"enemies":"Slavers","floor":25,"turns":5},{"damage":9,"enemies":"Centurion and Healer","floor":27,"turns":10},{"damage":0,"enemies":"Snecko","floor":29,"turns":5},{"damage":0,"enemies":"Gremlin Leader","floor":30,"turns":5},{"damage":7,"enemies":"3 Cultists","floor":31,"turns":3}],"seed_played":"3272896999182916067","potions_obtained":[{"floor":5,"key":"Regen Potion"},{"floor":10,"key":"PotionOfCapacity"},{"floor":12,"key":"EssenceOfDarkness"},{"floor":18,"key":"LiquidMemories"},{"floor":25,"key":"DistilledChaos"},{"floor":27,"key":"Explosive Potion"}],"is_trial":false,"path_per_floor":["M","$","?","?","M","E","M","R","T","E","T","M","M","M","R","B",null,"M","?","$","M","M","R","M","E","T","M","?","M","E","M"],"character_chosen":"DEFECT","items_purchased":[],"campfire_rested":1,"item_purchase_floors":[],"current_hp_per_floor":[64,64,57,62,62,62,61,61,61,56,56,48,21,14,36,35,66,66,66,66,63,57,57,37,14,14,5,5,5,5,0,0],"gold":268,"neow_bonus":"THREE_ENEMY_KILL","is_daily":false,"chose_seed":false,"campfire_upgraded":2,"win_rate":0.0,"timestamp":1611978488,"path_taken":["M","$","?","?","M","E","M","R","T","E","?","M","M","?","R","BOSS","M","?","$","M","M","R","M","E","T","?","?","M","E","M"],"items_purchased_type":[],"build_version":"2020-12-22","purchased_purges":2,"victory":false,"max_hp_per_floor":[71,71,71,76,76,76,76,76,76,76,76,76,76,76,76,76,76,76,76,76,76,76,76,76,76,76,76,76,76,76,76,76],"card_choices":[{"not_picked":["Coolheaded","White Noise"],"picked":"Ball Lightning","floor":1},{"not_picked":["Blizzard","Compile Driver"],"picked":"Sweeping Beam","floor":5},{"not_picked":["Lockon","Sweeping Beam"],"picked":"Melter","floor":6},{"not_picked":["Storm","Leap","Barrage"],"picked":"SKIP","floor":7},{"not_picked":["Loop","Machine Learning"],"picked":"Core Surge","floor":10},{"not_picked":["Rip and Tear","Reprogram","Steam"],"picked":"SKIP","floor":12},{"not_picked":["Leap","FTL"],"picked":"White Noise","floor":13},{"not_picked":["Leap","Barrage"],"picked":"Coolheaded","floor":14},{"not_picked":["Machine Learning","Fission"],"picked":"Thunder Strike","floor":16},{"not_picked":["Cold Snap","Compile Driver","Steam Power"],"picked":"SKIP","floor":18},{"not_picked":["Redo","Tempest"],"picked":"Chill","floor":21},{"not_picked":["Reboot","Compile Driver"],"picked":"Reinforced Body","floor":22},{"not_picked":["Sweeping Beam+1","Melter"],"picked":"Turbo","floor":24},{"not_picked":["Go for the Eyes","Lockon","Static Discharge"],"picked":"SKIP","floor":25},{"not_picked":["Rebound","Stack+1","Steam"],"picked":"SKIP","floor":27},{"not_picked":["Beam Cell","Genetic Algorithm+1"],"picked":"Recycle","floor":29},{"not_picked":["Storm","Ball Lightning","Amplify"],"picked":"SKIP","floor":30}],"player_experience":266964,"relics_obtained":[{"floor":6,"key":"InkBottle"},{"floor":9,"key":"Boot"},{"floor":10,"key":"Bottled Flame"},{"floor":11,"key":"Oddly Smooth Stone"},{"floor":25,"key":"Sundial"},{"floor":26,"key":"Bag of Preparation"},{"floor":30,"key":"Regal Pillow"}],"event_choices":[{"cards_removed":["Strike_B"],"damage_healed":0,"gold_gain":0,"player_choice":"Card Removal","damage_taken":7,"max_hp_gain":0,"max_hp_loss":0,"event_name":"Golden Wing","floor":3,"gold_loss":0},{"damage_healed":0,"gold_gain":0,"player_choice":"Donut","damage_taken":0,"max_hp_gain":5,"max_hp_loss":0,"event_name":"Big Fish","floor":4,"gold_loss":0},{"cards_removed":["Strike_B"],"damage_healed":0,"gold_gain":0,"player_choice":"Upgrade and Remove","damage_taken":0,"max_hp_gain":0,"max_hp_loss":0,"event_name":"Designer","floor":19,"gold_loss":110,"cards_upgraded":["Defend_B"]},{"damage_healed":0,"gold_gain":0,"player_choice":"Ignored","damage_taken":0,"max_hp_gain":0,"max_hp_loss":0,"event_name":"Cursed Tome","floor":28,"gold_loss":0}],"is_beta":false,"boss_relics":[{"not_picked":["Busted Crown","Philosopher\u0027s Stone"],"picked":"Nuclear Battery"}],"items_purged_floors":[2,20],"is_endless":false,"potions_floor_spawned":[5,10,12,13,16,18,25,27],"killed_by":"3 Cultists","ascension_level":18}}