{"host":"jz4ul6vrcxqkcr33","time":1611983537,"event":{"mods":["BaseMod","Minty Spire (QoL Compilation)","StSLib"],"gold_per_floor":[116,116,127,145,202,236,236,248,273,307,307,307,307,4,4,100,100,119,169,184,199,199,199,27,57,57,57,57,73,73,86,86,187,187,204,204,204,215,215,246,246,280,280,280,280,305,305,323,323,323,323,323,17,51,51],"floor_reached":56,"language":"ENG","playtime":2320,"items_purged":["Strike_G+1"],"score":1726,"play_id":"8edbf900-6e16-450e-910d-42bc972ec620","local_time":"20210130001217","is_ascension_mode":true,"campfire_choices":[{"data":"A Thousand Cuts","floor":7.0,"key":"SMITH"},{"floor":12.0,"key":"REST"},{"floor":15.0,"key":"DIG"},{"floor":23.0,"key":"REST"},{"floor":30.0,"key":"REST"},{"floor":32.0,"key":"DIG"},{"floor":41.0,"key":"DIG"},{"floor":45.0,"key":"DIG"},{"floor":49,"key":"RECALL"},{"floor":52,"key":"DIG"}],"circlet_count":0,"master_deck":["Defend_G+1","Defend_G+1","Defend_G+1","Defend_G+1","Survivor+1","Neutralize+1","Noxious Fumes+1","Choke+1","Footwork+1","A Thousand Cuts+1","Terror+1","Dash+1","After Image+1","Poisoned Stab+1","Adrenaline+1","A Thousand Cuts+1","Heel Hook+1","Caltrops+1","Distraction+1","Riddle With Holes+1","Ghostly+1","Ghostly+1","Ghostly+1","Ghostly+1","Ghostly+1","Expertise+1","Envenom+1","Sucker Punch+1","Sucker Punch+1","Adrenaline+1","Sucker Punch+1","Outmaneuver+1","Blur+1","Night Terror+1","Leg Sweep+1","Crippling Poison+1","Night Terror+1","Sadistic Nature","Outmaneuver+1","Finisher+1"],"relics":["Sozu","Akabeko","Pen Nib","Potion Belt","Bag of Preparation","Shovel","Nunchaku","Astrolabe","Membership Card","Whetstone","Ice Cream","Black Star","Unceasing Top","Sundial","FossilizedHelix","Letter Opener","Ornamental Fan","Toxic Egg 2","Centennial Puzzle","Pear","Vajra","Mark of the Bloom","HornCleat","DollysMirror","Oddly Smooth Stone","Mummified Hand","Snake Skull"],"acts_visited":["Exordium","TheCity","TheBeyond","TheEnding"],"potions_floor_usage":[],"damage_taken":[{"damage":0.0,"enemies":"Small Slimes","floor":1.0,"turns":3.0},{"damage":0.0,"enemies":"Cultist","floor":3.0,"turns":3.0},{"damage":3.0,"enemies":"Jaw Worm","floor":4.0,"turns":4.0},{"damage":15.0,"enemies":"Gremlin Nob","floor":6.0,"turns":4.0},{"damage":1.0,"enemies":"Looter","floor":8.0,"turns":3.0},{"damage":14.0,"enemies":"Lagavulin","floor":10.0,"turns":7.0},{"damage":14.0,"enemies":"The Guardian","floor":16.0,"turns":8.0},{"damage":0.0,"enemies":"Shell Parasite","floor":18.0,"turns":4.0},{"damage":10.0,"enemies":"3 Byrds","floor":20.0,"turns":4.0},{"damage":20.0,"enemies":"Cultist and Chosen","floor":21.0,"turns":5.0},{"damage":53.0,"enemies":"Gremlin Leader","floor":25.0,"turns":6.0},{"damage":0.0,"enemies":"Centurion and Healer","floor":29.0,"turns":6.0},{"damage":3.0,"enemies":"Chosen and Byrds","floor":31.0,"turns":4.0},{"damage":2.0,"enemies":"Automaton","floor":33.0,"turns":8.0},{"damage":2.0,"enemies":"Orb Walker","floor":35.0,"turns":3.0},{"damage":4.0,"enemies":"3 Shapes","floor":38.0,"turns":3.0},{"damage":0.0,"enemies":"Giant Head","floor":40.0,"turns":8.0},{"damage":0.0,"enemies":"Nemesis","floor":42.0,"turns":7.0},{"damage":0,"enemies":"Reptomancer","floor":46,"turns":9},{"damage":0,"enemies":"3 Darklings","floor":48,"turns":3},{"damage":0,"enemies":"Donu and Deca","floor":50,"turns":7},{"damage":0,"enemies":"Shield and Spear","floor":54,"turns":4},{"damage":2,"enemies":"The Heart","floor":55,"turns":8}],"seed_played":"-4701581298608140402","potions_obtained":[],"is_trial":false,"path_per_floor":["M","?","M","M","?","E","R","M","T","E","?","R","?","$","R","B",null,"M","?","M","M","?","R","$","E","T","?","?","M","R","M","R","B",null,"M","?","?","M","?","E","R","E","T","?","R","E","?","M","R","B",null,"R","$","E","B",null],"character_chosen":"THE_SILENT","items_purchased":["Shovel","Membership Card","Footwork","DollysMirror","Oddly Smooth Stone","Sadistic Nature","Outmaneuver+1"],"campfire_rested":3,"item_purchase_floors":[14,24,24,53,53,53,53],"current_hp_per_floor":[70,70,70,67,67,52,52,51,51,37,37,58,63,63,63,49,75,75,75,65,45,31,55,55,2,2,2,2,2,14,11,11,9,40,38,38,38,34,34,34,34,34,34,34,34,44,44,44,44,44,44,44,44,44,42],"gold":51,"neow_bonus":"BOSS_RELIC","is_daily":false,"chose_seed":false,"campfire_upgraded":1,"win_rate":0.0,"timestamp":1611983537,"path_taken":["M","?","?","M","?","E","R","M","T","E","?","R","?","$","R","BOSS","M","?","?","M","?","R","$","E","T","?","?","M","R","M","R","BOSS","M","?","?","M","?","E","R","E","T","?","R","E","?","M","R","BOSS","R","$","E","BOSS"],"items_purchased_type":["Relic","Relic","Card","Relic","Relic","Card","Card"],"build_version":"2020-12-13","purchased_purges":1,"victory":true,"max_hp_per_floor":[70,70,70,70,70,70,70,70,70,70,70,70,75,75,75,75,75,75,75,75,75,80,80,80,80,80,40,40,40,40,40,40,40,40,40,38,38,38,38,38,38,38,38,38,38,48,48,48,48,48,48,48,48,48,48],"card_choices":[{"not_picked":["Acrobatics","All Out Attack"],"picked":"Noxious Fumes","floor":1.0},{"not_picked":["Cloak And Dagger","Flying Knee"],"picked":"Choke","floor":3.0},{"not_picked":["Underhanded Strike","PiercingWail"],"picked":"Footwork","floor":4.0},{"not_picked":["Quick Slash","Blade Dance"],"picked":"A Thousand Cuts","floor":6.0},{"not_picked":["Distraction","PiercingWail"],"picked":"Terror","floor":8.0},{"not_picked":["Infinite Blades","Prepared"],"picked":"Dash","floor":10.0},{"not_picked":["Storm of Steel","Glass Knife"],"picked":"After Image","floor":16.0},{"not_picked":["Dagger Throw","Finisher"],"picked":"Heel Hook+1","floor":18.0},{"not_picked":["PiercingWail","Dagger Throw"],"picked":"Caltrops+1","floor":20.0},{"not_picked":["Sucker Punch","Prepared"],"picked":"Distraction+1","floor":21.0},{"not_picked":["Footwork+1","Reflex"],"picked":"Riddle With Holes+1","floor":25.0},{"not_picked":["Deadly Poison","Underhanded Strike"],"picked":"Sucker Punch","floor":29.0},{"not_picked":["Deflect","Deadly Poison+1"],"picked":"Sucker Punch+1","floor":31.0},{"not_picked":["Grand Finale","Glass Knife"],"picked":"Adrenaline","floor":33.0},{"not_picked":["Setup","Bouncing Flask"],"picked":"Sucker Punch+1","floor":35.0},{"not_picked":["Underhanded Strike+1","Backstab"],"picked":"Outmaneuver+1","floor":38.0},{"not_picked":["Infinite Blades","Flechettes"],"picked":"Blur","floor":40.0},{"not_picked":["Unload","Backstab+1"],"picked":"Night Terror","floor":42.0},{"not_picked":["Sucker Punch","Dagger Spray+1"],"picked":"Leg Sweep+1","floor":46},{"not_picked":["Deflect+1","Riddle With Holes+1"],"picked":"Crippling Poison+1","floor":48},{"not_picked":["All Out Attack","Dagger Spray"],"picked":"Finisher+1","floor":54}],"player_experience":193419,"relics_obtained":[{"floor":6.0,"key":"Akabeko"},{"floor":9.0,"key":"Pen Nib"},{"floor":10.0,"key":"Potion Belt"},{"floor":15.0,"key":"Nunchaku"},{"floor":25.0,"key":"Whetstone"},{"floor":32.0,"key":"Ice Cream"},{"floor":40.0,"key":"Unceasing Top"},{"floor":40.0,"key":"Sundial"},{"floor":41.0,"key":"FossilizedHelix"},{"floor":42.0,"key":"Letter Opener"},{"floor":42.0,"key":"Ornamental Fan"},{"floor":43.0,"key":"Toxic Egg 2"},{"floor":45.0,"key":"Centennial Puzzle"},{"floor":46,"key":"Pear"},{"floor":46,"key":"Vajra"},{"floor":52,"key":"HornCleat"},{"floor":54,"key":"Mummified Hand"},{"floor":54,"key":"Snake Skull"}],"event_choices":[{"damage_healed":0.0,"max_hp_gain":0.0,"max_hp_loss":0.0,"gold_gain":0.0,"event_name":"Accursed Blacksmith","player_choice":"Forge","floor":2.0,"gold_loss":0.0,"damage_taken":0.0,"cards_upgraded":["Noxious Fumes"]},{"damage_healed":0.0,"max_hp_gain":0.0,"max_hp_loss":0.0,"gold_gain":57.0,"event_name":"Golden Wing","player_choice":"Gained Gold","floor":5.0,"gold_loss":0.0,"damage_taken":0.0},{"damage_healed":0.0,"max_hp_gain":0.0,"max_hp_loss":0.0,"gold_gain":0.0,"event_name":"Dead Adventurer","player_choice":"Searched \u00271\u0027 times","floor":11.0,"gold_loss":0.0,"damage_taken":0.0,"relics_obtained":["Bag of Preparation"]},{"damage_healed":0.0,"max_hp_gain":5.0,"max_hp_loss":0.0,"gold_gain":0.0,"event_name":"Big Fish","player_choice":"Donut","floor":13.0,"gold_loss":0.0,"damage_taken":0.0},{"damage_healed":0.0,"max_hp_gain":0.0,"max_hp_loss":0.0,"gold_gain":100.0,"event_name":"The Joust","player_choice":"Bet on Murderer","floor":19.0,"gold_loss":50.0,"damage_taken":0.0},{"damage_healed":0.0,"max_hp_gain":5.0,"max_hp_loss":0.0,"gold_gain":0.0,"event_name":"Forgotten Altar","player_choice":"Shed Blood","floor":22.0,"gold_loss":0.0,"damage_taken":19.0},{"damage_healed":0.0,"max_hp_gain":0.0,"max_hp_loss":40.0,"gold_gain":0.0,"event_name":"Ghosts","player_choice":"Became a Ghost","floor":27.0,"gold_loss":0.0,"damage_taken":0.0,"cards_obtained":["Ghostly","Ghostly","Ghostly","Ghostly","Ghostly"]},{"damage_healed":0.0,"max_hp_gain":0.0,"max_hp_loss":0.0,"gold_gain":0.0,"cards_transformed":["Strike_G","Strike_G"],"event_name":"Drug Dealer","player_choice":"Became Test Subject","floor":28.0,"gold_loss":0.0,"damage_taken":0.0,"cards_obtained":["Expertise","Envenom"]},{"damage_healed":0.0,"max_hp_gain":0.0,"max_hp_loss":2.0,"gold_gain":0.0,"event_name":"Winding Halls","player_choice":"Max HP","floor":36.0,"gold_loss":0.0,"damage_taken":0.0},{"damage_healed":0.0,"max_hp_gain":0.0,"max_hp_loss":0.0,"gold_gain":0.0,"event_name":"Tomb of Lord Red Mask","player_choice":"Ignored","floor":37.0,"gold_loss":0.0,"damage_taken":0.0},{"cards_removed":["Footwork"],"damage_healed":0.0,"max_hp_gain":0.0,"max_hp_loss":0.0,"gold_gain":0.0,"event_name":"Falling","player_choice":"Removed Power","floor":39.0,"gold_loss":0.0,"damage_taken":0.0},{"damage_healed":0.0,"max_hp_gain":0.0,"max_hp_loss":0.0,"gold_gain":0.0,"event_name":"Mysterious Sphere","player_choice":"Ignored","floor":44.0,"gold_loss":0.0,"damage_taken":0.0},{"damage_healed":0,"gold_gain":0,"player_choice":"Upgrade","damage_taken":0,"relics_obtained":["Mark of the Bloom"],"max_hp_gain":0,"max_hp_loss":0,"event_name":"MindBloom","floor":47,"gold_loss":0,"cards_upgraded":["Strike_G","Defend_G","Defend_G","Defend_G","Defend_G","Survivor","Neutralize","Footwork","Terror","After Image","Ghostly","Ghostly","Ghostly","Ghostly","Ghostly","Expertise","Envenom","Sucker Punch","Adrenaline","Blur","Night Terror"]}],"is_beta":false,"boss_relics":[{"not_picked":["Velvet Choker","SacredBark"],"picked":"Astrolabe"},{"not_picked":["HoveringKite","Empty Cage"],"picked":"Black Star"}],"items_purged_floors":[53],"is_endless":false,"potions_floor_spawned":[4,6,16,21,31,33,35,40,42,46,54],"ascension_level":4}}