{"host":"491vyvchqhlfizue","time":1611999260,"event":{"mods":["AchievementEnabler","BaseMod","BetterRewards","Colored Map","Conspire","Downfall","Infinite Spire","Minty Spire (QoL Compilation)","Reliquary","Replay The Spire","Shop Mod","Spikes Relics","StSLib","The Forsaken","The Runesmith"],"gold_per_floor":[115,195,195,270,270,299,299,324,324,324,340,352,365,396,408,521,533,561,199,199,114,128,153,153,168,242,314,333,333,362,379,379,504,504,568,633,680,614,677,772,882,977,1001,1100,1197,1294,1344,1394,1394,1404],"floor_reached":51,"language":"ENG","playtime":6116,"items_purged":["theForsaken:TheForsaken_Strike","theForsaken:TheForsaken_Defend","theForsaken:TheForsaken_Strike","theForsaken:TheForsaken_Defend","theForsaken:TheForsaken_Defend"],"score":2886,"play_id":"184095ae-1238-4c63-9a94-b0be36e1a97a","local_time":"20210130043420","is_ascension_mode":true,"campfire_choices":[{"data":"ReplayTheSpireMod:Private Reserves","floor":7.0,"key":"SMITH"},{"data":"theForsaken:ShieldBash","floor":10.0,"key":"SMITH"},{"floor":15.0,"key":"DIG"},{"data":"theForsaken:NobleSacrifice","floor":49.0,"key":"SMITH"}],"circlet_count":0,"master_deck":["AscendersBane","theForsaken:TheForsaken_Strike","theForsaken:TheForsaken_Defend","theForsaken:Smite","theForsaken:Penitence","ReplayTheSpireMod:Private Reserves+1","theForsaken:Bolster+1","theForsaken:QuickAttack","theForsaken:FatRoll","theForsaken:ShieldBash+1","theForsaken:Eulogy","theForsaken:SpreadingPlague","theForsaken:QuickAttack","theForsaken:Bolster","theForsaken:NobleSacrifice+1","theForsaken:Bolster","theForsaken:DesperatePlea","theForsaken:FountainOfLife","CurseOfTheBell","theForsaken:DesperatePlea","theForsaken:FatRoll","theForsaken:DesperatePlea","theForsaken:DarkBargain+1","Sickly","theForsaken:PlagueCurse","Decay","ReplayTheSpireMod:Splinters","conspire:NecroticWound","Replay:Hysterical Blindness","Pain","downfall:Icky","ReplayTheSpireMod:Faulty Equipment","Spreading Infection","downfall:Icky"],"relics":["theForsaken:JudgementScales","Membership Card","Lantern","MerchantsRug","Vajra","Mummified Hand","Ginger","ClockworkSouvenir","HornCleat","reliquary:TuningFork","Divine Protection","infinitespire:CheckeredPen","Oddly Smooth Stone","Bag of Preparation","FossilizedHelix","Bronze Scales","Toolbox","WizardHat","reliquary:RosewoodLute","infinitespire:Lychee Nut","conspire:InfiniteJournal","reliquary:Firecrackers","Bag of Marbles","Gambling Chip","Mercury Hourglass","infinitespire:EvilPickle","reliquary:WritOfMandamus","Philosopher\u0027s Stone","Calling Bell","Replay:Bandana","Replay:Bottled Flurry","Mango","BlackRope","Pondfish Scales","Lee\u0027s Waffle","infinitespire:PuzzleCube","reliquary:BallBearing","Counterbalance","Thread and Needle","SnailShell","ReplayTheSpireMod:Ring of Addiction","Potion Belt","Toy Ornithopter","Ring of Greed","Golden Idol","MealTicket","Replay:Wax Seal"],"acts_visited":["Exordium","TheCity","TheBeyond"],"potions_floor_usage":[50,50,50],"damage_taken":[{"damage":0.0,"enemies":"Small Slimes","floor":1.0,"turns":4.0},{"damage":0.0,"enemies":"Lagavulin","floor":6.0,"turns":11.0},{"damage":0.0,"enemies":"Gremlin Nob","floor":8.0,"turns":5.0},{"damage":0.0,"enemies":"2 Louse","floor":11.0,"turns":3.0},{"damage":0.0,"enemies":"Jaw Worm","floor":12.0,"turns":2.0},{"damage":0.0,"enemies":"Large Slime","floor":13.0,"turns":5.0},{"damage":0.0,"enemies":"Nightmare","floor":14.0,"turns":10.0},{"damage":0.0,"enemies":"Fading Forest","floor":16.0,"turns":11.0},{"damage":0.0,"enemies":"Shell Parasite","floor":18.0,"turns":5.0},{"damage":0.0,"enemies":"Chosen","floor":22.0,"turns":3.0},{"damage":0.0,"enemies":"Gremlin Leader","floor":23.0,"turns":4.0},{"damage":8.0,"enemies":"Snake Plant","floor":25.0,"turns":3.0},{"damage":0.0,"enemies":"Slavers","floor":27.0,"turns":4.0},{"damage":0.0,"enemies":"Centurion and Healer","floor":28.0,"turns":3.0},{"damage":0.0,"enemies":"Book of Stabbing","floor":30.0,"turns":4.0},{"damage":0.0,"enemies":"Snecko","floor":31.0,"turns":3.0},{"damage":0.0,"enemies":"Pondfish","floor":33.0,"turns":9.0},{"damage":21.0,"enemies":"3 Darklings","floor":35.0,"turns":4.0},{"damage":30.0,"enemies":"2 Orb Walkers","floor":36.0,"turns":5.0},{"damage":8.0,"enemies":"conspire:MimicChest","floor":37.0,"turns":6.0},{"damage":0.0,"enemies":"3 Shapes","floor":39.0,"turns":3.0},{"damage":0.0,"enemies":"Giant Head","floor":40.0,"turns":5.0},{"damage":0.0,"enemies":"R_Hoarder","floor":42.0,"turns":6.0},{"damage":0.0,"enemies":"Transient","floor":44.0,"turns":5.0},{"damage":0.0,"enemies":"3 Darklings","floor":45.0,"turns":3.0},{"damage":0.0,"enemies":"Jaw Worm Horde","floor":46.0,"turns":5.0},{"damage":0.0,"enemies":"Reptomancer","floor":48.0,"turns":4.0},{"damage":0,"enemies":"infinitespire:MassOfShapes","floor":50,"turns":6}],"seed_played":"-8327959464614280995","potions_obtained":[{"floor":6.0,"key":"LiquidMemories"},{"floor":11.0,"key":"LiquidMemories"},{"floor":18.0,"key":"DistilledChaos"},{"floor":27.0,"key":"sneckomod:MuddlingPotion"},{"floor":31.0,"key":"Fire Potion"},{"floor":33.0,"key":"champ:CounterPotion"},{"floor":39.0,"key":"hexamod:SoulburnPotion"},{"floor":42.0,"key":"Ancient Potion"},{"floor":44.0,"key":"Toxic Potion"},{"floor":45.0,"key":"theForsaken:FearPotion"},{"floor":47.0,"key":"SteroidPotion"},{"floor":47.0,"key":"SkillPotion"}],"is_trial":false,"path_per_floor":["M","?","?","?","T","E","R","E","T","R","M","M","M","NM","R_BF","B",null,"M","$","?","?","M","E","T","M","T","E","M","?","E","M","R_BF","B",null,"M","?","?","$","M","E","?","E","T","M","M","M","?","E","R","B",null],"character_chosen":"THE_FORSAKEN","items_purchased":["Membership Card","Lantern","MerchantsRug","ReplayTheSpireMod:Private Reserves","Vajra","Mummified Hand","theForsaken:Bolster+1","theForsaken:QuickAttack","ClockworkSouvenir","HornCleat","Energy Potion","Dexterity Potion","Bronze Scales","Toolbox","WizardHat","theForsaken:QuickAttack","Lee\u0027s Waffle","infinitespire:PuzzleCube","reliquary:BallBearing"],"campfire_rested":0,"item_purchase_floors":[0,0,0,0,0,0,0,0,0,0,0,0,19,19,19,19,38,38,38],"current_hp_per_floor":[59,59,56,45,45,53,53,56,56,56,56,56,62,65,65,65,65,65,65,65,65,65,48,48,46,46,48,48,48,48,48,48,48,62,47,35,40,75,78,80,48,56,56,68,75,88,88,90,90,92],"gold":1404,"neow_bonus":"","is_daily":false,"chose_seed":false,"campfire_upgraded":3,"win_rate":0.0,"timestamp":1611999260,"path_taken":["M","?","?","?","?","E","R","E","T","R","M","M","M","NM","R_BF","BOSS","M","$","?","?","M","E","?","M","T","E","M","?","E","M","R_BF","BOSS","M","?","?","?","M","E","?","E","T","M","M","M","?","E","R","BOSS"],"items_purchased_type":["Relic","Relic","Relic","Card","Relic","Relic","Card","Card","Relic","Relic","Potion","Potion","Relic","Relic","Relic","Card","Relic","Relic","Relic"],"build_version":"2020-12-22","purchased_purges":5,"victory":true,"max_hp_per_floor":[65,65,65,65,65,65,65,65,65,65,65,65,65,65,65,65,65,65,65,65,65,65,48,48,48,48,48,48,48,48,48,48,48,62,64,66,68,75,78,80,80,82,82,84,86,88,88,90,90,92],"card_choices":[{"not_picked":["theForsaken:BattleHymn","theForsaken:Preservation"],"picked":"theForsaken:FatRoll","floor":1.0},{"not_picked":["theForsaken:WordsOfMight","theForsaken:BountifulSunlight"],"picked":"theForsaken:ShieldBash","floor":6.0},{"not_picked":["theForsaken:ScorchingSunlight","theForsaken:SiphonStrike","theForsaken:TearsOfSunlight"],"picked":"SKIP","floor":8.0},{"not_picked":["theForsaken:BlightOfFamine","theForsaken:SiphonStrike"],"picked":"theForsaken:Eulogy","floor":11.0},{"not_picked":["theForsaken:FuryStrikes","theForsaken:Tranquility","theForsaken:ChargeAttack"],"picked":"SKIP","floor":12.0},{"not_picked":["theForsaken:RainingSunlight","theForsaken:DarkBarrier","theForsaken:Backlash"],"picked":"SKIP","floor":13.0},{"not_picked":["theForsaken:Tranquility","theForsaken:RainingSunlight","theForsaken:ChargeAttack"],"picked":"SKIP","floor":14.0},{"not_picked":["theForsaken:Tranquility","theForsaken:RainingSunlight","theForsaken:ChargeAttack"],"picked":"SKIP","floor":14.0},{"not_picked":["theForsaken:Tranquility","theForsaken:RainingSunlight","theForsaken:ChargeAttack"],"picked":"SKIP","floor":14.0},{"not_picked":["theForsaken:CorruptDeck","theForsaken:DesperatePlea"],"picked":"theForsaken:SpreadingPlague","floor":16.0},{"not_picked":["theForsaken:ScorchingSunlight","theForsaken:RainingSunlight","theForsaken:Preservation+1"],"picked":"SKIP","floor":18.0},{"not_picked":["theForsaken:BindingThorns","theForsaken:BlightOfFamine+1","theForsaken:BlindFaith"],"picked":"SKIP","floor":22.0},{"not_picked":["theForsaken:FuryStrikes","theForsaken:HealingLight","theForsaken:SiphonStrike"],"picked":"SKIP","floor":23.0},{"not_picked":["theForsaken:CorruptedWord","theForsaken:PanicDive"],"picked":"theForsaken:Bolster","floor":25.0},{"not_picked":["theForsaken:QuickAttack","theForsaken:InspiringBlow"],"picked":"theForsaken:NobleSacrifice","floor":27.0},{"not_picked":["theForsaken:Eulogy","theForsaken:HymnOfPatience"],"picked":"theForsaken:Bolster","floor":28.0},{"not_picked":["theForsaken:NobleSacrifice","theForsaken:FuryStrikes"],"picked":"theForsaken:DesperatePlea","floor":30.0},{"not_picked":["theForsaken:BlightOfFamine","theForsaken:PanicDive+1","theForsaken:QuickAttack"],"picked":"SKIP","floor":31.0},{"not_picked":["theForsaken:Horror","theForsaken:Purification"],"picked":"theForsaken:FountainOfLife","floor":33.0},{"not_picked":["theForsaken:Backlash+1","theForsaken:Preservation+1","theForsaken:RainingSunlight"],"picked":"SKIP","floor":35.0},{"not_picked":["theForsaken:CreepingInfection","theForsaken:Parry","theForsaken:HorrifyingStrike+1"],"picked":"SKIP","floor":39.0},{"not_picked":["theForsaken:HorrifyingStrike","theForsaken:ScorchingSunlight","theForsaken:BlindFaith+1"],"picked":"SKIP","floor":40.0},{"not_picked":["theForsaken:Backlash","theForsaken:Thunderbolt"],"picked":"theForsaken:DesperatePlea","floor":41.0},{"not_picked":["theForsaken:AncientWords","theForsaken:Eulogy"],"picked":"theForsaken:FatRoll","floor":41.0},{"not_picked":["theForsaken:CleansingLight","theForsaken:Terrorize+1"],"picked":"theForsaken:DesperatePlea","floor":42.0},{"not_picked":["theForsaken:FuryStrikes+1","theForsaken:RainingSunlight"],"picked":"theForsaken:DarkBargain+1","floor":44.0},{"not_picked":["theForsaken:LightRoll+1","theForsaken:NobleSacrifice","theForsaken:ShieldBash"],"picked":"SKIP","floor":45.0},{"not_picked":["theForsaken:Thunderbolt","theForsaken:StoreUp","theForsaken:SolarFlare+1"],"picked":"SKIP","floor":46.0},{"not_picked":["theForsaken:Temperance","theForsaken:BlightOfFamine","theForsaken:QuickAttack"],"picked":"SKIP","floor":48.0}],"player_experience":81333,"relics_obtained":[{"floor":5.0,"key":"Divine Protection"},{"floor":6.0,"key":"infinitespire:CheckeredPen"},{"floor":8.0,"key":"Oddly Smooth Stone"},{"floor":9.0,"key":"Bag of Preparation"},{"floor":14.0,"key":"MawBank"},{"floor":15.0,"key":"FossilizedHelix"},{"floor":23.0,"key":"infinitespire:Lychee Nut"},{"floor":24.0,"key":"conspire:InfiniteJournal"},{"floor":26.0,"key":"reliquary:Firecrackers"},{"floor":27.0,"key":"Bag of Marbles"},{"floor":30.0,"key":"Mercury Hourglass"},{"floor":34.0,"key":"Replay:Bandana"},{"floor":34.0,"key":"Replay:Bottled Flurry"},{"floor":34.0,"key":"Mango"},{"floor":36.0,"key":"BlackRope"},{"floor":37.0,"key":"Pondfish Scales"},{"floor":40.0,"key":"Counterbalance"},{"floor":42.0,"key":"Thread and Needle"},{"floor":43.0,"key":"SnailShell"},{"floor":47.0,"key":"ReplayTheSpireMod:Ring of Addiction"},{"floor":47.0,"key":"Potion Belt"},{"floor":47.0,"key":"Toy Ornithopter"},{"floor":47.0,"key":"Ring of Greed"},{"floor":47.0,"key":"Golden Idol"},{"floor":47.0,"key":"MealTicket"},{"floor":48.0,"key":"Replay:Wax Seal"}],"event_choices":[{"damage_healed":0.0,"max_hp_gain":0.0,"max_hp_loss":0.0,"gold_gain":0.0,"event_name":"Scrap Ooze","player_choice":"Success","floor":3.0,"gold_loss":0.0,"damage_taken":3.0,"relics_obtained":["reliquary:TuningFork"]},{"damage_healed":0.0,"max_hp_gain":0.0,"max_hp_loss":0.0,"gold_gain":75.0,"event_name":"World of Goop","player_choice":"Gather Gold","floor":4.0,"gold_loss":0.0,"damage_taken":11.0},{"damage_healed":0.0,"max_hp_gain":0.0,"max_hp_loss":0.0,"gold_gain":0.0,"event_name":"Ghosts","player_choice":"Ignored","floor":20.0,"gold_loss":0.0,"damage_taken":0.0},{"damage_healed":0.0,"max_hp_gain":0.0,"max_hp_loss":0.0,"gold_gain":0.0,"event_name":"Addict","player_choice":"Obtained Relic","floor":21.0,"gold_loss":85.0,"damage_taken":0.0,"relics_obtained":["reliquary:RosewoodLute"]},{"damage_healed":0.0,"max_hp_gain":0.0,"max_hp_loss":0.0,"gold_gain":0.0,"event_name":"WeMeetAgain","player_choice":"Gave Potion","floor":29.0,"gold_loss":0.0,"damage_taken":0.0,"relics_obtained":["Gambling Chip"]},{"cards_removed":["theForsaken:TheForsaken_Strike"],"damage_healed":0.0,"max_hp_gain":0.0,"max_hp_loss":0.0,"gold_gain":0.0,"event_name":"Purifier","player_choice":"Purged","floor":32.0,"gold_loss":0.0,"damage_taken":0.0},{"damage_healed":0.0,"max_hp_gain":0.0,"max_hp_loss":0.0,"gold_gain":0.0,"event_name":"Mysterious Sphere","player_choice":"Fight","floor":36.0,"gold_loss":0.0,"damage_taken":0.0}],"is_beta":false,"boss_relics":[{"not_picked":["ReplayTheSpireMod:SealedPack","Sandwich"],"picked":"reliquary:Ember"},{"not_picked":["theForsaken:ArmorOfThorns","ReplayTheSpireMod:DimensionalGlitch"],"picked":"Replay:Grab Bag"},{"not_picked":["infinitespire:Cupcake","Painkiller Herb"],"picked":"reliquary:WritOfMandamus"},{"not_picked":["ReplayTheSpireMod:Onyx Gauntlets","Coffee Dripper"],"picked":"Philosopher\u0027s Stone"},{"not_picked":["Astrolabe","SacredBark"],"picked":"Calling Bell"}],"items_purged_floors":[0,0,0,19,38],"is_endless":false,"potions_floor_spawned":[6,11,12,14,18,27,28,31,33,39,42,44,45],"ascension_level":12}}