{"host":"rk1e5mmpnpniq13w","time":1611980641,"event":{"mods":["BaseMod","Colored Powertips","Hubris","Minty Spire (QoL Compilation)","Replay The Spire","StSLib","The Bug Knight"],"gold_per_floor":[116,41,41,58,76,76,108,108,184,203,221,221,255,271,271,369,369,385,402,415,415,415],"floor_reached":21,"language":"ENG","playtime":1323,"items_purged":["HollowMod:NailStrikeStart"],"score":193,"play_id":"af793c33-3b0a-4fa7-b10e-f7e4b57a017e","local_time":"20210129232401","is_ascension_mode":false,"campfire_choices":[{"data":"HollowMod:SoulMaster","floor":6,"key":"SMITH"},{"data":"HollowMod:GoodIntentions","floor":8,"key":"SMITH"},{"data":"HollowMod:MawleksShell","floor":15,"key":"SMITH"}],"circlet_count":0,"master_deck":["HollowMod:NailStrikeStart","HollowMod:NailStrikeStart","HollowMod:QuickDashStart","HollowMod:QuickDashStart","HollowMod:QuickDashStart","HollowMod:QuickDashStart","HollowMod:FocusHealStart","HollowMod:PogoStrike","HollowMod:GreatSlash","HollowMod:FallenFury","HollowMod:SoulMaster+1","HollowMod:GoodIntentions+1","HollowMod:HowlingWraiths","HollowMod:SoulSplash","HollowMod:ChannelNail+1","HollowMod:LifebloodCocoon","HollowMod:MawleksShell+1","HollowMod:AwokenDreamNail","HollowMod:DashSlash","HollowMod:DoubleDash+1"],"relics":["HollowMod:VesselMask","Centennial Puzzle","StrikeDummy","Anchor","Painkiller Herb"],"acts_visited":["Exordium","TheCity"],"potions_floor_usage":[16,16],"damage_taken":[{"damage":1,"enemies":"Cultist","floor":1,"turns":4},{"damage":0,"enemies":"Small Slimes","floor":4,"turns":4},{"damage":0,"enemies":"2 Louse","floor":5,"turns":3},{"damage":35,"enemies":"3 Sentries","floor":7,"turns":5},{"damage":0,"enemies":"Exordium Wildlife","floor":10,"turns":10},{"damage":6,"enemies":"Red Slaver","floor":11,"turns":4},{"damage":32,"enemies":"Lagavulin","floor":13,"turns":9},{"damage":1,"enemies":"Large Slime","floor":14,"turns":5},{"damage":46,"enemies":"Slime Boss","floor":16,"turns":13},{"damage":24,"enemies":"2 Thieves","floor":18,"turns":3},{"damage":5,"enemies":"Spheric Guardian","floor":19,"turns":4},{"damage":47,"enemies":"Chosen and Byrds","floor":20,"turns":7},{"damage":12,"enemies":"3 Cultists","floor":21,"turns":2}],"seed_played":"-8876921323524926260","potions_obtained":[{"floor":5,"key":"Energy Potion"},{"floor":7,"key":"Strength Potion"},{"floor":14,"key":"LifebloodPotion"},{"floor":19,"key":"Energy Potion"}],"is_trial":false,"path_per_floor":["M","$","?","M","M","R","E","R","T","M","M","?","E","M","R","B",null,"?","?","?","?"],"character_chosen":"THE_BUGKNIGHT","items_purchased":[],"campfire_rested":0,"item_purchase_floors":[],"current_hp_per_floor":[75,75,75,75,75,75,46,46,46,58,58,58,38,47,47,13,75,51,52,11,0,0],"gold":415,"neow_bonus":"THREE_CARDS","is_daily":false,"chose_seed":false,"campfire_upgraded":3,"win_rate":0.0,"timestamp":1611980641,"path_taken":["M","$","?","M","M","R","E","R","T","?","?","?","E","M","R","BOSS","?","?","?","?"],"items_purchased_type":[],"build_version":"2020-12-22","purchased_purges":1,"victory":false,"max_hp_per_floor":[75,75,75,75,75,75,75,75,75,75,75,75,75,75,75,75,75,75,75,75,75,75],"card_choices":[{"not_picked":["HollowMod:ShadowDash","HollowMod:NewJinnsSoul"],"picked":"HollowMod:GreatSlash","floor":0},{"not_picked":["HollowMod:DoubleDash","HollowMod:HeavyBlow"],"picked":"HollowMod:FallenFury","floor":1},{"not_picked":["HollowMod:CloakDash","HollowMod:SharpenedNail"],"picked":"HollowMod:GoodIntentions","floor":4},{"not_picked":["HollowMod:GrimmsGift","HollowMod:TaintedHusks"],"picked":"HollowMod:HowlingWraiths","floor":5},{"not_picked":["HollowMod:MonarchWings","HollowMod:SiblingsSouls"],"picked":"HollowMod:SoulSplash","floor":7},{"not_picked":["HollowMod:DreamGate","HollowMod:ShadowDash","HollowMod:AbyssShriek"],"picked":"SKIP","floor":10},{"not_picked":["HollowMod:ShapeofUnn","HollowMod:ZotesMagnificence"],"picked":"HollowMod:ChannelNail","floor":11},{"not_picked":["HollowMod:SoulEater","HollowMod:SoulStrike"],"picked":"HollowMod:LifebloodCocoon","floor":13},{"not_picked":["HollowMod:ShapeofUnn","HollowMod:DoubleDash"],"picked":"HollowMod:MawleksShell","floor":14},{"not_picked":["HollowMod:VoidDash","HollowMod:LordofShades"],"picked":"HollowMod:AwokenDreamNail","floor":16},{"not_picked":["HollowMod:SharpenedNail","HollowMod:HowlingWraiths","HollowMod:TaintedHusks"],"picked":"SKIP","floor":18},{"not_picked":["HollowMod:HowlingWraiths","HollowMod:AbyssShriek"],"picked":"HollowMod:DashSlash","floor":19},{"not_picked":["HollowMod:SoulStrike","HollowMod:InfectedCysts+1"],"picked":"HollowMod:DoubleDash+1","floor":20}],"player_experience":397245,"relics_obtained":[{"floor":7,"key":"Centennial Puzzle"},{"floor":9,"key":"StrikeDummy"},{"floor":13,"key":"Anchor"}],"event_choices":[{"damage_healed":0,"gold_gain":0,"cards_transformed":["HollowMod:NailStrikeStart"],"player_choice":"Transformed","damage_taken":0,"max_hp_gain":0,"max_hp_loss":0,"event_name":"Transmorgrifier","floor":3,"gold_loss":0,"cards_obtained":["HollowMod:SoulMaster"]}],"is_beta":false,"boss_relics":[{"not_picked":["Honey Jar","hubris:CrackedHourglass"],"picked":"Painkiller Herb"}],"items_purged_floors":[2],"is_endless":false,"potions_floor_spawned":[5,7,14,19],"killed_by":"3 Cultists","ascension_level":0}}