{"host":"vhvubw4jk4f204qs","time":1611973121,"event":{"mods":["AchievementEnabler","BaseMod","DeckTracker","GifTheSpireLib","Minty Spire (QoL Compilation)","Permanent Neow","Quick Restart","StSLib","SuperFastMode","The IronCluck","slay the spire mod where everything is the same but ironclad has a cowboy hat"],"gold_per_floor":[112,131,131,141,152,186,186,204,204,239,258,258,289,317,317,391,391,402,402,418,432,20,20,35,35,35,35,85,29,58,58,58],"floor_reached":31,"language":"ENG","playtime":1557,"items_purged":[],"score":600,"play_id":"2fb5aa81-79ed-49a9-935e-90590c3e64e1","local_time":"20210129211841","is_ascension_mode":true,"campfire_choices":[{"floor":7,"key":"REST"},{"floor":12,"key":"REST"},{"data":"Footwork","floor":15,"key":"SMITH"},{"data":"A Thousand Cuts","floor":23,"key":"SMITH"},{"data":"Panache","floor":25,"key":"SMITH"},{"floor":27,"key":"REST"}],"circlet_count":0,"master_deck":["AscendersBane","Strike_G+1","Strike_G+1","Strike_G+1","Strike_G+1","Defend_G+1","Defend_G+1","Defend_G+1","Defend_G+1","Defend_G+1","Survivor","Neutralize","Panache+1","Backflip","Infinite Blades","Bane","Flying Knee","Escape Plan","Footwork+1","Accuracy","Dagger Spray","Unload","A Thousand Cuts+1","Footwork","Crippling Poison","Accuracy","Cloak And Dagger"],"relics":["Ring of the Snake","Mummified Hand","Bottled Lightning","Pear","Singing Bowl","Odd Mushroom","HoveringKite","Letter Opener","Pantograph","Bronze Scales"],"acts_visited":["Exordium","TheCity"],"potions_floor_usage":[5,6,13,16,18,21,24,30],"damage_taken":[{"damage":7,"enemies":"Small Slimes","floor":1,"turns":4},{"damage":4,"enemies":"Cultist","floor":2,"turns":5},{"damage":1,"enemies":"2 Louse","floor":4,"turns":4},{"damage":5,"enemies":"Looter","floor":5,"turns":5},{"damage":24,"enemies":"Gremlin Nob","floor":6,"turns":4},{"damage":0,"enemies":"2 Fungi Beasts","floor":8,"turns":2},{"damage":0,"enemies":"3 Sentries","floor":10,"turns":5},{"damage":14,"enemies":"Exordium Wildlife","floor":11,"turns":4},{"damage":14,"enemies":"Lagavulin","floor":13,"turns":5},{"damage":7,"enemies":"The Mushroom Lair","floor":14,"turns":4},{"damage":29,"enemies":"Hexaghost","floor":16,"turns":13},{"damage":21,"enemies":"Chosen","floor":18,"turns":5},{"damage":5,"enemies":"3 Byrds","floor":20,"turns":3},{"damage":21,"enemies":"3 Cultists","floor":21,"turns":5},{"damage":0,"enemies":"Snake Plant","floor":24,"turns":2},{"damage":29,"enemies":"Slavers","floor":30,"turns":3},{"damage":12,"enemies":"Snecko","floor":31,"turns":4}],"seed_played":"-358372386553492789","potions_obtained":[{"floor":1,"key":"Poison Potion"},{"floor":4,"key":"GamblersBrew"},{"floor":8,"key":"Regen Potion"},{"floor":11,"key":"Ancient Potion"},{"floor":13,"key":"SpeedPotion"},{"floor":20,"key":"SkillPotion"},{"floor":24,"key":"Swift Potion"}],"is_trial":false,"path_per_floor":["M","M","?","M","M","E","R","M","T","E","M","R","E","?","R","B",null,"M","?","M","M","$","R","M","R","T","R","?","$","E","M"],"character_chosen":"THE_SILENT","items_purchased":["Accuracy","Letter Opener","Explosive Potion","Cloak And Dagger"],"campfire_rested":3,"item_purchase_floors":[22,22,22,29],"current_hp_per_floor":[37,33,33,32,27,3,22,22,22,32,18,40,38,31,31,2,58,37,37,32,13,13,13,15,15,15,39,39,39,12,0,0],"gold":58,"neow_bonus":"RANDOM_COLORLESS_2","is_daily":false,"chose_seed":false,"campfire_upgraded":3,"win_rate":0.0,"timestamp":1611973121,"path_taken":["M","M","?","?","M","E","R","M","T","E","?","R","E","?","R","BOSS","M","?","M","M","$","R","M","R","T","R","?","?","E","?"],"items_purchased_type":["Card","Relic","Potion","Card"],"build_version":"2020-12-22","purchased_purges":0,"victory":false,"max_hp_per_floor":[66,66,66,66,66,66,66,66,66,76,76,76,76,76,76,76,76,76,76,76,78,78,78,80,80,80,80,80,80,82,82,82],"card_choices":[{"not_picked":["Thinking Ahead","Transmutation"],"picked":"Panache","floor":0},{"not_picked":["Acrobatics","Deadly Poison"],"picked":"Backflip","floor":1},{"not_picked":["Prepared","Poisoned Stab"],"picked":"Infinite Blades","floor":2},{"not_picked":["Reflex","Underhanded Strike","Dodge and Roll"],"picked":"SKIP","floor":4},{"not_picked":["Deflect","Endless Agony"],"picked":"Bane","floor":5},{"not_picked":["Tools of the Trade","Backflip"],"picked":"Flying Knee","floor":6},{"not_picked":["Reflex","PiercingWail"],"picked":"Escape Plan","floor":8},{"not_picked":["PiercingWail","Dagger Throw"],"picked":"Footwork","floor":10},{"not_picked":["Prepared","Deadly Poison"],"picked":"Accuracy","floor":11},{"not_picked":["Eviscerate","Setup"],"picked":"Dagger Spray","floor":13},{"not_picked":["Choke","PiercingWail"],"picked":"Unload","floor":14},{"not_picked":["Envenom","Burst"],"picked":"A Thousand Cuts","floor":16},{"not_picked":["Sucker Punch","Bane"],"picked":"Footwork","floor":18},{"not_picked":["Dagger Spray","Flying Knee"],"picked":"Crippling Poison","floor":20},{"not_picked":["Skewer","Quick Slash+1","Underhanded Strike"],"picked":"Singing Bowl","floor":21},{"not_picked":["Acrobatics","Bouncing Flask","Prepared"],"picked":"Singing Bowl","floor":24},{"not_picked":["Underhanded Strike","Dagger Spray","Quick Slash"],"picked":"Singing Bowl","floor":30}],"player_experience":742947,"relics_obtained":[{"floor":6,"key":"Mummified Hand"},{"floor":9,"key":"Bottled Lightning"},{"floor":10,"key":"Pear"},{"floor":13,"key":"Singing Bowl"},{"floor":14,"key":"Odd Mushroom"},{"floor":26,"key":"Pantograph"},{"floor":30,"key":"Bronze Scales"}],"event_choices":[{"cards_removed":["Strike_G"],"damage_healed":0,"gold_gain":0,"player_choice":"Purged","damage_taken":0,"max_hp_gain":0,"max_hp_loss":0,"event_name":"Purifier","floor":3,"gold_loss":0},{"damage_healed":0,"gold_gain":0,"player_choice":"Fought Mushrooms","damage_taken":0,"max_hp_gain":0,"max_hp_loss":0,"event_name":"Mushrooms","floor":14,"gold_loss":0},{"damage_healed":0,"gold_gain":0,"player_choice":"Simplicity","damage_taken":0,"max_hp_gain":0,"max_hp_loss":0,"event_name":"Back to Basics","floor":19,"gold_loss":0,"cards_upgraded":["Strike_G","Strike_G","Strike_G","Strike_G","Defend_G","Defend_G","Defend_G","Defend_G","Defend_G"]},{"damage_healed":0,"gold_gain":50,"player_choice":"Stole From Cult","damage_taken":0,"max_hp_gain":0,"max_hp_loss":0,"event_name":"Nest","floor":28,"gold_loss":0}],"is_beta":false,"boss_relics":[{"not_picked":["Coffee Dripper","Runic Dome"],"picked":"HoveringKite"}],"items_purged_floors":[],"is_endless":false,"potions_floor_spawned":[1,4,8,11,13,20,24],"killed_by":"Snecko","ascension_level":20}}