{"host":"51f0ad793vly1w6u","time":1611989741,"event":{"mods":["BaseMod","Colored Map","DeckTracker","Minty Spire (QoL Compilation)","Replay The Spire","StSLib","SuperFastMode"],"gold_per_floor":[109,129,129,141,157,157,187,203,258,290,290,323,323,343,343,448,448,468,533,533,265,284,312,312,40,40,87,101,101,124,124,124,225,225,236,236,256,267,267,312,363,382,382,432,432,450,466,476,476,476,476,476,141,171,171],"floor_reached":56,"language":"KOR","playtime":1234,"items_purged":["Strike_P","Strike_P","Strike_P"],"score":1363,"play_id":"babc3797-c921-409f-b50d-ab364e5cfdda","local_time":"20210130155541","is_ascension_mode":true,"campfire_choices":[{"data":"Eruption","floor":6.0,"key":"SMITH"},{"data":"Vault","floor":11.0,"key":"SMITH"},{"data":"CrushJoints","floor":13.0,"key":"SMITH"},{"data":"MentalFortress","floor":15.0,"key":"SMITH"},{"data":"ReplayTheSpireMod:Brewmster","floor":24.0,"key":"SMITH"},{"data":"Adaptation","floor":45.0,"key":"SMITH"},{"data":"Alpha","floor":49.0,"key":"SMITH"},{"data":"Strike_P","floor":52.0,"key":"PURGE"}],"circlet_count":0,"master_deck":["Defend_P","Defend_P","Defend_P","Eruption+1","Vigilance","Alpha+1","FollowUp","BowlingBash","CrushJoints+1","Vault+1","Consecrate","EmptyFist","Tantrum","MentalFortress+1","Ragnarok","EmptyBody","EmptyBody+1","ReplayTheSpireMod:Brewmster+1","InnerPeace","MentalFortress+1","Adaptation+1","DeusExMachina","FearNoEvil+1","WheelKick+1","FlurryOfBlows+1"],"relics":["PureWater","InkBottle","Replay:Accelerometer","MealTicket","Bag of Preparation","Replay:Towering Pillar of Hats","SacredBark","Tiny Chest","FossilizedHelix","Membership Card","Omamori","Shuriken","Toy Ornithopter","Bronze Scales","ReplayTheSpireMod:Ninjato","Painkiller Herb","Nunchaku","Incense Burner","Yang","Peace Pipe","BargainBundle","Pen Nib","Thread and Needle","Gremlin Horn"],"acts_visited":["Exordium","TheCity","TheBeyond","TheEnding"],"potions_floor_usage":[54,54,55,55,55,55],"damage_taken":[{"damage":0.0,"enemies":"Small Slimes","floor":1.0,"turns":2.0},{"damage":0.0,"enemies":"Cultist","floor":2.0,"turns":2.0},{"damage":1.0,"enemies":"Jaw Worm","floor":4.0,"turns":2.0},{"damage":0.0,"enemies":"Looter","floor":5.0,"turns":2.0},{"damage":26.0,"enemies":"3 Sentries","floor":7.0,"turns":8.0},{"damage":0.0,"enemies":"Large Slime","floor":8.0,"turns":3.0},{"damage":1.0,"enemies":"Replay:BlueRogue","floor":10.0,"turns":4.0},{"damage":1.0,"enemies":"3 Sentries","floor":12.0,"turns":4.0},{"damage":0.0,"enemies":"Blue Slaver","floor":14.0,"turns":2.0},{"damage":11.0,"enemies":"The Guardian","floor":16.0,"turns":7.0},{"damage":0.0,"enemies":"Spheric Guardian","floor":18.0,"turns":2.0},{"damage":4.0,"enemies":"Shell Parasite","floor":22.0,"turns":5.0},{"damage":17.0,"enemies":"Book of Stabbing","floor":23.0,"turns":2.0},{"damage":0.0,"enemies":"Centurion and Healer","floor":28.0,"turns":2.0},{"damage":19.0,"enemies":"Automaton","floor":33.0,"turns":7.0},{"damage":0.0,"enemies":"Orb Walker","floor":35.0,"turns":3.0},{"damage":0.0,"enemies":"3 Darklings","floor":37.0,"turns":4.0},{"damage":0.0,"enemies":"Transient","floor":38.0,"turns":5.0},{"damage":0.0,"enemies":"2 Orb Walkers","floor":41.0,"turns":3.0},{"damage":0.0,"enemies":"Sphere and 2 Shapes","floor":42.0,"turns":5.0},{"damage":0.0,"enemies":"Mind Bloom Boss Battle","floor":44.0,"turns":3.0},{"damage":2.0,"enemies":"Maw","floor":46.0,"turns":5.0},{"damage":0.0,"enemies":"3 Darklings","floor":47.0,"turns":1.0},{"damage":0.0,"enemies":"Spire Growth","floor":48.0,"turns":1.0},{"damage":0.0,"enemies":"Awakened One","floor":50.0,"turns":5.0},{"damage":0,"enemies":"Shield and Spear","floor":54,"turns":3},{"damage":0,"enemies":"The Heart","floor":55,"turns":6}],"seed_played":"-1663235403357144337","potions_obtained":[{"floor":1.0,"key":"Dexterity Potion"},{"floor":7.0,"key":"BlessingOfTheForge"},{"floor":14.0,"key":"AttackPotion"},{"floor":19.0,"key":"Death Potion"},{"floor":19.0,"key":"Doom Potion"},{"floor":33.0,"key":"LiquidMemories"},{"floor":35.0,"key":"DuplicationPotion"},{"floor":47.0,"key":"BottledMiracle"},{"floor":54,"key":"LiquidBronze"}],"is_trial":false,"path_per_floor":["M","M","?","M","M","R","E","M","T","E","R","E","R","M","R","B",null,"M","?","?","$","M","E","R","$","T","T","M","?","T","?","R_BF","B",null,"?","?","?","?","?","T","?","?","T","?","T","?","?","?","T","B",null,"T","T","E","B",null],"character_chosen":"WATCHER","items_purchased":["ReplayTheSpireMod:Brewmster","Membership Card","Omamori","BargainBundle","PowerPotion","Pen Nib","Thread and Needle"],"campfire_rested":0,"item_purchase_floors":[21,25,25,53,53,53,53],"current_hp_per_floor":[72,72,72,71,71,71,45,45,45,44,44,43,43,43,43,32,72,72,54,54,69,65,48,48,63,63,63,68,55,55,55,55,36,77,77,77,77,77,77,77,77,77,77,77,77,75,75,75,75,75,77,77,77,77,77],"gold":171,"neow_bonus":"ONE_RANDOM_RARE_CARD","is_daily":false,"chose_seed":false,"campfire_upgraded":7,"win_rate":0.0,"timestamp":1611989741,"path_taken":["M","M","?","?","M","R","E","M","T","E","R","E","R","M","R","BOSS","M","?","?","$","M","E","R","$","T","?","M","?","?","?","R_BF","BOSS","?","?","?","?","?","?","?","?","T","?","T","?","?","?","T","BOSS","T","T","E","BOSS"],"items_purchased_type":["Card","Relic","Relic","Relic","Potion","Relic","Relic"],"build_version":"2020-12-22","purchased_purges":3,"victory":true,"max_hp_per_floor":[72,72,72,72,72,72,72,72,72,72,72,72,72,72,72,72,72,72,72,72,72,72,72,72,72,72,72,72,77,77,77,77,77,77,77,77,77,77,77,77,77,77,77,77,77,77,77,77,77,77,77,77,77,77,77],"card_choices":[{"not_picked":["Study","Replay:AtTheReady"],"picked":"FollowUp","floor":1.0},{"not_picked":["Replay:BluntJabs","Crescendo"],"picked":"BowlingBash","floor":2.0},{"not_picked":["ForeignInfluence","BowlingBash","Replay:Vibes"],"picked":"SKIP","floor":4.0},{"not_picked":["ThirdEye","WaveOfTheHand"],"picked":"CrushJoints","floor":5.0},{"not_picked":["DeceiveReality","ThirdEye"],"picked":"Vault","floor":7.0},{"not_picked":["Halt","Fasting2"],"picked":"Consecrate","floor":8.0},{"not_picked":["WaveOfTheHand","SandsOfTime"],"picked":"EmptyFist","floor":10.0},{"not_picked":["Consecrate","ReachHeaven"],"picked":"Tantrum","floor":12.0},{"not_picked":["ReachHeaven","FearNoEvil"],"picked":"MentalFortress","floor":14.0},{"not_picked":["Judgement","SpiritShield"],"picked":"Ragnarok","floor":16.0},{"not_picked":["CutThroughFate","Weave"],"picked":"EmptyBody","floor":18.0},{"not_picked":["WaveOfTheHand","WheelKick"],"picked":"EmptyBody+1","floor":19.0},{"not_picked":["Conclude","Consecrate","EmptyFist"],"picked":"SKIP","floor":22.0},{"not_picked":["ClearTheMind+1","ForeignInfluence"],"picked":"InnerPeace","floor":23.0},{"not_picked":["JustLucky","Indignation+1"],"picked":"MentalFortress+1","floor":28.0},{"not_picked":["Vault","Scrawl"],"picked":"DeusExMachina","floor":33.0},{"not_picked":["BowlingBash+1","Replay:AtTheReady+1"],"picked":"FearNoEvil+1","floor":35.0},{"not_picked":["Indignation","Replay:Anticipation+1","FollowUp+1"],"picked":"SKIP","floor":37.0},{"not_picked":["Indignation","Replay:Anticipation+1","FollowUp+1"],"picked":"SKIP","floor":37.0},{"not_picked":["BowlingBash+1","CrushJoints+1","FlyingSleeves+1"],"picked":"SKIP","floor":38.0},{"not_picked":["FlyingSleeves+1","Nirvana"],"picked":"WheelKick+1","floor":41.0},{"not_picked":["ForeignInfluence","ClearTheMind","Prostrate+1"],"picked":"SKIP","floor":42.0},{"not_picked":["EmptyBody","Prostrate"],"picked":"FlurryOfBlows+1","floor":44.0},{"not_picked":["Perseverance","ThirdEye","Replay:ManipulateFuture"],"picked":"SKIP","floor":46.0},{"not_picked":["BowlingBash","Replay:LoomingThreat","Evaluate+1"],"picked":"SKIP","floor":47.0},{"not_picked":["Wireheading","Replay:ManipulateFuture","Fasting2"],"picked":"SKIP","floor":48.0},{"not_picked":["JustLucky","Swivel","Replay:ManipulateFuture+1"],"picked":"SKIP","floor":54}],"player_experience":1425422,"relics_obtained":[{"floor":7.0,"key":"Replay:Accelerometer"},{"floor":9.0,"key":"MealTicket"},{"floor":10.0,"key":"Bag of Preparation"},{"floor":12.0,"key":"Replay:Towering Pillar of Hats"},{"floor":19.0,"key":"Tiny Chest"},{"floor":23.0,"key":"FossilizedHelix"},{"floor":26.0,"key":"Shuriken"},{"floor":27.0,"key":"Toy Ornithopter"},{"floor":30.0,"key":"Bronze Scales"},{"floor":40.0,"key":"Nunchaku"},{"floor":41.0,"key":"Incense Burner"},{"floor":43.0,"key":"Yang"},{"floor":44.0,"key":"Peace Pipe"},{"floor":54,"key":"Gremlin Horn"}],"event_choices":[{"damage_healed":0.0,"max_hp_gain":0.0,"max_hp_loss":0.0,"gold_gain":0.0,"event_name":"WeMeetAgain","player_choice":"Gave Potion","floor":3.0,"gold_loss":0.0,"damage_taken":0.0,"relics_obtained":["InkBottle"]},{"damage_healed":0.0,"max_hp_gain":5.0,"max_hp_loss":0.0,"gold_gain":0.0,"event_name":"Forgotten Altar","player_choice":"Shed Blood","floor":29.0,"gold_loss":0.0,"damage_taken":18.0},{"damage_healed":0.0,"max_hp_gain":0.0,"max_hp_loss":0.0,"gold_gain":0.0,"event_name":"The Library","player_choice":"Read","floor":31.0,"gold_loss":0.0,"damage_taken":0.0,"cards_obtained":["Adaptation"]},{"cards_removed":["Defend_P"],"damage_healed":0.0,"max_hp_gain":0.0,"max_hp_loss":0.0,"gold_gain":0.0,"event_name":"Falling","player_choice":"Removed Skill","floor":36.0,"gold_loss":0.0,"damage_taken":0.0},{"damage_healed":0.0,"max_hp_gain":0.0,"max_hp_loss":0.0,"gold_gain":0.0,"event_name":"Tomb of Lord Red Mask","player_choice":"Ignored","floor":39.0,"gold_loss":0.0,"damage_taken":0.0},{"damage_healed":0.0,"max_hp_gain":0.0,"max_hp_loss":0.0,"gold_gain":0.0,"event_name":"Mysterious Sphere","player_choice":"Fight","floor":41.0,"gold_loss":0.0,"damage_taken":0.0},{"damage_healed":0.0,"max_hp_gain":0.0,"max_hp_loss":0.0,"gold_gain":0.0,"event_name":"MindBloom","player_choice":"Fight","floor":44.0,"gold_loss":0.0,"damage_taken":0.0}],"is_beta":false,"boss_relics":[{"not_picked":["Empty Cage","Replay:Ancient Bell"],"picked":"SacredBark"},{"not_picked":["Kintsugi","Fusion Hammer"],"picked":"Painkiller Herb"}],"items_purged_floors":[21,25,53],"is_endless":false,"potions_floor_spawned":[1,7,14,33,35,46,47,48,54],"ascension_level":1}}