{"host":"sav7uxregyirlf69","time":1611974483,"event":{"mods":["AchievementEnabler","BaseMod","Colored Map","DeckTracker","Keyboard Shortcuts","Minty Spire (QoL Compilation)","READ ME - Guardian Mod","StSLib","SuperFastMode"],"gold_per_floor":[114,129,129,129,144,144,174,189,239,239,269,284,384,414,414,514,514,514],"floor_reached":17,"language":"KOR","playtime":357,"items_purged":[],"score":200,"play_id":"b78e6e56-87cf-4adf-b96c-69386992c799","local_time":"20210130114123","daily_mods":["Specialized","Colorless Cards","Terminal"],"is_ascension_mode":false,"campfire_choices":[{"data":"Body Slam","floor":6,"key":"SMITH"},{"data":"Pommel Strike","floor":10,"key":"SMITH"},{"data":"True Grit","floor":15,"key":"SMITH"}],"circlet_count":0,"master_deck":["Strike_R","Strike_R","Strike_R","Strike_R","Strike_R","Defend_R","Defend_R","Defend_R","Defend_R","Bash","Flame Barrier","Flame Barrier","Flame Barrier","Flame Barrier","Pommel Strike+1","Pummel","Body Slam+1","Panacea","Armaments","Flash of Steel","True Grit+1","Master of Strategy"],"relics":["Burning Blood","Potion Belt","Smiling Mask","Juzu Bracelet","HornCleat","PreservedInsect"],"acts_visited":["Exordium","TheCity"],"potions_floor_usage":[14,14,16,16],"damage_taken":[{"damage":0,"enemies":"Cultist","floor":1,"turns":4},{"damage":0,"enemies":"Jaw Worm","floor":2,"turns":6},{"damage":0,"enemies":"Small Slimes","floor":5,"turns":4},{"damage":6,"enemies":"3 Sentries","floor":7,"turns":11},{"damage":3,"enemies":"Exordium Wildlife","floor":8,"turns":5},{"damage":16,"enemies":"Lagavulin","floor":11,"turns":11},{"damage":2,"enemies":"Blue Slaver","floor":12,"turns":4},{"damage":12,"enemies":"Gremlin Nob","floor":14,"turns":4},{"damage":2,"enemies":"Hexaghost","floor":16,"turns":11}],"seed_played":"-828330817948855686","potions_obtained":[{"floor":2,"key":"AttackPotion"},{"floor":8,"key":"CultistPotion"},{"floor":11,"key":"EntropicBrew"},{"floor":12,"key":"SteroidPotion"}],"is_trial":false,"path_per_floor":["M","M","?","?","M","R","E","M","T","R","E","M","?","E","R","B",null],"character_chosen":"IRONCLAD","items_purchased":[],"campfire_rested":0,"item_purchase_floors":[],"current_hp_per_floor":[78,77,81,80,79,78,77,76,75,74,64,68,68,62,62,66,68,68],"gold":514,"neow_bonus":"","is_daily":true,"chose_seed":false,"campfire_upgraded":3,"win_rate":0.0,"timestamp":1611974483,"path_taken":["M","M","?","?","M","R","E","?","T","R","E","M","?","E","R","BOSS"],"items_purchased_type":[],"build_version":"2020-12-22","purchased_purges":0,"victory":false,"max_hp_per_floor":[78,77,81,80,79,78,77,76,75,74,73,72,71,70,69,68,68,68],"card_choices":[{"not_picked":["Uppercut","Flex"],"picked":"Pommel Strike","floor":1},{"not_picked":["Clothesline","Searing Blow"],"picked":"Pummel","floor":2},{"not_picked":["Hemokinesis","Headbutt"],"picked":"Body Slam","floor":5},{"not_picked":["Thunderclap","Twin Strike"],"picked":"Panacea","floor":7},{"not_picked":["Headbutt","Flex","Mind Blast"],"picked":"SKIP","floor":8},{"not_picked":["Cleave","Panacea"],"picked":"Armaments","floor":11},{"not_picked":["Wild Strike","Ghostly Armor"],"picked":"Flash of Steel","floor":12},{"not_picked":["Warcry","Hemokinesis"],"picked":"True Grit","floor":14},{"not_picked":["Berserk","The Bomb"],"picked":"Master of Strategy","floor":16}],"player_experience":1435916,"relics_obtained":[{"floor":7,"key":"Smiling Mask"},{"floor":9,"key":"Juzu Bracelet"},{"floor":11,"key":"HornCleat"},{"floor":14,"key":"PreservedInsect"}],"event_choices":[{"damage_healed":0,"gold_gain":0,"player_choice":"Donut","damage_taken":0,"max_hp_gain":5,"max_hp_loss":0,"event_name":"Big Fish","floor":3,"gold_loss":0},{"cards_removed":["Flame Barrier"],"damage_healed":0,"gold_gain":0,"player_choice":"Gave Card","damage_taken":0,"relics_obtained":["Potion Belt"],"max_hp_gain":0,"max_hp_loss":0,"event_name":"WeMeetAgain","floor":4,"gold_loss":0},{"damage_healed":0,"gold_gain":100,"player_choice":"Pray","damage_taken":0,"max_hp_gain":0,"max_hp_loss":0,"event_name":"Golden Shrine","floor":13,"gold_loss":0}],"is_beta":false,"boss_relics":[{"not_picked":[]}],"items_purged_floors":[],"is_endless":false,"potions_floor_spawned":[2,8,11,12],"ascension_level":0}}