{"host":"rkezzvf6da7mjjsm","time":1611977810,"event":{"mods":["BaseMod","Colored Map","Minty Spire (QoL Compilation)","Relic Stats","StSLib"],"gold_per_floor":[14,28,47,18,18,46,46,78,125,151,182,119,131,183,195,207,207],"floor_reached":16,"language":"ENG","playtime":545,"items_purged":[],"score":240,"play_id":"007342ed-0e38-4631-9868-ead4f8cb2837","local_time":"20210130143650","is_ascension_mode":true,"campfire_choices":[{"data":"Die Die Die","floor":7,"key":"SMITH"},{"floor":13,"key":"REST"},{"floor":15,"key":"REST"}],"circlet_count":0,"master_deck":["AscendersBane","Strike_G","Strike_G","Strike_G","Defend_G","Defend_G","Defend_G","Defend_G","Defend_G","Survivor","Neutralize","Grand Finale","Dodge and Roll","Reflex","Infinite Blades","Sucker Punch","A Thousand Cuts","Die Die Die+1","Wraith Form v2","Skewer","Dodge and Roll"],"relics":["Ring of the Snake","Matryoshka","Strawberry","MawBank","Bag of Marbles","CeramicFish"],"acts_visited":["Exordium"],"potions_floor_usage":[8,11,11,16],"damage_taken":[{"damage":2,"enemies":"Jaw Worm","floor":1,"turns":7},{"damage":2,"enemies":"2 Louse","floor":2,"turns":4},{"damage":8,"enemies":"Small Slimes","floor":3,"turns":4},{"damage":5,"enemies":"Lagavulin","floor":6,"turns":6},{"damage":34,"enemies":"Gremlin Nob","floor":8,"turns":6},{"damage":11,"enemies":"Exordium Wildlife","floor":10,"turns":4},{"damage":1,"enemies":"Large Slime","floor":11,"turns":6},{"damage":16,"enemies":"3 Sentries","floor":14,"turns":8},{"damage":12,"enemies":"Slime Boss","floor":16,"turns":8}],"seed_played":"479374693341378024","potions_obtained":[{"floor":2,"key":"Block Potion"},{"floor":6,"key":"Dexterity Potion"},{"floor":8,"key":"DistilledChaos"},{"floor":10,"key":"SteroidPotion"},{"floor":11,"key":"Ancient Potion"},{"floor":14,"key":"DuplicationPotion"}],"is_trial":false,"path_per_floor":["M","M","M","$","?","E","R","E","T","M","M","?","R","E","R","B"],"character_chosen":"THE_SILENT","items_purchased":["Sucker Punch"],"campfire_rested":2,"item_purchase_floors":[4],"current_hp_per_floor":[57,55,47,47,47,42,42,15,15,4,3,3,24,8,29,17,17],"gold":207,"neow_bonus":"THREE_RARE_CARDS","is_daily":false,"chose_seed":false,"campfire_upgraded":1,"win_rate":0.0,"timestamp":1611977810,"path_taken":["M","M","M","$","?","E","R","E","T","M","M","?","R","E","R","BOSS"],"items_purchased_type":["Card"],"build_version":"2020-12-22","purchased_purges":0,"victory":false,"max_hp_per_floor":[66,66,66,66,66,66,66,73,73,73,73,73,73,73,73,73,73],"relic_stats":{"counters":[9,52],"CeramicFish":9,"MawBank":84,"obtain_stats":[{"Matryoshka":6,"Strawberry":8,"CeramicFish":14,"Bag of Marbles":9,"MawBank":9,"Ring of the Snake":0},{"Matryoshka":4,"Strawberry":5,"CeramicFish":8,"Bag of Marbles":5,"MawBank":5,"Ring of the Snake":0},{"Matryoshka":21,"Strawberry":27,"CeramicFish":45,"Bag of Marbles":27,"MawBank":27,"Ring of the Snake":0}],"Ring of the Snake":[18]},"card_choices":[{"not_picked":["Doppelganger","Envenom"],"picked":"Grand Finale","floor":0},{"not_picked":["Tactician","Acrobatics"],"picked":"Dodge and Roll","floor":1},{"not_picked":["Accuracy","Deflect"],"picked":"Reflex","floor":2},{"not_picked":["Setup","Blur"],"picked":"Infinite Blades","floor":3},{"not_picked":["Blur","PiercingWail"],"picked":"Die Die Die","floor":6},{"not_picked":["Blur","Bane"],"picked":"Wraith Form v2","floor":8},{"not_picked":["Flechettes","Deflect","Deadly Poison"],"picked":"SKIP","floor":10},{"not_picked":["Distraction","Acrobatics"],"picked":"Skewer","floor":11},{"not_picked":["A Thousand Cuts","Backflip"],"picked":"Dodge and Roll","floor":14}],"player_experience":643329,"relics_obtained":[{"floor":6,"key":"Matryoshka"},{"floor":8,"key":"Strawberry"},{"floor":9,"key":"MawBank"},{"floor":9,"key":"Bag of Marbles"},{"floor":14,"key":"CeramicFish"}],"event_choices":[{"damage_healed":0,"gold_gain":0,"cards_transformed":["Strike_G"],"player_choice":"Change","damage_taken":0,"max_hp_gain":0,"max_hp_loss":0,"event_name":"Living Wall","floor":5,"gold_loss":0,"cards_obtained":["A Thousand Cuts"]},{"cards_removed":["Strike_G"],"damage_healed":0,"gold_gain":0,"player_choice":"Card Removal","damage_taken":0,"max_hp_gain":0,"max_hp_loss":0,"event_name":"The Cleric","floor":12,"gold_loss":75}],"is_beta":false,"boss_relics":[],"items_purged_floors":[],"is_endless":false,"potions_floor_spawned":[2,6,8,10,11,14],"killed_by":"Slime Boss","ascension_level":20}}