{"host":"2wp95sdfrgw3k439","time":1611995355,"event":{"mods":["BaseMod","Better Altar","Better Skull","Better Third Choice","Curses Come First","Minty Spire (QoL Compilation)","Permanent Neow","StSLib"],"gold_per_floor":[129,160,190,202,225,237,283,295,307,335,359,371,393,421,433,445,445],"floor_reached":16,"language":"ENG","playtime":584,"items_purged":[],"score":154,"play_id":"fb222830-309a-4e08-be1f-7fb24924a0a3","local_time":"20210130012915","is_ascension_mode":true,"campfire_choices":[{"floor":6,"key":"REST"},{"floor":12,"key":"REST"},{"data":"Neutralize","floor":15,"key":"SMITH"}],"circlet_count":0,"master_deck":["Strike_G","Strike_G","Strike_G","Strike_G","Strike_G","Defend_G","Defend_G","Defend_G","Defend_G","Defend_G","Survivor","Neutralize+1","Dagger Spray","Caltrops+1","Flying Knee","Predator+1","Skewer+1","Dash+1"],"relics":["Ring of the Snake","MawBank","Darkstone Periapt","Molten Egg 2"],"acts_visited":["Exordium"],"potions_floor_usage":[5,7,7,7,7,11,13],"damage_taken":[{"damage":7,"enemies":"Small Slimes","floor":1,"turns":4},{"damage":0,"enemies":"Cultist","floor":2,"turns":5},{"damage":0,"enemies":"Jaw Worm","floor":3,"turns":7},{"damage":19,"enemies":"Exordium Thugs","floor":5,"turns":4},{"damage":12,"enemies":"Lagavulin","floor":7,"turns":5},{"damage":3,"enemies":"Blue Slaver","floor":10,"turns":5},{"damage":1,"enemies":"Looter","floor":11,"turns":3},{"damage":0,"enemies":"Lots of Slimes","floor":13,"turns":1},{"damage":4,"enemies":"Exordium Thugs","floor":14,"turns":4},{"damage":67,"enemies":"Slime Boss","floor":16,"turns":9}],"seed_played":"-8879811800986567258","potions_obtained":[{"floor":1,"key":"ColorlessPotion"},{"floor":2,"key":"FearPotion"},{"floor":3,"key":"EntropicBrew"},{"floor":11,"key":"DuplicationPotion"}],"is_trial":false,"path_per_floor":["M","M","M","?","M","R","E","$","T","M","M","R","M","M","R","B"],"character_chosen":"THE_SILENT","items_purchased":[],"campfire_rested":2,"item_purchase_floors":[],"current_hp_per_floor":[56,56,56,56,37,58,46,46,46,43,42,63,63,59,59,0,0],"gold":445,"neow_bonus":"RANDOM_COMMON_RELIC","is_daily":false,"chose_seed":false,"campfire_upgraded":1,"win_rate":0.0,"timestamp":1611995355,"path_taken":["M","M","M","?","M","R","E","?","T","M","M","R","M","M","R","BOSS"],"items_purchased_type":[],"build_version":"2020-12-22","purchased_purges":0,"victory":false,"max_hp_per_floor":[70,70,70,70,70,70,70,70,70,70,70,70,70,70,70,70,70],"card_choices":[{"not_picked":["Poisoned Stab","Distraction"],"picked":"Dagger Spray","floor":1},{"not_picked":["Dagger Throw","Dagger Spray"],"picked":"Caltrops","floor":2},{"not_picked":["Backflip","Sucker Punch"],"picked":"Flying Knee","floor":3},{"not_picked":["Endless Agony","Expertise","Outmaneuver"],"picked":"SKIP","floor":5},{"not_picked":["Flying Knee","Deflect","Dagger Spray"],"picked":"SKIP","floor":7},{"not_picked":["Well Laid Plans","Endless Agony+1"],"picked":"Predator+1","floor":10},{"not_picked":["Doppelganger","Crippling Poison"],"picked":"Skewer+1","floor":11},{"not_picked":["Accuracy","Tactician"],"picked":"Dash+1","floor":13},{"not_picked":["Predator+1","Bouncing Flask","Acrobatics"],"picked":"SKIP","floor":14}],"player_experience":521950,"relics_obtained":[{"floor":7,"key":"Darkstone Periapt"},{"floor":9,"key":"Molten Egg 2"}],"event_choices":[{"damage_healed":0,"gold_gain":0,"player_choice":"Forge","damage_taken":0,"max_hp_gain":0,"max_hp_loss":0,"event_name":"Accursed Blacksmith","floor":4,"gold_loss":0,"cards_upgraded":["Caltrops"]}],"is_beta":false,"boss_relics":[],"items_purged_floors":[],"is_endless":false,"potions_floor_spawned":[1,2,3,11],"killed_by":"Slime Boss","ascension_level":9}}