{"host":"gfxjwtol062e9znw","time":1611968937,"event":{"mods":["BaseMod","Colored Map","Minty Spire (QoL Compilation)"],"gold_per_floor":[118,80,139,214,116,148,148,168,195,208,208,243,243,262,262,363,413,426,445,445,106,106,106,31,31,101,101,101,115,130,130,130,231,231,244,294,305,36,52,85,85,85,108,60,77,77,77,90,90,90],"floor_reached":51,"language":"ENG","playtime":2601,"items_purged":["Bash"],"score":1024,"play_id":"a316b72b-257e-478c-b29e-ca8b410a9666","local_time":"20210130120857","is_ascension_mode":true,"campfire_choices":[{"data":"Uppercut","floor":7,"key":"SMITH"},{"data":"True Grit","floor":11,"key":"SMITH"},{"floor":15,"key":"REST"},{"floor":23,"key":"REST"},{"floor":27,"key":"REST"},{"data":"Whirlwind","floor":32,"key":"SMITH"},{"data":"Spot Weakness","floor":41,"key":"SMITH"},{"floor":46,"key":"REST"},{"data":"Apotheosis","floor":49,"key":"SMITH"}],"circlet_count":0,"master_deck":["Strike_R","Strike_R","Strike_R","Defend_R","Defend_R","Defend_R","Defend_R","Sword Boomerang","Uppercut+1","Cleave+1","True Grit+1","Shrug It Off","Demon Form","Offering","Whirlwind+1","Shockwave+1","Inflame","Whirlwind","Heavy Blade","Twin Strike","Immolate","Ghostly Armor","Heavy Blade+1","Secret Weapon","Sword Boomerang+1","Spot Weakness+1","Apotheosis+1"],"relics":["Burning Blood","NeowsBlessing","Magic Flower","Boot","HornCleat","Tiny House","Brimstone","Akabeko","Pear","Velvet Choker","Du-Vu Doll","Bag of Preparation","Potion Belt"],"acts_visited":["Exordium","TheCity","TheBeyond"],"potions_floor_usage":[18,19,20,31,33,40,50,50,50,50],"damage_taken":[{"damage":0,"enemies":"2 Louse","floor":1,"turns":1},{"damage":0,"enemies":"Gremlin Nob","floor":6,"turns":1},{"damage":0,"enemies":"Small Slimes","floor":8,"turns":1},{"damage":7,"enemies":"Jaw Worm","floor":10,"turns":2},{"damage":38,"enemies":"3 Sentries","floor":12,"turns":7},{"damage":11,"enemies":"Large Slime","floor":14,"turns":6},{"damage":28,"enemies":"Slime Boss","floor":16,"turns":7},{"damage":33,"enemies":"Spheric Guardian","floor":18,"turns":6},{"damage":37,"enemies":"Shell Parasite","floor":19,"turns":7},{"damage":0,"enemies":"Snake Plant","floor":20,"turns":1},{"damage":32,"enemies":"Chosen and Byrds","floor":29,"turns":3},{"damage":12,"enemies":"Cultist and Chosen","floor":30,"turns":3},{"damage":0,"enemies":"Book of Stabbing","floor":31,"turns":1},{"damage":44,"enemies":"Automaton","floor":33,"turns":6},{"damage":0,"enemies":"3 Shapes","floor":35,"turns":2},{"damage":0,"enemies":"Mind Bloom Boss Battle","floor":36,"turns":3},{"damage":4,"enemies":"Orb Walker","floor":37,"turns":3},{"damage":10,"enemies":"Sphere and 2 Shapes","floor":39,"turns":3},{"damage":32,"enemies":"Giant Head","floor":40,"turns":5},{"damage":6,"enemies":"3 Darklings","floor":45,"turns":2},{"damage":5,"enemies":"Spire Growth","floor":48,"turns":3},{"damage":92,"enemies":"Time Eater","floor":50,"turns":7}],"seed_played":"4048470473881794376","potions_obtained":[{"floor":6,"key":"GamblersBrew"},{"floor":10,"key":"SmokeBomb"},{"floor":14,"key":"EssenceOfSteel"},{"floor":18,"key":"SkillPotion"},{"floor":39,"key":"DuplicationPotion"},{"floor":40,"key":"LiquidMemories"},{"floor":45,"key":"SkillPotion"}],"is_trial":false,"path_per_floor":["M","$","?","?","$","E","R","M","T","M","R","E","?","M","R","B",null,"M","M","M","$","?","R","$","?","T","R","?","M","M","E","R","B",null,"M","?","M","$","M","E","R","?","T","$","M","R","?","M","R","B",null],"character_chosen":"IRONCLAD","items_purchased":["Uppercut","Cleave","CultistPotion","Brimstone","SmokeBomb","Whirlwind","FairyPotion","Secret Weapon","AttackPotion"],"campfire_rested":4,"item_purchase_floors":[2,5,21,21,21,24,38,38,44],"current_hp_per_floor":[78,78,78,67,67,73,73,80,80,80,80,51,51,49,73,54,79,55,27,36,36,36,61,61,61,71,95,95,72,69,78,78,43,82,91,95,95,95,94,71,71,71,71,71,74,95,95,95,95,12],"gold":90,"neow_bonus":"THREE_ENEMY_KILL","is_daily":false,"chose_seed":false,"campfire_upgraded":5,"win_rate":0.0,"timestamp":1611968937,"path_taken":["M","$","?","?","$","E","R","M","T","M","R","E","?","M","R","BOSS","M","M","M","$","?","R","$","?","T","R","?","M","M","E","R","BOSS","M","?","M","$","M","E","R","?","T","$","M","R","?","M","R","BOSS"],"items_purchased_type":["Card","Card","Potion","Relic","Potion","Card","Potion","Card","Potion"],"build_version":"2020-12-22","purchased_purges":1,"victory":true,"max_hp_per_floor":[80,80,80,80,80,80,80,80,80,80,80,80,80,80,80,80,85,85,85,85,85,85,85,85,85,95,95,95,95,95,95,95,95,95,95,95,95,95,95,95,95,95,95,95,95,95,95,95,95,95],"card_choices":[{"not_picked":["Flex","Body Slam"],"picked":"Sword Boomerang","floor":1},{"not_picked":["Rupture","Metallicize"],"picked":"True Grit","floor":6},{"not_picked":["Cleave","Dark Embrace","Perfected Strike"],"picked":"SKIP","floor":8},{"not_picked":["Perfected Strike","Uppercut"],"picked":"Shrug It Off","floor":10},{"not_picked":["Dropkick","Rupture"],"picked":"Demon Form","floor":12},{"not_picked":["Havoc","Metallicize","Carnage"],"picked":"SKIP","floor":14},{"not_picked":["Fiend Fire","Bludgeon"],"picked":"Offering","floor":16},{"not_picked":["True Grit","Armaments"],"picked":"Whirlwind","floor":17},{"not_picked":["Evolve","Dropkick"],"picked":"Shockwave+1","floor":18},{"not_picked":["Warcry","Armaments"],"picked":"Inflame","floor":19},{"not_picked":["True Grit+1","Pummel"],"picked":"Heavy Blade","floor":29},{"not_picked":["Pommel Strike","Second Wind+1"],"picked":"Twin Strike","floor":30},{"not_picked":["Demon Form","Feed"],"picked":"Immolate","floor":33},{"not_picked":["Uppercut","Metallicize"],"picked":"Ghostly Armor","floor":35},{"not_picked":["Infernal Blade","Iron Wave"],"picked":"Heavy Blade+1","floor":36},{"not_picked":["Shockwave","Ghostly Armor","Thunderclap"],"picked":"SKIP","floor":37},{"not_picked":["Burning Pact","Perfected Strike"],"picked":"Sword Boomerang+1","floor":39},{"not_picked":["Rampage","Hemokinesis"],"picked":"Spot Weakness","floor":40},{"not_picked":["Clothesline","Demon Form","Cleave"],"picked":"SKIP","floor":45},{"not_picked":["Good Instincts","PanicButton"],"picked":"Apotheosis","floor":47},{"not_picked":["Perfected Strike+1","Anger","Cleave+1"],"picked":"SKIP","floor":48}],"player_experience":42633,"relics_obtained":[{"floor":6,"key":"Magic Flower"},{"floor":9,"key":"Boot"},{"floor":12,"key":"HornCleat"},{"floor":26,"key":"Pear"},{"floor":36,"key":"Du-Vu Doll"},{"floor":40,"key":"Bag of Preparation"},{"floor":43,"key":"Potion Belt"}],"event_choices":[{"damage_healed":0,"gold_gain":59,"player_choice":"Gained Gold","damage_taken":0,"max_hp_gain":0,"max_hp_loss":0,"event_name":"Golden Wing","floor":3,"gold_loss":0},{"damage_healed":0,"gold_gain":75,"player_choice":"Gather Gold","damage_taken":11,"max_hp_gain":0,"max_hp_loss":0,"event_name":"World of Goop","floor":4,"gold_loss":0},{"damage_healed":0,"gold_gain":0,"player_choice":"Searched \u00271\u0027 times","damage_taken":0,"max_hp_gain":0,"max_hp_loss":0,"event_name":"Dead Adventurer","floor":13,"gold_loss":0},{"cards_removed":["Strike_R"],"damage_healed":0,"gold_gain":0,"player_choice":"Elegance","damage_taken":0,"max_hp_gain":0,"max_hp_loss":0,"event_name":"Back to Basics","floor":22,"gold_loss":0},{"damage_healed":0,"gold_gain":0,"player_choice":"Opened","damage_taken":0,"relics_obtained":["Akabeko"],"max_hp_gain":0,"max_hp_loss":0,"event_name":"The Mausoleum","floor":25,"gold_loss":0},{"damage_healed":0,"gold_gain":0,"player_choice":"Ignored","damage_taken":0,"max_hp_gain":0,"max_hp_loss":0,"event_name":"Vampires","floor":28,"gold_loss":0},{"damage_healed":0,"gold_gain":0,"player_choice":"Fight","damage_taken":0,"max_hp_gain":0,"max_hp_loss":0,"event_name":"MindBloom","floor":36,"gold_loss":0},{"cards_removed":["Strike_R"],"damage_healed":0,"gold_gain":0,"player_choice":"Removed Attack","damage_taken":0,"max_hp_gain":0,"max_hp_loss":0,"event_name":"Falling","floor":42,"gold_loss":0},{"damage_healed":0,"gold_gain":0,"player_choice":"Memory 1","damage_taken":0,"max_hp_gain":0,"max_hp_loss":0,"event_name":"SensoryStone","floor":47,"gold_loss":0}],"is_beta":false,"boss_relics":[{"not_picked":["SacredBark","Runic Dome"],"picked":"Tiny House"},{"not_picked":["Coffee Dripper","Black Star"],"picked":"Velvet Choker"}],"items_purged_floors":[5],"is_endless":false,"potions_floor_spawned":[6,10,14,16,18,20,29,39,40,45],"ascension_level":7}}