{"host":"61y0z9o9vf3ujftj","time":1611969617,"event":{"mods":["BaseMod","Colored Map","Colored Powertips","GifTheSpireLib","HexUI Lib","Highlight Path","Minty Spire (QoL Compilation)","Relic Stats","StSLib","ojb\u0027s Info Mod"],"gold_per_floor":[360,48,63,81,98,129,141,173,173,185,202,252,252,24,24,122,122,136,36,55,111,125,156,156,184,207,207,236,253,287,212,212,308,308,322,322,334,1333,1333,1333,627,642,665,665,46,57,57,87,87,87],"floor_reached":51,"language":"ENG","playtime":3986,"items_purged":["Writhe","Strike_P","Normality","Normality"],"score":1403,"play_id":"e56c3b93-ad76-4073-b51f-8f748abe705b","local_time":"20210129192017","is_ascension_mode":true,"campfire_choices":[{"data":"Eruption","floor":13.0,"key":"SMITH"},{"data":"EmptyFist","floor":15.0,"key":"SMITH"},{"data":"WheelKick","floor":24.0,"key":"SMITH"},{"floor":27.0,"key":"REST"},{"data":"WaveOfTheHand","floor":32.0,"key":"SMITH"},{"floor":40.0,"key":"REST"},{"floor":44.0,"key":"REST"},{"floor":49.0,"key":"REST"}],"circlet_count":0,"master_deck":["AscendersBane","Strike_P","Strike_P","Defend_P","Defend_P","Defend_P","Defend_P","Eruption+1","Vigilance","ReachHeaven+1","ThirdEye","Conclude+1","WaveOfTheHand+1","EmptyFist+1","Wireheading","Crescendo","WheelKick+1","DevaForm","FearNoEvil","WindmillStrike+1","CrushJoints+1","DeusExMachina","SpiritShield","Indignation+1","Apotheosis","ThirdEye+1","Wallop","ConjureBlade","TalkToTheHand"],"relics":["PureWater","Incense Burner","Question Card","Whetstone","Blue Candle","Toolbox","Snecko Eye","Mercury Hourglass","Centennial Puzzle","Juzu Bracelet","Ice Cream","Du-Vu Doll","Fusion Hammer","Pen Nib","ClockworkSouvenir","Sundial","Art of War","Chemical X","White Beast Statue"],"acts_visited":["Exordium","TheCity","TheBeyond"],"potions_floor_usage":[50,50,50,50,50],"damage_taken":[{"damage":2.0,"enemies":"Jaw Worm","floor":1.0,"turns":3.0},{"damage":6.0,"enemies":"Small Slimes","floor":3.0,"turns":4.0},{"damage":3.0,"enemies":"2 Louse","floor":4.0,"turns":7.0},{"damage":6.0,"enemies":"Looter","floor":5.0,"turns":4.0},{"damage":0.0,"enemies":"Lagavulin","floor":6.0,"turns":4.0},{"damage":0.0,"enemies":"Lots of Slimes","floor":7.0,"turns":2.0},{"damage":21.0,"enemies":"3 Sentries","floor":8.0,"turns":8.0},{"damage":0.0,"enemies":"Exordium Wildlife","floor":10.0,"turns":3.0},{"damage":0.0,"enemies":"3 Louse","floor":11.0,"turns":1.0},{"damage":0.0,"enemies":"Gremlin Nob","floor":12.0,"turns":2.0},{"damage":0.0,"enemies":"Slime Boss","floor":16.0,"turns":6.0},{"damage":0.0,"enemies":"Spheric Guardian","floor":18.0,"turns":2.0},{"damage":3.0,"enemies":"2 Thieves","floor":20.0,"turns":4.0},{"damage":1.0,"enemies":"Centurion and Healer","floor":21.0,"turns":5.0},{"damage":0.0,"enemies":"3 Cultists","floor":22.0,"turns":5.0},{"damage":0.0,"enemies":"Gremlin Leader","floor":23.0,"turns":5.0},{"damage":23.0,"enemies":"Book of Stabbing","floor":25.0,"turns":5.0},{"damage":9.0,"enemies":"Slavers","floor":28.0,"turns":2.0},{"damage":11.0,"enemies":"Snake Plant","floor":29.0,"turns":4.0},{"damage":6.0,"enemies":"Book of Stabbing","floor":30.0,"turns":3.0},{"damage":19.0,"enemies":"Collector","floor":33.0,"turns":7.0},{"damage":3.0,"enemies":"3 Darklings","floor":35.0,"turns":6.0},{"damage":1.0,"enemies":"Orb Walker","floor":37.0,"turns":3.0},{"damage":1.0,"enemies":"Transient","floor":42.0,"turns":5.0},{"damage":21.0,"enemies":"Maw","floor":46.0,"turns":4.0},{"damage":0.0,"enemies":"Reptomancer","floor":48.0,"turns":2.0},{"damage":17,"enemies":"Time Eater","floor":50,"turns":4}],"seed_played":"4717859516841395169","potions_obtained":[{"floor":5.0,"key":"DistilledChaos"},{"floor":6.0,"key":"SkillPotion"},{"floor":8.0,"key":"ColorlessPotion"},{"floor":10.0,"key":"SmokeBomb"},{"floor":12.0,"key":"PowerPotion"},{"floor":16.0,"key":"SkillPotion"},{"floor":18.0,"key":"StancePotion"},{"floor":20.0,"key":"AttackPotion"},{"floor":30.0,"key":"ColorlessPotion"},{"floor":37.0,"key":"Ancient Potion"},{"floor":46.0,"key":"AttackPotion"},{"floor":48.0,"key":"PowerPotion"}],"is_trial":false,"path_per_floor":["M","$","M","M","M","E","M","E","T","M","M","E","R","$","R","B",null,"M","$","M","M","M","E","R","E","T","R","E","M","E","?","R","B",null,"M","?","M","?","?","R","$","M","T","R","$","M","?","E","R","B",null],"character_chosen":"WATCHER","items_purchased":["Incense Burner","Toolbox","Wallop","Pen Nib","ClockworkSouvenir","Sundial","ConjureBlade","Chemical X","EntropicBrew","PowerPotion"],"campfire_rested":4,"item_purchase_floors":[2,14,41,41,41,41,45,45,45,45],"current_hp_per_floor":[63,63,57,54,48,48,48,27,27,27,27,27,27,27,27,27,61,61,61,58,57,57,57,57,34,34,55,46,35,29,29,29,10,57,54,44,43,43,43,64,64,63,63,72,72,51,51,51,68,56],"gold":87,"neow_bonus":"TWO_FIFTY_GOLD","is_daily":false,"chose_seed":false,"campfire_upgraded":4,"win_rate":0.0,"timestamp":1611969617,"path_taken":["M","$","M","M","M","E","M","E","T","M","M","E","R","$","R","BOSS","M","$","M","M","M","E","R","E","T","R","E","M","E","?","R","BOSS","M","?","M","?","?","R","$","M","T","R","$","M","?","E","R","BOSS"],"items_purchased_type":["Relic","Relic","Card","Relic","Relic","Relic","Card","Relic","Potion","Potion"],"build_version":"2020-12-22","purchased_purges":4,"victory":true,"max_hp_per_floor":[72,72,72,72,72,72,72,72,72,72,72,72,72,72,72,72,72,72,72,72,72,72,72,72,72,72,72,72,72,72,72,72,72,72,72,72,72,72,72,72,72,72,72,72,72,72,68,68,68,68],"relic_stats":{"counters":[27,110],"Blue Candle":[1],"Pen Nib":[3],"Juzu Bracelet":0,"Whetstone":["Conclude","ReachHeaven"],"Question Card":24,"Mercury Hourglass":[183],"Centennial Puzzle":[27],"Sundial":[2],"Snecko Eye":[119,105,124,134],"Art of War":[2],"Chemical X":[3],"obtain_stats":[{"Ice Cream":28,"Blue Candle":12,"Pen Nib":41,"Incense Burner":2,"Juzu Bracelet":26,"Whetstone":8,"Question Card":6,"White Beast Statue":48,"Mercury Hourglass":23,"ClockworkSouvenir":41,"Du-Vu Doll":30,"Centennial Puzzle":25,"Sundial":41,"Toolbox":14,"Snecko Eye":17,"Fusion Hammer":34,"Art of War":43,"Chemical X":45,"PureWater":0},{"Ice Cream":18,"Blue Candle":10,"Pen Nib":23,"Incense Burner":1,"Juzu Bracelet":17,"Whetstone":7,"Question Card":5,"White Beast Statue":26,"Mercury Hourglass":16,"ClockworkSouvenir":23,"Du-Vu Doll":20,"Centennial Puzzle":17,"Sundial":23,"Toolbox":10,"Snecko Eye":11,"Fusion Hammer":21,"Art of War":24,"Chemical X":24,"PureWater":0},{"Ice Cream":72,"Blue Candle":38,"Pen Nib":95,"Incense Burner":3,"Juzu Bracelet":70,"Whetstone":32,"Question Card":22,"White Beast Statue":106,"Mercury Hourglass":65,"ClockworkSouvenir":95,"Du-Vu Doll":79,"Centennial Puzzle":70,"Sundial":95,"Toolbox":38,"Snecko Eye":44,"Fusion Hammer":86,"Art of War":100,"Chemical X":100,"PureWater":0}]},"card_choices":[{"not_picked":["Halt","FlurryOfBlows"],"picked":"ReachHeaven","floor":1.0},{"not_picked":["Consecrate","Halt"],"picked":"ThirdEye","floor":3.0},{"not_picked":["Prostrate","Worship"],"picked":"Conclude","floor":4.0},{"not_picked":["Swivel","JustLucky"],"picked":"WaveOfTheHand","floor":5.0},{"not_picked":["ClearTheMind","Vengeance"],"picked":"EmptyFist","floor":6.0},{"not_picked":["Swivel","WindmillStrike","Judgement","EmptyBody"],"picked":"SKIP","floor":7.0},{"not_picked":["FlyingSleeves","EmptyFist","EmptyBody"],"picked":"Wireheading","floor":8.0},{"not_picked":["Halt","ClearTheMind","Sanctity","FlyingSleeves"],"picked":"SKIP","floor":10.0},{"not_picked":["ForeignInfluence","MentalFortress","ReachHeaven"],"picked":"Crescendo","floor":11.0},{"not_picked":["Crescendo","SashWhip","SandsOfTime"],"picked":"WheelKick","floor":12.0},{"not_picked":["Devotion","MasterReality","ConjureBlade"],"picked":"DevaForm","floor":16.0},{"not_picked":["EmptyMind","Weave","Collect"],"picked":"FearNoEvil","floor":18.0},{"not_picked":["BattleHymn+1","Protect","EmptyMind"],"picked":"WindmillStrike+1","floor":20.0},{"not_picked":["FlurryOfBlows","Crescendo+1","SashWhip","FlyingSleeves+1"],"picked":"SKIP","floor":21.0},{"not_picked":["BattleHymn","FlyingSleeves","Crescendo"],"picked":"CrushJoints+1","floor":22.0},{"not_picked":["Consecrate","PathToVictory","FollowUp","Halt"],"picked":"SKIP","floor":23.0},{"not_picked":["JustLucky","EmptyBody","BowlingBash"],"picked":"DeusExMachina","floor":25.0},{"not_picked":["Meditate","Worship+1","Crescendo+1","EmptyBody"],"picked":"SKIP","floor":28.0},{"not_picked":["Sanctity","ClearTheMind","FlyingSleeves+1","FearNoEvil"],"picked":"SKIP","floor":29.0},{"not_picked":["CarveReality","JustLucky","Devotion","Nirvana"],"picked":"SKIP","floor":30.0},{"not_picked":["Brilliance","Devotion","Alpha"],"picked":"SpiritShield","floor":33.0},{"not_picked":["Adaptation+1","BowlingBash","Vengeance+1"],"picked":"Indignation+1","floor":35.0},{"not_picked":["Finesse","Violence","Sadistic Nature"],"picked":"Apotheosis","floor":36.0},{"not_picked":["Adaptation+1","Evaluate","Wireheading+1"],"picked":"ThirdEye+1","floor":37.0},{"not_picked":["Crescendo","EmptyBody+1","FlyingSleeves+1","Vengeance+1"],"picked":"SKIP","floor":42.0},{"not_picked":["ThirdEye","CutThroughFate+1","SashWhip+1"],"picked":"TalkToTheHand","floor":46.0},{"not_picked":["SashWhip+1","BowlingBash+1","FollowUp+1","Study"],"picked":"SKIP","floor":48.0}],"player_experience":430821,"relics_obtained":[{"floor":6.0,"key":"Question Card"},{"floor":8.0,"key":"Whetstone"},{"floor":12.0,"key":"Blue Candle"},{"floor":23.0,"key":"Mercury Hourglass"},{"floor":25.0,"key":"Centennial Puzzle"},{"floor":26.0,"key":"Juzu Bracelet"},{"floor":28.0,"key":"Ice Cream"},{"floor":30.0,"key":"Du-Vu Doll"},{"floor":43.0,"key":"Art of War"},{"floor":48.0,"key":"White Beast Statue"}],"event_choices":[{"cards_removed":["Strike_P"],"damage_healed":0.0,"max_hp_gain":0.0,"max_hp_loss":0.0,"gold_gain":0.0,"event_name":"Beggar","player_choice":"Gave Gold","floor":31.0,"gold_loss":75.0,"damage_taken":0.0},{"damage_healed":0.0,"max_hp_gain":0.0,"max_hp_loss":0.0,"gold_gain":0.0,"event_name":"SensoryStone","player_choice":"Memory 3","floor":36.0,"gold_loss":0.0,"damage_taken":10.0},{"damage_healed":0.0,"max_hp_gain":0.0,"max_hp_loss":0.0,"gold_gain":999.0,"event_name":"MindBloom","player_choice":"Gold","floor":38.0,"gold_loss":0.0,"damage_taken":0.0,"cards_obtained":["Normality","Normality"]},{"damage_healed":0.0,"max_hp_gain":0.0,"max_hp_loss":0.0,"gold_gain":0.0,"event_name":"Tomb of Lord Red Mask","player_choice":"Ignored","floor":39.0,"gold_loss":0.0,"damage_taken":0.0},{"damage_healed":0.0,"max_hp_gain":0.0,"max_hp_loss":4.0,"gold_gain":0.0,"event_name":"Winding Halls","player_choice":"Max HP","floor":47.0,"gold_loss":0.0,"damage_taken":0.0}],"is_beta":false,"boss_relics":[{"not_picked":["SlaversCollar","Astrolabe"],"picked":"Snecko Eye"},{"not_picked":["Tiny House","Calling Bell"],"picked":"Fusion Hammer"}],"items_purged_floors":[14,19,41,45],"is_endless":false,"potions_floor_spawned":[5,6,8,10,12,16,18,20,30,37,46,48],"ascension_level":10}}