{"host":"cyh4fejqtcjbfr7k","time":1611989417,"event":{"mods":["2.2 Compatiblity","AchievementEnabler","BaseMod","Colored Map","Colored Powertips","DeckTracker","Downfall","Googly Eyes","Hubris","Infinite Spire","Minty Spire (QoL Compilation)","Replay The Spire","Shop Mod","StSLib","SuperFastMode","Unceasing Turn Reminder"],"gold_per_floor":[114,114,114,131,131,131,165,165,165,190,190,209,223,2,2,98,98,109,109,109,109,122,122,153,153,153,65,76,96,1,29,29,126,126,142,193,212,227,227,257,257,288,288,320,320,320,549,575,575,575,575],"floor_reached":50,"language":"ENG","playtime":2009,"items_purged":["Strike_G"],"score":807,"play_id":"71cd744c-dfa2-4db8-b2c4-8aa0199f012e","local_time":"20210129235017","is_ascension_mode":true,"campfire_choices":[{"floor":6,"key":"REST"},{"floor":11,"key":"REST"},{"floor":15,"key":"REST"},{"floor":23,"key":"REST"},{"data":"Replay:Bag of Tricks","floor":32,"key":"SMITH"},{"floor":41,"key":"REST"},{"floor":46,"key":"REST"},{"data":"Accuracy","floor":49,"key":"SMITH"}],"circlet_count":0,"master_deck":["Strike_G","Strike_G","Strike_G+1","Strike_G","Defend_G","Defend_G","Defend_G","Defend_G","Defend_G","Survivor","Neutralize+1","Cloak And Dagger+1","Tactician","Cloak And Dagger","infinitespire:Starlight","Sucker Punch","Cloak And Dagger","Dodge and Roll","infinitespire:Starlight","Replay:Bag of Tricks+1","Inflame","Masterful Stab+1","Noxious Fumes","Poisoned Stab","Accuracy+1","Dramatic Entrance","Flying Knee","Glass Knife","Infinite Blades+1","Blade Dance+1","Flying Knee","Flying Knee","Noxious Fumes+1","ReplayTheSpireMod:Speed Training"],"relics":["Ring of the Snake","Kunai","hubris:KleinBottle","Garlic","Boot","DollysMirror","Busted Crown","Incense Burner","hubris:MobiusCoin","FossilizedHelix","Sozu","hubris:Zylophone","infinitespire:BottledMercury","Regal Pillow","Pantograph","Ornamental Fan","Mercury Hourglass","hubris:AncientText"],"acts_visited":["Exordium","TheCity","TheBeyond"],"potions_floor_usage":[10,12,22,28,31,33],"damage_taken":[{"damage":12,"enemies":"Jaw Worm","floor":1,"turns":6},{"damage":2,"enemies":"2 Louse","floor":4,"turns":5},{"damage":29,"enemies":"3 Sentries","floor":7,"turns":12},{"damage":28,"enemies":"Lagavulin","floor":10,"turns":9},{"damage":12,"enemies":"Cultist","floor":12,"turns":1},{"damage":3,"enemies":"Large Slime","floor":13,"turns":6},{"damage":75,"enemies":"Fading Forest","floor":16,"turns":11},{"damage":4,"enemies":"Shell Parasite","floor":18,"turns":8},{"damage":18,"enemies":"Chosen","floor":22,"turns":6},{"damage":21,"enemies":"Replay:Snechameleon","floor":24,"turns":9},{"damage":1,"enemies":"3 Cultists","floor":28,"turns":7},{"damage":14,"enemies":"Centurion and Healer","floor":29,"turns":6},{"damage":0,"enemies":"Gremlin Leader","floor":31,"turns":7},{"damage":44,"enemies":"Champ","floor":33,"turns":15},{"damage":0,"enemies":"Orb Walker","floor":35,"turns":3},{"damage":36,"enemies":"2 Orb Walkers","floor":36,"turns":7},{"damage":40,"enemies":"3 Shapes","floor":37,"turns":3},{"damage":0,"enemies":"Spire Growth","floor":38,"turns":4},{"damage":37,"enemies":"Giant Head","floor":40,"turns":8},{"damage":8,"enemies":"Nemesis","floor":42,"turns":5},{"damage":19,"enemies":"Giant Head","floor":44,"turns":7},{"damage":0,"enemies":"Reptomancer","floor":47,"turns":7},{"damage":127,"enemies":"Time Eater","floor":50,"turns":10}],"seed_played":"-3189304202216844270","potions_obtained":[{"floor":7,"key":"Swift Potion"},{"floor":10,"key":"Death Potion"},{"floor":12,"key":"SpeedPotion"},{"floor":18,"key":"Elixir"},{"floor":28,"key":"Reflective Coating"},{"floor":29,"key":"Poison Potion"},{"floor":33,"key":"BlessingOfTheForge"}],"is_trial":false,"path_per_floor":["M","?","?","M","?","R","E","$","T","E","R","M","M","$","R","B",null,"M","?","?","?","M","R","E","?","T","$","M","M","$","E","R","B",null,"M","?","M","M","?","E","R","E","T","E","?","R","E","T","R","B"],"character_chosen":"THE_SILENT","items_purchased":["hubris:KleinBottle","DollysMirror","Noxious Fumes","Poisoned Stab","Dramatic Entrance"],"campfire_rested":6,"item_purchase_floors":[8,14,27,27,30],"current_hp_per_floor":[58,58,80,78,62,80,51,32,32,14,38,26,33,33,57,10,80,76,76,76,76,65,80,69,54,54,54,73,69,69,79,79,55,85,85,49,19,19,19,42,67,85,85,66,66,85,85,85,85,0,0],"gold":575,"neow_bonus":"ONE_RANDOM_RARE_CARD","is_daily":false,"chose_seed":false,"campfire_upgraded":2,"win_rate":0.0,"timestamp":1611989417,"path_taken":["M","?","?","?","?","R","E","?","T","E","R","M","M","$","R","BOSS","M","?","?","?","M","R","E","?","T","$","?","M","$","E","R","BOSS","M","?","M","M","?","E","R","E","T","E","?","R","E","?","R","BOSS"],"items_purchased_type":["Relic","Relic","Card","Card","Card"],"build_version":"2020-12-22","purchased_purges":1,"victory":false,"max_hp_per_floor":[70,70,80,80,80,80,80,80,80,80,80,80,80,80,80,80,80,80,80,80,80,80,80,80,85,85,85,85,85,85,85,85,85,85,85,85,85,85,85,85,85,85,85,85,85,85,85,85,85,85,85],"card_choices":[{"not_picked":["Flying Knee","Leg Sweep"],"picked":"Cloak And Dagger","floor":1},{"not_picked":["hubris:Sniper","Prepared"],"picked":"Tactician","floor":4},{"not_picked":["Masterful Stab","Terror"],"picked":"Cloak And Dagger","floor":7},{"not_picked":["infinitespire:Gouge","infinitespire:FutureSight"],"picked":"infinitespire:Starlight","floor":8},{"not_picked":["Sneak Up","Well Laid Plans"],"picked":"Sucker Punch","floor":10},{"not_picked":["Replay:Poison Smokescreen","Dagger Spray"],"picked":"Cloak And Dagger","floor":12},{"not_picked":["Corpse Explosion","PiercingWail"],"picked":"Dodge and Roll","floor":13},{"not_picked":["Tools of the Trade","Wraith Form v2"],"picked":"Replay:Bag of Tricks","floor":16},{"not_picked":["Skewer"],"picked":"SKIP","floor":18},{"not_picked":["Bane"],"picked":"SKIP","floor":22},{"not_picked":[],"picked":"Masterful Stab+1","floor":24},{"not_picked":["Prepared"],"picked":"SKIP","floor":28},{"not_picked":[],"picked":"Accuracy","floor":29},{"not_picked":[],"picked":"Flying Knee","floor":31},{"not_picked":[],"picked":"Glass Knife","floor":33},{"not_picked":[],"picked":"Infinite Blades+1","floor":35},{"not_picked":[],"picked":"Blade Dance+1","floor":36},{"not_picked":[],"picked":"Flying Knee","floor":37},{"not_picked":[],"picked":"Flying Knee","floor":38},{"not_picked":[],"picked":"Noxious Fumes+1","floor":40},{"not_picked":["Masterful Stab"],"picked":"SKIP","floor":42},{"not_picked":["Dagger Throw+1"],"picked":"SKIP","floor":44},{"not_picked":[],"picked":"ReplayTheSpireMod:Speed Training","floor":47}],"player_experience":622281,"relics_obtained":[{"floor":7,"key":"Kunai"},{"floor":9,"key":"Garlic"},{"floor":10,"key":"Boot"},{"floor":24,"key":"Incense Burner"},{"floor":26,"key":"hubris:MobiusCoin"},{"floor":31,"key":"FossilizedHelix"},{"floor":36,"key":"hubris:Zylophone"},{"floor":40,"key":"infinitespire:BottledMercury"},{"floor":42,"key":"Regal Pillow"},{"floor":43,"key":"Pantograph"},{"floor":44,"key":"Ornamental Fan"},{"floor":47,"key":"Mercury Hourglass"},{"floor":48,"key":"hubris:AncientText"}],"event_choices":[{"damage_healed":0,"gold_gain":0,"player_choice":"Grow","damage_taken":0,"max_hp_gain":0,"max_hp_loss":0,"event_name":"Living Wall","floor":2,"gold_loss":0,"cards_upgraded":["Cloak And Dagger"]},{"cards_removed":["Tools of the Trade"],"damage_healed":12,"gold_gain":0,"player_choice":"Offered Rare","damage_taken":0,"max_hp_gain":10,"max_hp_loss":0,"event_name":"Bonfire Elementals","floor":3,"gold_loss":0},{"damage_healed":0,"gold_gain":0,"player_choice":"Entered Light","damage_taken":16,"max_hp_gain":0,"max_hp_loss":0,"event_name":"Shining Light","floor":5,"gold_loss":0,"cards_upgraded":["Strike_G","Neutralize"]},{"damage_healed":0,"gold_gain":0,"player_choice":"Read","damage_taken":0,"max_hp_gain":0,"max_hp_loss":0,"event_name":"The Library","floor":19,"gold_loss":0,"cards_obtained":["Inflame"]},{"damage_healed":0,"gold_gain":0,"player_choice":"Ignored","damage_taken":0,"max_hp_gain":0,"max_hp_loss":0,"event_name":"Beggar","floor":21,"gold_loss":0},{"damage_healed":0,"gold_gain":0,"player_choice":"Shed Blood","damage_taken":20,"max_hp_gain":5,"max_hp_loss":0,"event_name":"Forgotten Altar","floor":25,"gold_loss":0},{"damage_healed":0,"gold_gain":0,"player_choice":"Fight","damage_taken":0,"max_hp_gain":0,"max_hp_loss":0,"event_name":"Mysterious Sphere","floor":36,"gold_loss":0},{"damage_healed":0,"gold_gain":0,"player_choice":"Memory 1","damage_taken":0,"max_hp_gain":0,"max_hp_loss":0,"event_name":"SensoryStone","floor":39,"gold_loss":0}],"is_beta":false,"boss_relics":[{"not_picked":["hubris:Stopwatch","Runic Pyramid"],"picked":"Busted Crown"},{"not_picked":["Honey Jar","Empty Cage"],"picked":"Sozu"}],"items_purged_floors":[14],"is_endless":false,"potions_floor_spawned":[7,10,12,18,28,29,33,35,36,42,44],"killed_by":"Time Eater","ascension_level":4}}