{"host":"rkezzvf6da7mjjsm","time":1611979189,"event":{"mods":["BaseMod","Colored Map","Minty Spire (QoL Compilation)","Relic Stats","StSLib"],"gold_per_floor":[209,209,229,240,41,41,75,15,86,97,97,97,97],"floor_reached":12,"language":"ENG","playtime":674,"items_purged":["Strike_G"],"score":156,"play_id":"ca8f0afd-1807-46b4-ba9d-f66206e1cb50","local_time":"20210130145949","is_ascension_mode":true,"campfire_choices":[{"data":"Dagger Spray","floor":6,"key":"SMITH"},{"data":"Neutralize","floor":11,"key":"SMITH"}],"circlet_count":0,"master_deck":["AscendersBane","Strike_G","Strike_G","Strike_G","Defend_G","Defend_G","Defend_G","Defend_G","Defend_G","Survivor","Neutralize+1","Poisoned Stab","Backflip","Dagger Spray+1","PiercingWail","Riddle With Holes"],"relics":["Ring of the Snake","Membership Card","Oddly Smooth Stone","Kunai"],"acts_visited":["Exordium"],"potions_floor_usage":[7,12],"damage_taken":[{"damage":5,"enemies":"Jaw Worm","floor":1,"turns":6},{"damage":4,"enemies":"Cultist","floor":3,"turns":5},{"damage":1,"enemies":"Small Slimes","floor":4,"turns":4},{"damage":22,"enemies":"3 Sentries","floor":7,"turns":7},{"damage":2,"enemies":"Looter","floor":8,"turns":5},{"damage":0,"enemies":"2 Fungi Beasts","floor":10,"turns":4},{"damage":40,"enemies":"Gremlin Nob","floor":12,"turns":4}],"seed_played":"1094236685496435474","potions_obtained":[{"floor":4,"key":"DistilledChaos"},{"floor":10,"key":"SpeedPotion"}],"is_trial":false,"path_per_floor":["M","?","M","M","$","R","E","M","T","M","R","E"],"character_chosen":"THE_SILENT","items_purchased":["Membership Card"],"campfire_rested":0,"item_purchase_floors":[5],"current_hp_per_floor":[54,54,50,49,49,49,27,25,25,25,25,0,0],"gold":97,"neow_bonus":"HUNDRED_GOLD","is_daily":false,"chose_seed":false,"campfire_upgraded":2,"win_rate":0.0,"timestamp":1611979189,"path_taken":["M","?","M","M","$","R","E","M","T","M","R","E"],"items_purchased_type":["Relic"],"build_version":"2020-12-22","purchased_purges":1,"victory":false,"max_hp_per_floor":[66,66,66,66,66,66,66,66,66,66,66,66,66],"relic_stats":{"counters":[7,35],"Kunai":[0],"obtain_stats":[{"Oddly Smooth Stone":7,"Membership Card":5,"Kunai":9,"Ring of the Snake":0},{"Oddly Smooth Stone":4,"Membership Card":3,"Kunai":5,"Ring of the Snake":0},{"Oddly Smooth Stone":22,"Membership Card":15,"Kunai":27,"Ring of the Snake":0}],"Ring of the Snake":[14]},"card_choices":[{"not_picked":["Deflect","Endless Agony"],"picked":"Poisoned Stab","floor":1},{"not_picked":["Expertise","Tactician"],"picked":"Backflip","floor":3},{"not_picked":["Flying Knee","Quick Slash"],"picked":"Dagger Spray","floor":4},{"not_picked":["Setup","Burst"],"picked":"PiercingWail","floor":7},{"not_picked":["Blur","Tactician"],"picked":"Riddle With Holes","floor":8},{"not_picked":["Bane","Slice","Skewer"],"picked":"SKIP","floor":10}],"player_experience":644549,"relics_obtained":[{"floor":7,"key":"Oddly Smooth Stone"},{"floor":9,"key":"Kunai"}],"event_choices":[{"cards_removed":["Strike_G"],"damage_healed":0,"gold_gain":0,"player_choice":"Purged","damage_taken":0,"max_hp_gain":0,"max_hp_loss":0,"event_name":"Purifier","floor":2,"gold_loss":0}],"is_beta":false,"boss_relics":[],"items_purged_floors":[5],"is_endless":false,"potions_floor_spawned":[4,10],"killed_by":"Gremlin Nob","ascension_level":20}}