{"host":"l4kdldlios54gl54","time":1611980714,"event":{"mods":["AchievementEnabler","BaseMod","Colored Map","Colored Powertips","Minty Spire (QoL Compilation)","Random Character Button"],"gold_per_floor":[115,135,135,60,60,60,91,103,168,180,216,248,260,272,284,390,402,432,444,196,196,196,196,210,210,210,210,248,248,113,163,163,163,163],"floor_reached":33,"language":"ENG","playtime":835,"items_purged":["Strike_R","Parasite"],"score":564,"play_id":"e3995362-dce3-4d73-ac76-d6a5aabc6625","local_time":"20210130052514","is_ascension_mode":true,"campfire_choices":[{"data":"Spot Weakness","floor":6,"key":"SMITH"},{"data":"Rupture","floor":8,"key":"SMITH"},{"data":"Ghostly Armor","floor":15,"key":"SMITH"},{"floor":23,"key":"REST"},{"data":"Immolate","floor":25,"key":"SMITH"},{"data":"Power Through","floor":27,"key":"SMITH"},{"floor":29,"key":"REST"},{"data":"Battle Trance","floor":32,"key":"SMITH"}],"circlet_count":0,"master_deck":["AscendersBane","Strike_R+1","Strike_R+1","Strike_R+1","Strike_R+1","Defend_R+1","Defend_R+1","Defend_R+1","Defend_R+1","Bash","Spot Weakness+1","Rupture+1","Ghostly Armor+1","Immolate+1","Power Through+1","Battle Trance+1"],"relics":["Burning Blood","NeowsBlessing","Golden Idol","MawBank","Strawberry","Busted Crown","Regal Pillow","Pantograph","Mummified Hand"],"acts_visited":["Exordium","TheCity"],"potions_floor_usage":[16,16,33,33],"damage_taken":[{"damage":0,"enemies":"2 Louse","floor":1,"turns":1},{"damage":0,"enemies":"Jaw Worm","floor":2,"turns":1},{"damage":0,"enemies":"3 Sentries","floor":7,"turns":1},{"damage":0,"enemies":"Cultist","floor":11,"turns":2},{"damage":15,"enemies":"3 Louse","floor":12,"turns":5},{"damage":40,"enemies":"The Guardian","floor":16,"turns":12},{"damage":33,"enemies":"Chosen","floor":18,"turns":5},{"damage":6,"enemies":"2 Thieves","floor":24,"turns":4},{"damage":50,"enemies":"Slavers","floor":28,"turns":5},{"damage":96,"enemies":"Champ","floor":33,"turns":14}],"seed_played":"-1446299009112809297","potions_obtained":[{"floor":1,"key":"DuplicationPotion"},{"floor":2,"key":"SpeedPotion"},{"floor":11,"key":"Block Potion"},{"floor":28,"key":"PowerPotion"}],"is_trial":false,"path_per_floor":["M","M","?","$","?","R","E","R","T","?","M","M","?","$","R","B",null,"M","?","$","?","?","R","M","R","T","R","E","R","$","?","R","B"],"character_chosen":"IRONCLAD","items_purchased":["Regal Pillow","Battle Trance","Block Potion"],"campfire_rested":2,"item_purchase_floors":[20,30,30],"current_hp_per_floor":[74,75,68,68,48,48,54,54,61,66,72,63,80,80,80,46,72,45,45,45,45,45,77,77,77,77,77,33,71,71,71,71,0,0],"gold":163,"neow_bonus":"THREE_ENEMY_KILL","is_daily":false,"chose_seed":false,"campfire_upgraded":6,"win_rate":0.0,"timestamp":1611980714,"path_taken":["M","M","?","$","?","R","E","R","T","?","?","?","?","$","R","BOSS","M","?","$","?","?","R","M","R","T","R","E","R","$","?","R","BOSS"],"items_purchased_type":["Relic","Card","Potion"],"build_version":"2020-12-22","purchased_purges":2,"victory":false,"max_hp_per_floor":[75,75,68,68,68,68,68,68,75,80,80,80,80,80,80,80,80,80,80,77,77,77,77,77,77,77,77,77,77,77,77,77,77,77],"card_choices":[{"not_picked":["Bloodletting","Intimidate"],"picked":"Spot Weakness","floor":1},{"not_picked":["Metallicize","Iron Wave","Clothesline"],"picked":"SKIP","floor":2},{"not_picked":["Intimidate","Spot Weakness"],"picked":"Rupture","floor":7},{"not_picked":["Twin Strike","Sword Boomerang"],"picked":"Ghostly Armor","floor":11},{"not_picked":["Blood for Blood","Twin Strike","Sword Boomerang"],"picked":"SKIP","floor":12},{"not_picked":["Bludgeon","Demon Form"],"picked":"Immolate","floor":16},{"not_picked":["Pummel"],"picked":"SKIP","floor":18},{"not_picked":["Clothesline"],"picked":"SKIP","floor":24},{"not_picked":["Sentinel+1"],"picked":"SKIP","floor":28}],"player_experience":897024,"relics_obtained":[{"floor":7,"key":"MawBank"},{"floor":9,"key":"Strawberry"},{"floor":26,"key":"Pantograph"},{"floor":28,"key":"Mummified Hand"}],"event_choices":[{"damage_healed":0,"gold_gain":0,"player_choice":"Lose Max HP","damage_taken":0,"relics_obtained":["Golden Idol"],"max_hp_gain":0,"max_hp_loss":7,"event_name":"Golden Idol","floor":3,"gold_loss":0},{"damage_healed":0,"gold_gain":0,"player_choice":"Entered Light","damage_taken":20,"max_hp_gain":0,"max_hp_loss":0,"event_name":"Shining Light","floor":5,"gold_loss":0,"cards_upgraded":["Strike_R","Strike_R"]},{"damage_healed":0,"gold_gain":0,"player_choice":"Donut","damage_taken":0,"max_hp_gain":5,"max_hp_loss":0,"event_name":"Big Fish","floor":10,"gold_loss":0},{"damage_healed":20,"gold_gain":0,"player_choice":"Healed and dodged fight","damage_taken":0,"max_hp_gain":0,"max_hp_loss":0,"event_name":"Mushrooms","floor":13,"gold_loss":0,"cards_obtained":["Parasite"]},{"damage_healed":0,"gold_gain":0,"player_choice":"Read","damage_taken":0,"max_hp_gain":0,"max_hp_loss":0,"event_name":"The Library","floor":19,"gold_loss":0,"cards_obtained":["Power Through"]},{"damage_healed":0,"gold_gain":0,"player_choice":"Simplicity","damage_taken":0,"max_hp_gain":0,"max_hp_loss":0,"event_name":"Back to Basics","floor":21,"gold_loss":0,"cards_upgraded":["Strike_R","Strike_R","Defend_R","Defend_R","Defend_R","Defend_R"]},{"damage_healed":0,"gold_gain":0,"player_choice":"Ignored","damage_taken":0,"max_hp_gain":0,"max_hp_loss":0,"event_name":"The Mausoleum","floor":22,"gold_loss":0},{"damage_healed":0,"gold_gain":50,"player_choice":"Stole From Cult","damage_taken":0,"max_hp_gain":0,"max_hp_loss":0,"event_name":"Nest","floor":31,"gold_loss":0}],"is_beta":false,"boss_relics":[{"not_picked":["SacredBark","SlaversCollar"],"picked":"Busted Crown"}],"items_purged_floors":[4,20],"is_endless":false,"potions_floor_spawned":[1,2,11,28],"killed_by":"Champ","ascension_level":20}}