{"host":"xc18ixkpjvqrt8st","time":1611971813,"event":{"mods":["Act Like it!","BaseMod","Better Match","Better Third Choice","Conspire","Hallownest","Hermit","Hubris","Infinite Spire","JesterMod","Minty Spire (QoL Compilation)","Reliquary","Replay The Spire","Robot Space Explorer","Shop Mod","Spicy Shops","Spire Arcade","StSLib","The Animator","The Edgeheg","The Jungle","The Marked","The Sage"],"gold_per_floor":[111,125,125,140,150,150,150],"floor_reached":6,"language":"ENG","playtime":485,"items_purged":[],"score":38,"play_id":"43d46548-b881-469a-9f96-f94432a6fed5","local_time":"20210129195653","is_ascension_mode":false,"campfire_choices":[],"circlet_count":0,"master_deck":["jesterMod:Strike","jesterMod:Strike","jesterMod:Strike","jesterMod:Strike","jesterMod:Sickle","jesterMod:Defend","jesterMod:Defend","jesterMod:Defend","jesterMod:Defend","jesterMod:Dodge","jesterMod:JackInTheBox","jesterMod:Patience+1","jesterMod:BouncingKnife","jesterMod:RecklessStrike"],"relics":["jesterMod:JesterCap","NeowsBlessing"],"acts_visited":["Exordium"],"potions_floor_usage":[],"damage_taken":[{"damage":0,"enemies":"Small Slimes","floor":1,"turns":1},{"damage":0,"enemies":"Jaw Worm","floor":2,"turns":1},{"damage":0,"enemies":"conspire:RoseBush","floor":4,"turns":1},{"damage":20,"enemies":"Gremlin Gang","floor":5,"turns":7},{"damage":41,"enemies":"3 Sentries","floor":6,"turns":11}],"seed_played":"-2387441321634626658","potions_obtained":[{"floor":4,"key":"Death Potion"},{"floor":5,"key":"DistilledChaos"}],"is_trial":false,"path_per_floor":["M","M","?","M","M","E"],"character_chosen":"THE_JESTER","items_purchased":[],"campfire_rested":0,"item_purchase_floors":[],"current_hp_per_floor":[70,70,70,70,50,9,9],"gold":150,"neow_bonus":"THREE_ENEMY_KILL","is_daily":false,"chose_seed":false,"campfire_upgraded":0,"win_rate":0.0,"timestamp":1611971813,"path_taken":["M","M","?","M","M","E"],"items_purchased_type":[],"build_version":"2020-12-22","purchased_purges":0,"victory":false,"max_hp_per_floor":[70,70,70,70,70,70,70],"card_choices":[{"not_picked":["jesterMod:Feint","jesterMod:TrickyDodge"],"picked":"jesterMod:JackInTheBox","floor":1},{"not_picked":["jesterMod:TrickyDodge","jesterMod:DancingMad"],"picked":"jesterMod:Patience","floor":2},{"not_picked":["jesterMod:Placebo","jesterMod:Feint"],"picked":"jesterMod:BouncingKnife","floor":4},{"not_picked":["jesterMod:JackInTheBox","jesterMod:Tinker"],"picked":"jesterMod:RecklessStrike","floor":5}],"player_experience":619568,"relics_obtained":[],"event_choices":[{"damage_healed":0,"gold_gain":0,"player_choice":"Grow","damage_taken":0,"max_hp_gain":0,"max_hp_loss":0,"event_name":"Living Wall","floor":3,"gold_loss":0,"cards_upgraded":["jesterMod:Patience"]}],"is_beta":false,"boss_relics":[],"items_purged_floors":[],"is_endless":false,"potions_floor_spawned":[4,5],"killed_by":"3 Sentries","ascension_level":0}}