{"host":"c44ey07ufggfw2m8","time":1611990013,"event":{"mods":["2.2 Compatiblity","BaseMod","Colored Map","DeckTracker","Highlight Path","Keyboard Shortcuts","Minty Spire (QoL Compilation)","Permanent Neow","Quick Restart","StSLib","SuperFastMode","UnlockEverythingMod"],"gold_per_floor":[109,109,120,136,136,136,136,136,136,150,169,196,211,221,221,221,221],"floor_reached":16,"language":"KOR","playtime":432,"items_purged":[],"score":156,"play_id":"7252eb19-ff2a-4b22-9982-85d3bf527910","local_time":"20210130160013","is_ascension_mode":true,"campfire_choices":[{"data":"Blade Dance","floor":6,"key":"SMITH"},{"data":"Backstab","floor":8,"key":"SMITH"},{"data":"Dagger Spray","floor":15,"key":"SMITH"}],"circlet_count":0,"master_deck":["AscendersBane","Strike_G","Strike_G","Defend_G","Defend_G","Defend_G","Defend_G","Survivor","Neutralize","Backstab+1","Backflip","Blade Dance+1","Deadly Poison","Escape Plan","Dagger Spray+1","Calculated Gamble","Bouncing Flask","Dagger Spray"],"relics":["Ring of the Snake","The Courier","Strawberry","Pen Nib"],"acts_visited":["Exordium"],"potions_floor_usage":[12,16,16],"damage_taken":[{"damage":4,"enemies":"2 Louse","floor":1,"turns":5},{"damage":0,"enemies":"Cultist","floor":3,"turns":4},{"damage":0,"enemies":"Jaw Worm","floor":4,"turns":3},{"damage":1,"enemies":"Looter","floor":10,"turns":3},{"damage":5,"enemies":"Gremlin Gang","floor":11,"turns":7},{"damage":19,"enemies":"Gremlin Nob","floor":12,"turns":3},{"damage":0,"enemies":"Exordium Wildlife","floor":13,"turns":2},{"damage":6,"enemies":"Exordium Thugs","floor":14,"turns":3},{"damage":35,"enemies":"Slime Boss","floor":16,"turns":5}],"seed_played":"-4348785853118358582","potions_obtained":[{"floor":1,"key":"SpeedPotion"},{"floor":10,"key":"Dexterity Potion"},{"floor":11,"key":"SteroidPotion"},{"floor":13,"key":"DistilledChaos"}],"is_trial":false,"path_per_floor":["M","?","M","M","?","R","T","R","T","M","M","E","M","M","R","B"],"character_chosen":"THE_SILENT","items_purchased":[],"campfire_rested":0,"item_purchase_floors":[],"current_hp_per_floor":[59,59,59,59,59,59,59,59,66,65,60,41,41,35,35,0,0],"gold":221,"neow_bonus":"REMOVE_TWO","is_daily":false,"chose_seed":false,"campfire_upgraded":3,"win_rate":0.0,"timestamp":1611990013,"path_taken":["M","?","?","M","?","R","?","R","T","M","M","E","M","M","R","BOSS"],"items_purchased_type":[],"build_version":"2020-12-22","purchased_purges":0,"victory":false,"max_hp_per_floor":[63,63,63,63,63,63,63,63,70,70,70,70,70,70,70,70,70],"card_choices":[{"not_picked":["Flying Knee","Acrobatics"],"picked":"Backstab","floor":1},{"not_picked":["Deflect","Sucker Punch"],"picked":"Blade Dance","floor":3},{"not_picked":["Tactician","Dodge and Roll"],"picked":"Deadly Poison","floor":4},{"not_picked":["Dagger Throw","Dodge and Roll"],"picked":"Dagger Spray","floor":10},{"not_picked":["Sucker Punch","Deflect"],"picked":"Calculated Gamble","floor":11},{"not_picked":["Flying Knee","Slice"],"picked":"Bouncing Flask","floor":12},{"not_picked":["Bane","Storm of Steel"],"picked":"Dagger Spray","floor":13},{"not_picked":["Acrobatics","Heel Hook","Sucker Punch"],"picked":"SKIP","floor":14}],"player_experience":90307,"relics_obtained":[{"floor":7,"key":"The Courier"},{"floor":9,"key":"Strawberry"},{"floor":12,"key":"Pen Nib"}],"event_choices":[{"damage_healed":0,"gold_gain":0,"cards_transformed":["Strike_G"],"player_choice":"Transformed","damage_taken":0,"max_hp_gain":0,"max_hp_loss":0,"event_name":"Transmorgrifier","floor":2,"gold_loss":0,"cards_obtained":["Backflip"]},{"damage_healed":0,"gold_gain":0,"cards_transformed":["Strike_G"],"player_choice":"Change","damage_taken":0,"max_hp_gain":0,"max_hp_loss":0,"event_name":"Living Wall","floor":5,"gold_loss":0,"cards_obtained":["Escape Plan"]}],"is_beta":false,"boss_relics":[],"items_purged_floors":[],"is_endless":false,"potions_floor_spawned":[1,10,11,13,14],"killed_by":"Slime Boss","ascension_level":10}}