{"host":"k5yjj86hwv5qv2gx","time":1611965110,"event":{"mods":["BaseMod","BetterRewards","Minty Spire (QoL Compilation)","StSLib"],"gold_per_floor":[127,52,73,110,110,151,226,264,264,423,455,464,502,126,126,209,254,287,287,26,56,90,128,167,202,277,312,350,359,468,497,497,580,580,603,563,403,436,128,163,163,191,191,191,221,246,272,307,307,307,307,307,307,22,64,64],"floor_reached":57,"language":"ENG","playtime":3951,"items_purged":["Strike_P","Strike_P","Regret","Doubt"],"score":3808,"play_id":"8de7d364-602a-4e05-9956-2fd5e764d565","local_time":"20210129160510","is_ascension_mode":true,"campfire_choices":[{"floor":15,"key":"RECALL"},{"floor":29,"key":"REST"},{"data":"Fasting2","floor":32,"key":"SMITH"},{"data":"Discovery","floor":41,"key":"SMITH"},{"data":"DevaForm","floor":44,"key":"SMITH"},{"data":"SpiritShield","floor":49,"key":"SMITH"},{"data":"Scrawl","floor":53,"key":"SMITH"}],"circlet_count":0,"master_deck":["AscendersBane","Eruption+1","Vigilance","FlurryOfBlows+1","EmptyFist","Swivel+1","Alpha+1","CutThroughFate+1","EmptyFist","Evaluate+1","Swivel+1","EmptyBody","ClearTheMind","Establishment","SpiritShield","Scrawl+1","Judgement+1","Worship","BattleHymn+1","FlurryOfBlows","SashWhip+1","Protect+1","Fasting2+1","EmptyFist","Evaluate+1","ThirdEye+1","JustLucky+1","Prostrate+1","Prostrate","LessonLearned","CrushJoints","EmptyFist+1","SpiritShield","CutThroughFate+1","Prostrate","JustLucky+1","Evaluate+1","Protect","DevaForm+1","Wallop","Discovery+1","EmptyMind+1","Protect+1","Wireheading+1","Protect","EmptyFist","JustLucky","CutThroughFate+1","SpiritShield+1","Apotheosis","Wallop","SashWhip"],"relics":["PureWater","Bird Faced Urn","Toy Ornithopter","Lantern","Prayer Wheel","CeramicFish","Calipers","OrangePellets","CaptainsWheel","Lee\u0027s Waffle","WingedGreaves","Centennial Puzzle","Membership Card","Oddly Smooth Stone","Whetstone","Ancient Tea Set","Meat on the Bone","Bag of Preparation","Bag of Marbles","Boot","TungstenRod","Toolbox","Pandora\u0027s Box","Regal Pillow","ClockworkSouvenir","Pen Nib","Dream Catcher","War Paint","Matryoshka","PreservedInsect","Ice Cream","Bottled Flame","Busted Crown","Vajra","Shuriken","Damaru","Sling","Blue Candle","Mango","Smiling Mask","Kunai","Ginger","Orichalcum","HandDrill","Happy Flower","Nunchaku"],"acts_visited":["Exordium","TheCity","TheBeyond","TheEnding"],"potions_floor_usage":[6,23,23,30,36,47,56,56],"damage_taken":[{"damage":0,"enemies":"Jaw Worm","floor":1,"turns":2},{"damage":0,"enemies":"2 Louse","floor":3,"turns":2},{"damage":0,"enemies":"Small Slimes","floor":4,"turns":3},{"damage":0,"enemies":"Lagavulin","floor":6,"turns":4},{"damage":3,"enemies":"3 Sentries","floor":8,"turns":4},{"damage":3,"enemies":"Exordium Wildlife","floor":11,"turns":4},{"damage":7,"enemies":"Lagavulin","floor":13,"turns":7},{"damage":3,"enemies":"The Guardian","floor":16,"turns":9},{"damage":12,"enemies":"Shell Parasite","floor":18,"turns":7},{"damage":0,"enemies":"3 Byrds","floor":21,"turns":4},{"damage":7,"enemies":"Snake Plant","floor":22,"turns":4},{"damage":8,"enemies":"Slavers","floor":23,"turns":4},{"damage":3,"enemies":"Book of Stabbing","floor":24,"turns":5},{"damage":10,"enemies":"Slavers","floor":25,"turns":3},{"damage":30,"enemies":"Gremlin Leader","floor":27,"turns":8},{"damage":24,"enemies":"Slavers","floor":28,"turns":6},{"damage":6,"enemies":"Colosseum Slavers","floor":30,"turns":6},{"damage":11,"enemies":"Colosseum Nobs","floor":30,"turns":5},{"damage":0,"enemies":"Snecko","floor":31,"turns":5},{"damage":27,"enemies":"Automaton","floor":33,"turns":8},{"damage":0,"enemies":"Orb Walker","floor":35,"turns":6},{"damage":0,"enemies":"3 Shapes","floor":38,"turns":4},{"damage":0,"enemies":"Giant Head","floor":40,"turns":4},{"damage":0,"enemies":"Nemesis","floor":42,"turns":10},{"damage":0,"enemies":"Maw","floor":45,"turns":7},{"damage":0,"enemies":"Mind Bloom Boss Battle","floor":46,"turns":4},{"damage":0,"enemies":"Transient","floor":47,"turns":6},{"damage":8,"enemies":"Reptomancer","floor":48,"turns":6},{"damage":15,"enemies":"Donu and Deca","floor":50,"turns":6},{"damage":4,"enemies":"Time Eater","floor":51,"turns":12},{"damage":14,"enemies":"Shield and Spear","floor":55,"turns":4},{"damage":44,"enemies":"The Heart","floor":56,"turns":8}],"seed_played":"-6929427524665773530","potions_obtained":[{"floor":4,"key":"SkillPotion"},{"floor":6,"key":"Swift Potion"},{"floor":13,"key":"AttackPotion"},{"floor":16,"key":"SkillPotion"},{"floor":24,"key":"Fruit Juice"},{"floor":25,"key":"Swift Potion"},{"floor":30,"key":"Dexterity Potion"},{"floor":36,"key":"Fruit Juice"},{"floor":36,"key":"DistilledChaos"},{"floor":38,"key":"PowerPotion"},{"floor":47,"key":"CultistPotion"}],"is_trial":false,"path_per_floor":["M","?","M","M","?","E","?","E","T","?","M","?","E","$","R","B",null,"M","?","$","M","M","E","E","E","T","E","E","R","?","M","R","B",null,"M","?","$","M","$","E","R","E","T","R","M","?","M","E","R","B","B",null,"R","$","E","B",null],"character_chosen":"WATCHER","items_purchased":["Toy Ornithopter","Lantern","CeramicFish","Calipers","OrangePellets","FlurryOfBlows","Lee\u0027s Waffle","WingedGreaves","Centennial Puzzle","Membership Card","Oddly Smooth Stone","Whetstone","TungstenRod","Toolbox","SpiritShield","Regal Pillow","ClockworkSouvenir","EmptyFist","Evaluate","Vajra","Discovery","EmptyMind","Shuriken","Damaru","Sling","HandDrill","Apotheosis","Happy Flower","Wallop"],"campfire_rested":1,"item_purchase_floors":[0,0,0,0,0,0,0,0,0,0,0,0,14,14,14,20,20,20,20,37,37,37,39,39,39,54,54,54,54],"current_hp_per_floor":[75,75,75,75,52,57,46,43,43,43,40,40,47,47,47,52,69,61,75,75,75,70,69,70,62,62,48,42,75,74,78,78,53,73,77,85,85,85,85,85,85,99,99,99,99,99,99,94,94,86,90,97,97,97,85,63],"gold":64,"neow_bonus":"","is_daily":false,"chose_seed":false,"campfire_upgraded":5,"win_rate":0.0,"timestamp":1611965110,"path_taken":["M","?","M","M","?","E","?","E","T","?","?","?","E","$","R","BOSS","M","?","?","M","M","E","E","E","T","E","E","R","?","M","R","BOSS","M","?","?","M","$","E","R","E","T","R","M","?","M","E","R","BOSS","BOSS","R","$","E","BOSS"],"items_purchased_type":["Relic","Relic","Relic","Relic","Relic","Card","Relic","Relic","Relic","Relic","Relic","Relic","Relic","Relic","Card","Relic","Relic","Card","Card","Relic","Card","Card","Relic","Relic","Relic","Relic","Card","Relic","Card"],"build_version":"2020-12-22","purchased_purges":4,"victory":true,"max_hp_per_floor":[75,75,75,75,75,75,75,75,75,75,75,75,75,75,75,75,75,75,75,75,75,75,75,75,75,75,75,75,75,80,80,80,80,80,80,85,85,85,85,85,85,99,99,99,99,99,99,99,99,99,99,99,99,99,99,99],"card_choices":[{"not_picked":["Halt","CrushJoints"],"picked":"EmptyFist","floor":1},{"not_picked":["FlurryOfBlows","Halt"],"picked":"Swivel","floor":1},{"not_picked":["Consecrate","ThirdEye"],"picked":"Alpha","floor":3},{"not_picked":["PathToVictory","Nirvana","Pray"],"picked":"SKIP","floor":3},{"not_picked":["ThirdEye","EmptyBody"],"picked":"CutThroughFate","floor":4},{"not_picked":["ThirdEye","Sanctity"],"picked":"EmptyFist","floor":4},{"not_picked":["PathToVictory","Alpha"],"picked":"Evaluate","floor":6},{"not_picked":["EmptyFist","Perseverance"],"picked":"Swivel","floor":8},{"not_picked":["CrushJoints","FlurryOfBlows"],"picked":"EmptyBody","floor":11},{"not_picked":["Consecrate","Wireheading"],"picked":"ClearTheMind","floor":11},{"not_picked":["MasterReality","SashWhip"],"picked":"Establishment","floor":13},{"not_picked":["Brilliance","Establishment"],"picked":"Scrawl","floor":16},{"not_picked":["BattleHymn","Halt"],"picked":"Protect","floor":18},{"not_picked":["CutThroughFate","PathToVictory"],"picked":"Fasting2","floor":18},{"not_picked":["PathToVictory","FlurryOfBlows"],"picked":"ThirdEye+1","floor":21},{"not_picked":["Crescendo","InnerPeace"],"picked":"JustLucky","floor":21},{"not_picked":["FlurryOfBlows","Halt"],"picked":"Prostrate+1","floor":22},{"not_picked":["SashWhip","Halt"],"picked":"Prostrate","floor":22},{"not_picked":["Worship","DeusExMachina"],"picked":"LessonLearned","floor":23},{"not_picked":["SashWhip","Vengeance"],"picked":"CrushJoints","floor":24},{"not_picked":["SashWhip","ThirdEye"],"picked":"EmptyFist","floor":25},{"not_picked":["BattleHymn","WaveOfTheHand"],"picked":"SpiritShield","floor":27},{"not_picked":["FlyingSleeves","EmptyMind"],"picked":"CutThroughFate","floor":28},{"not_picked":["Protect","Fasting2"],"picked":"Prostrate","floor":29},{"not_picked":["FollowUp","CutThroughFate+1"],"picked":"JustLucky+1","floor":30},{"not_picked":["SignatureMove","Halt"],"picked":"Evaluate","floor":31},{"not_picked":["ClearTheMind","Nirvana"],"picked":"Protect","floor":31},{"not_picked":["Devotion","Alpha"],"picked":"DevaForm","floor":33},{"not_picked":[],"picked":"Wallop","floor":35},{"not_picked":["PathToVictory"],"picked":"SKIP","floor":35},{"not_picked":[],"picked":"Protect+1","floor":38},{"not_picked":["Wireheading"],"picked":"SKIP","floor":38},{"not_picked":[],"picked":"Wireheading","floor":38},{"not_picked":["Protect"],"picked":"SKIP","floor":40},{"not_picked":[],"picked":"Protect","floor":40},{"not_picked":["BattleHymn+1"],"picked":"SKIP","floor":42},{"not_picked":[],"picked":"EmptyFist","floor":45},{"not_picked":[],"picked":"JustLucky","floor":45},{"not_picked":[],"picked":"CutThroughFate+1","floor":47},{"not_picked":["WindmillStrike"],"picked":"SKIP","floor":47},{"not_picked":[],"picked":"SpiritShield","floor":48},{"not_picked":[],"picked":"SashWhip","floor":55}],"player_experience":1150963,"relics_obtained":[{"floor":6,"key":"Ancient Tea Set"},{"floor":8,"key":"Meat on the Bone"},{"floor":9,"key":"Bag of Preparation"},{"floor":13,"key":"Boot"},{"floor":23,"key":"Pen Nib"},{"floor":24,"key":"Dream Catcher"},{"floor":25,"key":"War Paint"},{"floor":27,"key":"Matryoshka"},{"floor":28,"key":"PreservedInsect"},{"floor":30,"key":"Ice Cream"},{"floor":30,"key":"Bottled Flame"},{"floor":40,"key":"Blue Candle"},{"floor":42,"key":"Mango"},{"floor":43,"key":"Smiling Mask"},{"floor":43,"key":"Kunai"},{"floor":46,"key":"Ginger"},{"floor":48,"key":"Orichalcum"},{"floor":55,"key":"Nunchaku"}],"event_choices":[{"cards_removed":["Defend_P"],"damage_healed":0,"gold_gain":0,"player_choice":"Card Removal","damage_taken":0,"max_hp_gain":0,"max_hp_loss":0,"event_name":"The Cleric","floor":2,"gold_loss":75},{"damage_healed":0,"gold_gain":0,"player_choice":"Entered Light","damage_taken":23,"max_hp_gain":0,"max_hp_loss":0,"event_name":"Shining Light","floor":5,"gold_loss":0,"cards_upgraded":["FlurryOfBlows","Defend_P"]},{"damage_healed":0,"gold_gain":75,"player_choice":"Gather Gold","damage_taken":11,"max_hp_gain":0,"max_hp_loss":0,"event_name":"World of Goop","floor":7,"gold_loss":0},{"damage_healed":0,"gold_gain":150,"player_choice":"AGREE","damage_taken":0,"max_hp_gain":0,"max_hp_loss":0,"event_name":"Liars Game","floor":10,"gold_loss":0,"cards_obtained":["Doubt"]},{"damage_healed":0,"gold_gain":0,"player_choice":"Box","damage_taken":0,"relics_obtained":["Bag of Marbles"],"max_hp_gain":0,"max_hp_loss":0,"event_name":"Big Fish","floor":12,"gold_loss":0,"cards_obtained":["Regret"]},{"damage_healed":14,"gold_gain":0,"player_choice":"Full Heal","damage_taken":0,"max_hp_gain":0,"max_hp_loss":0,"event_name":"Wheel of Change","floor":19,"gold_loss":0},{"damage_healed":0,"gold_gain":0,"player_choice":"Fight","damage_taken":0,"max_hp_gain":0,"max_hp_loss":0,"event_name":"Colosseum","floor":30,"gold_loss":0},{"damage_healed":0,"gold_gain":0,"player_choice":"Fought Nobs","damage_taken":0,"max_hp_gain":0,"max_hp_loss":0,"event_name":"Colosseum","floor":30,"gold_loss":0},{"damage_healed":0,"gold_gain":0,"player_choice":"Bought 3 Potions","damage_taken":0,"max_hp_gain":0,"max_hp_loss":0,"event_name":"The Woman in Blue","floor":36,"gold_loss":0},{"damage_healed":0,"gold_gain":0,"player_choice":"Fight","damage_taken":0,"max_hp_gain":0,"max_hp_loss":0,"event_name":"MindBloom","floor":46,"gold_loss":0}],"is_beta":false,"boss_relics":[{"not_picked":["Ectoplasm","Snecko Eye"],"picked":"Pandora\u0027s Box"},{"not_picked":["Runic Pyramid","Calling Bell"],"picked":"Busted Crown"}],"items_purged_floors":[0,0,14,20],"is_endless":false,"potions_floor_spawned":[4,6,13,16,24,25,27,30,35,38,47],"ascension_level":20}}