{"host":"7k2a2omxz3voj5ax","time":1611997084,"event":{"mods":["BaseMod","Marisa£¨ìFÓê¡¡Ä§ÀíÉ³£©","Minty Spire (QoL Compilation)","Quick Restart","Spicy Shops","StSLib","Starting Relic: Pandora\u0027s Box","Yakumo Yukari mod","¡¾ÒÅÎï¿¨ÅÆ¡¿REMEMod","óô»ðÖ¸ÄÏ"],"gold_per_floor":[111,111,186,205,205,222,222,242,275,275,325,336,55,87,107,107,107,186,186,200,140,140,190,59,59,59],"floor_reached":25,"language":"ZHS","playtime":732,"items_purged":["Anger"],"score":618,"play_id":"56c960e1-5ef2-4892-97b9-2b002937807f","local_time":"20210130175804","is_ascension_mode":true,"campfire_choices":[{"data":"Armaments","floor":7.0,"key":"SMITH"},{"data":"CasketOfStar","floor":16.0,"key":"SMITH"},{"floor":17.0,"key":"RECALL"}],"circlet_count":0,"master_deck":["AscendersBane","Bash","Iron Wave","Iron Wave","Havoc","Ghostly Armor","Shrug It Off+1","Dark Embrace+1","Power Through","CasketOfStar+1","Evolve","Armaments+1","Feel No Pain","Feed"],"relics":["Pandora\u0027s Box","REME_ComplimentaryCards","NeowsBlessing","Lantern","Sundial","The Courier","SacredBark","Medical Kit"],"acts_visited":["Exordium","TheCity"],"potions_floor_usage":[20,25],"damage_taken":[{"damage":0.0,"enemies":"Jaw Worm","floor":1.0,"turns":1.0},{"damage":8.0,"enemies":"Small Slimes","floor":4.0,"turns":2.0},{"damage":0.0,"enemies":"2 Louse","floor":6.0,"turns":2.0},{"damage":6.0,"enemies":"Exordium Thugs","floor":8.0,"turns":3.0},{"damage":1.0,"enemies":"Gremlin Nob","floor":9.0,"turns":3.0},{"damage":0.0,"enemies":"Looter","floor":12.0,"turns":2.0},{"damage":0.0,"enemies":"Lagavulin","floor":14.0,"turns":3.0},{"damage":0.0,"enemies":"2 Fungi Beasts","floor":15.0,"turns":3.0},{"damage":0,"enemies":"Slime Boss","floor":18,"turns":3},{"damage":30,"enemies":"3 Byrds","floor":20,"turns":4},{"damage":28,"enemies":"Gremlin Leader","floor":25,"turns":1}],"seed_played":"-8713178456646298372","potions_obtained":[{"floor":4.0,"key":"Ancient Potion"},{"floor":8.0,"key":"PowerPotion"},{"floor":15.0,"key":"LiquidBronze"},{"floor":18,"key":"AttackPotion"},{"floor":20,"key":"Regen Potion"}],"is_trial":false,"path_per_floor":["M","?","?","M","?","M","R","M","E","T","?","M","R","E","M","R","R","B",null,"M","$","?","?","$","E"],"character_chosen":"IRONCLAD","items_purchased":["Sundial","Medical Kit"],"campfire_rested":0,"item_purchase_floors":[13,24],"current_hp_per_floor":[68,45,34,26,31,31,31,25,24,24,24,24,24,24,24,24,24,24,62,35,35,13,13,13,0,0],"gold":59,"neow_bonus":"THREE_ENEMY_KILL","is_daily":false,"chose_seed":false,"campfire_upgraded":2,"win_rate":0.0,"timestamp":1611997084,"path_taken":["M","?","?","M","?","?","R","M","E","T","?","M","R","E","M","R","R","BOSS","M","$","?","?","?","E"],"items_purchased_type":["Relic","Relic"],"build_version":"2020-12-22","purchased_purges":1,"victory":false,"max_hp_per_floor":[75,75,75,75,75,75,75,75,75,75,75,75,75,75,75,75,75,75,75,78,78,83,83,83,83,83],"card_choices":[{"not_picked":["Battle Trance","Warcry"],"picked":"Evolve","floor":1.0},{"not_picked":["Thunderclap","Infernal Blade"],"picked":"Armaments","floor":4.0},{"not_picked":["Perfected Strike","Sever Soul"],"picked":"Feel No Pain","floor":6.0},{"not_picked":["Cleave","Evolve","Body Slam"],"picked":"SKIP","floor":8.0},{"not_picked":["REME_SingleHolding","Wild Strike","Shrug It Off"],"picked":"SKIP","floor":9.0},{"not_picked":["Clash","Thunderclap","Headbutt"],"picked":"SKIP","floor":12.0},{"not_picked":["Entrench","Ghostly Armor","Berserk"],"picked":"SKIP","floor":14.0},{"not_picked":["Armaments","Headbutt","Cleave"],"picked":"SKIP","floor":15.0},{"not_picked":["Limit Break","REME_Fury"],"picked":"Feed","floor":18},{"not_picked":["Evolve+1","Perfected Strike","Wild Strike"],"picked":"SKIP","floor":20}],"player_experience":287499,"relics_obtained":[{"floor":9.0,"key":"Lantern"},{"floor":14.0,"key":"The Courier"}],"event_choices":[{"damage_healed":0.0,"max_hp_gain":0.0,"max_hp_loss":0.0,"gold_gain":0.0,"event_name":"Shining Light","player_choice":"Entered Light","floor":2.0,"gold_loss":0.0,"damage_taken":23.0,"cards_upgraded":["Dark Embrace","Shrug It Off"]},{"damage_healed":0.0,"max_hp_gain":0.0,"max_hp_loss":0.0,"gold_gain":75.0,"event_name":"World of Goop","player_choice":"Gather Gold","floor":3.0,"gold_loss":0.0,"damage_taken":11.0},{"cards_removed":["Anger"],"damage_healed":5.0,"max_hp_gain":0.0,"max_hp_loss":0.0,"gold_gain":0.0,"event_name":"Bonfire Elementals","player_choice":"Offered Common","floor":5.0,"gold_loss":0.0,"damage_taken":0.0},{"cards_removed":["Anger"],"damage_healed":5.0,"max_hp_gain":0.0,"max_hp_loss":0.0,"gold_gain":0.0,"event_name":"Bonfire Elementals","player_choice":"Offered Special","floor":5.0,"gold_loss":0.0,"damage_taken":0.0},{"damage_healed":0.0,"max_hp_gain":0.0,"max_hp_loss":0.0,"gold_gain":50.0,"event_name":"Golden Shrine","player_choice":"Pray","floor":11.0,"gold_loss":0.0,"damage_taken":0.0},{"damage_healed":0,"gold_gain":0,"player_choice":"Shed Blood","damage_taken":27,"max_hp_gain":5,"max_hp_loss":0,"event_name":"Forgotten Altar","floor":22,"gold_loss":0},{"damage_healed":0,"gold_gain":50,"player_choice":"Stole From Cult","damage_taken":0,"max_hp_gain":0,"max_hp_loss":0,"event_name":"Nest","floor":23,"gold_loss":0}],"is_beta":false,"boss_relics":[{"not_picked":["Mark of Pain","REME_ChargedStone"],"picked":"SacredBark"}],"items_purged_floors":[21],"is_endless":false,"potions_floor_spawned":[4,8,9,15,18,20],"killed_by":"Gremlin Leader","ascension_level":20}}