{"host":"d52brwsy6af8zvaq","time":1611982143,"event":{"mods":["AchievementEnabler","BaseMod","Bestiary","Highlight Path","Minty Spire (QoL Compilation)","Quick Restart","Relic Stats","ojb\u0027s Better Paths Mod"],"gold_per_floor":[110,125,139,7,7,32,32,64,64,64,80,80,117,138,138,224,224,236,57,68,80,103,103,103],"floor_reached":23,"language":"ENG","playtime":2005,"items_purged":["Strike_G","Strike_G"],"score":426,"play_id":"a7f7e6bb-1dff-4f92-9ab1-3072d484ea2b","local_time":"20210129214903","is_ascension_mode":true,"campfire_choices":[{"floor":7.0,"key":"REST"},{"data":"Bouncing Flask","floor":10.0,"key":"SMITH"},{"data":"Glass Knife","floor":12.0,"key":"SMITH"},{"data":"Deadly Poison","floor":15,"key":"SMITH"}],"circlet_count":0,"master_deck":["AscendersBane","Strike_G","Strike_G","Strike_G","Defend_G","Defend_G","Defend_G","Defend_G","Defend_G","Survivor","Neutralize","Deadly Poison+1","Bouncing Flask+1","Sucker Punch","Glass Knife+1","Cloak And Dagger","Cloak And Dagger","Backstab","Prepared","Corpse Explosion","Footwork","Prepared"],"relics":["Ring of the Snake","Oddly Smooth Stone","Blue Candle","Pantograph","Meat on the Bone","CeramicFish","Busted Crown"],"acts_visited":["Exordium","TheCity"],"potions_floor_usage":[16,23,23],"damage_taken":[{"damage":2.0,"enemies":"2 Louse","floor":1.0,"turns":5.0},{"damage":13.0,"enemies":"Jaw Worm","floor":2.0,"turns":4.0},{"damage":0.0,"enemies":"Small Slimes","floor":3.0,"turns":5.0},{"damage":30.0,"enemies":"Gremlin Nob","floor":6.0,"turns":4.0},{"damage":12.0,"enemies":"3 Sentries","floor":8.0,"turns":12.0},{"damage":0.0,"enemies":"Exordium Wildlife","floor":11.0,"turns":3.0},{"damage":16,"enemies":"Lagavulin","floor":13,"turns":6},{"damage":3,"enemies":"Exordium Thugs","floor":14,"turns":5},{"damage":20,"enemies":"Slime Boss","floor":16,"turns":8},{"damage":19,"enemies":"Shell Parasite","floor":18,"turns":5},{"damage":0,"enemies":"Chosen","floor":20,"turns":4},{"damage":0,"enemies":"3 Cultists","floor":21,"turns":3},{"damage":21,"enemies":"Sentry and Sphere","floor":22,"turns":7},{"damage":42,"enemies":"Book of Stabbing","floor":23,"turns":5}],"seed_played":"286991875553307148","potions_obtained":[{"floor":1.0,"key":"Fire Potion"},{"floor":6.0,"key":"LiquidMemories"},{"floor":14,"key":"Fire Potion"},{"floor":16,"key":"ColorlessPotion"},{"floor":18,"key":"EssenceOfSteel"}],"is_trial":false,"path_per_floor":["M","M","M","$","?","E","R","E","T","R","M","R","E","M","R","B",null,"M","$","M","M","M","E"],"character_chosen":"THE_SILENT","items_purchased":["AttackPotion","Footwork"],"campfire_rested":1,"item_purchase_floors":[4,19],"current_hp_per_floor":[57,44,44,44,49,19,40,28,28,28,40,40,36,45,45,50,66,47,47,47,47,38,0,0],"gold":103,"neow_bonus":"RANDOM_COMMON_RELIC","is_daily":false,"chose_seed":false,"campfire_upgraded":3,"win_rate":0.0,"timestamp":1611982143,"path_taken":["M","M","M","$","?","E","R","E","T","R","M","R","E","M","R","BOSS","M","$","M","M","M","E"],"items_purchased_type":["Potion","Card"],"build_version":"2020-12-22","purchased_purges":2,"victory":false,"max_hp_per_floor":[66,66,66,66,71,71,71,71,71,71,71,71,71,71,71,71,71,71,71,71,71,71,71,71],"relic_stats":{"Busted Crown":8,"counters":[14,76],"Blue Candle":[0],"Pantograph":25,"CeramicFish":45,"obtain_stats":[{"Busted Crown":17,"Blue Candle":6,"Pantograph":8,"CeramicFish":13,"Oddly Smooth Stone":0,"Ring of the Snake":0,"Meat on the Bone":9},{"Busted Crown":9,"Blue Candle":4,"Pantograph":5,"CeramicFish":7,"Oddly Smooth Stone":0,"Ring of the Snake":0,"Meat on the Bone":5},{"Busted Crown":52,"Blue Candle":18,"Pantograph":30,"CeramicFish":39,"Oddly Smooth Stone":0,"Ring of the Snake":0,"Meat on the Bone":30}],"Ring of the Snake":[28],"Meat on the Bone":48},"card_choices":[{"not_picked":["Terror","Backflip"],"picked":"Deadly Poison","floor":1.0},{"not_picked":["Sucker Punch","Underhanded Strike"],"picked":"Bouncing Flask","floor":2.0},{"not_picked":["Deflect","Flechettes"],"picked":"Sucker Punch","floor":3.0},{"not_picked":["Endless Agony","Backstab"],"picked":"Glass Knife","floor":6.0},{"not_picked":["Masterful Stab","Infinite Blades"],"picked":"Cloak And Dagger","floor":8.0},{"not_picked":["Prepared","Quick Slash"],"picked":"Cloak And Dagger","floor":11.0},{"not_picked":["Quick Slash","Endless Agony"],"picked":"Backstab","floor":13},{"not_picked":["Distraction","Flying Knee"],"picked":"Prepared","floor":14},{"not_picked":["Die Die Die","After Image"],"picked":"Corpse Explosion","floor":16},{"not_picked":["Flying Knee"],"picked":"SKIP","floor":18},{"not_picked":["Slice"],"picked":"SKIP","floor":20},{"not_picked":["Flying Knee"],"picked":"SKIP","floor":21},{"not_picked":[],"picked":"Prepared","floor":22}],"player_experience":2061898,"relics_obtained":[{"floor":6.0,"key":"Blue Candle"},{"floor":8.0,"key":"Pantograph"},{"floor":9.0,"key":"Meat on the Bone"},{"floor":13,"key":"CeramicFish"}],"event_choices":[{"damage_healed":0.0,"max_hp_gain":5.0,"max_hp_loss":0.0,"gold_gain":0.0,"event_name":"Big Fish","player_choice":"Donut","floor":5.0,"gold_loss":0.0,"damage_taken":0.0}],"is_beta":false,"boss_relics":[{"not_picked":["Ectoplasm","Velvet Choker"],"picked":"Busted Crown"}],"items_purged_floors":[4,19],"is_endless":false,"potions_floor_spawned":[1,6,14,16,18,22],"killed_by":"Book of Stabbing","ascension_level":20}}