{"host":"tl3n8idhzo2mohle","time":1611989835,"event":{"mods":["BaseMod","Colored Powertips","Downfall","Good Game Mod","Minty Spire (QoL Compilation)","StSLib","noobMod"],"gold_per_floor":[99,99,114,129,229,244,294,309,324,363,363,347,371,271,286,395,395,195,295,295,310,148,173,223,223,253,268,268,292,142,151,175,284,284,184,199,199,199,299,323,323,323,148,148,148,178,193,201,216,216,216,246,46,55,55,55],"floor_reached":57,"language":"ZHS","playtime":2500,"items_purged":["Strike_R","Defend_R","Defend_R","Defend_R","Strike_R","Strike_R"],"score":1475,"play_id":"c01b901c-75da-4fcc-ab0d-b63e61e33838","local_time":"20210130145715","daily_mods":["Allstar","Blue Cards","Terminal"],"is_ascension_mode":false,"campfire_choices":[{"floor":1,"key":"RECALL"},{"data":"Apotheosis","floor":18,"key":"SMITH"},{"data":"Heavy Blade","floor":25,"key":"SMITH"},{"data":"hexamod:TimeOfNeed","floor":35,"key":"SMITH"},{"data":"Heavy Blade","floor":44,"key":"SMITH"},{"data":"Secret Technique","floor":54,"key":"SMITH"}],"circlet_count":0,"master_deck":["Strike_R","Bash","Secret Technique+1","Magnetism","Apotheosis+1","hexamod:TimeOfNeed+1","Clothesline","Pommel Strike","Rage","Sword Boomerang","Limit Break","Headbutt","Limit Break","Heavy Blade+1","Headbutt","Necronomicurse","Heavy Blade+1","Limit Break","Limit Break","Decay"],"relics":["Burning Blood","REME:ComplimentaryCards","ice","Potion Belt","CeramicFish","Bottled Lightning","Coffee Dripper","downfall:HeartBlessingBlue","downfall:HeartBlessingRed","Turnip","Eternal Feather","Regal Pillow","Ancient Tea Set","hexamod:BolsterEngine","Necronomicon","Empty Cage","downfall:HeartBlessingGreen","downfall:GremlinWheel","Red Skull","Blue Candle","HornCleat","StoneCalendar","Boot"],"acts_visited":["Exordium","TheCity","TheBeyond","TheEnding"],"potions_floor_usage":[33,40,49,50,56,56,56,56],"damage_taken":[{"damage":6,"enemies":"Cultist","floor":3,"turns":4},{"damage":6,"enemies":"Jaw Worm","floor":4,"turns":4},{"damage":154,"enemies":"downfall:LadyInBlue","floor":5,"turns":18},{"damage":0,"enemies":"Small Slimes","floor":6,"turns":2},{"damage":17,"enemies":"Exordium Wildlife","floor":8,"turns":3},{"damage":0,"enemies":"Blue Slaver","floor":9,"turns":1},{"damage":0,"enemies":"3 Sentries","floor":10,"turns":3},{"damage":0,"enemies":"downfall:FleeingMerchant","floor":12,"turns":4},{"damage":0,"enemies":"Large Slime","floor":13,"turns":2},{"damage":0,"enemies":"2 Fungi Beasts","floor":15,"turns":2},{"damage":5,"enemies":"Hexaghost","floor":16,"turns":3},{"damage":0,"enemies":"Colosseum Nobs","floor":19,"turns":2},{"damage":0,"enemies":"3 Byrds","floor":21,"turns":3},{"damage":0,"enemies":"Book of Stabbing","floor":26,"turns":1},{"damage":5,"enemies":"Shell Parasite","floor":27,"turns":2},{"damage":0,"enemies":"Cultist and Chosen","floor":29,"turns":2},{"damage":0,"enemies":"Sentry and Sphere","floor":32,"turns":2},{"damage":0,"enemies":"SI_MIRROR_ARCHETYPE","floor":33,"turns":2},{"damage":17,"enemies":"3 Shapes","floor":36,"turns":2},{"damage":0,"enemies":"3 Shapes","floor":39,"turns":1},{"damage":0,"enemies":"3 Darklings","floor":40,"turns":2},{"damage":13,"enemies":"Reptomancer","floor":46,"turns":2},{"damage":3,"enemies":"Maw","floor":47,"turns":2},{"damage":5,"enemies":"2 Orb Walkers","floor":48,"turns":2},{"damage":4,"enemies":"Writhing Mass","floor":49,"turns":2},{"damage":0,"enemies":"DF_ARCHETYPE_ORBS","floor":50,"turns":2},{"damage":4,"enemies":"downfall:CharBossMerchant","floor":52,"turns":2},{"damage":5,"enemies":"downfall:NeowBoss","floor":55,"turns":4},{"damage":59,"enemies":"downfall:NeowBossFinal","floor":56,"turns":3}],"seed_played":"-828330817948855686","potions_obtained":[{"floor":4,"key":"BlessingOfTheForge"},{"floor":5,"key":"BloodPotion"},{"floor":5,"key":"SkillPotion"},{"floor":5,"key":"SteroidPotion"},{"floor":5,"key":"CultistPotion"},{"floor":9,"key":"CultistPotion"},{"floor":33,"key":"LiquidMemories"},{"floor":40,"key":"Fruit Juice"},{"floor":46,"key":"DuplicationPotion"},{"floor":52,"key":"FearPotion"}],"is_trial":false,"path_per_floor":["R","?","M","M","?","M","T","M","M","E","?","$","M","$","M","B",null,"R","?","?","M","$","T","T","R","E","M","?","M","$","?","M","B",null,"R","M","?","?","?","M","T","?","$","R","?","E","M","?","M","B",null,"E","$","R","B","B",null],"character_chosen":"IRONCLAD","items_purchased":["Bottled Lightning","Heavy Blade"],"campfire_rested":0,"item_purchase_floors":[12,22],"current_hp_per_floor":[78,82,81,80,82,81,80,79,78,77,76,91,90,89,88,99,98,107,106,105,104,103,102,101,100,99,98,97,96,95,79,93,94,93,92,91,90,89,88,92,91,86,86,88,87,86,85,84,84,87,86,89,88,87,87,102],"gold":55,"neow_bonus":"","is_daily":true,"chose_seed":false,"campfire_upgraded":5,"win_rate":0.0,"timestamp":1611989835,"path_taken":["R","?","M","M","?","M","T","?","M","E","?","$","?","?","M","BOSS","R","?","?","M","?","?","T","R","E","M","?","M","$","?","M","BOSS","R","M","?","?","?","?","T","?","$","R","?","E","M","?","M","BOSS","E","$","R","BOSS","BOSS"],"items_purchased_type":["Relic","Card"],"build_version":"2020-12-22","purchased_purges":6,"victory":true,"max_hp_per_floor":[78,82,81,80,82,81,80,79,78,77,76,91,90,89,88,99,98,107,106,105,104,103,102,101,100,99,98,97,96,95,94,93,94,93,92,91,90,89,88,92,91,90,89,88,87,86,85,84,84,87,86,89,88,87,87,102],"card_choices":[{"not_picked":["Gash","Steam"],"picked":"Static Discharge","floor":3},{"not_picked":["Defragment","Steam","Compile Driver"],"picked":"SKIP","floor":4},{"not_picked":["Redo","Coolheaded"],"picked":"Clothesline","floor":6},{"not_picked":["Second Wind","Lockon"],"picked":"Pommel Strike","floor":8},{"not_picked":["Anger","Streamline"],"picked":"Rage","floor":9},{"not_picked":["Hologram","Warcry"],"picked":"Sword Boomerang","floor":10},{"not_picked":["Sentinel","Undo"],"picked":"Limit Break","floor":12},{"not_picked":["Turbo","Warcry"],"picked":"Headbutt","floor":13},{"not_picked":["Anger","Bloodletting","Coolheaded"],"picked":"SKIP","floor":15},{"not_picked":["Double Tap","Core Surge"],"picked":"Limit Break","floor":16},{"not_picked":["Headbutt","Steam Power+1","Beam Cell"],"picked":"SKIP","floor":21},{"not_picked":["Heatsinks","Cold Snap","Go for the Eyes"],"picked":"SKIP","floor":26},{"not_picked":["Steam Power","Recycle","Fusion"],"picked":"SKIP","floor":27},{"not_picked":["Second Wind","Wild Strike"],"picked":"Headbutt","floor":29},{"not_picked":["Steam","Thunderclap+1"],"picked":"Heavy Blade","floor":32},{"not_picked":["Immolate","Impervious"],"picked":"Limit Break","floor":33},{"not_picked":["Searing Blow+1","Havoc","Streamline+1"],"picked":"SKIP","floor":36},{"not_picked":["Melter","Aggregate"],"picked":"Limit Break","floor":40},{"not_picked":["Redo","Ball Lightning+1","Force Field"],"picked":"SKIP","floor":46},{"not_picked":["Dual Wield","Anger","Stack+1"],"picked":"SKIP","floor":47},{"not_picked":["Sunder","Leap+1","Fire Breathing+1"],"picked":"SKIP","floor":49},{"not_picked":["Beam Cell","Chill","Pommel Strike"],"picked":"SKIP","floor":52}],"player_experience":65685,"relics_obtained":[{"floor":5,"key":"Potion Belt"},{"floor":10,"key":"CeramicFish"},{"floor":19,"key":"Turnip"},{"floor":19,"key":"Eternal Feather"},{"floor":23,"key":"Regal Pillow"},{"floor":24,"key":"Ancient Tea Set"},{"floor":26,"key":"hexamod:BolsterEngine"},{"floor":31,"key":"Necronomicon"},{"floor":39,"key":"downfall:GremlinWheel"},{"floor":41,"key":"Red Skull"},{"floor":46,"key":"HornCleat"},{"floor":48,"key":"StoneCalendar"},{"floor":52,"key":"Boot"}],"event_choices":[{"damage_healed":0,"gold_gain":0,"player_choice":"Donut","damage_taken":0,"max_hp_gain":5,"max_hp_loss":0,"event_name":"Big Fish","floor":2,"gold_loss":0},{"cards_removed":["Strike_R"],"damage_healed":0,"gold_gain":0,"player_choice":"Purged","damage_taken":0,"max_hp_gain":0,"max_hp_loss":0,"event_name":"Purifier","floor":11,"gold_loss":0},{"cards_removed":["Defend_R"],"damage_healed":0,"gold_gain":0,"player_choice":"Elegance","damage_taken":0,"max_hp_gain":0,"max_hp_loss":0,"event_name":"Back to Basics","floor":20,"gold_loss":0},{"cards_removed":["Static Discharge"],"damage_healed":0,"gold_gain":0,"player_choice":"Removed Power","damage_taken":0,"max_hp_gain":0,"max_hp_loss":0,"event_name":"Falling","floor":38,"gold_loss":0},{"damage_healed":0,"gold_gain":0,"player_choice":"Fight","damage_taken":0,"max_hp_gain":0,"max_hp_loss":0,"event_name":"Mysterious Sphere","floor":48,"gold_loss":0},{"damage_healed":0,"gold_gain":0,"player_choice":"Cursed","damage_taken":0,"max_hp_gain":0,"max_hp_loss":0,"event_name":"Wheel of Change","floor":54,"gold_loss":0,"cards_obtained":["Decay"]}],"is_beta":false,"boss_relics":[{"not_picked":["bronze:MakeshiftBattery","Ectoplasm"],"picked":"Coffee Dripper"},{"not_picked":["Black Blood","expansioncontent:StudyCardRelic"],"picked":"Empty Cage"}],"items_purged_floors":[12,14,22,30,43,53],"is_endless":false,"potions_floor_spawned":[4,5,8,9,15,19,27,29,33,36,40,46,48,52],"ascension_level":0}}