{"host":"phy652c7lim9lcu2","time":1611978088,"event":{"mods":["BaseMod","BetterRewards","Colored Powertips","Downfall","Googly Eyes","Hubris","Minty Spire (QoL Compilation)","Relic Stats","Spicy Shops","StSLib","everything is the same but u backflip on backflip"],"gold_per_floor":[118,134,144,160,160,194,194,194,194],"floor_reached":8,"language":"ENG","playtime":656,"items_purged":[],"score":75,"play_id":"e5a39fd2-e25d-498b-82a2-cbce3edb799a","local_time":"20210130134128","is_ascension_mode":true,"campfire_choices":[{"floor":7,"key":"REST"}],"circlet_count":0,"master_deck":["Strike_G","Strike_G","Strike_G","Strike_G","Strike_G","Defend_G","Defend_G","Defend_G","Defend_G","Survivor","Neutralize","Dagger Spray","Underhanded Strike","PiercingWail","Leg Sweep","Dodge and Roll","Skewer"],"relics":["Ring of the Snake","Question Card"],"acts_visited":["Exordium"],"potions_floor_usage":[6],"damage_taken":[{"damage":0.0,"enemies":"Jaw Worm","floor":1.0,"turns":6.0},{"damage":1.0,"enemies":"Cultist","floor":2.0,"turns":3.0},{"damage":0,"enemies":"Small Slimes","floor":3,"turns":2},{"damage":1,"enemies":"Blue Slaver","floor":4,"turns":4},{"damage":59,"enemies":"Lagavulin","floor":6,"turns":10},{"damage":30,"enemies":"3 Sentries","floor":8,"turns":5}],"seed_played":"8855593571873703675","potions_obtained":[{"floor":1.0,"key":"Fruit Juice"}],"is_trial":false,"path_per_floor":["M","M","M","M","?","E","R","E"],"character_chosen":"THE_SILENT","items_purchased":["Dagger Spray"],"campfire_rested":1,"item_purchase_floors":[0],"current_hp_per_floor":[63,62,62,61,61,7,29,0,0],"gold":194,"neow_bonus":"","is_daily":false,"chose_seed":false,"campfire_upgraded":0,"win_rate":0.0,"timestamp":1611978088,"path_taken":["M","M","M","M","?","E","R","E"],"items_purchased_type":["Card"],"build_version":"2020-12-22","purchased_purges":0,"victory":false,"max_hp_per_floor":[70,70,70,70,70,75,75,75,75],"relic_stats":{"counters":[10,37],"Question Card":12,"obtain_stats":[{"NeowsBlessing":0,"Question Card":6,"Ring of the Snake":0},{"NeowsBlessing":0,"Question Card":9,"Ring of the Snake":0},{"NeowsBlessing":0,"Question Card":32,"Ring of the Snake":0}],"Ring of the Snake":[20]},"card_choices":[{"not_picked":["Finisher","Calculated Gamble"],"picked":"Underhanded Strike","floor":1.0},{"not_picked":["Blade Dance","Cloak And Dagger"],"picked":"PiercingWail","floor":2.0},{"not_picked":["Expertise","Infinite Blades"],"picked":"Leg Sweep","floor":3},{"not_picked":["Sucker Punch","Slice"],"picked":"Dodge and Roll","floor":4},{"not_picked":["Bullet Time","Masterful Stab"],"picked":"Skewer","floor":6}],"player_experience":279694,"relics_obtained":[{"floor":6,"key":"Question Card"}],"event_choices":[{"cards_removed":["Defend_G"],"damage_healed":0,"gold_gain":0,"player_choice":"Purged","damage_taken":0,"max_hp_gain":0,"max_hp_loss":0,"event_name":"Purifier","floor":5,"gold_loss":0}],"is_beta":false,"boss_relics":[],"items_purged_floors":[],"is_endless":false,"potions_floor_spawned":[1],"killed_by":"3 Sentries","ascension_level":6}}