{"host":"bq4pt811tk9yrmjl","time":1611974371,"event":{"mods":["AchievementEnabler","BaseMod","Colored Map","Colored Powertips","Defuse TimeMaze Blight","Hermit","Minty Spire (QoL Compilation)","StSLib","SuperFastMode"],"gold_per_floor":[112,128,128,203,203,203,238,238,238,238,238,267,279,295,295,396,446,429,33,33,50,61,61,94,194,194,194,219,234,251,263,263,363,363,377,329,329,379,379,379,411,411,456,456,469,469,469],"floor_reached":46,"language":"ENG","playtime":1006,"items_purged":[],"score":570,"play_id":"7c90228f-df78-4ba1-8b61-0b89d400e963","local_time":"20210130003931","is_ascension_mode":true,"campfire_choices":[{"data":"Rage","floor":6.0,"key":"SMITH"},{"data":"Armaments","floor":8.0,"key":"SMITH"},{"floor":11.0,"key":"REST"},{"data":"Disarm","floor":15.0,"key":"SMITH"},{"data":"Demon Form","floor":23.0,"key":"SMITH"},{"floor":27.0,"key":"REST"},{"data":"Body Slam","floor":32.0,"key":"SMITH"},{"floor":40,"key":"RECALL"},{"floor":42,"key":"REST"}],"circlet_count":0,"master_deck":["Strike_R+1","Strike_R+1","Strike_R+1","Strike_R+1","Strike_R+1","Defend_R+1","Defend_R+1","Defend_R+1","Defend_R+1","Bash","Twin Strike","Rage+1","Armaments+1","Disarm+1","Demon Form+1","Cleave+1","Disarm+1","Infernal Blade+1","Rage+1","Body Slam+1","Limit Break","Anger","Flex+1","Heavy Blade+1"],"relics":["Burning Blood","NeowsBlessing","Akabeko","Pantograph","Self Forming Clay","Mercury Hourglass","Tiny House","DollysMirror","White Beast Statue","Orichalcum","Pear","Tiny Chest","Mark of Pain","StoneCalendar","Toxic Egg 2","Toy Ornithopter","Smiling Mask","StrikeDummy"],"acts_visited":["Exordium","TheCity","TheBeyond"],"potions_floor_usage":[38,41,41],"damage_taken":[{"damage":0.0,"enemies":"2 Louse","floor":1.0,"turns":1.0},{"damage":0.0,"enemies":"Jaw Worm","floor":2.0,"turns":1.0},{"damage":0.0,"enemies":"Gremlin Nob","floor":7.0,"turns":1.0},{"damage":12.0,"enemies":"3 Sentries","floor":12.0,"turns":9.0},{"damage":0.0,"enemies":"Small Slimes","floor":13.0,"turns":3.0},{"damage":3.0,"enemies":"Red Slaver","floor":14.0,"turns":3.0},{"damage":8.0,"enemies":"The Guardian","floor":16.0,"turns":11.0},{"damage":8.0,"enemies":"2 Thieves","floor":18.0,"turns":4.0},{"damage":22.0,"enemies":"Shell Parasite","floor":21.0,"turns":6.0},{"damage":16.0,"enemies":"3 Cultists","floor":22.0,"turns":5.0},{"damage":25.0,"enemies":"Gremlin Leader","floor":24.0,"turns":6.0},{"damage":9.0,"enemies":"Slavers","floor":28.0,"turns":6.0},{"damage":1.0,"enemies":"Centurion and Healer","floor":29.0,"turns":6.0},{"damage":0.0,"enemies":"Chosen and Byrds","floor":30.0,"turns":6.0},{"damage":7.0,"enemies":"Cultist and Chosen","floor":31.0,"turns":6.0},{"damage":81.0,"enemies":"Collector","floor":33.0,"turns":11.0},{"damage":3.0,"enemies":"3 Shapes","floor":35.0,"turns":3.0},{"damage":22,"enemies":"Mind Bloom Boss Battle","floor":38,"turns":9},{"damage":72,"enemies":"Giant Head","floor":41,"turns":9},{"damage":37,"enemies":"3 Darklings","floor":45,"turns":4},{"damage":0,"enemies":"Spire Growth","floor":46,"turns":2}],"seed_played":"3261180469559584403","potions_obtained":[{"floor":12.0,"key":"Fire Potion"},{"floor":14.0,"key":"DistilledChaos"},{"floor":16.0,"key":"SkillPotion"},{"floor":17.0,"key":"SpeedPotion"},{"floor":21.0,"key":"BlessingOfTheForge"},{"floor":22.0,"key":"GamblersBrew"},{"floor":24.0,"key":"SpeedPotion"},{"floor":28.0,"key":"SpeedPotion"},{"floor":30.0,"key":"BloodPotion"},{"floor":33.0,"key":"Regen Potion"},{"floor":35.0,"key":"SneckoOil"},{"floor":38,"key":"SkillPotion"},{"floor":41,"key":"EssenceOfSteel"},{"floor":45,"key":"SpeedPotion"}],"is_trial":false,"path_per_floor":["M","M","$","?","?","R","E","R","T","T","R","E","M","M","R","B",null,"M","$","?","M","M","R","E","?","T","R","E","M","M","M","R","B",null,"M","$","?","?","T","R","E","R","T","T","M","M"],"character_chosen":"IRONCLAD","items_purchased":["DollysMirror","White Beast Statue","Swift Potion"],"campfire_rested":3,"item_purchase_floors":[19,19,36],"current_hp_per_floor":[80,80,80,69,36,36,42,42,42,42,66,60,66,69,69,78,85,83,83,83,67,57,57,38,38,48,76,73,78,84,83,83,39,95,95,95,95,79,79,79,28,56,56,56,25,25,25],"gold":469,"neow_bonus":"THREE_ENEMY_KILL","is_daily":false,"chose_seed":false,"campfire_upgraded":5,"win_rate":0.0,"timestamp":1611974371,"path_taken":["M","M","$","?","?","R","E","R","T","?","R","E","M","M","R","BOSS","M","$","?","M","M","R","E","?","T","R","E","M","?","M","R","BOSS","M","$","?","?","?","R","E","R","T","?","M","?"],"items_purchased_type":["Relic","Relic","Potion"],"build_version":"2020-12-22","purchased_purges":0,"victory":false,"max_hp_per_floor":[80,80,80,80,80,80,80,80,80,80,80,80,80,80,80,80,85,85,85,85,85,85,85,85,85,95,95,95,95,95,95,95,95,95,95,95,95,95,95,95,95,95,95,95,95,95,95],"card_choices":[{"not_picked":["Iron Wave","Perfected Strike"],"picked":"Twin Strike","floor":1.0},{"not_picked":["Metallicize","Havoc"],"picked":"Rage","floor":2.0},{"not_picked":["Fiend Fire","Body Slam"],"picked":"Armaments","floor":7.0},{"not_picked":["Sever Soul","Pommel Strike"],"picked":"Disarm","floor":12.0},{"not_picked":["Heavy Blade","Wild Strike","Headbutt"],"picked":"SKIP","floor":13.0},{"not_picked":["Cleave","Iron Wave","Sentinel"],"picked":"SKIP","floor":14.0},{"not_picked":["Feed","Brutality"],"picked":"Demon Form","floor":16.0},{"not_picked":["Wild Strike+1","Clash"],"picked":"Cleave+1","floor":18.0},{"not_picked":["Cleave","Armaments","Barricade"],"picked":"SKIP","floor":21.0},{"not_picked":["Warcry","Rupture+1"],"picked":"Infernal Blade+1","floor":22.0},{"not_picked":["Clash","Heavy Blade"],"picked":"Rage+1","floor":24.0},{"not_picked":["Clothesline","True Grit"],"picked":"Body Slam","floor":28.0},{"not_picked":["Perfected Strike","Shrug It Off","Headbutt"],"picked":"SKIP","floor":29.0},{"not_picked":["Pommel Strike","Fiend Fire","Heavy Blade"],"picked":"SKIP","floor":30.0},{"not_picked":["Battle Trance","True Grit+1","Burning Pact"],"picked":"SKIP","floor":31.0},{"not_picked":["Brutality","Corruption"],"picked":"Limit Break","floor":33.0},{"not_picked":["Entrench","Clash","Pommel Strike"],"picked":"SKIP","floor":35.0},{"not_picked":["Armaments","Havoc"],"picked":"Anger","floor":38},{"not_picked":["Bloodletting+1","Dark Embrace+1"],"picked":"Flex+1","floor":41},{"not_picked":["Rage+1","Headbutt"],"picked":"Heavy Blade+1","floor":45}],"player_experience":283147,"relics_obtained":[{"floor":7.0,"key":"Pantograph"},{"floor":10.0,"key":"Self Forming Clay"},{"floor":12.0,"key":"Mercury Hourglass"},{"floor":24.0,"key":"Orichalcum"},{"floor":26.0,"key":"Pear"},{"floor":28.0,"key":"Tiny Chest"},{"floor":38,"key":"StoneCalendar"},{"floor":39,"key":"Toxic Egg 2"},{"floor":41,"key":"Toy Ornithopter"},{"floor":43,"key":"Smiling Mask"},{"floor":44,"key":"StrikeDummy"}],"event_choices":[{"damage_healed":0.0,"max_hp_gain":0.0,"max_hp_loss":0.0,"gold_gain":75.0,"event_name":"World of Goop","player_choice":"Gather Gold","floor":4.0,"gold_loss":0.0,"damage_taken":11.0},{"damage_healed":0.0,"max_hp_gain":0.0,"max_hp_loss":0.0,"gold_gain":0.0,"event_name":"Scrap Ooze","player_choice":"Success","floor":5.0,"gold_loss":0.0,"damage_taken":33.0,"relics_obtained":["Akabeko"]},{"damage_healed":0.0,"max_hp_gain":0.0,"max_hp_loss":0.0,"gold_gain":0.0,"event_name":"Back to Basics","player_choice":"Simplicity","floor":20.0,"gold_loss":0.0,"damage_taken":0.0,"cards_upgraded":["Strike_R","Strike_R","Strike_R","Strike_R","Defend_R","Defend_R","Defend_R","Defend_R"]},{"damage_healed":0.0,"max_hp_gain":0.0,"max_hp_loss":0.0,"gold_gain":100.0,"event_name":"Golden Shrine","player_choice":"Pray","floor":25.0,"gold_loss":0.0,"damage_taken":0.0},{"damage_healed":0.0,"max_hp_gain":0.0,"max_hp_loss":0.0,"gold_gain":0.0,"event_name":"Mysterious Sphere","player_choice":"Ignored","floor":37.0,"gold_loss":0.0,"damage_taken":0.0},{"damage_healed":0,"gold_gain":0,"player_choice":"Fight","damage_taken":0,"max_hp_gain":0,"max_hp_loss":0,"event_name":"MindBloom","floor":38,"gold_loss":0}],"is_beta":false,"boss_relics":[{"not_picked":["Runic Cube","Velvet Choker"],"picked":"Tiny House"},{"not_picked":["Black Star","Coffee Dripper"],"picked":"Mark of Pain"}],"items_purged_floors":[],"is_endless":false,"potions_floor_spawned":[12,14,16,21,22,24,28,29,30,31,33,35,38,41,45],"killed_by":"Spire Growth","ascension_level":1}}