{"host":"hszimsrtxxc2k25w","time":1611984752,"event":{"mods":["AchievementEnabler","BaseMod","Colored Map","DeckTracker","Minty Spire (QoL Compilation)","Rare Cards Sparkle","SuperFastMode"],"gold_per_floor":[119,44,44,44,55,55,55,55,131,148,158,184,204,223,223,223,223],"floor_reached":16,"language":"KOR","playtime":407,"items_purged":["Strike_G"],"score":199,"play_id":"60064ff3-3d31-4c88-b76d-70856bb8be67","local_time":"20210130143232","is_ascension_mode":true,"campfire_choices":[{"data":"Poisoned Stab","floor":6,"key":"SMITH"},{"data":"Noxious Fumes","floor":8,"key":"SMITH"},{"floor":15,"key":"REST"}],"circlet_count":0,"master_deck":["AscendersBane","Strike_G","Strike_G","Strike_G","Defend_G","Defend_G","Defend_G","Defend_G","Survivor","Neutralize","Noxious Fumes+1","Poisoned Stab+1","Dagger Throw","Blur","Crippling Poison"],"relics":["Ring of the Snake","Gremlin Horn","Ornamental Fan"],"acts_visited":["Exordium"],"potions_floor_usage":[14,16],"damage_taken":[{"damage":4,"enemies":"Small Slimes","floor":1,"turns":5},{"damage":6,"enemies":"Cultist","floor":5,"turns":4},{"damage":0,"enemies":"Jaw Worm","floor":10,"turns":4},{"damage":9,"enemies":"3 Louse","floor":11,"turns":3},{"damage":16,"enemies":"Lagavulin","floor":12,"turns":7},{"damage":3,"enemies":"Looter","floor":13,"turns":3},{"damage":0,"enemies":"Blue Slaver","floor":14,"turns":5},{"damage":30,"enemies":"Hexaghost","floor":16,"turns":9}],"seed_played":"1042076212124555811","potions_obtained":[{"floor":1,"key":"Swift Potion"},{"floor":3,"key":"EssenceOfSteel"},{"floor":3,"key":"CultistPotion"}],"is_trial":false,"path_per_floor":["M","$","?","$","M","R","$","R","T","M","M","E","M","M","R","B"],"character_chosen":"THE_SILENT","items_purchased":[],"campfire_rested":1,"item_purchase_floors":[],"current_hp_per_floor":[40,40,40,40,34,34,34,34,34,34,25,9,6,6,25,0,0],"gold":223,"neow_bonus":"REMOVE_TWO","is_daily":false,"chose_seed":false,"campfire_upgraded":2,"win_rate":0.0,"timestamp":1611984752,"path_taken":["M","$","?","?","M","R","?","R","T","M","M","E","M","M","R","BOSS"],"items_purchased_type":[],"build_version":"2020-12-22","purchased_purges":1,"victory":false,"max_hp_per_floor":[66,66,66,66,66,66,66,66,66,66,66,66,66,66,66,66,66],"card_choices":[{"not_picked":["Leg Sweep","Cloak And Dagger"],"picked":"Noxious Fumes","floor":1},{"not_picked":["Terror","Slice"],"picked":"Poisoned Stab","floor":5},{"not_picked":["Cloak And Dagger","Dodge and Roll"],"picked":"Dagger Throw","floor":10},{"not_picked":["Quick Slash","Dagger Spray"],"picked":"Blur","floor":11},{"not_picked":["Blur","Caltrops","Quick Slash"],"picked":"SKIP","floor":12},{"not_picked":["Accuracy","Backstab","Slice"],"picked":"SKIP","floor":13},{"not_picked":["Doppelganger","Riddle With Holes"],"picked":"Crippling Poison","floor":14}],"player_experience":653171,"relics_obtained":[{"floor":9,"key":"Gremlin Horn"},{"floor":12,"key":"Ornamental Fan"}],"event_choices":[{"damage_healed":0,"gold_gain":0,"player_choice":"Got Potions","damage_taken":0,"max_hp_gain":0,"max_hp_loss":0,"event_name":"Lab","floor":3,"gold_loss":0}],"is_beta":false,"boss_relics":[],"items_purged_floors":[2],"is_endless":false,"potions_floor_spawned":[1,5,10,12],"killed_by":"Hexaghost","ascension_level":19}}