{"host":"ordk2y2ebcetabk6","time":1611996320,"event":{"mods":["AlwaysNeverKeys","Astrologer","Bard","BaseMod","Better Debug","Cauldron","Colored Map","Colored Powertips","Dark Map","Hermit","Highlight Path","Minty Spire (QoL Compilation)","Morshu Shopkeeper","Permanent Neow","Rare Cards Sparkle","Spire Arcade","StSLib"],"gold_per_floor":[117,117,192,207,221,221,111,140,179,217,239,251,263,298,310,430,442,483,40,52,52,52,52,63,63,63,74,99,99,99,122,122,228,228,242,542,90,106,126,126,126,126,135,194,194,60,84,84,84,84,84],"floor_reached":50,"language":"ENG","playtime":2611,"items_purged":["bard:Strike","bard:Strike"],"score":510,"play_id":"f4da200d-fa4f-4bea-ae22-b1768112ebd0","local_time":"20210130014520","is_ascension_mode":false,"campfire_choices":[{"data":"bard:Blink","floor":6.0,"key":"SMITH"},{"data":"bard:FirstStrike","floor":12.0,"key":"SMITH"},{"data":"bard:Improv","floor":15.0,"key":"SMITH"},{"data":"bard:Inspire","floor":23,"key":"SMITH"},{"data":"bard:StudiedStrike","floor":25,"key":"SMITH"},{"data":"bard:DiscordantVoice","floor":29,"key":"SMITH"},{"data":"bard:Greatness","floor":32,"key":"SMITH"},{"data":"bard:FaerieFire","floor":40,"key":"SMITH"},{"data":"bard:Shout","floor":42,"key":"SMITH"},{"floor":45,"key":"REST"},{"floor":49,"key":"REST"}],"circlet_count":0,"master_deck":["bard:Strike+1","bard:Strike+1","bard:Defend+1","bard:Defend+1","bard:Defend+1","bard:Defend+1","bard:Riposte+1","bard:Inspire+1","bard:Blink+1","bard:Greatness+1","bard:FirstStrike+1","bard:Solo","bard:FaerieFire+1","bard:Improv+1","bard:BottledSong","bard:Shout+1","bard:CuttingWords+1","bard:DiscordantVoice+1","bard:StudiedStrike+1","bard:FeastOnFear+1","bard:CovetousAura","Injury","bard:Blink+1","bard:Improv+1","bard:PhantasmalForce+1"],"relics":["bard:PitchPipe","bard:BagPipes","MawBank","CeramicFish","Runic Pyramid","Matryoshka","HornCleat","Ornamental Fan","Vajra","Cursed Key","WingedGreaves","Lantern","Regal Pillow","Juzu Bracelet","bard:EchoChamber","DollysMirror"],"acts_visited":["Exordium","TheCity","TheBeyond"],"potions_floor_usage":[28,33,50],"damage_taken":[{"damage":1.0,"enemies":"Cultist","floor":1.0,"turns":3.0},{"damage":0.0,"enemies":"Small Slimes","floor":4.0,"turns":3.0},{"damage":0.0,"enemies":"Jaw Worm","floor":5.0,"turns":4.0},{"damage":14.0,"enemies":"Gremlin Nob","floor":8.0,"turns":4.0},{"damage":0.0,"enemies":"2 Fungi Beasts","floor":10.0,"turns":2.0},{"damage":5.0,"enemies":"Blue Slaver","floor":11.0,"turns":2.0},{"damage":0.0,"enemies":"Gremlin Gang","floor":14.0,"turns":2.0},{"damage":40.0,"enemies":"The Guardian","floor":16.0,"turns":11.0},{"damage":11.0,"enemies":"3 Byrds","floor":18.0,"turns":3.0},{"damage":32,"enemies":"Spheric Guardian","floor":20,"turns":7},{"damage":17,"enemies":"3 Cultists","floor":24,"turns":5},{"damage":0,"enemies":"Shelled Parasite and Fungi","floor":27,"turns":6},{"damage":0,"enemies":"Gremlin Leader","floor":28,"turns":6},{"damage":0,"enemies":"Snake Plant","floor":31,"turns":4},{"damage":20,"enemies":"Champ","floor":33,"turns":12},{"damage":26,"enemies":"3 Shapes","floor":35,"turns":4},{"damage":2,"enemies":"Orb Walker","floor":38,"turns":2},{"damage":5,"enemies":"3 Darklings","floor":39,"turns":4},{"damage":2,"enemies":"Mind Bloom Boss Battle","floor":44,"turns":6},{"damage":11,"enemies":"Sphere and 2 Shapes","floor":47,"turns":6},{"damage":80,"enemies":"Donu and Deca","floor":50,"turns":10}],"seed_played":"-162044279008874333","potions_obtained":[{"floor":1.0,"key":"LiquidBronze"},{"floor":5.0,"key":"Explosive Potion"},{"floor":11.0,"key":"ColorlessPotion"},{"floor":14.0,"key":"GamblersBrew"},{"floor":18,"key":"Fire Potion"},{"floor":20,"key":"Energy Potion"},{"floor":33,"key":"LiquidBronze"},{"floor":44,"key":"PowerPotion"},{"floor":47,"key":"Weak Potion"}],"is_trial":false,"path_per_floor":["M","?","?","M","M","R","$","E","T","M","M","R","$","M","R","B",null,"M","$","M","?","?","R","M","R","T","M","E","R","?","M","R","B",null,"M","?","$","M","M","R","?","R","T","?","R","$","M","$","R","B"],"character_chosen":"BARD","items_purchased":["bard:FirstStrike","bard:CuttingWords","bard:DiscordantVoice","bard:StudiedStrike","Matryoshka","WingedGreaves","Lantern","DollysMirror"],"campfire_rested":2,"item_purchase_floors":[7,19,19,19,19,37,37,46],"current_hp_per_floor":[69,74,63,63,63,63,63,49,49,49,44,44,44,44,44,4,75,64,64,32,32,32,32,15,15,15,15,15,15,40,40,40,20,75,49,49,49,47,42,42,42,42,42,40,75,75,64,64,75,0,0],"gold":84,"neow_bonus":"UPGRADE_CARD","is_daily":false,"chose_seed":false,"campfire_upgraded":9,"win_rate":0.0,"timestamp":1611996320,"path_taken":["M","?","?","M","?","R","$","E","T","M","M","R","$","M","R","BOSS","M","$","M","?","?","R","M","R","T","?","E","R","?","M","R","BOSS","M","?","?","?","M","R","?","R","T","?","R","$","M","$","R","BOSS"],"items_purchased_type":["Card","Card","Card","Card","Relic","Relic","Relic","Relic"],"build_version":"2020-12-22","purchased_purges":2,"victory":false,"max_hp_per_floor":[70,75,75,75,75,75,75,75,75,75,75,75,75,75,75,75,75,75,75,75,75,75,75,75,75,75,75,75,75,75,75,75,75,75,75,75,75,75,75,75,75,75,75,75,75,75,75,75,75,75,75],"card_choices":[{"not_picked":["bard:ViciousMockery","bard:Thunderwave"],"picked":"bard:Blink","floor":1.0},{"not_picked":["bard:Rest","bard:Accelerando","bard:PhantasmalForce"],"picked":"SKIP","floor":4.0},{"not_picked":["bard:SongBolt","bard:ViciousMockery"],"picked":"bard:Greatness","floor":5.0},{"not_picked":["bard:Fermata","bard:SongBolt"],"picked":"bard:Solo","floor":8.0},{"not_picked":["bard:Parry","bard:LingeringEcho"],"picked":"bard:FaerieFire","floor":10.0},{"not_picked":["bard:SongBolt","bard:EnGarde","bard:FaerieFire"],"picked":"SKIP","floor":11.0},{"not_picked":["bard:GreaterMagicWeapon","bard:Thunderwave"],"picked":"bard:Improv","floor":14.0},{"not_picked":["bard:Rhapsody","bard:Shifting"],"picked":"bard:BottledSong","floor":16.0},{"not_picked":["bard:QuickSong","bard:Rest"],"picked":"bard:Shout","floor":18},{"not_picked":["bard:FeastOnFear","bard:Flourish","bard:Rest"],"picked":"SKIP","floor":20},{"not_picked":["bard:StudiedStrike","bard:Silence+1","bard:BucklerBash+1"],"picked":"SKIP","floor":24},{"not_picked":["bard:Thunderwave","bard:Shout","bard:Sift"],"picked":"SKIP","floor":27},{"not_picked":["bard:FingerOfDeath","bard:QuickSong","bard:StudiedStrike"],"picked":"SKIP","floor":28},{"not_picked":["bard:Gamble+1","bard:Thunderwave"],"picked":"bard:FeastOnFear+1","floor":31},{"not_picked":["bard:PowerWordStun","bard:Haste"],"picked":"bard:CovetousAura","floor":33},{"not_picked":["bard:Fermata","bard:DervishDance","bard:EchoEcho"],"picked":"SKIP","floor":35},{"not_picked":["bard:Fermata+1","bard:FaerieFire+1","bard:OffKey+1"],"picked":"SKIP","floor":38},{"not_picked":["bard:Parry","bard:Sift+1","bard:TinyHut"],"picked":"SKIP","floor":39},{"not_picked":["bard:LocateObject+1","bard:FirstStrike"],"picked":"bard:Blink+1","floor":44},{"not_picked":["bard:HarmoniousVoice","bard:StudiedStrike+1"],"picked":"bard:PhantasmalForce+1","floor":47}],"player_experience":1069871,"relics_obtained":[{"floor":8.0,"key":"MawBank"},{"floor":9.0,"key":"CeramicFish"},{"floor":26,"key":"HornCleat"},{"floor":26,"key":"Ornamental Fan"},{"floor":28,"key":"Vajra"},{"floor":43,"key":"Regal Pillow"},{"floor":43,"key":"Juzu Bracelet"},{"floor":44,"key":"bard:EchoChamber"}],"event_choices":[{"damage_healed":0.0,"max_hp_gain":5.0,"max_hp_loss":0.0,"gold_gain":0.0,"event_name":"Big Fish","player_choice":"Donut","floor":2.0,"gold_loss":0.0,"damage_taken":0.0},{"damage_healed":0.0,"max_hp_gain":0.0,"max_hp_loss":0.0,"gold_gain":75.0,"event_name":"World of Goop","player_choice":"Gather Gold","floor":3.0,"gold_loss":0.0,"damage_taken":11.0},{"damage_healed":0,"gold_gain":0,"player_choice":"Simplicity","damage_taken":0,"max_hp_gain":0,"max_hp_loss":0,"event_name":"Back to Basics","floor":21,"gold_loss":0,"cards_upgraded":["bard:Strike","bard:Strike","bard:Defend","bard:Defend","bard:Defend","bard:Defend"]},{"damage_healed":0,"gold_gain":0,"player_choice":"Upgraded","damage_taken":0,"max_hp_gain":0,"max_hp_loss":0,"event_name":"Upgrade Shrine","floor":22,"gold_loss":0,"cards_upgraded":["bard:CuttingWords"]},{"damage_healed":25,"gold_gain":0,"player_choice":"Heal","damage_taken":0,"max_hp_gain":0,"max_hp_loss":0,"event_name":"The Library","floor":30,"gold_loss":0},{"damage_healed":0,"gold_gain":300,"player_choice":"Gold","damage_taken":0,"max_hp_gain":0,"max_hp_loss":0,"event_name":"Wheel of Change","floor":36,"gold_loss":0},{"damage_healed":0,"gold_gain":0,"player_choice":"Memory 1","damage_taken":0,"max_hp_gain":0,"max_hp_loss":0,"event_name":"SensoryStone","floor":41,"gold_loss":0},{"damage_healed":0,"gold_gain":0,"player_choice":"Fight","damage_taken":0,"max_hp_gain":0,"max_hp_loss":0,"event_name":"MindBloom","floor":44,"gold_loss":0}],"is_beta":false,"boss_relics":[{"not_picked":["Black Star","bard:DeepVero"],"picked":"Runic Pyramid"},{"not_picked":["Sozu","Busted Crown"],"picked":"Cursed Key"}],"items_purged_floors":[7,19],"is_endless":false,"potions_floor_spawned":[1,5,11,14,18,20,33,44,47],"killed_by":"Donu and Deca","ascension_level":0}}