{"host":"dlre6nluqh4zuhws","time":1611996285,"event":{"mods":["BaseMod","Minty Spire (QoL Compilation)","Replay The Spire","StSLib"],"gold_per_floor":[114,11,11,11,24,54,66,66,66,95,95,95,95,95,108,137,137,232,232,251,251,22,22,88,88,115,134,134,134,151,6,6,18,18,115,115,132,132,142,192,3,3,3],"floor_reached":42,"language":"ENG","playtime":2588,"items_purged":["Spreading Infection"],"score":555,"play_id":"6138097f-37d5-4ecc-ada2-84f4926f5ddb","local_time":"20210130154445","is_ascension_mode":false,"campfire_choices":[{"data":"FollowUp","floor":8,"key":"SMITH"},{"data":"BattleHymn","floor":17,"key":"SMITH"},{"data":"JustLucky","floor":25,"key":"SMITH"},{"data":"Tantrum","floor":29,"key":"SMITH"},{"floor":34,"key":"REST"}],"circlet_count":0,"master_deck":["Strike_P","Strike_P+1","Defend_P","Defend_P","Defend_P","Defend_P","Eruption","EmptyBody","FollowUp+1","CrushJoints","Meditate+1","BattleHymn+1","JustLucky+1","Halt","CutThroughFate","Tantrum+1","ConjureBlade","CurseOfTheBell","EmptyFist","Nirvana+1","JustLucky+1","Wallop+1","Collect","DevaForm+1","Replay:ManipulateFuture+1","EmptyFist","Apotheosis"],"relics":["PureWater","NeowsBlessing","Counterbalance","TungstenRod","Eternal Feather","Ring of Peace","ReplayTheSpireMod:Ring of Addiction","SacredBark","White Beast Statue","CultistMask","Gremlin Food","Calling Bell","Damaru","InkBottle","StoneCalendar","PreservedInsect","Darkstone Periapt","Replay:Bottled Flurry","Replay:WaspNest","Replay:Rubber Ducky","Black Star","WingedGreaves"],"acts_visited":["Exordium","TheCity","TheBeyond"],"potions_floor_usage":[16,18,20,26,27,27,30,33,35,35],"damage_taken":[{"damage":0,"enemies":"2 Louse","floor":1,"turns":1},{"damage":0,"enemies":"Small Slimes","floor":5,"turns":1},{"damage":0,"enemies":"3 Sentries","floor":6,"turns":2},{"damage":0,"enemies":"Cultist","floor":7,"turns":3},{"damage":18,"enemies":"Replay:BlueRogue","floor":10,"turns":4},{"damage":0,"enemies":"2 Fungi Beasts","floor":15,"turns":4},{"damage":7,"enemies":"Lagavulin","floor":16,"turns":5},{"damage":0,"enemies":"Slime Boss","floor":18,"turns":4},{"damage":0,"enemies":"Chosen","floor":20,"turns":3},{"damage":19,"enemies":"Book of Stabbing","floor":26,"turns":3},{"damage":10,"enemies":"Spheric Guardian","floor":27,"turns":4},{"damage":27,"enemies":"Snake Plant","floor":30,"turns":4},{"damage":17,"enemies":"Cultist and Chosen","floor":33,"turns":6},{"damage":0,"enemies":"Collector","floor":35,"turns":5},{"damage":23,"enemies":"3 Shapes","floor":37,"turns":5},{"damage":4,"enemies":"3 Darklings","floor":39,"turns":5},{"damage":32,"enemies":"Mind Bloom Boss Battle","floor":40,"turns":7},{"damage":38,"enemies":"Nemesis","floor":42,"turns":3}],"seed_played":"5432514974361830670","potions_obtained":[{"floor":5,"key":"Doom Potion"},{"floor":6,"key":"FearPotion"},{"floor":11,"key":"ColorlessPotion"},{"floor":11,"key":"Ambrosia"},{"floor":15,"key":"EssenceOfSteel"},{"floor":16,"key":"CultistPotion"},{"floor":18,"key":"SpeedPotion"},{"floor":20,"key":"Strength Potion"},{"floor":21,"key":"Dexterity Potion"},{"floor":24,"key":"DistilledChaos"},{"floor":26,"key":"Cursed Concoction"},{"floor":27,"key":"Fruit Juice"},{"floor":30,"key":"PowerPotion"},{"floor":33,"key":"DistilledChaos"},{"floor":35,"key":"Venom Potion"},{"floor":37,"key":"Venom Potion"},{"floor":39,"key":"Fire Potion"},{"floor":40,"key":"Energy Potion"}],"is_trial":false,"path_per_floor":["M","$","?","?","M","E","M","R","T","E","?","PTL","PTL","?","M","E","R","B",null,"M","?","$","T","?","R","E","M","T","R","M","$","?","M","R","B",null,"M","?","M","?","$","E"],"character_chosen":"WATCHER","items_purchased":["FollowUp","CrushJoints","PreservedInsect","Replay:Rubber Ducky","Apotheosis"],"campfire_rested":1,"item_purchase_floors":[2,2,22,31,41],"current_hp_per_floor":[72,72,72,65,65,65,65,65,65,47,47,47,47,47,47,40,49,49,70,70,70,70,70,52,64,45,35,35,47,30,30,30,13,48,48,78,55,55,51,19,19,0,0],"gold":3,"neow_bonus":"THREE_ENEMY_KILL","is_daily":false,"chose_seed":false,"campfire_upgraded":4,"win_rate":0.0,"timestamp":1611996285,"path_taken":["M","$","?","?","M","E","M","R","T","E","?","PTL","PTL","?","?","E","R","BOSS","M","?","$","?","?","R","E","M","T","R","M","$","?","M","R","BOSS","M","?","?","?","$","E"],"items_purchased_type":["Card","Card","Relic","Relic","Card"],"build_version":"2020-12-13","purchased_purges":1,"victory":false,"max_hp_per_floor":[72,72,72,72,72,72,72,72,72,72,72,72,72,72,70,70,70,70,70,70,70,70,70,68,68,68,68,68,68,78,78,78,78,78,78,78,78,78,76,76,76,74,74],"card_choices":[{"not_picked":["ClearTheMind","PathToVictory"],"picked":"EmptyBody","floor":1},{"not_picked":["Indignation","Evaluate"],"picked":"BattleHymn","floor":5},{"not_picked":["Halt","SashWhip"],"picked":"JustLucky","floor":6},{"not_picked":["Evaluate","Replay:ManipulateFuture","Replay:BluntJabs"],"picked":"SKIP","floor":7},{"not_picked":["Replay:ManipulateFuture","BowlingBash"],"picked":"Halt","floor":10},{"not_picked":["Weave","WaveOfTheHand"],"picked":"CutThroughFate","floor":15},{"not_picked":["Evaluate","BowlingBash"],"picked":"Tantrum","floor":16},{"not_picked":["MasterReality","Replay:LoomingThreat"],"picked":"ConjureBlade","floor":18},{"not_picked":["EmptyMind","Replay:ManipulateFuture"],"picked":"EmptyFist","floor":20},{"not_picked":["Crescendo","WaveOfTheHand"],"picked":"Nirvana+1","floor":24},{"not_picked":["Replay:BluntJabs+1","BattleHymn"],"picked":"JustLucky+1","floor":26},{"not_picked":["Collect","EmptyMind","Adaptation"],"picked":"SKIP","floor":27},{"not_picked":["CrushJoints+1","Replay:BluntJabs"],"picked":"Wallop+1","floor":30},{"not_picked":["Replay:BluntJabs+1","EmptyFist","Sanctity"],"picked":"SKIP","floor":33},{"not_picked":["LessonLearned","Omniscience"],"picked":"DevaForm","floor":35},{"not_picked":["CutThroughFate+1","Halt+1"],"picked":"Replay:ManipulateFuture+1","floor":37},{"not_picked":["Sanctity+1","Replay:ManipulateFuture+1"],"picked":"EmptyFist","floor":39}],"player_experience":27216,"relics_obtained":[{"floor":6,"key":"Counterbalance"},{"floor":9,"key":"TungstenRod"},{"floor":10,"key":"Eternal Feather"},{"floor":11,"key":"Ring of Peace"},{"floor":11,"key":"ReplayTheSpireMod:Ring of Addiction"},{"floor":11,"key":"SacredBark"},{"floor":11,"key":"White Beast Statue"},{"floor":16,"key":"Gremlin Food"},{"floor":19,"key":"Damaru"},{"floor":19,"key":"InkBottle"},{"floor":19,"key":"StoneCalendar"},{"floor":23,"key":"Darkstone Periapt"},{"floor":26,"key":"Replay:Bottled Flurry"},{"floor":28,"key":"Replay:WaspNest"},{"floor":40,"key":"WingedGreaves"}],"event_choices":[{"cards_removed":["Strike_P"],"damage_healed":0,"gold_gain":0,"player_choice":"Card Removal","damage_taken":7,"max_hp_gain":0,"max_hp_loss":0,"event_name":"Golden Wing","floor":4,"gold_loss":0},{"damage_healed":0,"gold_gain":0,"player_choice":"Trade","damage_taken":0,"relics_obtained":["CultistMask"],"max_hp_gain":0,"max_hp_loss":0,"event_name":"FaceTrader","floor":14,"gold_loss":0},{"damage_healed":0,"gold_gain":0,"player_choice":"Got Potions","damage_taken":0,"max_hp_gain":0,"max_hp_loss":0,"event_name":"Lab","floor":21,"gold_loss":0},{"damage_healed":0,"gold_gain":0,"cards_transformed":["Strike_P"],"player_choice":"Transformed","damage_taken":0,"max_hp_gain":0,"max_hp_loss":0,"event_name":"Transmorgrifier","floor":32,"gold_loss":0,"cards_obtained":["Collect"]},{"damage_healed":0,"gold_gain":0,"player_choice":"Upgraded","damage_taken":0,"max_hp_gain":0,"max_hp_loss":0,"event_name":"Upgrade Shrine","floor":38,"gold_loss":0,"cards_upgraded":["DevaForm"]},{"damage_healed":0,"gold_gain":0,"player_choice":"Fight","damage_taken":0,"max_hp_gain":0,"max_hp_loss":0,"event_name":"MindBloom","floor":40,"gold_loss":0}],"is_beta":false,"boss_relics":[{"not_picked":["Snecko Eye","ChewingGum"],"picked":"Calling Bell"},{"not_picked":["Pandora\u0027s Box","Replay:Ancient Bell"],"picked":"Black Star"}],"items_purged_floors":[22],"is_endless":false,"potions_floor_spawned":[5,6,15,16,18,20,26,27,30,33,35,37,39,40],"killed_by":"Nemesis","ascension_level":0}}