{"host":"r7z4an43h95gvocz","time":1611974216,"event":{"mods":["AchievementEnabler","BaseMod","Colored Map","Colored Powertips","Downfall","Minty Spire (QoL Compilation)","StSLib"],"gold_per_floor":[99,109,125,125,125,160,238,258,433,450,468,468,488,507,524,524,524,524],"floor_reached":16,"language":"ENG","playtime":727,"items_purged":[],"score":106,"play_id":"a1a53dd2-c212-42fe-828e-fdf80e89128d","local_time":"20210129183656","is_ascension_mode":false,"campfire_choices":[{"data":"sneckomod:Nope","floor":12,"key":"SMITH"}],"circlet_count":0,"master_deck":["sneckomod:Strike","sneckomod:Strike","sneckomod:Strike","sneckomod:Defend","sneckomod:Defend","sneckomod:Defend","sneckomod:TailWhip","sneckomod:SnekBite","sneckomod:Unknown","bronze:Repulsor","sneckomod:QuickBite","sneckomod:SnakeSap","sneckomod:Nope+1","sneckomod:IronFang","Doubt","sneckomod:Restock","sneckomod:UnknownUncommonAttack","sneckomod:UnknownExhaust","sneckomod:SnekBeam","sneckomod:Unknown1Cost"],"relics":["sneckomod:SneckoSoul","Boot","Nunchaku","White Beast Statue"],"acts_visited":["Exordium"],"potions_floor_usage":[16],"damage_taken":[{"damage":13,"enemies":"Jaw Worm","floor":2,"turns":3},{"damage":8,"enemies":"Small Slimes","floor":3,"turns":4},{"damage":6,"enemies":"Gremlin Nob","floor":6,"turns":3},{"damage":7,"enemies":"2 Louse","floor":8,"turns":2},{"damage":5,"enemies":"Large Slime","floor":10,"turns":3},{"damage":13,"enemies":"3 Louse","floor":11,"turns":3},{"damage":1,"enemies":"2 Fungi Beasts","floor":13,"turns":2},{"damage":10,"enemies":"Lots of Slimes","floor":14,"turns":3},{"damage":1,"enemies":"3 Louse","floor":15,"turns":2},{"damage":51,"enemies":"SI_SHIV_ARCHETYPE","floor":16,"turns":7}],"seed_played":"7834472161047767857","potions_obtained":[{"floor":8,"key":"ColorlessPotion"},{"floor":10,"key":"Regen Potion"},{"floor":11,"key":"Swift Potion"}],"is_trial":false,"path_per_floor":["R","M","M","?","?","E","T","M","?","M","M","R","M","M","M","B"],"character_chosen":"THE_SNECKO","items_purchased":[],"campfire_rested":0,"item_purchase_floors":[],"current_hp_per_floor":[99,86,78,78,78,72,72,65,65,60,47,47,46,36,35,0,0,0],"gold":524,"neow_bonus":"TEN_PERCENT_HP_BONUS","is_daily":false,"chose_seed":false,"campfire_upgraded":1,"win_rate":0.0,"timestamp":1611974216,"path_taken":["R","M","M","?","?","E","T","M","?","M","M","R","M","M","M","BOSS"],"items_purchased_type":[],"build_version":"2020-12-22","purchased_purges":0,"victory":false,"max_hp_per_floor":[99,99,99,99,99,99,99,99,99,99,99,99,99,99,99,99,99,99],"card_choices":[{"not_picked":["sneckomod:RainOfDice","sneckomod:WideSting"],"picked":"sneckomod:QuickBite","floor":2},{"not_picked":["sneckomod:WideSting","sneckomod:IronFang"],"picked":"sneckomod:SnakeSap","floor":3},{"not_picked":["sneckomod:DefensiveFlair","sneckomod:SnakeSap"],"picked":"sneckomod:Nope","floor":6},{"not_picked":["sneckomod:SoulDraw","sneckomod:DiceCrush"],"picked":"sneckomod:IronFang","floor":8},{"not_picked":["sneckomod:QuickMove","sneckomod:QuickBite"],"picked":"sneckomod:Restock","floor":10},{"not_picked":["sneckomod:SoulDraw","sneckomod:SnakeSap"],"picked":"sneckomod:UnknownUncommonAttack","floor":11},{"not_picked":["sneckomod:SlitherStrike","sneckomod:ImprovisedGuard"],"picked":"sneckomod:UnknownExhaust","floor":13},{"not_picked":["sneckomod:UnknownWeak","sneckomod:DiceBlock"],"picked":"sneckomod:SnekBeam","floor":14},{"not_picked":["sneckomod:UnknownWeak","sneckomod:DiceBlock"],"picked":"sneckomod:Unknown1Cost","floor":15}],"player_experience":443197,"relics_obtained":[{"floor":6,"key":"Nunchaku"},{"floor":7,"key":"White Beast Statue"}],"event_choices":[{"damage_healed":0,"gold_gain":0,"player_choice":"Box","damage_taken":0,"relics_obtained":["Boot"],"max_hp_gain":0,"max_hp_loss":0,"event_name":"Big Fish","floor":4,"gold_loss":0,"cards_obtained":["Regret"]},{"cards_removed":["Regret"],"damage_healed":0,"gold_gain":0,"player_choice":"Card Removal","damage_taken":0,"max_hp_gain":0,"max_hp_loss":0,"event_name":"The Cleric","floor":5,"gold_loss":0}],"is_beta":false,"boss_relics":[],"items_purged_floors":[],"is_endless":false,"potions_floor_spawned":[8,10,11,13,14,15],"killed_by":"SI_SHIV_ARCHETYPE","ascension_level":0}}