{"host":"w7o06k3e8uel8euj","time":1611997145,"event":{"mods":["AchievementEnabler","BaseMod","Colored Powertips","Custom Start","DeckTracker","Keyboard Shortcuts","Minty Spire (QoL Compilation)","Quick Restart","Relic Stats","StSLib","SuperFastMode","everything is the same but u backflip on backflip"],"gold_per_floor":[119,44,55,230,105,132,132,143,170,445,458,468,343,376,376,473,473,483,483,503,503,518,547,547,574,621,621,621],"floor_reached":27,"language":"KOR","playtime":556,"items_purged":["Strike_G","Doubt","Regret"],"score":358,"play_id":"e3aa0c48-d453-4371-94e5-f580f2d7002a","local_time":"20210130175905","is_ascension_mode":true,"campfire_choices":[{"data":"Deadly Poison","floor":7.0,"key":"SMITH"},{"data":"Bouncing Flask","floor":15.0,"key":"SMITH"},{"data":"Adrenaline","floor":24,"key":"SMITH"}],"circlet_count":0,"master_deck":["Strike_G","Strike_G","Strike_G","Strike_G","Defend_G+1","Defend_G","Defend_G","Defend_G+1","Defend_G","Survivor","Neutralize","Backstab","Deadly Poison+1","Dash","Bouncing Flask+1","Adrenaline+1","Crippling Poison","Tactician"],"relics":["Ring of the Snake","NeowsBlessing","Centennial Puzzle","Pen Nib","Ornamental Fan","Philosopher\u0027s Stone","War Paint","White Beast Statue","PreservedInsect"],"acts_visited":["Exordium","TheCity"],"potions_floor_usage":[23,23,27],"damage_taken":[{"damage":0.0,"enemies":"Jaw Worm","floor":1.0,"turns":1.0},{"damage":0.0,"enemies":"Small Slimes","floor":3.0,"turns":1.0},{"damage":0.0,"enemies":"Gremlin Nob","floor":6.0,"turns":1.0},{"damage":0.0,"enemies":"Cultist","floor":8.0,"turns":3.0},{"damage":8.0,"enemies":"Large Slime","floor":11.0,"turns":6.0},{"damage":2.0,"enemies":"2 Fungi Beasts","floor":12.0,"turns":3.0},{"damage":22.0,"enemies":"Lagavulin","floor":14.0,"turns":5.0},{"damage":14.0,"enemies":"The Guardian","floor":16.0,"turns":8.0},{"damage":0,"enemies":"Spheric Guardian","floor":18,"turns":3},{"damage":2,"enemies":"Shell Parasite","floor":20,"turns":3},{"damage":10,"enemies":"Centurion and Healer","floor":22,"turns":5},{"damage":26,"enemies":"Gremlin Leader","floor":23,"turns":6},{"damage":9,"enemies":"Book of Stabbing","floor":25,"turns":5},{"damage":17,"enemies":"Shelled Parasite and Fungi","floor":27,"turns":2}],"seed_played":"-7388360081295150208","potions_obtained":[{"floor":6.0,"key":"Strength Potion"},{"floor":8.0,"key":"SneckoOil"},{"floor":14.0,"key":"Weak Potion"},{"floor":23,"key":"ColorlessPotion"},{"floor":25,"key":"Swift Potion"}],"is_trial":false,"path_per_floor":["M","$","M","?","$","E","R","M","T","?","M","M","$","E","R","B",null,"M","?","M","?","M","E","R","E","T","M"],"character_chosen":"THE_SILENT","items_purchased":["Deadly Poison"],"campfire_rested":0,"item_purchase_floors":[5],"current_hp_per_floor":[70,70,70,70,70,70,70,70,70,70,62,60,60,38,38,24,59,59,59,57,57,47,21,21,12,12,0,0],"gold":621,"neow_bonus":"THREE_ENEMY_KILL","is_daily":false,"chose_seed":false,"campfire_upgraded":3,"win_rate":0.0,"timestamp":1611997145,"path_taken":["M","$","M","?","$","E","R","M","T","?","?","M","$","E","R","BOSS","M","?","M","?","M","E","R","E","T","M"],"items_purchased_type":["Card"],"build_version":"2020-12-22","purchased_purges":3,"victory":false,"max_hp_per_floor":[70,70,70,70,70,70,70,70,70,70,70,70,70,70,70,70,70,70,70,70,70,70,70,70,70,70,70,70],"relic_stats":{"Centennial Puzzle":[27],"counters":[14,52],"Ornamental Fan":[36],"Pen Nib":[6],"PreservedInsect":0,"War Paint":["Defend_G","Defend_G"],"obtain_stats":[{"Centennial Puzzle":6,"NeowsBlessing":0,"Ornamental Fan":14,"Philosopher\u0027s Stone":17,"Pen Nib":9,"PreservedInsect":25,"War Paint":19,"White Beast Statue":23,"Ring of the Snake":0},{"Centennial Puzzle":3,"NeowsBlessing":0,"Ornamental Fan":7,"Philosopher\u0027s Stone":8,"Pen Nib":4,"PreservedInsect":13,"War Paint":9,"White Beast Statue":12,"Ring of the Snake":0},{"Centennial Puzzle":3,"NeowsBlessing":0,"Ornamental Fan":20,"Philosopher\u0027s Stone":28,"Pen Nib":6,"PreservedInsect":50,"War Paint":31,"White Beast Statue":45,"Ring of the Snake":0}],"Ring of the Snake":[28]},"card_choices":[{"not_picked":["Sucker Punch","Flying Knee","Terror"],"picked":"SKIP","floor":1.0},{"not_picked":["Deflect","Underhanded Strike"],"picked":"Backstab","floor":3.0},{"not_picked":["Flying Knee","Riddle With Holes","Sucker Punch"],"picked":"SKIP","floor":6.0},{"not_picked":["Deflect","Quick Slash","Slice"],"picked":"SKIP","floor":8.0},{"not_picked":["Dodge and Roll","Endless Agony"],"picked":"Dash","floor":11.0},{"not_picked":["Endless Agony","Noxious Fumes"],"picked":"Bouncing Flask","floor":12.0},{"not_picked":["Slice","Dagger Spray","Prepared"],"picked":"SKIP","floor":14.0},{"not_picked":["Bullet Time","Phantasmal Killer"],"picked":"Adrenaline","floor":16.0},{"not_picked":["Poisoned Stab+1","Prepared","Choke"],"picked":"SKIP","floor":18},{"not_picked":["Flechettes+1","Infinite Blades","Underhanded Strike"],"picked":"SKIP","floor":20},{"not_picked":["Dagger Throw","Deflect"],"picked":"Crippling Poison","floor":22},{"not_picked":["Underhanded Strike","Outmaneuver","Flying Knee"],"picked":"SKIP","floor":23},{"not_picked":["Leg Sweep+1","Skewer+1"],"picked":"Tactician","floor":25}],"player_experience":518831,"relics_obtained":[{"floor":6.0,"key":"Centennial Puzzle"},{"floor":9.0,"key":"Pen Nib"},{"floor":14.0,"key":"Ornamental Fan"},{"floor":23,"key":"White Beast Statue"},{"floor":25,"key":"PreservedInsect"}],"event_choices":[{"damage_healed":0.0,"max_hp_gain":0.0,"max_hp_loss":0.0,"gold_gain":175.0,"event_name":"Liars Game","player_choice":"AGREE","floor":4.0,"gold_loss":0.0,"damage_taken":0.0,"cards_obtained":["Doubt"]},{"damage_healed":0.0,"max_hp_gain":0.0,"max_hp_loss":0.0,"gold_gain":275.0,"event_name":"Golden Shrine","player_choice":"Desecrate","floor":10.0,"gold_loss":0.0,"damage_taken":0.0,"cards_obtained":["Regret"]},{"damage_healed":0,"gold_gain":0,"player_choice":"Opened","damage_taken":0,"relics_obtained":["War Paint"],"max_hp_gain":0,"max_hp_loss":0,"event_name":"The Mausoleum","floor":19,"gold_loss":0},{"damage_healed":0,"gold_gain":0,"player_choice":"Ignored","damage_taken":0,"max_hp_gain":0,"max_hp_loss":0,"event_name":"Cursed Tome","floor":21,"gold_loss":0}],"is_beta":false,"boss_relics":[{"not_picked":["Tiny House","Pandora\u0027s Box"],"picked":"Philosopher\u0027s Stone"}],"items_purged_floors":[2,5,13],"is_endless":false,"potions_floor_spawned":[6,8,14,22,23,25],"killed_by":"Shelled Parasite and Fungi","ascension_level":5}}