{"host":"snjtcuf7krqplf70","time":1611984645,"event":{"mods":["AchievementEnabler","BaseMod","Colored Map","Colored Powertips","Minty Spire (QoL Compilation)","StSLib"],"gold_per_floor":[110,110,110,124,49,49,74,74,74,102,202,202,230,245,245,341,341,355,370,124,124,124,124,124,154,201,76,95,46,65,100,100,203,203,214,234,234,234,282,316,316,334,361,29,40,40,59,88,88,88,88,88,88,123,123,123],"floor_reached":55,"language":"ENG","playtime":14535,"items_purged":["Strike_P","Defend_P","Writhe"],"score":899,"play_id":"db4b7888-1466-45a7-9583-77076dd3c33b","local_time":"20210129213045","is_ascension_mode":true,"campfire_choices":[{"data":"Eruption","floor":6.0,"key":"SMITH"},{"data":"FlyingSleeves","floor":8.0,"key":"SMITH"},{"data":"FlurryOfBlows","floor":12.0,"key":"SMITH"},{"data":"Vigilance","floor":15.0,"key":"SMITH"},{"floor":23.0,"key":"RECALL"},{"floor":32,"key":"REST"},{"floor":46,"key":"REST"},{"floor":49,"key":"REST"},{"floor":52,"key":"REST"}],"circlet_count":0,"master_deck":["Defend_P","Defend_P+1","Eruption+1","InnerPeace+1","JustLucky","FlyingSleeves+1","Conclude+1","FlurryOfBlows+1","CutThroughFate+1","Consecrate+1","LessonLearned+1","Evaluate","WheelKick+1","JustLucky+1","FollowUp+1","FlyingSleeves+1","Blasphemy","Swivel+1","CarveReality+1","Judgement+1","Consecrate+1","ForeignInfluence+1","Ragnarok+1","Secret Technique","Good Instincts","Finesse"],"relics":["PureWater","Mercury Hourglass","Meat on the Bone","TeardropLocket","Orichalcum","Molten Egg 2","Fusion Hammer","HandDrill","Oddly Smooth Stone","Bronze Scales","PreservedInsect","Damaru","Astrolabe","Unceasing Top","Shuriken","Juzu Bracelet","Ornamental Fan","Kunai","Yang"],"acts_visited":["Exordium","TheCity","TheBeyond","TheEnding"],"potions_floor_usage":[30,33,42,55],"damage_taken":[{"damage":0.0,"enemies":"Jaw Worm","floor":1.0,"turns":4.0},{"damage":0.0,"enemies":"Small Slimes","floor":3.0,"turns":3.0},{"damage":0.0,"enemies":"Cultist","floor":4.0,"turns":2.0},{"damage":12.0,"enemies":"Gremlin Nob","floor":7.0,"turns":3.0},{"damage":1.0,"enemies":"3 Sentries","floor":10.0,"turns":3.0},{"damage":0.0,"enemies":"Gremlin Nob","floor":13.0,"turns":2.0},{"damage":0.0,"enemies":"Blue Slaver","floor":14.0,"turns":1.0},{"damage":61.0,"enemies":"Hexaghost","floor":16.0,"turns":3.0},{"damage":20.0,"enemies":"Shell Parasite","floor":18.0,"turns":4.0},{"damage":0.0,"enemies":"Chosen","floor":19.0,"turns":1.0},{"damage":25.0,"enemies":"Slavers","floor":25.0,"turns":3.0},{"damage":0.0,"enemies":"Shelled Parasite and Fungi","floor":28.0,"turns":1.0},{"damage":1,"enemies":"Chosen and Byrds","floor":30,"turns":2},{"damage":0,"enemies":"Gremlin Leader","floor":31,"turns":2},{"damage":18,"enemies":"Champ","floor":33,"turns":4},{"damage":4,"enemies":"3 Shapes","floor":35,"turns":3},{"damage":0,"enemies":"Orb Walker","floor":36,"turns":1},{"damage":0,"enemies":"2 Orb Walkers","floor":39,"turns":1},{"damage":0,"enemies":"Giant Head","floor":40,"turns":4},{"damage":0,"enemies":"Transient","floor":42,"turns":5},{"damage":20,"enemies":"4 Shapes","floor":45,"turns":3},{"damage":40,"enemies":"Sphere and 2 Shapes","floor":47,"turns":2},{"damage":0,"enemies":"Nemesis","floor":48,"turns":1},{"damage":22,"enemies":"Donu and Deca","floor":50,"turns":4},{"damage":0,"enemies":"Shield and Spear","floor":54,"turns":3},{"damage":82,"enemies":"The Heart","floor":55,"turns":3}],"seed_played":"-2530984608516921667","potions_obtained":[{"floor":1.0,"key":"Dexterity Potion"},{"floor":4.0,"key":"Regen Potion"},{"floor":10.0,"key":"Regen Potion"},{"floor":13.0,"key":"AttackPotion"},{"floor":25.0,"key":"Weak Potion"},{"floor":30,"key":"DistilledChaos"},{"floor":33,"key":"SkillPotion"},{"floor":35,"key":"SteroidPotion"},{"floor":40,"key":"StancePotion"},{"floor":47,"key":"Ancient Potion"},{"floor":48,"key":"DistilledChaos"}],"is_trial":false,"path_per_floor":["M","?","M","M","$","R","E","R","T","E","?","R","E","M","R","B",null,"M","M","$","?","?","R","T","E","T","$","M","$","M","E","R","B",null,"M","M","?","$","?","E","?","M","T","$","M","R","M","E","R","B",null,"R","$","E","B"],"character_chosen":"WATCHER","items_purchased":["HandDrill","JustLucky+1","Ornamental Fan","Finesse"],"campfire_rested":4,"item_purchase_floors":[20,29,44,44],"current_hp_per_floor":[72,69,69,69,69,69,60,60,60,59,59,59,59,59,59,19,72,52,52,52,52,43,43,43,30,30,30,42,42,41,41,62,44,72,68,68,68,68,68,68,58,58,58,58,38,59,31,43,64,42,72,72,72,72,0,0],"gold":123,"neow_bonus":"REMOVE_CARD","is_daily":false,"chose_seed":false,"campfire_upgraded":4,"win_rate":0.0,"timestamp":1611984645,"path_taken":["M","?","M","M","$","R","E","R","T","E","?","R","E","M","R","BOSS","M","?","$","?","?","R","?","E","T","?","M","$","M","E","R","BOSS","M","M","?","$","?","E","?","M","T","$","M","R","M","E","R","BOSS","R","$","E","BOSS"],"items_purchased_type":["Relic","Card","Relic","Card"],"build_version":"2020-12-22","purchased_purges":3,"victory":false,"max_hp_per_floor":[72,72,72,72,72,72,72,72,72,72,72,72,72,72,72,72,72,72,72,72,72,72,72,72,72,72,72,72,72,72,72,72,72,72,72,72,72,72,72,72,72,72,72,72,72,72,72,72,72,72,72,72,72,72,72,72],"card_choices":[{"not_picked":["SashWhip","DeceiveReality"],"picked":"InnerPeace","floor":1.0},{"not_picked":["Indignation","ReachHeaven"],"picked":"JustLucky","floor":3.0},{"not_picked":["CutThroughFate","CrushJoints"],"picked":"FlyingSleeves","floor":4.0},{"not_picked":["Vengeance","Worship"],"picked":"Conclude","floor":7.0},{"not_picked":["ThirdEye","Wireheading"],"picked":"FlurryOfBlows","floor":10.0},{"not_picked":["WaveOfTheHand","Consecrate+1"],"picked":"CutThroughFate+1","floor":13.0},{"not_picked":["Halt","EmptyFist+1"],"picked":"Consecrate+1","floor":14.0},{"not_picked":["Wish","Omniscience"],"picked":"LessonLearned+1","floor":16.0},{"not_picked":["PathToVictory","Meditate"],"picked":"Evaluate","floor":18.0},{"not_picked":["Perseverance","Swivel","Protect"],"picked":"SKIP","floor":19.0},{"not_picked":["ThirdEye","ForeignInfluence+1"],"picked":"WheelKick+1","floor":25.0},{"not_picked":["SignatureMove+1","ClearTheMind","Prostrate+1"],"picked":"SKIP","floor":28.0},{"not_picked":["ThirdEye","Meditate"],"picked":"FollowUp+1","floor":30},{"not_picked":["Perseverance","WreathOfFlame"],"picked":"FlyingSleeves+1","floor":31},{"not_picked":["SpiritShield","Omniscience"],"picked":"Blasphemy","floor":33},{"not_picked":["SandsOfTime+1","SashWhip+1"],"picked":"Consecrate+1","floor":35},{"not_picked":["Protect","Tantrum+1","FollowUp+1"],"picked":"SKIP","floor":36},{"not_picked":["Indignation","Crescendo"],"picked":"ForeignInfluence+1","floor":39},{"not_picked":["Conclude+1","FearNoEvil+1"],"picked":"Ragnarok+1","floor":40},{"not_picked":["Enlightenment","HandOfGreed+1"],"picked":"Secret Technique","floor":41},{"not_picked":["The Bomb","Panache"],"picked":"Good Instincts","floor":41},{"not_picked":["ThirdEye","InnerPeace","JustLucky+1"],"picked":"SKIP","floor":42},{"not_picked":["Prostrate+1","Halt","DevaForm"],"picked":"SKIP","floor":45},{"not_picked":["Evaluate+1","FlyingSleeves+1","BattleHymn+1"],"picked":"SKIP","floor":47},{"not_picked":["Nirvana","Weave+1","FollowUp+1"],"picked":"SKIP","floor":48},{"not_picked":["Prostrate+1","PathToVictory+1","ThirdEye+1"],"picked":"SKIP","floor":54}],"player_experience":156117,"relics_obtained":[{"floor":7.0,"key":"Meat on the Bone"},{"floor":9.0,"key":"TeardropLocket"},{"floor":10.0,"key":"Orichalcum"},{"floor":13.0,"key":"Molten Egg 2"},{"floor":25.0,"key":"Bronze Scales"},{"floor":26.0,"key":"PreservedInsect"},{"floor":31,"key":"Damaru"},{"floor":39,"key":"Unceasing Top"},{"floor":40,"key":"Shuriken"},{"floor":43,"key":"Juzu Bracelet"},{"floor":48,"key":"Kunai"},{"floor":54,"key":"Yang"}],"event_choices":[{"damage_healed":0.0,"max_hp_gain":0.0,"max_hp_loss":0.0,"gold_gain":0.0,"event_name":"Scrap Ooze","player_choice":"Success","floor":2.0,"gold_loss":0.0,"damage_taken":3.0,"relics_obtained":["Mercury Hourglass"]},{"damage_healed":0.0,"max_hp_gain":0.0,"max_hp_loss":0.0,"gold_gain":100.0,"event_name":"Golden Shrine","player_choice":"Pray","floor":11.0,"gold_loss":0.0,"damage_taken":0.0},{"damage_healed":0.0,"max_hp_gain":0.0,"max_hp_loss":0.0,"gold_gain":0.0,"event_name":"The Mausoleum","player_choice":"Opened","floor":21.0,"gold_loss":0.0,"damage_taken":0.0,"relics_obtained":["Oddly Smooth Stone"],"cards_obtained":["Writhe"]},{"damage_healed":0.0,"max_hp_gain":0.0,"max_hp_loss":0.0,"gold_gain":0.0,"event_name":"Cursed Tome","player_choice":"Stopped","floor":22.0,"gold_loss":0.0,"damage_taken":9.0},{"cards_removed":["Vigilance"],"damage_healed":0,"gold_gain":0,"player_choice":"Removed Skill","damage_taken":0,"max_hp_gain":0,"max_hp_loss":0,"event_name":"Falling","floor":37,"gold_loss":0},{"damage_healed":0,"gold_gain":0,"player_choice":"Fight","damage_taken":0,"max_hp_gain":0,"max_hp_loss":0,"event_name":"Mysterious Sphere","floor":39,"gold_loss":0},{"damage_healed":0,"gold_gain":0,"player_choice":"Memory 3","damage_taken":10,"max_hp_gain":0,"max_hp_loss":0,"event_name":"SensoryStone","floor":41,"gold_loss":0}],"is_beta":false,"boss_relics":[{"not_picked":["Black Star","Runic Pyramid"],"picked":"Fusion Hammer"},{"not_picked":["Snecko Eye","VioletLotus"],"picked":"Astrolabe"}],"items_purged_floors":[5,20,27],"is_endless":false,"potions_floor_spawned":[1,4,10,13,25,30,33,35,40,47,48,54],"killed_by":"The Heart","ascension_level":1}}