{"host":"08t08ld674si40tv","time":1611977634,"event":{"mods":["AchievementEnabler","BaseMod","Colored Map","Minty Spire (QoL Compilation)","StSLib","SuperFastMode"],"gold_per_floor":[112,180,193,193,44,44,56,89,141,141,158,177,210,221,221,298,298,315,315,315,333,333,362,362,376,400,432,532,546,546,579,579,579,579],"floor_reached":33,"language":"KOR","playtime":1175,"items_purged":["Strike_G"],"score":680,"play_id":"747cc00c-3fcf-4e11-bb08-0d22d853a234","local_time":"20210130123354","is_ascension_mode":true,"campfire_choices":[{"data":"Poisoned Stab","floor":6.0,"key":"SMITH"},{"data":"Crippling Poison","floor":10.0,"key":"SMITH"},{"data":"Catalyst","floor":15.0,"key":"SMITH"},{"data":"Burst","floor":24.0,"key":"SMITH"},{"floor":32.0,"key":"REST"}],"circlet_count":0,"master_deck":["AscendersBane","Strike_G","Defend_G","Defend_G","Defend_G","Defend_G","Defend_G","Survivor","Neutralize","Escape Plan","Poisoned Stab+1","Catalyst+1","Crippling Poison+1","Calculated Gamble","Backflip+1","Burst+1","Setup+1","Calculated Gamble+1","Blur+1","Escape Plan+1","Heel Hook","After Image","Outmaneuver+1"],"relics":["Ring of the Snake","Snake Skull","TwistedFunnel","Paper Crane","Potion Belt","Blood Vial","Regal Pillow","Astrolabe","Bottled Lightning","Happy Flower","Ginger","Matryoshka","War Paint"],"acts_visited":["Exordium","TheCity"],"potions_floor_usage":[33,33],"damage_taken":[{"damage":0.0,"enemies":"Cultist","floor":1.0,"turns":4.0},{"damage":0.0,"enemies":"Jaw Worm","floor":3.0,"turns":5.0},{"damage":3.0,"enemies":"Small Slimes","floor":7.0,"turns":3.0},{"damage":1.0,"enemies":"Gremlin Nob","floor":8.0,"turns":3.0},{"damage":0.0,"enemies":"3 Louse","floor":11.0,"turns":2.0},{"damage":8.0,"enemies":"2 Fungi Beasts","floor":12.0,"turns":3.0},{"damage":6.0,"enemies":"3 Sentries","floor":13.0,"turns":5.0},{"damage":0.0,"enemies":"Exordium Wildlife","floor":14.0,"turns":2.0},{"damage":7.0,"enemies":"The Guardian","floor":16.0,"turns":5.0},{"damage":1.0,"enemies":"3 Byrds","floor":18.0,"turns":4.0},{"damage":2.0,"enemies":"Shell Parasite","floor":21.0,"turns":4.0},{"damage":19.0,"enemies":"Slavers","floor":23.0,"turns":3.0},{"damage":6.0,"enemies":"Snake Plant","floor":25.0,"turns":3.0},{"damage":20.0,"enemies":"Gremlin Leader","floor":27.0,"turns":5.0},{"damage":5.0,"enemies":"Colosseum Slavers","floor":28.0,"turns":5.0},{"damage":1.0,"enemies":"Colosseum Nobs","floor":28.0,"turns":3.0},{"damage":0.0,"enemies":"3 Cultists","floor":29.0,"turns":3.0},{"damage":0.0,"enemies":"Book of Stabbing","floor":31.0,"turns":4.0},{"damage":62,"enemies":"Collector","floor":33,"turns":8}],"seed_played":"5523066644386105195","potions_obtained":[{"floor":4.0,"key":"LiquidMemories"},{"floor":4.0,"key":"SkillPotion"},{"floor":8.0,"key":"DistilledChaos"},{"floor":13.0,"key":"Poison Potion"},{"floor":18.0,"key":"EssenceOfSteel"},{"floor":27.0,"key":"GamblersBrew"},{"floor":29.0,"key":"Strength Potion"}],"is_trial":false,"path_per_floor":["M","T","M","?","$","R","M","E","T","R","M","M","E","M","R","B",null,"M","?","?","M","?","E","R","M","T","E","?","M","?","E","R","B"],"character_chosen":"THE_SILENT","items_purchased":["Catalyst"],"campfire_rested":1,"item_purchase_floors":[5],"current_hp_per_floor":[65,65,65,65,65,65,62,61,61,61,63,57,53,55,55,50,67,68,68,68,68,68,51,51,47,47,29,27,29,29,31,67,7,7],"gold":579,"neow_bonus":"TEN_PERCENT_HP_BONUS","is_daily":false,"chose_seed":false,"campfire_upgraded":4,"win_rate":0.0,"timestamp":1611977634,"path_taken":["M","?","?","?","$","R","?","E","T","R","M","M","E","M","R","BOSS","M","?","?","M","?","E","R","M","T","E","?","?","?","E","R","BOSS"],"items_purchased_type":["Card"],"build_version":"2020-12-22","purchased_purges":1,"victory":false,"max_hp_per_floor":[72,72,72,72,72,72,72,72,72,72,72,72,72,72,72,72,72,72,72,72,72,72,72,72,72,72,72,72,72,72,72,72,72,72],"card_choices":[{"not_picked":["Cloak And Dagger","PiercingWail"],"picked":"Escape Plan","floor":1.0},{"not_picked":["Blur","Dodge and Roll"],"picked":"Poisoned Stab","floor":3.0},{"not_picked":["Outmaneuver","Concentrate","Predator"],"picked":"SKIP","floor":7.0},{"not_picked":["Riddle With Holes","Die Die Die"],"picked":"Crippling Poison","floor":8.0},{"not_picked":["Setup","Cloak And Dagger","Infinite Blades"],"picked":"SKIP","floor":11.0},{"not_picked":["Outmaneuver","Deadly Poison"],"picked":"Calculated Gamble","floor":12.0},{"not_picked":["Dagger Spray","Underhanded Strike","Infinite Blades"],"picked":"SKIP","floor":13.0},{"not_picked":["Blade Dance","Outmaneuver"],"picked":"Backflip","floor":14.0},{"not_picked":["Doppelganger","Phantasmal Killer"],"picked":"Burst","floor":16.0},{"not_picked":["PiercingWail","Cloak And Dagger+1","Calculated Gamble"],"picked":"SKIP","floor":18.0},{"not_picked":["Riddle With Holes","Calculated Gamble","Quick Slash"],"picked":"SKIP","floor":21.0},{"not_picked":["Outmaneuver","Sucker Punch","A Thousand Cuts"],"picked":"SKIP","floor":23.0},{"not_picked":["Blade Dance+1","Outmaneuver","Flying Knee"],"picked":"SKIP","floor":25.0},{"not_picked":["Outmaneuver","Dodge and Roll+1"],"picked":"Escape Plan","floor":27.0},{"not_picked":["Heel Hook","A Thousand Cuts","Outmaneuver"],"picked":"SKIP","floor":29.0},{"not_picked":["A Thousand Cuts","Outmaneuver"],"picked":"Heel Hook","floor":29.0},{"not_picked":["Expertise","Prepared"],"picked":"Outmaneuver+1","floor":31.0}],"player_experience":265763,"relics_obtained":[{"floor":2.0,"key":"Paper Crane"},{"floor":8.0,"key":"Potion Belt"},{"floor":9.0,"key":"Blood Vial"},{"floor":13.0,"key":"Regal Pillow"},{"floor":23.0,"key":"Bottled Lightning"},{"floor":27.0,"key":"Happy Flower"},{"floor":28.0,"key":"Ginger"},{"floor":28.0,"key":"Matryoshka"},{"floor":31.0,"key":"War Paint"}],"event_choices":[{"damage_healed":0.0,"max_hp_gain":0.0,"max_hp_loss":0.0,"gold_gain":0.0,"event_name":"Lab","player_choice":"Got Potions","floor":4.0,"gold_loss":0.0,"damage_taken":0.0},{"damage_healed":0.0,"max_hp_gain":0.0,"max_hp_loss":0.0,"gold_gain":0.0,"event_name":"Vampires","player_choice":"Ignored","floor":19.0,"gold_loss":0.0,"damage_taken":0.0},{"damage_healed":0.0,"max_hp_gain":0.0,"max_hp_loss":0.0,"gold_gain":0.0,"event_name":"The Mausoleum","player_choice":"Ignored","floor":20.0,"gold_loss":0.0,"damage_taken":0.0},{"damage_healed":0.0,"max_hp_gain":0.0,"max_hp_loss":0.0,"gold_gain":0.0,"event_name":"Cursed Tome","player_choice":"Ignored","floor":22.0,"gold_loss":0.0,"damage_taken":0.0},{"damage_healed":0.0,"max_hp_gain":0.0,"max_hp_loss":0.0,"gold_gain":0.0,"event_name":"Colosseum","player_choice":"Fight","floor":28.0,"gold_loss":0.0,"damage_taken":0.0},{"damage_healed":0.0,"max_hp_gain":0.0,"max_hp_loss":0.0,"gold_gain":0.0,"event_name":"Colosseum","player_choice":"Fought Nobs","floor":28.0,"gold_loss":0.0,"damage_taken":0.0},{"damage_healed":0.0,"max_hp_gain":0.0,"max_hp_loss":0.0,"gold_gain":0.0,"event_name":"Match and Keep!","player_choice":"1 cards matched","floor":30.0,"gold_loss":0.0,"damage_taken":0.0,"cards_obtained":["After Image"]}],"is_beta":false,"boss_relics":[{"not_picked":["Fusion Hammer","SlaversCollar"],"picked":"Astrolabe"}],"items_purged_floors":[5],"is_endless":false,"potions_floor_spawned":[7,8,13,18,27,29],"killed_by":"Collector","ascension_level":20}}