{"host":"r1c9rokeut2vel5g","time":1611976618,"event":{"mods":["BaseMod","Minty Spire (QoL Compilation)","Quick Restart","StSLib"],"gold_per_floor":[114,133,208,228,228,260,278,278,305,315,315,16,31,90,90,193,193,211,211,229,244,5,5,39,19,19,30,30,30,30,44,44,44,44],"floor_reached":33,"language":"ZHS","playtime":1519,"items_purged":["Regret"],"score":249,"play_id":"894d987d-42c1-4e5f-80ac-d33ace1e1c8e","local_time":"20210130111658","is_ascension_mode":false,"campfire_choices":[{"data":"PathToVictory","floor":8.0,"key":"SMITH"},{"floor":11.0,"key":"REST"},{"data":"Perseverance","floor":15.0,"key":"SMITH"},{"floor":23.0,"key":"REST"},{"floor":29.0,"key":"REST"},{"data":"Ragnarok","floor":32,"key":"SMITH"}],"circlet_count":0,"master_deck":["Strike_P","Strike_P","Strike_P","Defend_P","Defend_P","Defend_P+1","Eruption","Vigilance+1","Swivel","PathToVictory","PathToVictory+1","Perseverance+1","EmptyFist","CarveReality","JustLucky","Conclude","EmptyMind","Ragnarok+1","CutThroughFate","PathToVictory+1","Pray+1","Worship","ThirdEye+1","Pray","WheelKick+1","Ragnarok+1","Meditate","Nirvana"],"relics":["HolyWater","NeowsBlessing","PreservedInsect","Smiling Mask","Regal Pillow","Membership Card","War Paint","Calipers","Toolbox","Molten Egg 2","Meat on the Bone","Letter Opener"],"acts_visited":["Exordium","TheCity"],"potions_floor_usage":[],"damage_taken":[{"damage":0.0,"enemies":"Cultist","floor":1.0,"turns":1.0},{"damage":0.0,"enemies":"2 Louse","floor":2.0,"turns":1.0},{"damage":0.0,"enemies":"Small Slimes","floor":4.0,"turns":2.0},{"damage":29.0,"enemies":"Lagavulin","floor":6.0,"turns":4.0},{"damage":7.0,"enemies":"Red Slaver","floor":7.0,"turns":4.0},{"damage":2.0,"enemies":"Exordium Thugs","floor":10.0,"turns":4.0},{"damage":6.0,"enemies":"Large Slime","floor":13.0,"turns":4.0},{"damage":11.0,"enemies":"Lagavulin Event","floor":14.0,"turns":3.0},{"damage":18.0,"enemies":"Hexaghost","floor":16.0,"turns":7.0},{"damage":0.0,"enemies":"Spheric Guardian","floor":18.0,"turns":2.0},{"damage":24.0,"enemies":"Shell Parasite","floor":20.0,"turns":3.0},{"damage":34.0,"enemies":"Centurion and Healer","floor":21.0,"turns":5.0},{"damage":5.0,"enemies":"Cultist and Chosen","floor":24.0,"turns":2.0},{"damage":34.0,"enemies":"3 Cultists","floor":27.0,"turns":6.0},{"damage":3,"enemies":"Snecko","floor":31,"turns":4},{"damage":69,"enemies":"Automaton","floor":33,"turns":6}],"seed_played":"-4659588290341962764","potions_obtained":[{"floor":1.0,"key":"LiquidBronze"},{"floor":6.0,"key":"FearPotion"},{"floor":10.0,"key":"SteroidPotion"},{"floor":14.0,"key":"SteroidPotion"},{"floor":16.0,"key":"AttackPotion"},{"floor":21.0,"key":"BlessingOfTheForge"}],"is_trial":false,"path_per_floor":["M","M","?","M","?","E","M","R","T","M","R","$","M","?","R","B",null,"M","?","M","M","$","R","M","$","T","M","?","R","?","M","R","B"],"character_chosen":"WATCHER","items_purchased":["Membership Card","JustLucky","War Paint","Toolbox","Molten Egg 2","DistilledChaos","Pray"],"campfire_rested":3,"item_purchase_floors":[12,12,12,22,22,22,25],"current_hp_per_floor":[72,72,61,61,61,32,25,25,25,23,59,59,53,42,42,24,72,72,72,48,14,14,50,45,45,45,23,23,59,59,56,56,0,0],"gold":44,"neow_bonus":"THREE_ENEMY_KILL","is_daily":false,"chose_seed":false,"campfire_upgraded":3,"win_rate":0.0,"timestamp":1611976618,"path_taken":["M","?","?","M","?","E","M","R","T","M","R","$","M","?","R","BOSS","M","?","M","?","$","R","M","$","T","M","?","R","?","?","R","BOSS"],"items_purchased_type":["Relic","Card","Relic","Relic","Relic","Potion","Card"],"build_version":"2020-12-22","purchased_purges":1,"victory":false,"max_hp_per_floor":[72,72,72,72,72,72,72,72,72,72,72,72,72,72,72,72,72,72,72,72,72,72,72,72,72,72,72,72,72,72,72,72,72,72],"card_choices":[{"not_picked":["Indignation","Protect"],"picked":"Swivel","floor":1.0},{"not_picked":["Worship","EmptyFist"],"picked":"PathToVictory","floor":2.0},{"not_picked":["EmptyMind","ClearTheMind"],"picked":"PathToVictory","floor":4.0},{"not_picked":["SignatureMove","Blasphemy"],"picked":"Perseverance","floor":6.0},{"not_picked":["ThirdEye","Adaptation"],"picked":"EmptyFist","floor":7.0},{"not_picked":["EmptyBody","ClearTheMind"],"picked":"CarveReality","floor":10.0},{"not_picked":["CrushJoints","Blasphemy"],"picked":"Conclude","floor":13.0},{"not_picked":["JustLucky","ThirdEye"],"picked":"EmptyMind","floor":14.0},{"not_picked":["Blasphemy","Scrawl"],"picked":"Ragnarok","floor":16.0},{"not_picked":["Halt","Wallop"],"picked":"CutThroughFate","floor":18.0},{"not_picked":["LikeWater+1","SashWhip+1"],"picked":"Pray+1","floor":20.0},{"not_picked":["CutThroughFate","Halt+1"],"picked":"Worship","floor":21.0},{"not_picked":["EmptyFist+1","Protect"],"picked":"ThirdEye+1","floor":24.0},{"not_picked":["SashWhip+1","WindmillStrike+1"],"picked":"WheelKick+1","floor":27.0},{"not_picked":["MasterReality","Vengeance+1"],"picked":"Nirvana","floor":31}],"player_experience":46157,"relics_obtained":[{"floor":6.0,"key":"Smiling Mask"},{"floor":9.0,"key":"Regal Pillow"},{"floor":14.0,"key":"Calipers"},{"floor":26.0,"key":"Meat on the Bone"}],"event_choices":[{"damage_healed":0.0,"max_hp_gain":0.0,"max_hp_loss":0.0,"gold_gain":75.0,"event_name":"World of Goop","player_choice":"Gather Gold","floor":3.0,"gold_loss":0.0,"damage_taken":11.0},{"damage_healed":0.0,"max_hp_gain":0.0,"max_hp_loss":0.0,"gold_gain":0.0,"event_name":"Big Fish","player_choice":"Box","floor":5.0,"gold_loss":0.0,"damage_taken":0.0,"relics_obtained":["PreservedInsect"],"cards_obtained":["Regret"]},{"damage_healed":0.0,"max_hp_gain":0.0,"max_hp_loss":0.0,"gold_gain":0.0,"event_name":"Dead Adventurer","player_choice":"Searched \u00272\u0027 times","floor":14.0,"gold_loss":0.0,"damage_taken":0.0},{"damage_healed":0.0,"max_hp_gain":0.0,"max_hp_loss":0.0,"gold_gain":0.0,"event_name":"Duplicator","player_choice":"Copied","floor":19.0,"gold_loss":0.0,"damage_taken":0.0,"cards_obtained":["PathToVictory"]},{"damage_healed":0.0,"max_hp_gain":0.0,"max_hp_loss":0.0,"gold_gain":0.0,"cards_transformed":["Strike_P","Defend_P"],"event_name":"Drug Dealer","player_choice":"Became Test Subject","floor":28.0,"gold_loss":0.0,"damage_taken":0.0,"cards_obtained":["Ragnarok","Meditate"]},{"damage_healed":0,"gold_gain":0,"player_choice":"Gave Potion","damage_taken":0,"relics_obtained":["Letter Opener"],"max_hp_gain":0,"max_hp_loss":0,"event_name":"WeMeetAgain","floor":30,"gold_loss":0}],"is_beta":false,"boss_relics":[{"not_picked":["Black Star","Busted Crown"],"picked":"HolyWater"}],"items_purged_floors":[12],"is_endless":false,"potions_floor_spawned":[1,6,10,14,16,21],"killed_by":"Automaton","ascension_level":0}}