{"host":"6imq2rpndqdiuake","time":1611969416,"event":{"mods":["BaseMod","Minty Spire (QoL Compilation)","Permanent Neow","Relic Stats","StSLib"],"gold_per_floor":[111,111,123,198,209,209,239,239,263,274,289,289,308,318,318,318,318],"floor_reached":16,"language":"ENG","playtime":491,"items_purged":[],"score":151,"play_id":"bdeedaf7-cad5-4786-8f27-4d80a8498b1a","local_time":"20210129171656","is_ascension_mode":true,"campfire_choices":[{"data":"Streamline","floor":6,"key":"SMITH"},{"data":"Storm","floor":8,"key":"SMITH"},{"data":"Capacitor","floor":15,"key":"SMITH"}],"circlet_count":0,"master_deck":["Strike_B","Strike_B","Strike_B","Strike_B","Defend_B","Defend_B","Defend_B","Defend_B","Zap","Dualcast","Streamline+1","Storm+1","Beam Cell","Capacitor+1","Melter","Ball Lightning","Leap","Ball Lightning","Genetic Algorithm"],"relics":["Philosopher\u0027s Stone","Anchor","Toy Ornithopter","Akabeko"],"acts_visited":["Exordium"],"potions_floor_usage":[7,7,14,16],"damage_taken":[{"damage":1,"enemies":"Small Slimes","floor":1,"turns":4},{"damage":0,"enemies":"2 Louse","floor":3,"turns":2},{"damage":6,"enemies":"Cultist","floor":5,"turns":4},{"damage":20,"enemies":"3 Sentries","floor":7,"turns":7},{"damage":9,"enemies":"3 Louse","floor":10,"turns":3},{"damage":0,"enemies":"Red Slaver","floor":11,"turns":2},{"damage":11,"enemies":"Exordium Wildlife","floor":13,"turns":3},{"damage":3,"enemies":"Gremlin Gang","floor":14,"turns":3},{"damage":13,"enemies":"Hexaghost","floor":16,"turns":3}],"seed_played":"1673502584879762662","potions_obtained":[{"floor":1,"key":"Energy Potion"},{"floor":3,"key":"Swift Potion"},{"floor":10,"key":"LiquidMemories"},{"floor":14,"key":"SteroidPotion"}],"is_trial":false,"path_per_floor":["M","?","M","?","M","R","E","R","T","M","M","?","M","M","R","B"],"character_chosen":"DEFECT","items_purchased":[],"campfire_rested":0,"item_purchase_floors":[],"current_hp_per_floor":[67,60,60,49,43,43,23,23,23,14,14,14,3,5,5,0,0],"gold":318,"neow_bonus":"BOSS_RELIC","is_daily":false,"chose_seed":false,"campfire_upgraded":3,"win_rate":0.0,"timestamp":1611969416,"path_taken":["M","?","M","?","M","R","E","R","T","M","M","?","?","M","R","BOSS"],"items_purchased_type":[],"build_version":"2020-12-22","purchased_purges":0,"victory":false,"max_hp_per_floor":[75,75,75,75,75,75,75,75,75,75,75,75,75,75,75,75,75],"relic_stats":{"counters":[9,31],"obtain_stats":[{"Anchor":2,"Philosopher\u0027s Stone":0,"Cracked Core":0,"Toy Ornithopter":7,"Akabeko":9},{"Anchor":1,"Philosopher\u0027s Stone":0,"Cracked Core":0,"Toy Ornithopter":4,"Akabeko":4},{"Anchor":4,"Philosopher\u0027s Stone":0,"Cracked Core":0,"Toy Ornithopter":17,"Akabeko":17}],"Toy Ornithopter":10},"card_choices":[{"not_picked":["Reprogram","Self Repair"],"picked":"Streamline","floor":1},{"not_picked":["Redo","Stack"],"picked":"Storm","floor":3},{"not_picked":["Force Field","Glacier"],"picked":"Beam Cell","floor":5},{"not_picked":["Gash","Streamline"],"picked":"Capacitor","floor":7},{"not_picked":["Turbo","Reprogram"],"picked":"Melter","floor":10},{"not_picked":["Steam Power","Barrage"],"picked":"Ball Lightning","floor":11},{"not_picked":["Gash","Sweeping Beam"],"picked":"Ball Lightning","floor":13},{"not_picked":["Doom and Gloom","Streamline"],"picked":"Genetic Algorithm","floor":14}],"player_experience":1073310,"relics_obtained":[{"floor":7,"key":"Toy Ornithopter"},{"floor":9,"key":"Akabeko"}],"event_choices":[{"damage_healed":0,"gold_gain":0,"player_choice":"Success","damage_taken":7,"relics_obtained":["Anchor"],"max_hp_gain":0,"max_hp_loss":0,"event_name":"Scrap Ooze","floor":2,"gold_loss":0},{"damage_healed":0,"gold_gain":75,"player_choice":"Gather Gold","damage_taken":11,"max_hp_gain":0,"max_hp_loss":0,"event_name":"World of Goop","floor":4,"gold_loss":0},{"damage_healed":0,"gold_gain":0,"player_choice":"1 cards matched","damage_taken":0,"max_hp_gain":0,"max_hp_loss":0,"event_name":"Match and Keep!","floor":12,"gold_loss":0,"cards_obtained":["Leap"]}],"is_beta":false,"boss_relics":[],"items_purged_floors":[],"is_endless":false,"potions_floor_spawned":[1,3,10,14],"killed_by":"Hexaghost","ascension_level":9}}