{"host":"nwd160me4iqdtr8u","time":1611990919,"event":{"mods":["AchievementEnabler","Act Like it!","BaseMod","Colored Map","DeckTracker","Keyboard Shortcuts","Minty Spire (QoL Compilation)","Quick Restart","Rare Cards Sparkle","StSLib","SuperFastMode","everything is the same but u backflip on backflip"],"gold_per_floor":[118,118,136,59,75,75,148,148,175,175,185,185,200,211,211,211,211],"floor_reached":16,"language":"KOR","playtime":409,"items_purged":[],"score":120,"play_id":"2cdddbfe-0ecf-41bc-b99b-941a2bdaea2a","local_time":"20210130161519","is_ascension_mode":true,"campfire_choices":[{"data":"Adaptation","floor":6,"key":"SMITH"},{"data":"Eruption","floor":8,"key":"SMITH"},{"data":"TalkToTheHand","floor":15,"key":"SMITH"}],"circlet_count":0,"master_deck":["Strike_P","Strike_P","Strike_P","Strike_P","Defend_P","Defend_P","Defend_P","Eruption+1","Vigilance","Adaptation+1","MentalFortress","TalkToTheHand+1"],"relics":["PureWater","NeowsBlessing","Oddly Smooth Stone","Gremlin Horn","Akabeko"],"acts_visited":["Exordium"],"potions_floor_usage":[16],"damage_taken":[{"damage":0,"enemies":"Small Slimes","floor":1,"turns":1},{"damage":0,"enemies":"Cultist","floor":3,"turns":1},{"damage":0,"enemies":"2 Louse","floor":5,"turns":2},{"damage":2,"enemies":"Blue Slaver","floor":11,"turns":4},{"damage":6,"enemies":"Exordium Thugs","floor":13,"turns":4},{"damage":0,"enemies":"3 Louse","floor":14,"turns":2},{"damage":72,"enemies":"Hexaghost","floor":16,"turns":14}],"seed_played":"8950829812978162293","potions_obtained":[{"floor":1,"key":"FearPotion"},{"floor":5,"key":"Regen Potion"}],"is_trial":false,"path_per_floor":["M","?","M","$","M","R","T","R","T","?","M","?","M","M","R","B"],"character_chosen":"WATCHER","items_purchased":["MentalFortress"],"campfire_rested":0,"item_purchase_floors":[4],"current_hp_per_floor":[65,65,65,65,65,65,65,65,65,65,63,63,57,57,57,0,0],"gold":211,"neow_bonus":"THREE_ENEMY_KILL","is_daily":false,"chose_seed":false,"campfire_upgraded":3,"win_rate":0.0,"timestamp":1611990919,"path_taken":["M","?","M","$","?","R","?","R","T","?","M","?","?","M","R","BOSS"],"items_purchased_type":["Card"],"build_version":"2020-12-22","purchased_purges":0,"victory":false,"max_hp_per_floor":[72,72,72,72,72,72,72,72,72,72,72,72,72,72,72,72,72],"card_choices":[{"not_picked":["ReachHeaven","FollowUp","SignatureMove"],"picked":"SKIP","floor":1},{"not_picked":["Meditate","ThirdEye"],"picked":"Adaptation","floor":3},{"not_picked":["Sanctity","SashWhip","ClearTheMind"],"picked":"SKIP","floor":5},{"not_picked":["DeceiveReality","ForeignInfluence","SashWhip"],"picked":"SKIP","floor":11},{"not_picked":["Evaluate","EmptyFist"],"picked":"TalkToTheHand","floor":13},{"not_picked":["Consecrate","SashWhip","Vengeance"],"picked":"SKIP","floor":14}],"player_experience":331462,"relics_obtained":[{"floor":7,"key":"Gremlin Horn"},{"floor":9,"key":"Akabeko"}],"event_choices":[{"damage_healed":0,"gold_gain":0,"player_choice":"Gave Potion","damage_taken":0,"relics_obtained":["Oddly Smooth Stone"],"max_hp_gain":0,"max_hp_loss":0,"event_name":"WeMeetAgain","floor":2,"gold_loss":0},{"cards_removed":["Defend_P"],"damage_healed":0,"gold_gain":0,"player_choice":"Forget","damage_taken":0,"max_hp_gain":0,"max_hp_loss":0,"event_name":"Living Wall","floor":10,"gold_loss":0},{"damage_healed":0,"gold_gain":0,"player_choice":"Ignored","damage_taken":0,"max_hp_gain":0,"max_hp_loss":0,"event_name":"Liars Game","floor":12,"gold_loss":0}],"is_beta":false,"boss_relics":[],"items_purged_floors":[],"is_endless":false,"potions_floor_spawned":[1,5],"killed_by":"Hexaghost","ascension_level":6}}