{"host":"362zhnvmfmhc3u7b","time":1611985796,"event":{"mods":["BaseMod","Colored Powertips","Minty Spire (QoL Compilation)","Quick Restart","Rare Cards Sparkle","StSLib"],"gold_per_floor":[114,129,144,159,174,174,204,204,254,254,292,311,311,349,349,474,474,493,142,161,180,180,218,418,418,443,443,481,500,550,296,296,296,296],"floor_reached":33,"language":"ENG","playtime":1967,"items_purged":["Strike_R","Strike_R"],"score":330,"play_id":"ef5e0e76-d657-4c25-9127-5a82284fee61","local_time":"20210130004956","daily_mods":["Specialized","Colorless Cards","Terminal"],"is_ascension_mode":false,"campfire_choices":[{"data":"Body Slam","floor":6.0,"key":"SMITH"},{"data":"Armaments","floor":10.0,"key":"SMITH"},{"data":"Enlightenment","floor":15.0,"key":"SMITH"},{"data":"Thinking Ahead","floor":25.0,"key":"SMITH"},{"data":"Rupture","floor":27.0,"key":"SMITH"},{"data":"Body Slam","floor":32,"key":"SMITH"}],"circlet_count":0,"master_deck":["Strike_R","Strike_R","Defend_R","Defend_R","Defend_R","Defend_R","Bash","Flame Barrier","Flame Barrier","Flame Barrier","Flame Barrier","Flame Barrier","Pommel Strike","Pummel","Body Slam+1","Thunderclap","Headbutt","Armaments+1","Ghostly Armor","Hemokinesis","Enlightenment+1","Thinking Ahead+1","Inflame","Armaments+1","Rupture+1","Purity","Burning Pact","Dark Shackles","Body Slam+1","Shrug It Off"],"relics":["Burning Blood","Potion Belt","Golden Idol","Smiling Mask","Juzu Bracelet","HornCleat","PreservedInsect","Coffee Dripper","DollysMirror","Charon\u0027s Ashes","Bag of Preparation","Pear","Strawberry","Bronze Scales"],"acts_visited":["Exordium","TheCity"],"potions_floor_usage":[33],"damage_taken":[{"damage":0.0,"enemies":"Cultist","floor":1.0,"turns":5.0},{"damage":0.0,"enemies":"Jaw Worm","floor":2.0,"turns":4.0},{"damage":0.0,"enemies":"Small Slimes","floor":3.0,"turns":2.0},{"damage":0.0,"enemies":"Exordium Wildlife","floor":4.0,"turns":5.0},{"damage":0.0,"enemies":"Blue Slaver","floor":5.0,"turns":5.0},{"damage":4.0,"enemies":"3 Sentries","floor":7.0,"turns":10.0},{"damage":17.0,"enemies":"Lagavulin","floor":11.0,"turns":5.0},{"damage":0.0,"enemies":"Large Slime","floor":12.0,"turns":5.0},{"damage":18.0,"enemies":"Gremlin Nob","floor":14.0,"turns":4.0},{"damage":6.0,"enemies":"Hexaghost","floor":16.0,"turns":9.0},{"damage":0.0,"enemies":"3 Byrds","floor":18.0,"turns":3.0},{"damage":0.0,"enemies":"Shell Parasite","floor":20.0,"turns":6.0},{"damage":12.0,"enemies":"Cultist and Chosen","floor":21.0,"turns":5.0},{"damage":11.0,"enemies":"Book of Stabbing","floor":23.0,"turns":6.0},{"damage":6.0,"enemies":"Gremlin Leader","floor":28.0,"turns":4.0},{"damage":16,"enemies":"Sentry and Sphere","floor":29,"turns":7},{"damage":52,"enemies":"Champ","floor":33,"turns":15}],"seed_played":"-828330817948855686","potions_obtained":[{"floor":2.0,"key":"AttackPotion"},{"floor":5.0,"key":"CultistPotion"},{"floor":7.0,"key":"EntropicBrew"},{"floor":12.0,"key":"Ancient Potion"},{"floor":14.0,"key":"DuplicationPotion"},{"floor":20.0,"key":"PowerPotion"}],"is_trial":false,"path_per_floor":["M","M","M","M","M","R","E","?","T","R","E","M","?","E","R","B",null,"M","$","M","M","?","E","?","R","T","R","E","M","T","$","R","B"],"character_chosen":"IRONCLAD","items_purchased":["DollysMirror","Rupture","Purity","Bronze Scales","Shrug It Off"],"campfire_rested":0,"item_purchase_floors":[19,19,19,31,31],"current_hp_per_floor":[78,77,76,75,74,73,72,66,65,64,53,59,59,47,47,47,57,56,55,54,48,48,43,43,43,43,43,53,43,50,50,50,0,0],"gold":296,"neow_bonus":"","is_daily":true,"chose_seed":false,"campfire_upgraded":6,"win_rate":0.0,"timestamp":1611985796,"path_taken":["M","M","M","M","M","R","E","?","T","R","E","M","?","E","R","BOSS","M","?","M","M","?","E","?","R","T","R","E","M","?","$","R","BOSS"],"items_purchased_type":["Relic","Card","Card","Relic","Card"],"build_version":"2020-12-22","purchased_purges":2,"victory":false,"max_hp_per_floor":[78,77,76,75,74,73,72,66,65,64,63,62,61,60,59,58,57,56,55,54,53,52,51,50,49,48,47,56,55,61,60,59,59,59],"card_choices":[{"not_picked":["Uppercut","Flex"],"picked":"Pommel Strike","floor":1.0},{"not_picked":["Clothesline","Searing Blow"],"picked":"Pummel","floor":2.0},{"not_picked":["Hemokinesis","Headbutt"],"picked":"Body Slam","floor":3.0},{"not_picked":["Panacea","Twin Strike"],"picked":"Thunderclap","floor":4.0},{"not_picked":["Flex","Mind Blast"],"picked":"Headbutt","floor":5.0},{"not_picked":["Cleave","Panacea"],"picked":"Armaments","floor":7.0},{"not_picked":["Wild Strike","Flash of Steel"],"picked":"Ghostly Armor","floor":11.0},{"not_picked":["Warcry","True Grit"],"picked":"Hemokinesis","floor":12.0},{"not_picked":["Berserk","Pummel"],"picked":"Enlightenment","floor":14.0},{"not_picked":["Double Tap","Magnetism"],"picked":"Thinking Ahead","floor":16.0},{"not_picked":["Warcry","Clothesline"],"picked":"Inflame","floor":18.0},{"not_picked":["Perfected Strike","Power Through","Clash"],"picked":"SKIP","floor":20.0},{"not_picked":["Perfected Strike","Clothesline","Warcry"],"picked":"SKIP","floor":21.0},{"not_picked":["Searing Blow","Trip"],"picked":"Burning Pact","floor":23.0},{"not_picked":["Perfected Strike","Warcry"],"picked":"Dark Shackles","floor":28.0},{"not_picked":["Enlightenment","Bludgeon"],"picked":"Body Slam","floor":29}],"player_experience":1582765,"relics_obtained":[{"floor":7.0,"key":"Potion Belt"},{"floor":9.0,"key":"Smiling Mask"},{"floor":11.0,"key":"Juzu Bracelet"},{"floor":14.0,"key":"PreservedInsect"},{"floor":23.0,"key":"Charon\u0027s Ashes"},{"floor":26.0,"key":"Bag of Preparation"},{"floor":28.0,"key":"Pear"},{"floor":30,"key":"Strawberry"}],"event_choices":[{"damage_healed":0.0,"max_hp_gain":0.0,"max_hp_loss":5.0,"gold_gain":0.0,"event_name":"Golden Idol","player_choice":"Lose Max HP","floor":8.0,"gold_loss":0.0,"damage_taken":0.0,"relics_obtained":["Golden Idol"]},{"damage_healed":0.0,"max_hp_gain":0.0,"max_hp_loss":0.0,"gold_gain":0.0,"event_name":"WeMeetAgain","player_choice":"Gave Potion","floor":13.0,"gold_loss":0.0,"damage_taken":0.0,"relics_obtained":["HornCleat"]},{"cards_removed":["Strike_R"],"damage_healed":0.0,"max_hp_gain":0.0,"max_hp_loss":0.0,"gold_gain":0.0,"event_name":"Bonfire Elementals","player_choice":"Offered Basic","floor":22.0,"gold_loss":0.0,"damage_taken":0.0},{"damage_healed":0.0,"max_hp_gain":0.0,"max_hp_loss":0.0,"gold_gain":250.0,"event_name":"The Joust","player_choice":"Bet on Owner","floor":24.0,"gold_loss":50.0,"damage_taken":0.0}],"is_beta":false,"boss_relics":[{"not_picked":["Calling Bell","Runic Dome"],"picked":"Coffee Dripper"}],"items_purged_floors":[19,31],"is_endless":false,"potions_floor_spawned":[2,5,7,12,14,20],"killed_by":"Champ","ascension_level":0}}