{"host":"w8h1gb4cf72e7pqk","time":1611988576,"event":{"mods":["BaseMod","Downfall","Minty Spire (QoL Compilation)","StSLib","The Bug Knight","everything is the same but u backflip on backflip"],"gold_per_floor":[99,113,213,213,213,213,237,249,265,75,109,109,144,29,40,141,141,141,141,1,17,15,15,15,15,15,34,34,66,151,185,203,308,308,108,121,134,134,146,146,146,180,180,180,280,56,72,91,105,105],"floor_reached":51,"language":"ENG","playtime":4597,"items_purged":["Regret","Regret","Pain","Regret"],"score":821,"play_id":"5f991b5d-bcb2-4d48-81ff-6a2d112efb40","local_time":"20210130163615","is_ascension_mode":false,"campfire_choices":[{"data":"champ:Execute","floor":1.0,"key":"SMITH"},{"data":"champ:Taunt","floor":6.0,"key":"SMITH"},{"data":"champ:GladiatorForm","floor":18,"key":"SMITH"},{"data":"expansioncontent:QuickStudy","floor":23,"key":"SMITH"},{"floor":25,"key":"DIG"},{"data":"1","floor":35,"key":"LIFT"},{"data":"2","floor":40,"key":"LIFT"},{"floor":44,"key":"RECALL"}],"circlet_count":0,"master_deck":["champ:Strike","champ:Strike","champ:Strike","champ:Defend+1","champ:Defend+1","champ:Defend","champ:Defend","champ:Execute+1","champ:Taunt+1","champ:Duel","Doubt","champ:ShieldThrow","downfall:Bewildered","Clumsy","champ:DefensiveShout","champ:SkillfulDodge","champ:PreciseThrust","champ:GutPunch","champ:FanOfKnives","champ:IronFortress","champ:RecklessLeap","champ:HoldFirm","champ:GladiatorForm+1","champ:FlashCut","champ:TornadoPunch","expansioncontent:QuickStudy+1","expansioncontent:QuickStudy+1","champ:Duel","Injury","champ:EnragedBash+1","champ:CheapShot","champ:Lariat+1","champ:Improvising","champ:FaceSlap+1","champ:FalseCounter+1","expansioncontent:PolyBeam","expansioncontent:HyperBeam","expansioncontent:PrepareCrush+1","champ:StanceDance+1","champ:ShieldWall","champ:Endure+1"],"relics":["champ:ChampionCrownUpgraded","Du-Vu Doll","champ:LiftRelic","War Paint","champ:DefensiveTrainingManual","Letter Opener","Torii","WarpedTongs","Shovel","Toy Ornithopter","Girya","Toxic Egg 2","Velvet Choker","downfall:HeartBlessingGreen","downfall:HeartBlessingBlue","Kunai","Guardian:PocketSentry","White Beast Statue","Lee\u0027s Waffle"],"acts_visited":["Exordium","TheCity","TheBeyond"],"potions_floor_usage":[50,50],"damage_taken":[{"damage":10.0,"enemies":"2 Louse","floor":2.0,"turns":2.0},{"damage":2.0,"enemies":"Small Slimes","floor":8.0,"turns":2.0},{"damage":0.0,"enemies":"Jaw Worm","floor":9.0,"turns":2.0},{"damage":20.0,"enemies":"downfall:FleeingMerchant","floor":10.0,"turns":4.0},{"damage":36.0,"enemies":"Lagavulin","floor":11.0,"turns":5.0},{"damage":17.0,"enemies":"3 Sentries","floor":13.0,"turns":5.0},{"damage":17.0,"enemies":"downfall:FleeingMerchant","floor":14.0,"turns":4.0},{"damage":10.0,"enemies":"3 Louse","floor":15.0,"turns":3.0},{"damage":67.0,"enemies":"WA_ARCHETYPE_RETAIN","floor":16.0,"turns":7.0},{"damage":48,"enemies":"downfall:FleeingMerchant","floor":20,"turns":4},{"damage":10,"enemies":"Shell Parasite","floor":21,"turns":2},{"damage":0,"enemies":"downfall:FleeingMerchant","floor":22,"turns":1},{"damage":10,"enemies":"Spheric Guardian","floor":27,"turns":1},{"damage":5,"enemies":"Gremlin Leader","floor":29,"turns":3},{"damage":0,"enemies":"Slavers","floor":31,"turns":4},{"damage":12,"enemies":"Snecko","floor":32,"turns":4},{"damage":42,"enemies":"IC_MUSHROOM_ARCHETYPE","floor":33,"turns":7},{"damage":13,"enemies":"3 Shapes","floor":36,"turns":1},{"damage":15,"enemies":"3 Darklings","floor":37,"turns":3},{"damage":25,"enemies":"Writhing Mass","floor":39,"turns":3},{"damage":33,"enemies":"Reptomancer","floor":42,"turns":5},{"damage":51,"enemies":"downfall:LadyInBlue","floor":45,"turns":8},{"damage":15,"enemies":"Jaw Worm Horde","floor":47,"turns":3},{"damage":15,"enemies":"4 Shapes","floor":48,"turns":4},{"damage":0,"enemies":"3 Darklings","floor":49,"turns":3},{"damage":81,"enemies":"DF_ARCHETYPE_ORBS","floor":50,"turns":7}],"seed_played":"2583014446529356579","potions_obtained":[{"floor":8.0,"key":"bronze:BurnAndBuffPotion"},{"floor":13.0,"key":"Regen Potion"},{"floor":15.0,"key":"Ancient Potion"},{"floor":27,"key":"Explosive Potion"},{"floor":29,"key":"EntropicBrew"},{"floor":39,"key":"Block Potion"},{"floor":42,"key":"champ:CounterPotion"},{"floor":45,"key":"sneckomod:MuddlingPotion"}],"is_trial":false,"path_per_floor":["R","M","?","?","T","R","T","M","M","$","E","?","E","$","M","B",null,"R","?","$","M","$","R","T","R","?","M","$","E","?","E","M","B",null,"R","M","M","?","M","R","T","E","?","R","?","$","M","M","M","B",null],"character_chosen":"THE_CHAMP","items_purchased":["champ:GutPunch","champ:FanOfKnives","expansioncontent:QuickStudy","champ:ShieldWall","Lee\u0027s Waffle"],"campfire_rested":0,"item_purchase_floors":[10,10,22,46,46],"current_hp_per_floor":[99,99,104,104,104,104,104,102,102,92,81,81,64,57,57,40,104,104,104,96,96,96,96,96,96,96,96,96,96,78,78,71,54,104,114,111,111,111,111,111,111,103,93,93,82,121,121,121,121,85],"gold":105,"neow_bonus":"TEN_PERCENT_HP_BONUS","is_daily":false,"chose_seed":false,"campfire_upgraded":4,"win_rate":0.0,"timestamp":1611988575,"path_taken":["R","M","?","?","?","R","T","M","M","$","E","?","E","$","M","BOSS","R","?","$","M","?","R","T","R","?","?","$","E","?","E","M","BOSS","R","M","M","?","M","R","T","E","?","R","?","$","M","?","M","BOSS"],"items_purchased_type":["Card","Card","Card","Card","Relic"],"build_version":"2020-12-22","purchased_purges":4,"victory":true,"max_hp_per_floor":[99,99,104,104,104,104,104,104,104,104,104,104,104,104,104,104,104,104,104,104,104,104,104,104,104,104,104,104,104,104,104,104,104,104,114,114,114,114,114,114,114,114,114,114,114,121,121,121,121,121],"card_choices":[{"not_picked":["champ:RecklessLeap","champ:RisingSlash"],"picked":"champ:Duel","floor":2.0},{"not_picked":["champ:Duel","champ:FalseCounter"],"picked":"champ:DefensiveShout","floor":8.0},{"not_picked":["champ:Duel","champ:AdrenalArmor"],"picked":"champ:SkillfulDodge","floor":9.0},{"not_picked":["champ:GutPunch","champ:FocusedBerserking"],"picked":"champ:PreciseThrust","floor":10.0},{"not_picked":["champ:FancyFootwork","champ:FlashCut"],"picked":"champ:IronFortress","floor":11.0},{"not_picked":["champ:Backstep","champ:Parry"],"picked":"champ:RecklessLeap","floor":13.0},{"not_picked":["champ:EnGarde","champ:ArenaPreparation"],"picked":"champ:HoldFirm","floor":14.0},{"not_picked":["champ:TornadoPunch","champ:FanOfKnives","champ:DefensiveShout"],"picked":"SKIP","floor":15.0},{"not_picked":["champ:Devastate","champ:DancingMaster"],"picked":"champ:GladiatorForm","floor":16.0},{"not_picked":["champ:PreciseThrust","champ:FalseCounter"],"picked":"champ:FlashCut","floor":20},{"not_picked":["champ:Haymaker","champ:CrownThrow+1","champ:DefensiveShout"],"picked":"SKIP","floor":21},{"not_picked":["champ:ArenaPreparation+1","champ:FanOfKnives"],"picked":"champ:TornadoPunch","floor":22},{"not_picked":["champ:BerserkersShout+1","champ:DefensiveShout","champ:ArenaPreparation"],"picked":"SKIP","floor":27},{"not_picked":["champ:Backstep","champ:IronFortress"],"picked":"champ:EnragedBash+1","floor":29},{"not_picked":["champ:HeartStrike+1","champ:RapidStrikes"],"picked":"champ:CheapShot","floor":31},{"not_picked":["champ:FalseCounter+1","champ:FanOfKnives+1"],"picked":"champ:Lariat+1","floor":32},{"not_picked":["champ:HeavySlash","champ:MurderStrike"],"picked":"champ:Improvising","floor":33},{"not_picked":["champ:IronFortress","champ:BringItOn+1"],"picked":"champ:FaceSlap+1","floor":36},{"not_picked":["champ:BladeFlurry+1","champ:Circumvent+1","champ:BerserkersShout+1"],"picked":"SKIP","floor":37},{"not_picked":["champ:Shatter+1","champ:FanOfKnives+1"],"picked":"champ:FalseCounter+1","floor":39},{"not_picked":["champ:FalseCounter+1","champ:PerfectedStrike","champ:FlashCut"],"picked":"SKIP","floor":42},{"not_picked":["expansioncontent:Chronoboost","expansioncontent:DecaShield"],"picked":"expansioncontent:PolyBeam","floor":43},{"not_picked":["expansioncontent:DecaShield","expansioncontent:Chronoboost"],"picked":"expansioncontent:HyperBeam","floor":43},{"not_picked":["expansioncontent:PolyBeam","expansioncontent:AwakenDeath"],"picked":"expansioncontent:PrepareCrush","floor":43},{"not_picked":["champ:TornadoPunch+1","champ:FaceSlap"],"picked":"champ:StanceDance+1","floor":45},{"not_picked":["champ:Circumvent+1","champ:TripleStrike","champ:PerfectedStrike+1"],"picked":"SKIP","floor":47},{"not_picked":["champ:PreemptiveStrike","champ:SetATrap+1","champ:FanOfKnives"],"picked":"SKIP","floor":48},{"not_picked":["champ:EnGarde+1","champ:TornadoPunch+1"],"picked":"champ:Endure+1","floor":49}],"player_experience":1256085,"relics_obtained":[{"floor":7.0,"key":"War Paint"},{"floor":11.0,"key":"champ:DefensiveTrainingManual"},{"floor":13.0,"key":"Torii"},{"floor":24,"key":"Shovel"},{"floor":25,"key":"Toy Ornithopter"},{"floor":29,"key":"Girya"},{"floor":31,"key":"Toxic Egg 2"},{"floor":41,"key":"Kunai"},{"floor":42,"key":"Guardian:PocketSentry"},{"floor":45,"key":"White Beast Statue"}],"event_choices":[{"damage_healed":0.0,"max_hp_gain":0.0,"max_hp_loss":0.0,"gold_gain":0.0,"event_name":"Big Fish","player_choice":"Box","floor":12.0,"gold_loss":0.0,"damage_taken":0.0,"relics_obtained":["Letter Opener"],"cards_obtained":["Regret"]},{"damage_healed":0,"gold_gain":0,"player_choice":"Rummage","damage_taken":0,"relics_obtained":["WarpedTongs"],"max_hp_gain":0,"max_hp_loss":0,"event_name":"Accursed Blacksmith","floor":19,"gold_loss":0,"cards_obtained":["Pain"]},{"cards_removed":["champ:Strike"],"damage_healed":0,"gold_gain":0,"player_choice":"Removed Attack","damage_taken":0,"max_hp_gain":0,"max_hp_loss":0,"event_name":"Falling","floor":38,"gold_loss":0}],"is_beta":false,"boss_relics":[{"not_picked":["Busted Crown","Philosopher\u0027s Stone"],"picked":"champ:ChampionCrownUpgraded"},{"not_picked":["SacredBark","Astrolabe"],"picked":"Velvet Choker"}],"items_purged_floors":[10,14,20,22],"is_endless":false,"potions_floor_spawned":[8,13,15,27,29,39,42,47,48,49],"ascension_level":0}}