{"host":"59cc6k4ir9ghxqag","time":1611965823,"event":{"mods":["100% Spire Juice","Arknights The Spire","BaseMod","Colored Powertips","Downfall","Hermit","Lobotomy","Marisa£®ÏF”Í°°ƒß¿Ì…≥£©","Minty Spire (QoL Compilation)","Remilia£®¿Ÿ√◊¿Ú—«£©","Replay The Spire","Robot Space Explorer","Shop Mod","StSLib","The Bug Knight","The Cursed","The Dragon Tamer","°æ“≈ŒÔø®≈∆°øREMEMod"],"gold_per_floor":[119,119,119,119,131,159,172,205,232,259,277,304,304,379,379,507,507,507,507],"floor_reached":18,"language":"ZHS","playtime":610,"items_purged":[],"score":305,"play_id":"f3195d66-3ba0-47a1-af5d-1bf472eb7d0d","local_time":"20210130081703","daily_mods":["SealedDeck","Diverse","Heirloom","Flight","Lethality"],"is_ascension_mode":false,"campfire_choices":[{"data":"WitchOfGreed","floor":15,"key":"SMITH"}],"circlet_count":0,"master_deck":["bronze:Shield","sneckomod:Unknown1Cost","ats:Charging Defense","ats:Closed Bolt Burst Fire+1","Cleave","DTMod:BreakAttack","Masterful Stab","Footwork","Slimebound:Schlurp","Dagger Spray+1","hermit:RoundhouseKick","GasGiant","WitchOfGreed+1","ats:Ignite"],"relics":["Unceasing Top","replay:Trail_Library","REME_ComplimentaryCards","champ:DuelingGlove","Blue Candle","Lantern","bronze:BronzeIdol","Happy Flower","Replay:Wax Seal","Golden Idol","Cursed Key"],"acts_visited":["Exordium","TheCity"],"potions_floor_usage":[16],"damage_taken":[{"damage":0.0,"enemies":"Small Slimes","floor":1.0,"turns":1.0},{"damage":0.0,"enemies":"Jaw Worm","floor":5.0,"turns":1.0},{"damage":3.0,"enemies":"Lagavulin","floor":6.0,"turns":4.0},{"damage":0.0,"enemies":"2 Louse","floor":7.0,"turns":1.0},{"damage":8.0,"enemies":"Gremlin Nob","floor":8.0,"turns":3.0},{"damage":0.0,"enemies":"Replay:BlueRogue","floor":10.0,"turns":3.0},{"damage":0.0,"enemies":"Exordium Thugs","floor":11.0,"turns":2.0},{"damage":0.0,"enemies":"Blue Slaver","floor":12.0,"turns":2.0},{"damage":26,"enemies":"Hexaghost","floor":16,"turns":8},{"damage":0,"enemies":"Spheric Guardian","floor":18,"turns":1}],"seed_played":"-5078596539994787617","potions_obtained":[{"floor":6.0,"key":"LifebloodPotion"},{"floor":7.0,"key":"Elixir"},{"floor":10.0,"key":"Milkshake"},{"floor":12.0,"key":"ColorlessPotion"},{"floor":12.0,"key":"Strength Potion"},{"floor":16,"key":"Explosive Potion"}],"is_trial":true,"path_per_floor":["M","?","?","?","M","E","M","E","T","E","M","M","?","?","R","B",null,"M"],"character_chosen":"WATCHER","items_purchased":[],"campfire_rested":0,"item_purchase_floors":[],"current_hp_per_floor":[72,72,72,67,67,64,64,56,56,56,56,56,38,31,31,5,72,72,72],"gold":507,"neow_bonus":"","is_daily":false,"chose_seed":false,"campfire_upgraded":1,"win_rate":0.0,"timestamp":1611965823,"path_taken":["M","?","?","?","M","E","M","E","T","E","?","M","?","?","R","BOSS","M"],"items_purchased_type":[],"build_version":"2020-12-22","purchased_purges":0,"victory":false,"max_hp_per_floor":[72,72,72,72,72,72,72,72,72,72,72,72,72,72,72,72,72,72,72],"card_choices":[{"not_picked":["UnstableMagic","RobotSpaceExplorer:ToxicBomb"],"picked":"GasGiant","floor":1.0},{"not_picked":["Slimebound:ProtectTheBoss","bronze:WhirlingStrike","Guardian:Gem_Yellow"],"picked":"SKIP","floor":5.0},{"not_picked":["REME_SingleHolding","HollowMod:BlackTendrils","hexamod:HexaLevel"],"picked":"SKIP","floor":6.0},{"not_picked":["HollowMod:CycloneSlash","sneckomod:UnknownDraw","MilkyWay"],"picked":"SKIP","floor":7.0},{"not_picked":["ReplayTheSpireMod:The Works","BlazeAway"],"picked":"WitchOfGreed","floor":8.0},{"not_picked":["Backflip","TheCursedMod:SoulCrush","hermit:HighCaliber"],"picked":"SKIP","floor":10.0},{"not_picked":["bronze:FineTuning","champ:FanOfKnives","HollowMod:NewInfectedGuardian"],"picked":"SKIP","floor":11.0},{"not_picked":["ats:Ignite","LeisurelyOfLord","Slimebound:ComboTackle"],"picked":"SKIP","floor":12.0}],"player_experience":548280,"relics_obtained":[{"floor":6.0,"key":"Lantern"},{"floor":8.0,"key":"bronze:BronzeIdol"},{"floor":9.0,"key":"Happy Flower"},{"floor":10.0,"key":"Replay:Wax Seal"}],"event_choices":[{"damage_healed":0.0,"max_hp_gain":0.0,"max_hp_loss":0.0,"gold_gain":0.0,"event_name":"Living Wall","player_choice":"Grow","floor":2.0,"gold_loss":0.0,"damage_taken":0.0,"cards_upgraded":["ats:Closed Bolt Burst Fire"]},{"damage_healed":0.0,"max_hp_gain":0.0,"max_hp_loss":0.0,"gold_gain":0.0,"event_name":"Golden Idol","player_choice":"Take Damage","floor":13.0,"gold_loss":0.0,"damage_taken":18.0,"relics_obtained":["Golden Idol"]},{"damage_healed":0,"gold_gain":75,"player_choice":"Touch","damage_taken":7,"max_hp_gain":0,"max_hp_loss":0,"event_name":"FaceTrader","floor":14,"gold_loss":0}],"is_beta":false,"boss_relics":[{"not_picked":["Ectoplasm","REME_ChargedStone"],"picked":"Cursed Key"}],"items_purged_floors":[],"is_endless":true,"potions_floor_spawned":[6,7,10,11,12,16],"killed_by":"Spheric Guardian","ascension_level":0}}