{"host":"bgyhjzqafgkxdxsh","time":1611989517,"event":{"mods":["BaseMod","Colored Map","Downfall","Minty Spire (QoL Compilation)","Relic Stats","StSLib","everything is the same but u backflip on backflip"],"gold_per_floor":[99,113,133,150,55,65,65,65,85,95,126,70,70,70,70,70],"floor_reached":14,"language":"ENG","playtime":690,"items_purged":[],"score":92,"play_id":"5fb7b63e-0cbe-44cf-8eda-f9a62cba4908","local_time":"20210130165157","is_ascension_mode":false,"campfire_choices":[{"floor":1,"key":"RECALL"},{"data":"sneckomod:DiceBoulder","floor":8,"key":"SMITH"},{"data":"sneckomod:DiceBoulder+1","floor":13,"key":"SMITH"}],"circlet_count":0,"master_deck":["sneckomod:Strike","sneckomod:Strike","sneckomod:Defend","sneckomod:Defend","sneckomod:Defend","sneckomod:TailWhip","sneckomod:SnekBite","sneckomod:Unknown","sneckomod:Unknown","sneckomod:WideSting","sneckomod:Unknown1Cost","sneckomod:TrashToTreasure","sneckomod:Unknown1Cost","sneckomod:DiceBoulder+2","sneckomod:DiceBlock+1","sneckomod:QuickMove+1","Malaise+1"],"relics":["sneckomod:SneckoSoul","Anchor","Toxic Egg 2"],"acts_visited":["Exordium"],"potions_floor_usage":[14,14,14],"damage_taken":[{"damage":4,"enemies":"Cultist","floor":2,"turns":4},{"damage":31,"enemies":"Jaw Worm","floor":3,"turns":3},{"damage":0,"enemies":"Small Slimes","floor":4,"turns":3},{"damage":10,"enemies":"downfall:FleeingMerchant","floor":5,"turns":4},{"damage":12,"enemies":"2 Fungi Beasts","floor":6,"turns":2},{"damage":7,"enemies":"3 Louse","floor":9,"turns":3},{"damage":14,"enemies":"Gremlin Gang","floor":10,"turns":4},{"damage":19,"enemies":"Lagavulin","floor":11,"turns":4},{"damage":1,"enemies":"downfall:FleeingMerchant","floor":12,"turns":4},{"damage":11,"enemies":"3 Sentries","floor":14,"turns":4}],"seed_played":"-4856362619475749268","potions_obtained":[{"floor":3,"key":"Weak Potion"},{"floor":6,"key":"bronze:BurnAndBuffPotion"},{"floor":9,"key":"DuplicationPotion"}],"is_trial":false,"path_per_floor":["R","M","M","M","$","M","T","R","M","M","E","$","R","E"],"character_chosen":"THE_SNECKO","items_purchased":["sneckomod:DiceBoulder","sneckomod:UnknownExhaust+1"],"campfire_rested":0,"item_purchase_floors":[5,12],"current_hp_per_floor":[90,86,70,70,60,48,48,48,41,27,8,7,7,0,0,0],"gold":70,"neow_bonus":"REMOVE_CARD","is_daily":false,"chose_seed":false,"campfire_upgraded":2,"win_rate":0.0,"timestamp":1611989517,"path_taken":["R","M","M","?","?","M","T","R","M","?","E","$","R","E"],"items_purchased_type":["Card","Card"],"build_version":"2020-12-22","purchased_purges":0,"victory":false,"max_hp_per_floor":[90,90,90,90,90,90,90,90,90,90,90,90,90,90,90,90],"relic_stats":{"counters":[10,35],"obtain_stats":[{"Anchor":7,"Toxic Egg 2":11,"sneckomod:SneckoSoul":0},{"Anchor":5,"Toxic Egg 2":8,"sneckomod:SneckoSoul":0},{"Anchor":16,"Toxic Egg 2":27,"sneckomod:SneckoSoul":0}]},"card_choices":[{"not_picked":["sneckomod:QuickBite","sneckomod:RainOfDice"],"picked":"sneckomod:WideSting","floor":2},{"not_picked":["sneckomod:UnknownCommonSkill","sneckomod:RainOfDice"],"picked":"sneckomod:Unknown1Cost","floor":3},{"not_picked":["sneckomod:RainOfDice","sneckomod:MasterEye"],"picked":"sneckomod:TrashToTreasure","floor":4},{"not_picked":["sneckomod:Rotation","sneckomod:IronFang"],"picked":"sneckomod:Unknown1Cost","floor":5},{"not_picked":["sneckomod:SlitherStrike","sneckomod:UnknownUncommonPower"],"picked":"sneckomod:Memorize","floor":6},{"not_picked":["sneckomod:SoulDraw","sneckomod:UnknownCommonSkill","sneckomod:SoulRoll"],"picked":"SKIP","floor":9},{"not_picked":["sneckomod:DiceBoulder","sneckomod:Unknown2Cost","sneckomod:SoulRoll"],"picked":"SKIP","floor":10},{"not_picked":["sneckomod:MorePower","sneckomod:UnknownCommonAttack"],"picked":"sneckomod:DiceBlock+1","floor":11},{"not_picked":["sneckomod:DiceBlock+1","sneckomod:SoulRoll+1"],"picked":"sneckomod:QuickMove+1","floor":12}],"player_experience":484255,"relics_obtained":[{"floor":7,"key":"Anchor"},{"floor":11,"key":"Toxic Egg 2"}],"event_choices":[],"is_beta":false,"boss_relics":[],"items_purged_floors":[],"is_endless":false,"potions_floor_spawned":[3,6,9],"killed_by":"3 Sentries","ascension_level":0}}