{"host":"chv1qanoipyt46jc","time":1611982883,"event":{"mods":["2.2 Compatiblity","AchievementEnabler","BaseMod","BetterRewards","CapriCore","Card Filter","Evolution","Gold Saver","Grow up Mod","Hermit","Minty Spire (QoL Compilation)","Rare Cards Sparkle","Relic Filter","Remove Card Discount Mod","Reorder Act Four","StSLib"],"gold_per_floor":[115,125,139,154,171,203,203,264,313,331,359,359,359,373,373,474,474,493,504,523,543,541,572,572,601,625,625,641,641,641,661,661,761,761,771,782,798,846,866,901,901,951,951,951,971,971,971,989,989,989,989,981,981,1012,1012],"floor_reached":56,"language":"ENG","playtime":2693,"items_purged":["hermit:Strike_Hermit","hermit:Strike_Hermit","hermit:Defend_Hermit","hermit:Defend_Hermit","hermit:Strike_Hermit","hermit:Strike_Hermit","hermit:Defend_Hermit","hermit:Defend_Hermit","hermit:ItchyTrigger","Parasite","hermit:CalledShot+1","hermit:CalledShot+1","hermit:OverwhelmingPower+1"],"score":1808,"play_id":"031a78ff-f221-46ed-8a1b-b656deb425a8","local_time":"20210129230123","is_ascension_mode":false,"campfire_choices":[{"data":"hermit:CalledShot","floor":7.0,"key":"SMITH"},{"data":"hermit:CalledShot","floor":12.0,"key":"SMITH"},{"data":"hermit:CalledShot","floor":15.0,"key":"SMITH"},{"data":"hermit:OverwhelmingPower","floor":24.0,"key":"SMITH"},{"data":"hermit:Covet","floor":27.0,"key":"SMITH"},{"floor":32.0,"key":"RECALL"},{"data":"hermit:BigShot","floor":41,"key":"SMITH"},{"data":"hermit:BigShot","floor":44,"key":"SMITH"},{"data":"hermit:Enervate","floor":46,"key":"SMITH"},{"data":"hermit:Enervate","floor":49,"key":"SMITH"},{"data":"hermit:Enervate","floor":53,"key":"SMITH"}],"circlet_count":0,"master_deck":["hermit:Covet+1","hermit:BigShot+1","hermit:Deadeye","hermit:Enervate+1","hermit:Enervate+1","hermit:CalledShot+1","hermit:BigShot+1","hermit:Enervate+1"],"relics":["hermit:Momento","EVO:Axolotl","Medical Kit","Singing Bowl","TheAbacus","Lizard Tail","Calipers","Sozu","Ancient Tea Set","hermit:Spyglass","Oddly Smooth Stone","SacredBark","Turnip","Frozen Egg 2","hermit:RedScarf","Akabeko","Ornamental Fan","War Paint"],"acts_visited":["Exordium","TheCity","TheBeyond","TheEnding"],"potions_floor_usage":[55,55,55],"damage_taken":[{"damage":10.0,"enemies":"Small Slimes","floor":1.0,"turns":2.0},{"damage":11.0,"enemies":"Jaw Worm","floor":2.0,"turns":3.0},{"damage":0.0,"enemies":"2 Louse","floor":3.0,"turns":2.0},{"damage":7.0,"enemies":"Blue Slaver","floor":4.0,"turns":3.0},{"damage":10.0,"enemies":"Looter","floor":5.0,"turns":2.0},{"damage":12.0,"enemies":"Lagavulin","floor":6.0,"turns":4.0},{"damage":16.0,"enemies":"Large Slime","floor":10.0,"turns":3.0},{"damage":0.0,"enemies":"Gremlin Nob","floor":11.0,"turns":2.0},{"damage":6.0,"enemies":"Blue Slaver","floor":14.0,"turns":2.0},{"damage":54.0,"enemies":"Hexaghost","floor":16.0,"turns":4.0},{"damage":6.0,"enemies":"3 Byrds","floor":18.0,"turns":1.0},{"damage":0.0,"enemies":"Spheric Guardian","floor":19.0,"turns":1.0},{"damage":2.0,"enemies":"3 Cultists","floor":20.0,"turns":3.0},{"damage":6.0,"enemies":"Centurion and Healer","floor":21.0,"turns":2.0},{"damage":4.0,"enemies":"Gremlin Leader","floor":23.0,"turns":2.0},{"damage":8.0,"enemies":"Book of Stabbing","floor":25.0,"turns":1.0},{"damage":12.0,"enemies":"Snake Plant","floor":28.0,"turns":1.0},{"damage":10.0,"enemies":"3 Cultists","floor":31.0,"turns":1.0},{"damage":12.0,"enemies":"Automaton","floor":33.0,"turns":1.0},{"damage":4,"enemies":"Orb Walker","floor":35,"turns":1},{"damage":2,"enemies":"3 Darklings","floor":36,"turns":2},{"damage":12,"enemies":"Writhing Mass","floor":37,"turns":2},{"damage":8,"enemies":"2 Orb Walkers","floor":38,"turns":1},{"damage":6,"enemies":"Jaw Worm Horde","floor":39,"turns":2},{"damage":10,"enemies":"Giant Head","floor":40,"turns":1},{"damage":8,"enemies":"Mind Bloom Boss Battle","floor":42,"turns":1},{"damage":6,"enemies":"3 Darklings","floor":45,"turns":1},{"damage":6,"enemies":"Sphere and 2 Shapes","floor":48,"turns":1},{"damage":16,"enemies":"Time Eater","floor":50,"turns":4},{"damage":0,"enemies":"Shield and Spear","floor":54,"turns":2},{"damage":12,"enemies":"The Heart","floor":55,"turns":4}],"seed_played":"2676467743615671185","potions_obtained":[{"floor":4.0,"key":"Dexterity Potion"},{"floor":5.0,"key":"AttackPotion"},{"floor":6.0,"key":"Energy Potion"},{"floor":10.0,"key":"Energy Potion"}],"is_trial":false,"path_per_floor":["M","M","M","M","M","E","R","?","T","M","E","R","$","M","R","B",null,"M","M","M","M","$","E","R","E","T","R","M","?","?","M","R","B",null,"M","M","M","?","M","E","R","?","T","R","M","R","T","M","R","B",null,"$","R","E","B",null],"character_chosen":"HERMIT","items_purchased":["Medical Kit","hermit:CalledShot","Singing Bowl","TheAbacus","hermit:BigShot","hermit:Deadeye","hermit:CalledShot"],"campfire_rested":0,"item_purchase_floors":[0,0,0,0,0,0,0],"current_hp_per_floor":[38,39,51,54,56,56,66,76,86,82,92,102,112,118,128,84,267,273,285,295,301,311,319,329,333,343,353,353,363,373,373,383,383,453,461,471,471,475,481,483,493,495,505,515,521,531,541,547,557,551,639,646,656,668,666],"gold":1012,"neow_bonus":"","is_daily":false,"chose_seed":false,"campfire_upgraded":10,"win_rate":0.0,"timestamp":1611982883,"path_taken":["M","M","M","M","M","E","R","?","T","M","E","R","$","M","R","BOSS","M","M","M","M","$","E","R","E","T","R","M","?","?","M","R","BOSS","M","M","M","?","M","E","R","?","T","R","M","R","?","M","R","BOSS","$","R","E","BOSS"],"items_purchased_type":["Relic","Card","Relic","Relic","Card","Card","Card"],"build_version":"2020-12-22","purchased_purges":13,"victory":true,"max_hp_per_floor":[95,107,119,129,141,153,163,173,183,195,205,215,225,237,247,257,267,279,291,303,315,325,337,347,359,369,379,391,401,411,421,431,443,453,465,477,489,501,513,525,535,545,555,565,577,587,597,609,619,629,639,646,656,668,678],"card_choices":[{"not_picked":["hermit:Deadeye","hermit:Glare"],"picked":"hermit:Enervate","floor":1.0},{"not_picked":["hermit:HoleUp","hermit:Vantage","hermit:TrackingShot"],"picked":"Singing Bowl","floor":2.0},{"not_picked":["hermit:Maintenance","hermit:FullyLoaded","hermit:PistolWhip"],"picked":"Singing Bowl","floor":3.0},{"not_picked":["hermit:Manifest","hermit:Cheat"],"picked":"hermit:Enervate","floor":4.0},{"not_picked":["hermit:Grudge","hermit:TrackingShot","hermit:Headshot"],"picked":"Singing Bowl","floor":5.0},{"not_picked":["hermit:Virtue","hermit:Headshot","hermit:FromBeyond"],"picked":"Singing Bowl","floor":6.0},{"not_picked":["hermit:Snipe","hermit:Coalescence","hermit:Showdown"],"picked":"Singing Bowl","floor":10.0},{"not_picked":["hermit:Feint","hermit:HighCaliber"],"picked":"hermit:CalledShot","floor":11.0},{"not_picked":["hermit:LowProfile","hermit:NoHoldsBarred","hermit:TakeCover"],"picked":"Singing Bowl","floor":14.0},{"not_picked":["hermit:Roughhouse","hermit:HeroicBravado"],"picked":"hermit:OverwhelmingPower","floor":16.0},{"not_picked":["hermit:TakeAim","hermit:LowProfile","hermit:Showdown"],"picked":"Singing Bowl","floor":18.0},{"not_picked":["hermit:Malice+1","hermit:Cheat","hermit:TakeCover"],"picked":"Singing Bowl","floor":19.0},{"not_picked":["hermit:Midnight+1","hermit:Virtue","hermit:WideOpen"],"picked":"Singing Bowl","floor":20.0},{"not_picked":["hermit:HighCaliber","hermit:Snipe","hermit:Maintenance+1"],"picked":"Singing Bowl","floor":21.0},{"not_picked":["hermit:Determination+1","hermit:DeadOrAlive","hermit:Manifest"],"picked":"Singing Bowl","floor":23.0},{"not_picked":["hermit:Manifest","hermit:TakeAim","hermit:BodyArmor"],"picked":"Singing Bowl","floor":25.0},{"not_picked":["hermit:Feint","hermit:BodyArmor+1","hermit:TakeAim"],"picked":"Singing Bowl","floor":28.0},{"not_picked":["hermit:LowProfile","hermit:Quickdraw+1"],"picked":"hermit:BigShot","floor":31.0},{"not_picked":["hermit:Reprieve","hermit:HeroicBravado","hermit:FromBeyond"],"picked":"Singing Bowl","floor":33.0},{"not_picked":["hermit:Enervate+1","hermit:Brawl+1","hermit:Determination"],"picked":"Singing Bowl","floor":35},{"not_picked":["hermit:Determination","hermit:HoleUp","hermit:LuckOfTheDraw+1"],"picked":"Singing Bowl","floor":36},{"not_picked":["hermit:Horror+1","hermit:Virtue","hermit:Coalescence"],"picked":"Singing Bowl","floor":37},{"not_picked":["hermit:FlashPowder+1","hermit:CursedWeapon+1","hermit:Horror+1"],"picked":"Singing Bowl","floor":38},{"not_picked":["hermit:Virtue","hermit:PistolWhip","hermit:Vantage"],"picked":"Singing Bowl","floor":39},{"not_picked":["hermit:DeadMansHand+1","hermit:Manifest+1","hermit:Coalescence"],"picked":"Singing Bowl","floor":40},{"not_picked":["hermit:DeadMansHand","hermit:Snipe+1"],"picked":"hermit:Enervate","floor":42},{"not_picked":["hermit:Quickdraw+1","hermit:Shortfuse","hermit:FullyLoaded"],"picked":"Singing Bowl","floor":45},{"not_picked":["hermit:Midnight","hermit:TrackingShot+1","hermit:Roulette"],"picked":"Singing Bowl","floor":48},{"not_picked":["hermit:NoHoldsBarred","hermit:HighCaliber","hermit:Scavenge+1"],"picked":"Singing Bowl","floor":54}],"player_experience":337410,"relics_obtained":[{"floor":6.0,"key":"Lizard Tail"},{"floor":11.0,"key":"Calipers"},{"floor":23.0,"key":"Ancient Tea Set"},{"floor":25.0,"key":"hermit:Spyglass"},{"floor":26.0,"key":"Oddly Smooth Stone"},{"floor":38,"key":"Turnip"},{"floor":40,"key":"Frozen Egg 2"},{"floor":42,"key":"hermit:RedScarf"},{"floor":43,"key":"Akabeko"},{"floor":47,"key":"Ornamental Fan"},{"floor":54,"key":"War Paint"}],"event_choices":[{"damage_healed":0.0,"max_hp_gain":0.0,"max_hp_loss":0.0,"gold_gain":61.0,"event_name":"Golden Wing","player_choice":"Gained Gold","floor":8.0,"gold_loss":0.0,"damage_taken":0.0},{"cards_removed":["hermit:Snapshot"],"damage_healed":0.0,"max_hp_gain":0.0,"max_hp_loss":0.0,"gold_gain":0.0,"event_name":"Back to Basics","player_choice":"Elegance","floor":29.0,"gold_loss":0.0,"damage_taken":0.0},{"damage_healed":0.0,"max_hp_gain":0.0,"max_hp_loss":0.0,"gold_gain":0.0,"event_name":"Beggar","player_choice":"Ignored","floor":30.0,"gold_loss":0.0,"damage_taken":0.0},{"damage_healed":0,"gold_gain":0,"player_choice":"Fight","damage_taken":0,"max_hp_gain":0,"max_hp_loss":0,"event_name":"Mysterious Sphere","floor":38,"gold_loss":0},{"damage_healed":0,"gold_gain":0,"player_choice":"Fight","damage_taken":0,"max_hp_gain":0,"max_hp_loss":0,"event_name":"MindBloom","floor":42,"gold_loss":0}],"is_beta":false,"boss_relics":[{"not_picked":["Runic Dome","Runic Pyramid"],"picked":"Sozu"},{"not_picked":["Empty Cage","Astrolabe"],"picked":"SacredBark"}],"items_purged_floors":[0,0,0,0,0,0,0,0,22,52,52,52,52],"is_endless":false,"potions_floor_spawned":[4,5,6,10,16,18,25,33,37,38],"ascension_level":0}}