{"host":"raai0vtvcfkt8csp","time":1611970126,"event":{"mods":["2.2 Compatiblity","BaseMod","Beaked The Cultist","Block Reminder","Booster Modes","Clockwork Mod","Custom Start","DeckTracker","Defective Defect","Defuse TimeMaze Blight","Dio Mod","Downfall","GifTheSpireLib","Infinite Spire","Minty Spire (QoL Compilation)","Quick Restart","Random Character Button","Rare Cards Sparkle","StSLib","The Marked","Unceasing Turn Reminder"],"gold_per_floor":[99,111,111,111,125,158,158,158,158,158,158],"floor_reached":9,"language":"ENG","playtime":1389,"items_purged":[],"score":62,"play_id":"07cfe7df-101b-43be-8a32-f382d31098d4","local_time":"20210130022846","is_ascension_mode":true,"campfire_choices":[{"data":"champ:Taunt","floor":1,"key":"SMITH"},{"floor":8,"key":"RECALL"}],"circlet_count":0,"master_deck":["champ:Strike","champ:Strike","champ:Strike","champ:Defend","champ:Defend","champ:Defend","champ:Defend","champ:Execute","champ:Taunt+1","champ:Parry","champ:SetATrap","champ:PreemptiveStrike"],"relics":["champ:ChampionCrown","infinitespire:FocusingShard","InkBottle","Meat on the Bone"],"acts_visited":["Exordium"],"potions_floor_usage":[],"damage_taken":[{"damage":10,"enemies":"2 Louse","floor":2,"turns":3},{"damage":15,"enemies":"Small Slimes","floor":5,"turns":2},{"damage":38,"enemies":"3 Sentries","floor":6,"turns":8},{"damage":52,"enemies":"Lagavulin","floor":9,"turns":10}],"seed_played":"-3045339254345844067","potions_obtained":[{"floor":6,"key":"SneckoOil"}],"is_trial":false,"path_per_floor":["R","M","?","?","M","E","T","R","E"],"character_chosen":"THE_CHAMP","items_purchased":[],"campfire_rested":0,"item_purchase_floors":[],"current_hp_per_floor":[90,90,72,72,67,39,39,39,0,0,0],"gold":158,"neow_bonus":"TRANSFORM_CARD","is_daily":false,"chose_seed":false,"campfire_upgraded":1,"win_rate":0.0,"timestamp":1611970126,"path_taken":["R","M","?","?","M","E","T","R","E"],"items_purchased_type":[],"build_version":"2020-12-22","purchased_purges":0,"victory":false,"max_hp_per_floor":[90,90,90,90,90,90,90,90,90,90,90],"card_choices":[{"not_picked":["champ:Backstep","champ:CrownThrow"],"picked":"champ:SetATrap","floor":2},{"not_picked":["champ:PerfectedStrike","champ:Duel"],"picked":"champ:PreemptiveStrike","floor":5},{"not_picked":["champ:BladeFlurry","champ:FanOfKnives","champ:Parry"],"picked":"SKIP","floor":6}],"player_experience":1069749,"relics_obtained":[{"floor":6,"key":"InkBottle"},{"floor":7,"key":"Meat on the Bone"}],"event_choices":[{"damage_healed":0,"gold_gain":0,"player_choice":"Success","damage_taken":18,"relics_obtained":["infinitespire:FocusingShard"],"max_hp_gain":0,"max_hp_loss":0,"event_name":"Scrap Ooze","floor":3,"gold_loss":0}],"is_beta":false,"boss_relics":[],"items_purged_floors":[],"is_endless":false,"potions_floor_spawned":[6],"killed_by":"Lagavulin","ascension_level":1}}