{"host":"8ki4rp59nppvqwda","time":1611968227,"event":{"mods":["AlwaysNeverKeys","BaseMod","Hermit","Minty Spire (QoL Compilation)","Robot Space Explorer","SacredBarkPlus","StSLib","The Bug Knight","The Cursed","The Marked","The Necromancer","The Trickster"],"gold_per_floor":[110,285,285,303,228,228,245,271,271,291,291,365,379,394,394,489,489,506,506,521,446,459,492,492,62,85,115,125,525,525,7,7,105,105,123,123,139,139,149,149,174,184,208,241,241,253,285,298,298,298],"floor_reached":51,"language":"ENG","playtime":26878,"items_purged":["Doubt","RobotSpaceExplorer:Defend"],"score":877,"play_id":"f81190db-5d2d-46fb-bb9f-d90eb4853b43","local_time":"20210129195707","is_ascension_mode":true,"campfire_choices":[{"data":"RobotSpaceExplorer:StarDust","floor":6.0,"key":"SMITH"},{"data":"RobotSpaceExplorer:MiniDrones","floor":15.0,"key":"SMITH"},{"data":"RobotSpaceExplorer:ChargingLaser","floor":24.0,"key":"SMITH"},{"data":"RobotSpaceExplorer:Smokescreen","floor":30.0,"key":"SMITH"},{"data":"Panache","floor":32.0,"key":"SMITH"},{"data":"RobotSpaceExplorer:Scan","floor":40.0,"key":"SMITH"},{"data":"Madness","floor":45,"key":"SMITH"},{"floor":49,"key":"REST"}],"circlet_count":0,"master_deck":["RobotSpaceExplorer:Strike+1","RobotSpaceExplorer:Strike","RobotSpaceExplorer:Defend","RobotSpaceExplorer:Defend","RobotSpaceExplorer:Defend","RobotSpaceExplorer:Scan+1","RobotSpaceExplorer:MiniLasers+1","RobotSpaceExplorer:StarDust+1","RobotSpaceExplorer:ChargingLaser+1","RobotSpaceExplorer:Fix","RobotSpaceExplorer:MiniDrones+1","RobotSpaceExplorer:Probe+1","RobotSpaceExplorer:Smokescreen+1","RobotSpaceExplorer:Explosion+1","RobotSpaceExplorer:MiniDrones+1","RobotSpaceExplorer:ChargingLaser+1","RobotSpaceExplorer:PlasmaMissile+1","RobotSpaceExplorer:Fix","RobotSpaceExplorer:FrostMissile+1","RobotSpaceExplorer:StunGrenade+1","RobotSpaceExplorer:Scanner","RobotSpaceExplorer:BigMissile+1","RobotSpaceExplorer:ChargingLaser+1","RobotSpaceExplorer:ChargingLaser+1","Panache+1","RobotSpaceExplorer:StunGrenade+1","RobotSpaceExplorer:Asteroid+1","RobotSpaceExplorer:Blitz+1","Madness+1","Madness","RobotSpaceExplorer:ScrapMissile+1","RobotSpaceExplorer:Pulsar+1","RobotSpaceExplorer:StunGrenade+1"],"relics":["RobotSpaceExplorer:Reprocessor","Eternal Feather","Molten Egg 2","RobotSpaceExplorer:PlasmaHourglass","HollowMod:LifeEnderRelic","Philosopher\u0027s Stone","Bottled Flame","RobotSpaceExplorer:ClockworkSextant","Bronze Scales","Whetstone","Strawberry","Potion Belt","Old Coin","Kunai","DollysMirror","Busted Crown","Letter Opener","PreservedInsect","InkBottle","Bag of Preparation"],"acts_visited":["Exordium","TheCity","TheBeyond"],"potions_floor_usage":[44,50,50,50,50,50],"damage_taken":[{"damage":0.0,"enemies":"2 Louse","floor":1.0,"turns":4.0},{"damage":7.0,"enemies":"Jaw Worm","floor":4.0,"turns":4.0},{"damage":6.0,"enemies":"Cultist","floor":7.0,"turns":4.0},{"damage":6.0,"enemies":"Gremlin Nob","floor":8.0,"turns":4.0},{"damage":13.0,"enemies":"3 Louse","floor":10.0,"turns":5.0},{"damage":0.0,"enemies":"Lots of Slimes","floor":13.0,"turns":1.0},{"damage":16.0,"enemies":"Looter","floor":14.0,"turns":4.0},{"damage":13.0,"enemies":"Hexaghost","floor":16.0,"turns":8.0},{"damage":8.0,"enemies":"Chosen","floor":18.0,"turns":4.0},{"damage":2.0,"enemies":"3 Byrds","floor":20.0,"turns":3.0},{"damage":7.0,"enemies":"Sentry and Sphere","floor":22.0,"turns":4.0},{"damage":12.0,"enemies":"HollowMod:Nosk","floor":23.0,"turns":6.0},{"damage":11.0,"enemies":"Gremlin Leader","floor":27.0,"turns":5.0},{"damage":7.0,"enemies":"Snecko","floor":28.0,"turns":4.0},{"damage":7.0,"enemies":"Colosseum Slavers","floor":29.0,"turns":4.0},{"damage":5.0,"enemies":"Colosseum Nobs","floor":29.0,"turns":4.0},{"damage":2.0,"enemies":"Champ","floor":33.0,"turns":7.0},{"damage":16.0,"enemies":"3 Shapes","floor":35.0,"turns":2.0},{"damage":0.0,"enemies":"Orb Walker","floor":37.0,"turns":3.0},{"damage":10.0,"enemies":"Maw","floor":39.0,"turns":6.0},{"damage":4.0,"enemies":"Giant Head","floor":41.0,"turns":6.0},{"damage":17.0,"enemies":"4 Shapes","floor":42.0,"turns":4.0},{"damage":0,"enemies":"HollowMod:StalkingDevout","floor":44,"turns":4},{"damage":6,"enemies":"Maw","floor":46,"turns":5},{"damage":42,"enemies":"Nemesis","floor":47,"turns":3},{"damage":0,"enemies":"Sphere and 2 Shapes","floor":48,"turns":3},{"damage":29,"enemies":"Awakened One","floor":50,"turns":6}],"seed_played":"5748865361793650249","potions_obtained":[{"floor":1.0,"key":"EntropicBrew"},{"floor":4.0,"key":"Strength Potion"},{"floor":7.0,"key":"Block Potion"},{"floor":10.0,"key":"ColorlessPotion"},{"floor":16.0,"key":"SkillPotion"},{"floor":20.0,"key":"SpeedPotion"},{"floor":35.0,"key":"DuplicationPotion"},{"floor":37.0,"key":"SteroidPotion"},{"floor":44,"key":"DuplicationPotion"},{"floor":47,"key":"Swift Potion"}],"is_trial":false,"path_per_floor":["M","?","?","M","$","R","M","E","T","M","?","T","M","M","R","B",null,"M","?","M","?","M","E","R","$","T","E","M","?","R","$","R","B",null,"M","?","M","?","M","R","E","M","T","E","R","M","E","M","R","B",null],"character_chosen":"RobotSpaceExplorer","items_purchased":["RobotSpaceExplorer:StunGrenade+1","Bronze Scales","Whetstone","DollysMirror","RobotSpaceExplorer:ChargingLaser+1","Panache","RobotSpaceExplorer:StunGrenade+1"],"campfire_rested":1,"item_purchase_floors":[25,25,25,31,31,31,31],"current_hp_per_floor":[75,75,75,68,68,68,66,64,64,55,37,37,37,25,34,25,75,67,67,69,69,66,62,74,74,81,78,75,75,82,82,82,82,82,70,60,64,64,62,80,78,61,61,65,82,76,40,48,82,53],"gold":298,"neow_bonus":"BOSS_RELIC","is_daily":false,"chose_seed":false,"campfire_upgraded":7,"win_rate":0.0,"timestamp":1611968227,"path_taken":["M","?","?","M","$","R","M","E","T","?","?","?","?","M","R","BOSS","M","?","?","?","M","E","R","$","T","E","M","?","R","?","R","BOSS","M","?","M","?","M","R","E","M","T","E","R","M","E","M","R","BOSS"],"items_purchased_type":["Card","Relic","Relic","Relic","Card","Card","Card"],"build_version":"2020-12-22","purchased_purges":2,"victory":true,"max_hp_per_floor":[75,75,75,75,75,75,75,75,75,75,75,75,75,75,75,75,75,75,75,75,75,75,75,75,75,82,82,82,82,82,82,82,82,82,82,82,82,82,82,82,82,82,82,82,82,82,82,82,82,82],"card_choices":[{"not_picked":["RobotSpaceExplorer:FranticSearch","RobotSpaceExplorer:PowerGlove"],"picked":"RobotSpaceExplorer:StarDust","floor":1.0},{"not_picked":["RobotSpaceExplorer:ShockKick","RobotSpaceExplorer:MetalStrike"],"picked":"RobotSpaceExplorer:Fix","floor":4.0},{"not_picked":["RobotSpaceExplorer:Counterblock","RobotSpaceExplorer:FranticSearch"],"picked":"RobotSpaceExplorer:MiniDrones","floor":7.0},{"not_picked":["RobotSpaceExplorer:ImprovisedAttack","RobotSpaceExplorer:MiniBoosters"],"picked":"RobotSpaceExplorer:Exploration","floor":8.0},{"not_picked":["RobotSpaceExplorer:DualCore","RobotSpaceExplorer:Electropulse+1"],"picked":"RobotSpaceExplorer:Probe+1","floor":10.0},{"not_picked":["RobotSpaceExplorer:SwiftStep","RobotSpaceExplorer:SurgingShield"],"picked":"RobotSpaceExplorer:RigExplosive","floor":13.0},{"not_picked":["RobotSpaceExplorer:FrostMissile+1","RobotSpaceExplorer:SurgingShield"],"picked":"RobotSpaceExplorer:Smokescreen","floor":14.0},{"not_picked":["RobotSpaceExplorer:Comet","RobotSpaceExplorer:BlastShield"],"picked":"RobotSpaceExplorer:Explosion+1","floor":16.0},{"not_picked":["RobotSpaceExplorer:SurgingShield","RobotSpaceExplorer:SlimeMissile+1"],"picked":"RobotSpaceExplorer:MiniDrones+1","floor":18.0},{"not_picked":["RobotSpaceExplorer:BigMissile+1","RobotSpaceExplorer:RigExplosive"],"picked":"RobotSpaceExplorer:PlasmaMissile+1","floor":20.0},{"not_picked":["RobotSpaceExplorer:GearShield","RobotSpaceExplorer:Counterblock+1"],"picked":"RobotSpaceExplorer:Fix","floor":22.0},{"not_picked":["RobotSpaceExplorer:ShockKick+1","RobotSpaceExplorer:ToxicBomb"],"picked":"RobotSpaceExplorer:FrostMissile+1","floor":23.0},{"not_picked":["RobotSpaceExplorer:FreezeRay","RobotSpaceExplorer:SurgingStrike+1"],"picked":"RobotSpaceExplorer:Scanner","floor":27.0},{"not_picked":["RobotSpaceExplorer:Jetpack+1","RobotSpaceExplorer:Probe+1"],"picked":"RobotSpaceExplorer:BigMissile+1","floor":28.0},{"not_picked":["RobotSpaceExplorer:Explosion+1","RobotSpaceExplorer:HighVoltage+1"],"picked":"RobotSpaceExplorer:Asteroid+1","floor":33.0},{"not_picked":[],"picked":"RobotSpaceExplorer:Blitz+1","floor":35.0},{"not_picked":["RobotSpaceExplorer:SlimeMissile+1"],"picked":"SKIP","floor":37.0},{"not_picked":[],"picked":"RobotSpaceExplorer:ScrapMissile+1","floor":39.0},{"not_picked":["RobotSpaceExplorer:SelfCleaning+1"],"picked":"SKIP","floor":41.0},{"not_picked":[],"picked":"RobotSpaceExplorer:Pulsar+1","floor":42.0},{"not_picked":["RobotSpaceExplorer:SlimeMissile+1"],"picked":"SKIP","floor":44},{"not_picked":["RobotSpaceExplorer:ToxicBomb+1"],"picked":"SKIP","floor":46},{"not_picked":["RobotSpaceExplorer:GlueShot"],"picked":"SKIP","floor":47},{"not_picked":[],"picked":"RobotSpaceExplorer:StunGrenade+1","floor":48}],"player_experience":1243420,"relics_obtained":[{"floor":8.0,"key":"Eternal Feather"},{"floor":9.0,"key":"Molten Egg 2"},{"floor":12.0,"key":"HollowMod:LifeEnderRelic"},{"floor":18.0,"key":"Bottled Flame"},{"floor":23.0,"key":"RobotSpaceExplorer:ClockworkSextant"},{"floor":26.0,"key":"Strawberry"},{"floor":27.0,"key":"Potion Belt"},{"floor":29.0,"key":"Old Coin"},{"floor":29.0,"key":"Kunai"},{"floor":41.0,"key":"Letter Opener"},{"floor":43.0,"key":"PreservedInsect"},{"floor":44,"key":"InkBottle"},{"floor":47,"key":"Bag of Preparation"}],"event_choices":[{"damage_healed":0.0,"max_hp_gain":0.0,"max_hp_loss":0.0,"gold_gain":175.0,"event_name":"Liars Game","player_choice":"AGREE","floor":2.0,"gold_loss":0.0,"damage_taken":0.0,"cards_obtained":["Doubt"]},{"damage_healed":0.0,"max_hp_gain":0.0,"max_hp_loss":0.0,"gold_gain":0.0,"cards_transformed":["RobotSpaceExplorer:Strike"],"event_name":"Living Wall","player_choice":"Change","floor":3.0,"gold_loss":0.0,"damage_taken":0.0,"cards_obtained":["RobotSpaceExplorer:ChargingLaser"]},{"damage_healed":0.0,"max_hp_gain":0.0,"max_hp_loss":0.0,"gold_gain":0.0,"event_name":"Scrap Ooze","player_choice":"Success","floor":11.0,"gold_loss":0.0,"damage_taken":18.0,"relics_obtained":["RobotSpaceExplorer:PlasmaHourglass"]},{"damage_healed":0.0,"max_hp_gain":0.0,"max_hp_loss":0.0,"gold_gain":0.0,"event_name":"Duplicator","player_choice":"Copied","floor":19.0,"gold_loss":0.0,"damage_taken":0.0,"cards_obtained":["RobotSpaceExplorer:ChargingLaser"]},{"cards_removed":["RobotSpaceExplorer:Strike"],"damage_healed":0.0,"max_hp_gain":0.0,"max_hp_loss":0.0,"gold_gain":0.0,"event_name":"Beggar","player_choice":"Gave Gold","floor":21.0,"gold_loss":75.0,"damage_taken":0.0},{"damage_healed":0.0,"max_hp_gain":0.0,"max_hp_loss":0.0,"gold_gain":0.0,"event_name":"Colosseum","player_choice":"Fight","floor":29.0,"gold_loss":0.0,"damage_taken":0.0},{"damage_healed":0.0,"max_hp_gain":0.0,"max_hp_loss":0.0,"gold_gain":0.0,"event_name":"Colosseum","player_choice":"Fought Nobs","floor":29.0,"gold_loss":0.0,"damage_taken":0.0},{"damage_healed":0.0,"max_hp_gain":0.0,"max_hp_loss":0.0,"gold_gain":0.0,"event_name":"Winding Halls","player_choice":"Embrace Madness","floor":36.0,"gold_loss":0.0,"damage_taken":10.0,"cards_obtained":["Madness","Madness"]},{"cards_removed":["RobotSpaceExplorer:RigExplosive"],"damage_healed":0.0,"max_hp_gain":0.0,"max_hp_loss":0.0,"gold_gain":0.0,"event_name":"Falling","player_choice":"Removed Skill","floor":38.0,"gold_loss":0.0,"damage_taken":0.0}],"is_beta":false,"boss_relics":[{"not_picked":["Cursed Key","Velvet Choker"],"picked":"Philosopher\u0027s Stone"},{"not_picked":["Pandora\u0027s Box","Runic Dome"],"picked":"Busted Crown"}],"items_purged_floors":[5,25],"is_endless":false,"potions_floor_spawned":[1,4,7,10,16,18,20,29,35,37,42,44,47],"ascension_level":2}}