{"host":"6imq2rpndqdiuake","time":1611980032,"event":{"mods":["BaseMod","Minty Spire (QoL Compilation)","Permanent Neow","Relic Stats","StSLib"],"gold_per_floor":[149,224,259,316,366,405,405,525,552,552,594,605,605,605,605,727,727,734,659,673,673,186,186,225,600,623,663,1,20,20,36,36,140,140,152,152,196,214,224,224,258,258,283,314,314,324,368,402,402,402,402,402,5,38,38],"floor_reached":56,"language":"ENG","playtime":3397,"items_purged":["Strike_G","Strike_G","Strike_G","HandOfGreed+1"],"score":1794,"play_id":"a16ce6f9-a08a-4069-aa6e-f24f95901131","local_time":"20210129201352","is_ascension_mode":true,"campfire_choices":[{"floor":7.0,"key":"REST"},{"data":"HandOfGreed","floor":10.0,"key":"SMITH"},{"data":"Deadly Poison","floor":13.0,"key":"SMITH"},{"data":"Deadly Poison","floor":15.0,"key":"SMITH"},{"data":"Catalyst","floor":23.0,"key":"SMITH"},{"floor":30.0,"key":"REST"},{"data":"Footwork","floor":32.0,"key":"SMITH"},{"floor":40.0,"key":"RECALL"},{"floor":42.0,"key":"REST"},{"floor":49.0,"key":"REST"},{"floor":52,"key":"REST"}],"circlet_count":0,"master_deck":["Defend_G","Defend_G","Defend_G","Defend_G","Defend_G","Survivor","Neutralize","Well Laid Plans","Deadly Poison+1","Dash","Deadly Poison+1","Dash","Blur","Backflip","Corpse Explosion","Catalyst+1","Deflect","Leg Sweep","Blade Dance+1","Footwork+1","Deflect+1","Leg Sweep","Venomology","Backflip+1","Backflip+1","Caltrops+1","Dodge and Roll","Venomology"],"relics":["Ring of the Snake","Toy Ornithopter","Ornamental Fan","SlaversCollar","OrangePellets","Anchor","Old Coin","Lantern","Oddly Smooth Stone","Paper Crane","Fusion Hammer","Akabeko","Blood Vial","Strawberry","Mummified Hand","Snake Skull"],"acts_visited":["Exordium","TheCity","TheBeyond","TheEnding"],"potions_floor_usage":[50,54,54,54,55,55,55,55,55],"damage_taken":[{"damage":0.0,"enemies":"Small Slimes","floor":1.0,"turns":6.0},{"damage":4.0,"enemies":"Jaw Worm","floor":3.0,"turns":4.0},{"damage":7.0,"enemies":"2 Louse","floor":4.0,"turns":7.0},{"damage":11.0,"enemies":"Exordium Thugs","floor":5.0,"turns":5.0},{"damage":0.0,"enemies":"Looter","floor":6.0,"turns":3.0},{"damage":25.0,"enemies":"Lots of Slimes","floor":8.0,"turns":16.0},{"damage":0.0,"enemies":"2 Fungi Beasts","floor":11.0,"turns":2.0},{"damage":3.0,"enemies":"Looter","floor":12.0,"turns":4.0},{"damage":11.0,"enemies":"The Guardian","floor":16.0,"turns":9.0},{"damage":21.0,"enemies":"2 Thieves","floor":18.0,"turns":4.0},{"damage":17.0,"enemies":"3 Byrds","floor":20.0,"turns":3.0},{"damage":38.0,"enemies":"Sentry and Sphere","floor":24.0,"turns":9.0},{"damage":4.0,"enemies":"Slavers","floor":25.0,"turns":5.0},{"damage":14.0,"enemies":"Snake Plant","floor":27.0,"turns":4.0},{"damage":0.0,"enemies":"Centurion and Healer","floor":29.0,"turns":4.0},{"damage":11.0,"enemies":"Sentry and Sphere","floor":31.0,"turns":10.0},{"damage":29.0,"enemies":"Collector","floor":33.0,"turns":9.0},{"damage":13.0,"enemies":"3 Darklings","floor":35.0,"turns":5.0},{"damage":0.0,"enemies":"3 Shapes","floor":37.0,"turns":5.0},{"damage":1.0,"enemies":"Spire Growth","floor":38.0,"turns":6.0},{"damage":6.0,"enemies":"3 Darklings","floor":39.0,"turns":4.0},{"damage":0.0,"enemies":"Giant Head","floor":41.0,"turns":10.0},{"damage":1.0,"enemies":"Nemesis","floor":44.0,"turns":7.0},{"damage":11.0,"enemies":"Transient","floor":46.0,"turns":5.0},{"damage":6.0,"enemies":"Sphere and 2 Shapes","floor":47.0,"turns":8.0},{"damage":0.0,"enemies":"Giant Head","floor":48.0,"turns":9.0},{"damage":1,"enemies":"Donu and Deca","floor":50,"turns":7},{"damage":0,"enemies":"Shield and Spear","floor":54,"turns":5},{"damage":35,"enemies":"The Heart","floor":55,"turns":10}],"seed_played":"2110122395338306108","potions_obtained":[{"floor":3.0,"key":"Poison Potion"},{"floor":4.0,"key":"CunningPotion"},{"floor":5.0,"key":"Fire Potion"},{"floor":16.0,"key":"FairyPotion"},{"floor":20.0,"key":"Regen Potion"},{"floor":24.0,"key":"Block Potion"},{"floor":27.0,"key":"LiquidMemories"},{"floor":29.0,"key":"Strength Potion"},{"floor":37.0,"key":"DuplicationPotion"},{"floor":38.0,"key":"EssenceOfSteel"},{"floor":41.0,"key":"FearPotion"},{"floor":54,"key":"SteroidPotion"}],"is_trial":false,"path_per_floor":["M","?","M","M","M","M","R","M","T","R","M","M","R","T","R","B",null,"M","$","M","?","$","R","M","E","T","M","$","M","R","M","R","B",null,"M","?","M","M","M","R","E","R","T","E","?","M","M","E","R","B",null,"R","$","E","B",null],"character_chosen":"THE_SILENT","items_purchased":["Leg Sweep","OrangePellets","Anchor","AttackPotion","Footwork","Oddly Smooth Stone","Paper Crane","Fruit Juice","Mummified Hand"],"campfire_rested":5,"item_purchase_floors":[22,22,22,22,28,28,28,28,53],"current_hp_per_floor":[63,52,48,41,30,30,48,23,23,23,23,20,20,20,20,14,51,30,30,13,13,13,13,17,18,18,4,4,19,39,28,28,4,52,44,44,44,43,52,52,57,68,68,67,67,57,63,75,75,74,75,75,75,75,60],"gold":38,"neow_bonus":"RANDOM_COLORLESS_2","is_daily":false,"chose_seed":false,"campfire_upgraded":5,"win_rate":0.0,"timestamp":1611980032,"path_taken":["M","?","M","M","M","M","R","M","T","R","M","M","R","?","R","BOSS","M","$","M","?","$","R","M","E","T","M","$","M","R","M","R","BOSS","M","?","M","M","M","R","E","R","T","E","?","M","M","E","R","BOSS","R","$","E","BOSS"],"items_purchased_type":["Card","Relic","Relic","Potion","Card","Relic","Relic","Potion","Relic"],"build_version":"2020-12-22","purchased_purges":4,"victory":true,"max_hp_per_floor":[63,63,63,63,63,63,63,63,63,63,63,63,63,63,63,63,63,63,63,63,63,63,63,63,63,63,63,63,68,68,68,68,68,68,68,68,68,68,68,68,68,68,68,68,68,68,68,75,75,75,75,75,75,75,75],"relic_stats":{"Blood Vial":5,"OrangePellets":[7],"counters":[29,185],"Ornamental Fan":[100],"Mummified Hand":[5],"Snake Skull":[7],"obtain_stats":[{"Lantern":26,"Oddly Smooth Stone":28,"Snake Skull":54,"Paper Crane":28,"Akabeko":41,"Old Coin":25,"Blood Vial":44,"SlaversCollar":17,"OrangePellets":22,"Anchor":22,"Ornamental Fan":14,"Mummified Hand":53,"Strawberry":48,"Fusion Hammer":34,"Toy Ornithopter":9,"Ring of the Snake":0},{"Lantern":13,"Oddly Smooth Stone":14,"Snake Skull":28,"Paper Crane":14,"Akabeko":22,"Old Coin":13,"Blood Vial":23,"SlaversCollar":9,"OrangePellets":11,"Anchor":11,"Ornamental Fan":8,"Mummified Hand":27,"Strawberry":26,"Fusion Hammer":17,"Toy Ornithopter":6,"Ring of the Snake":0},{"Lantern":77,"Oddly Smooth Stone":81,"Snake Skull":175,"Paper Crane":81,"Akabeko":134,"Old Coin":77,"Blood Vial":141,"SlaversCollar":56,"OrangePellets":63,"Anchor":63,"Ornamental Fan":47,"Mummified Hand":170,"Strawberry":163,"Fusion Hammer":104,"Toy Ornithopter":41,"Ring of the Snake":0}],"Toy Ornithopter":93,"Ring of the Snake":[58]},"card_choices":[{"not_picked":["Apotheosis","Master of Strategy"],"picked":"HandOfGreed","floor":0.0},{"not_picked":["Dodge and Roll","Underhanded Strike"],"picked":"Well Laid Plans","floor":1.0},{"not_picked":["Prepared","Heel Hook"],"picked":"Deadly Poison","floor":3.0},{"not_picked":["Flying Knee","Quick Slash"],"picked":"Dash","floor":4.0},{"not_picked":["Outmaneuver","All Out Attack"],"picked":"Deadly Poison","floor":5.0},{"not_picked":["Deflect","Expertise"],"picked":"Dash","floor":6.0},{"not_picked":["Accuracy","Poisoned Stab"],"picked":"Blur","floor":8.0},{"not_picked":["Concentrate","Eviscerate","Accuracy"],"picked":"SKIP","floor":11.0},{"not_picked":["Flying Knee","Eviscerate"],"picked":"Backflip","floor":12.0},{"not_picked":["Unload","Envenom"],"picked":"Corpse Explosion","floor":16.0},{"not_picked":["Well Laid Plans+1","Bane"],"picked":"Catalyst","floor":18.0},{"not_picked":["Prepared","Dagger Spray"],"picked":"Deflect","floor":20.0},{"not_picked":["Bane","Slice","Quick Slash"],"picked":"SKIP","floor":24.0},{"not_picked":["Bane","Doppelganger"],"picked":"Blade Dance+1","floor":25.0},{"not_picked":["Quick Slash","Prepared+1","Cloak And Dagger"],"picked":"SKIP","floor":27.0},{"not_picked":["Slice","Reflex+1"],"picked":"Deflect+1","floor":29.0},{"not_picked":["Poisoned Stab","Flechettes"],"picked":"Leg Sweep","floor":31.0},{"not_picked":["Night Terror","Unload"],"picked":"Venomology","floor":33.0},{"not_picked":["Deflect+1","Bane"],"picked":"Backflip+1","floor":35.0},{"not_picked":["Distraction","Flying Knee","Predator+1"],"picked":"SKIP","floor":37.0},{"not_picked":["Doppelganger","Sucker Punch+1"],"picked":"Backflip+1","floor":38.0},{"not_picked":["Deflect","Poisoned Stab","Prepared"],"picked":"SKIP","floor":39.0},{"not_picked":["Deflect","Calculated Gamble"],"picked":"Caltrops+1","floor":41.0},{"not_picked":["Dodge and Roll","Reflex+1","Sucker Punch+1"],"picked":"SKIP","floor":44.0},{"not_picked":["Reflex+1","Sucker Punch+1"],"picked":"Dodge and Roll","floor":44.0},{"not_picked":["Quick Slash","Eviscerate","Terror+1"],"picked":"SKIP","floor":46.0},{"not_picked":["Prepared","Terror+1","Sucker Punch+1"],"picked":"SKIP","floor":47.0},{"not_picked":["Riddle With Holes","PiercingWail+1"],"picked":"Venomology","floor":48.0},{"not_picked":["Terror","Deflect+1","Prepared+1"],"picked":"SKIP","floor":54}],"player_experience":1077924,"relics_obtained":[{"floor":9.0,"key":"Toy Ornithopter"},{"floor":14.0,"key":"Ornamental Fan"},{"floor":25.0,"key":"Old Coin"},{"floor":26.0,"key":"Lantern"},{"floor":41.0,"key":"Akabeko"},{"floor":44.0,"key":"Blood Vial"},{"floor":48.0,"key":"Strawberry"},{"floor":54,"key":"Snake Skull"}],"event_choices":[{"damage_healed":0.0,"max_hp_gain":0.0,"max_hp_loss":0.0,"gold_gain":75.0,"event_name":"World of Goop","player_choice":"Gather Gold","floor":2.0,"gold_loss":0.0,"damage_taken":11.0},{"cards_removed":["Strike_G"],"damage_healed":0.0,"max_hp_gain":0.0,"max_hp_loss":0.0,"gold_gain":0.0,"event_name":"Purifier","player_choice":"Purged","floor":21.0,"gold_loss":0.0,"damage_taken":0.0},{"damage_healed":0.0,"max_hp_gain":0.0,"max_hp_loss":0.0,"gold_gain":0.0,"event_name":"SensoryStone","player_choice":"Memory 1","floor":36.0,"gold_loss":0.0,"damage_taken":0.0},{"cards_removed":["Strike_G"],"damage_healed":0.0,"max_hp_gain":0.0,"max_hp_loss":0.0,"gold_gain":0.0,"event_name":"Purifier","player_choice":"Purged","floor":45.0,"gold_loss":0.0,"damage_taken":0.0}],"is_beta":false,"boss_relics":[{"not_picked":["WristBlade","Astrolabe"],"picked":"SlaversCollar"},{"not_picked":["Ring of the Serpent","Coffee Dripper"],"picked":"Fusion Hammer"}],"items_purged_floors":[19,22,28,53],"is_endless":false,"potions_floor_spawned":[3,4,5,16,20,24,27,29,37,38,41,46,54],"ascension_level":9}}