{"host":"4kmvpqjeiacgn1pr","time":1611974635,"event":{"mods":["AchievementEnabler","BaseMod","Better Altar","Better Match","Better Note","Better Sensory Stone","Better Skull","Better Third Choice","Colored Map","Colored Powertips","Curses Come First","Downfall","Highlight Path","Hubris","Infinite Spire","Minty Spire (QoL Compilation)","Permanent Neow","Quick Restart","Rare Cards Sparkle","Replay The Spire","Spicy Shops","StSLib"],"gold_per_floor":[110,110,124,124,124,124,124],"floor_reached":6,"language":"ENG","playtime":261,"items_purged":[],"score":51,"play_id":"92cbfde6-b912-4244-9314-edf4da995184","local_time":"20210129214355","is_ascension_mode":true,"campfire_choices":[],"circlet_count":0,"master_deck":["AscendersBane","Strike_G","Strike_G","Strike_G","Strike_G","Strike_G","Defend_G","Defend_G","Defend_G","Defend_G","Defend_G","Survivor","Neutralize","Sneak Up","Well Laid Plans","hubris:InfiniteBlow"],"relics":["Ring of the Snake","Pondfish Scales","hubris:Towel","Art of War","Gremlin Food","hubris:KleinBottle","Medical Kit"],"acts_visited":["Exordium"],"potions_floor_usage":[6,6],"damage_taken":[{"damage":3,"enemies":"Jaw Worm","floor":1,"turns":5},{"damage":1,"enemies":"Small Slimes","floor":3,"turns":5},{"damage":0,"enemies":"3 Sentries","floor":6,"turns":2}],"seed_played":"6269749955747941905","potions_obtained":[{"floor":1,"key":"champ:CounterPotion"},{"floor":3,"key":"bronze:BurnAndBuffPotion"}],"is_trial":false,"path_per_floor":["M","?","M","?","$","E"],"character_chosen":"THE_SILENT","items_purchased":["Gremlin Food","hubris:KleinBottle","Medical Kit"],"campfire_rested":0,"item_purchase_floors":[5,5,5],"current_hp_per_floor":[42,42,41,41,2,2,2],"gold":124,"neow_bonus":"ONE_RARE_RELIC","is_daily":false,"chose_seed":false,"campfire_upgraded":0,"win_rate":0.0,"timestamp":1611974635,"path_taken":["M","?","M","?","?","E"],"items_purchased_type":["Relic","Relic","Relic"],"build_version":"2020-12-22","purchased_purges":0,"victory":false,"max_hp_per_floor":[70,70,70,70,70,70,70],"card_choices":[{"not_picked":["Slice","Blade Dance"],"picked":"Sneak Up","floor":1},{"not_picked":["Cloak And Dagger","Hidden Blade"],"picked":"Well Laid Plans","floor":3},{"not_picked":["Replay:Fractal Strike","infinitespire:Gouge"],"picked":"hubris:InfiniteBlow","floor":5}],"player_experience":387497,"relics_obtained":[{"floor":4,"key":"Art of War"}],"event_choices":[],"is_beta":false,"boss_relics":[],"items_purged_floors":[],"is_endless":false,"potions_floor_spawned":[1,3],"killed_by":"3 Sentries","ascension_level":10}}