{"host":"a49aoqbkajnlmy9c","time":1611981971,"event":{"mods":["100% Spire Juice","2.2 Compatiblity","AchievementEnabler","Act Like it!","AlwaysNeverKeys","Arknights The Spire","BaseMod","Better Altar","Better Match","Better Note","Better Sensory Stone","Better Silent Start","Better Skull","Better Third Choice","BetterRewards","Block Reminder","CapriCore","Colored Map","Colored Powertips","Downfall","Emptier Cage","Friendly Minions","Gensokyo","GifTheSpireLib","Gremlin Skip","Halation","HololiveMod","Hubris","Hyrulean Relics","Infinite Spire","Ironclad Rager","Marisa????????","Minty Spire (QoL Compilation)","Prisma Mod","Quarter Circle Forward PUNCH!","Quick Restart","Random Character Button","Reimu??????","Relic Filter","Reorder Act Four","StSLib","The Alterego","The Animator","The Immortal","TheSwordswoman","Transform Curses","Treasure Hunter","Unceasing Turn Reminder","Useless Jewels Mod","Virulent Crown","Waifu the Spire","WarShipGirlsR/????R mod","Yohane!","Yuyuko"],"gold_per_floor":[112,132,132,132,132,132,164,164,191,206,206,206,237,250,250,351,351,364,377,377,292,304,316,360,372,384,431,443,467,479,507,519,634,646,674,686,711,723,746,783,815,861,897,909,931,943,955,1001,1013,1126,1138,1143,1144,1156,1168,1160,1161,1173,1178,1190,1179,1191,1203,1215,1221,1233,1252,1264,1271,1283,1282,1277,1263,1275,1275,1287,1299,1306,1318,1330,1342,1165,1177,1191,1203,1200,1323,1313,1325,1294,1298,1282,1266,1278,1270,1282,1294,1306,1307,1319,1357,1369,1379,1391,1403,1409,1421,1431,1443,1404,1404],"floor_reached":110,"language":"ENG","playtime":15226,"items_purged":["Apotheosis+1"],"score":2894,"play_id":"6bb86a91-7e8f-49a1-a254-79f2f7c537f6","local_time":"20210129234611","is_ascension_mode":true,"campfire_choices":[{"data":"blazmod:Observant","floor":6.0,"key":"SMITH"},{"data":"blazmod:ButterflyEffect","floor":8.0,"key":"SMITH"},{"floor":12.0,"key":"REST"},{"floor":15.0,"key":"REST"},{"data":"blazmod:ButterflyForm","floor":23.0,"key":"SMITH"},{"data":"blazmod:StanceChange","floor":25.0,"key":"SMITH"},{"data":"blazmod:Observant","floor":28.0,"key":"SMITH"},{"data":"blazmod:DrippingWaterHollowsStone","floor":30.0,"key":"SMITH"},{"data":"blazmod:CastAwayDew","floor":32.0,"key":"SMITH"},{"data":"blazmod:FleetingDawn","floor":44.0,"key":"SMITH"},{"data":"blazmod:FleetOfFoot","floor":46.0,"key":"SMITH"},{"data":"infinitespire:Collect","floor":49.0,"key":"SMITH"},{"data":"blazmod:DrippingWaterHollowsStone","floor":58.0,"key":"SMITH"},{"data":"blazmod:StanceChange","floor":62.0,"key":"SMITH"},{"data":"blazmod:StanceChange","floor":64.0,"key":"SMITH"},{"data":"blazmod:RevolvingPhoenix","floor":66.0,"key":"SMITH"},{"data":"infinitespire:FutureSight","floor":74.0,"key":"SMITH"},{"data":"Apotheosis","floor":76.0,"key":"SMITH"},{"data":"blazmod:Observant","floor":80,"key":"SMITH"},{"data":"blazmod:VisionsOfButterflies","floor":83,"key":"SMITH"},{"data":"blazmod:FleetingDawn","floor":96,"key":"SMITH"},{"data":"blazmod:FleetOfFoot","floor":98,"key":"SMITH"},{"data":"blazmod:OpenSpirit","floor":100,"key":"SMITH"},{"data":"blazmod:SecondSight","floor":109,"key":"SMITH"}],"circlet_count":0,"master_deck":["blazmod:Strike+1","blazmod:Strike+1","blazmod:Defend+1","blazmod:Defend+1","blazmod:ButterflyEffect+1","blazmod:Kyokasuigetsu+1","blazmod:DrippingWaterHollowsStone+1","blazmod:Observant+1","blazmod:FortifiedVigor+1","blazmod:FleetOfFoot+1","blazmod:Observant+1","blazmod:KatanaStrike+1","blazmod:ClearTheMind+1","blazmod:ButterflyForm+1","blazmod:ButterFlutter+1","blazmod:FlashRock+1","blazmod:FleetOfFoot+1","blazmod:StanceChange+1","blazmod:CastAwayDew+1","blazmod:ButterFlutter+1","blazmod:Crosscut+1","blazmod:FleetingDawn+1","blazmod:DawnflutterDance+1","blazmod:Contingency+1","infinitespire:Collect+1","blazmod:LoveAndHonor+1","blazmod:TravelJournal+1","blazmod:RevolvingPhoenix+1","blazmod:FleetOfFoot+1","blazmod:ApexLegends+1","blazmod:Crosscut+1","blazmod:BladeOfEnlightenment+1","blazmod:DevilDivine+1","Flash of Steel+1","blazmod:FancifulFlutter+1","blazmod:DrippingWaterHollowsStone+1","blazmod:StanceChange+1","blazmod:StanceChange+1","blazmod:RevolvingPhoenix+1","infinitespire:FutureSight+1","blazmod:VisionsOfButterflies+1","blazmod:OpenSpirit+1","blazmod:SeismicSlash+1","blazmod:FortifiedVigor+1","blazmod:SidewaySolace+1","blazmod:Observant+1","infinitespire:NeuralNetwork+1","blazmod:EightLifePilgrimage+1","blazmod:SeismicSlash+1","blazmod:FleetOfFoot+1","blazmod:FleetingDawn+1","blazmod:ButterFlutter+1","blazmod:FleetOfFoot+1","blazmod:BladeOfEnlightenment+1","blazmod:StanceChange+1","Gensokyo:CrescentMoonSlash+1","blazmod:SecondSight+1","blazmod:ButterFlutter+1"],"relics":["blazmod:SoshuMasabe","halation:EternalFortune","hubris:Icosahedron","halation:SelfBoilingWater","Regal Pillow","halation:SwordOfLegend","Astrolabe","MawBank","qcfpunch:Wrestler\u0027s_Cloak","qcfpunch:Red_Gi","infinitespire:FocusingShard","SacredBark","Molten Egg 2","qcfpunch:Red_Beret","Anchor","Unceasing Top","blazmod:SamuraiSword","Mango","Question Card","hubris:BundleOfHerbs","Ornamental Fan","PreservedInsect","Gambling Chip","halation:HeavySnake","blazmod:Vyxaba","halation:PrussianBluePaint","Strawberry","qcfpunch:Red_Headband","hubris:64BitClover","hubris:TinFlute","qcfpunch:Combat_Fatigues"],"acts_visited":["Exordium","TheCity","TheBeyond","Gensokyo:Gensokyo","Gensokyo:Gensokyoer","Gensokyo:Gensokyoest","Gensokyo:Gensokyo"],"potions_floor_usage":[108],"damage_taken":[{"damage":6.0,"enemies":"Jaw Worm","floor":1.0,"turns":4.0},{"damage":2.0,"enemies":"Small Slimes","floor":2.0,"turns":4.0},{"damage":32.0,"enemies":"Gremlin Nob","floor":7.0,"turns":6.0},{"damage":0.0,"enemies":"2 Louse","floor":10.0,"turns":2.0},{"damage":23.0,"enemies":"3 Sentries","floor":13.0,"turns":5.0},{"damage":13.0,"enemies":"Large Slime","floor":14.0,"turns":6.0},{"damage":23.0,"enemies":"Slime Boss","floor":16.0,"turns":9.0},{"damage":10.0,"enemies":"Chosen","floor":18.0,"turns":3.0},{"damage":0.0,"enemies":"2 Thieves","floor":19.0,"turns":2.0},{"damage":13.0,"enemies":"Nightmare","floor":24.0,"turns":7.0},{"damage":0.0,"enemies":"Book of Stabbing","floor":27.0,"turns":4.0},{"damage":2.0,"enemies":"Cultist and Chosen","floor":29.0,"turns":6.0},{"damage":16.0,"enemies":"Snecko","floor":31.0,"turns":4.0},{"damage":29.0,"enemies":"Collector","floor":33.0,"turns":5.0},{"damage":11.0,"enemies":"3 Darklings","floor":35.0,"turns":3.0},{"damage":7.0,"enemies":"Orb Walker","floor":37.0,"turns":3.0},{"damage":3.0,"enemies":"Jaw Worm Horde","floor":39.0,"turns":3.0},{"damage":0.0,"enemies":"Giant Head","floor":40.0,"turns":3.0},{"damage":0.0,"enemies":"Spire Growth","floor":41.0,"turns":1.0},{"damage":0.0,"enemies":"Reptomancer","floor":42.0,"turns":2.0},{"damage":0.0,"enemies":"3 Darklings","floor":45.0,"turns":3.0},{"damage":0.0,"enemies":"Nemesis","floor":48.0,"turns":3.0},{"damage":0.0,"enemies":"Time Eater","floor":50.0,"turns":5.0},{"damage":0.0,"enemies":"Gensokyo:Python","floor":52.0,"turns":2.0},{"damage":0.0,"enemies":"Gensokyo:Gryphon","floor":53.0,"turns":2.0},{"damage":0.0,"enemies":"Gensokyo:3_Fairies","floor":56.0,"turns":3.0},{"damage":0.0,"enemies":"Gensokyo:Mamizou","floor":57.0,"turns":3.0},{"damage":0.0,"enemies":"Gensokyo:Aya","floor":59.0,"turns":2.0},{"damage":0.0,"enemies":"Gensokyo:Gryphon_and_Rabbit","floor":61.0,"turns":2.0},{"damage":0.0,"enemies":"Gensokyo:Kitsune","floor":65.0,"turns":1.0},{"damage":0.0,"enemies":"Gensokyo:Yukari","floor":67.0,"turns":1.0},{"damage":0.0,"enemies":"Gensokyo:AngelMirror","floor":69.0,"turns":1.0},{"damage":0.0,"enemies":"Gensokyo:CosmicMonolith","floor":71.0,"turns":1.0},{"damage":0.0,"enemies":"Gensokyo:Chomper_and_Gloop","floor":72.0,"turns":1.0},{"damage":0.0,"enemies":"Gensokyo:Slime_Group","floor":73.0,"turns":1.0},{"damage":0.0,"enemies":"Gensokyo:3_Gloops","floor":75.0,"turns":1.0},{"damage":0,"enemies":"Gensokyo:Reisen","floor":78,"turns":1},{"damage":0,"enemies":"Gensokyo:Wraith","floor":82,"turns":1},{"damage":0,"enemies":"Gensokyo:Eternal_Rivals","floor":84,"turns":1},{"damage":0,"enemies":"Gensokyo:3_Bats","floor":86,"turns":1},{"damage":0,"enemies":"Gensokyo:3_Boulders","floor":88,"turns":1},{"damage":0,"enemies":"Gensokyo:Sharpion","floor":90,"turns":1},{"damage":0,"enemies":"Gensokyo:Doremy","floor":91,"turns":1},{"damage":0,"enemies":"Gensokyo:Dusk_and_Dawn","floor":92,"turns":1},{"damage":0,"enemies":"Gensokyo:Kasen","floor":93,"turns":2},{"damage":0,"enemies":"Gensokyo:3_Boulders","floor":95,"turns":1},{"damage":0,"enemies":"Gensokyo:Marisa","floor":99,"turns":1},{"damage":0,"enemies":"Gensokyo:Yuyuko","floor":101,"turns":1},{"damage":0,"enemies":"Gensokyo:Python","floor":103,"turns":1},{"damage":0,"enemies":"Gensokyo:3_Fairies","floor":106,"turns":2},{"damage":0,"enemies":"Gensokyo:Mamizou","floor":108,"turns":3},{"damage":139,"enemies":"Nightmare","floor":110,"turns":4}],"seed_played":"7479139016719508334","potions_obtained":[{"floor":2.0,"key":"Energy Potion"},{"floor":13.0,"key":"GamblersBrew"},{"floor":18.0,"key":"Swift Potion"},{"floor":19.0,"key":"LiquidBronze"},{"floor":39.0,"key":"MagicPotion:ReiMu"},{"floor":71.0,"key":"Energy Potion"},{"floor":103,"key":"Guardian:BlockOnCardUsePotion"}],"is_trial":false,"path_per_floor":["M","M","?","?","?","R","E","R","T","M","?","R","E","M","R","B",null,"M","M","?","?","?","R","NM","R","T","E","R","M","R","M","R","B",null,"M","AVR","M","?","M","E","M","E","T","R","M","R","?","E","R","B",null,"M","M","?","?","M","E","R","E","T","M","R","?","R","M","R","B",null,"M","?","M","M","M","R","M","R","T","E","$","R","AVR","M","R","B",null,"M","?","M","$","M","E","M","E","T","M","R","?","R","E","R","B",null,"M","?","?","M","AVR","E","R","NM"],"character_chosen":"THE_SWORDSWOMAN","items_purchased":[],"campfire_rested":2,"item_purchase_floors":[],"current_hp_per_floor":[34,32,35,40,40,40,8,8,8,8,8,37,14,1,33,13,51,41,41,41,41,41,47,34,37,37,37,40,41,44,28,31,2,54,43,43,36,36,33,33,33,33,33,54,54,54,54,54,54,54,54,54,54,54,47,50,50,62,65,65,68,71,71,71,71,74,74,77,77,77,77,77,77,77,77,77,77,77,77,77,77,77,77,77,77,77,44,44,44,44,51,54,57,57,57,78,78,78,78,81,81,90,116,99,99,99,99,99,111,0,0],"gold":1404,"neow_bonus":"THREE_CARDS","is_daily":false,"chose_seed":false,"campfire_upgraded":22,"win_rate":0.0,"timestamp":1611981971,"path_taken":["M","M","?","?","?","R","E","R","T","M","?","R","E","M","R","BOSS","M","?","?","?","?","R","NM","R","T","E","R","M","R","M","R","BOSS","M","AVR","M","?","M","E","M","E","T","R","M","R","?","E","R","BOSS","M","M","?","?","?","E","R","E","T","?","R","?","R","M","R","BOSS","M","?","M","M","M","R","M","R","T","E","$","R","AVR","M","R","BOSS","M","?","M","?","M","E","M","E","T","?","R","?","R","E","R","BOSS","M","?","?","M","AVR","E","R","NM"],"items_purchased_type":[],"build_version":"2020-12-22","purchased_purges":1,"victory":false,"max_hp_per_floor":[40,40,43,48,48,48,48,48,48,48,48,48,48,48,48,51,51,51,51,51,51,51,51,51,51,51,51,51,54,54,54,54,54,54,54,54,54,54,54,54,54,54,54,54,54,54,54,54,54,54,54,54,54,54,68,71,71,71,74,74,77,77,77,77,77,77,77,77,77,77,77,77,77,77,77,77,77,77,77,77,77,77,77,77,77,77,77,77,77,77,84,87,90,90,90,90,90,90,90,90,90,90,116,116,116,116,116,116,116,116,116],"card_choices":[{"not_picked":["blazmod:FleetOfFoot","blazmod:Trasient"],"picked":"blazmod:DrippingWaterHollowsStone","floor":0.0},{"not_picked":["blazmod:Crosscut","blazmod:FlashRock"],"picked":"blazmod:Observant","floor":1.0},{"not_picked":["blazmod:Valiance","blazmod:ButterFlutter"],"picked":"blazmod:FortifiedVigor","floor":2.0},{"not_picked":["blazmod:PhysicalEndurance","blazmod:Crosscut"],"picked":"blazmod:FleetOfFoot","floor":7.0},{"not_picked":["TH:TreasureMap","TH:DeckOfManyThings"],"picked":"SKIP","floor":7.0},{"not_picked":["TH:Mimic"],"picked":"TH:TreasureMap","floor":9.0},{"not_picked":["blazmod:PureOfSoul","blazmod:PhoenixPlume"],"picked":"blazmod:Observant","floor":10.0},{"not_picked":["blazmod:AlmightyPassage","blazmod:TenThousand"],"picked":"blazmod:KatanaStrike","floor":13.0},{"not_picked":["TH:Mimic","TH:DeckOfManyThings"],"picked":"SKIP","floor":13.0},{"not_picked":["blazmod:MindsEye","blazmod:BeTheBlade"],"picked":"blazmod:ClearTheMind","floor":14.0},{"not_picked":["blazmod:HoumatsuMugenKochouji","blazmod:SeismicSlash"],"picked":"blazmod:ButterflyForm","floor":16.0},{"not_picked":["blazmod:BoulderFlash","blazmod:PhysicalEndurance"],"picked":"blazmod:FleetOfFoot","floor":18.0},{"not_picked":["blazmod:Crosscut","blazmod:BoulderFlash+1"],"picked":"blazmod:StanceChange","floor":19.0},{"not_picked":["blazmod:SidewaySolace","blazmod:MentalFocus"],"picked":"blazmod:CastAwayDew","floor":24.0},{"not_picked":["TH:BikiniMail","TH:DeckOfManyThings"],"picked":"SKIP","floor":24.0},{"not_picked":["TH:TreasureMap","TH:DeckOfManyThings"],"picked":"SKIP","floor":26.0},{"not_picked":["blazmod:Valiance","blazmod:PhysicalEndurance"],"picked":"blazmod:ButterFlutter","floor":27.0},{"not_picked":["TH:CursedSword","TH:DeckOfManyThings"],"picked":"SKIP","floor":27.0},{"not_picked":["blazmod:FortifiedVigor","blazmod:ButterFlutter"],"picked":"blazmod:Crosscut+1","floor":29.0},{"not_picked":["blazmod:FlashRock","blazmod:MindAtPeace"],"picked":"blazmod:FleetingDawn+1","floor":31.0},{"not_picked":["blazmod:AlmightyPassage","blazmod:ForgeWays"],"picked":"blazmod:DawnflutterDance","floor":33.0},{"not_picked":["blazmod:FlashRock+1","blazmod:Crosscut"],"picked":"blazmod:Contingency+1","floor":35.0},{"not_picked":["blazmod:PureOfSoul","blazmod:SidewaySolace+1"],"picked":"blazmod:LoveAndHonor","floor":37.0},{"not_picked":["blazmod:QuickBlade","blazmod:AlmightyPassage"],"picked":"blazmod:TravelJournal+1","floor":39.0},{"not_picked":["blazmod:CastAwayDew","blazmod:TrueSelf+1"],"picked":"blazmod:RevolvingPhoenix+1","floor":40.0},{"not_picked":["TH:EnergyPotion","TH:CursedSword"],"picked":"SKIP","floor":40.0},{"not_picked":["blazmod:FlashRock+1","blazmod:TandenKatsu+1"],"picked":"blazmod:FleetOfFoot+1","floor":41.0},{"not_picked":["blazmod:Contingency","blazmod:PhoenixPlume+1"],"picked":"blazmod:FleetingDawn","floor":42.0},{"not_picked":["TH:Mimic","TH:CopperCoins"],"picked":"SKIP","floor":42.0},{"not_picked":["TH:ArmorSpikes","TH:EnergyPotion"],"picked":"SKIP","floor":43.0},{"not_picked":["blazmod:FortifiedVigor+1","blazmod:FlashRock+1"],"picked":"blazmod:ApexLegends+1","floor":45.0},{"not_picked":["blazmod:BeTheBlade+1","blazmod:PhysicalEndurance"],"picked":"blazmod:Crosscut+1","floor":48.0},{"not_picked":["TH:PixieDust","TH:EnergyPotion"],"picked":"SKIP","floor":48.0},{"not_picked":["blazmod:PhysicalEndurance","blazmod:FleetOfFoot"],"picked":"blazmod:BladeOfEnlightenment+1","floor":52.0},{"not_picked":["blazmod:SureOfHand+1","blazmod:Lockswords"],"picked":"blazmod:DevilDivine","floor":53.0},{"not_picked":["Chrysalis","Discovery"],"picked":"Apotheosis","floor":54.0},{"not_picked":["PanicButton","Panache"],"picked":"Flash of Steel+1","floor":54.0},{"not_picked":["blazmod:MindsEye","blazmod:SecondSight"],"picked":"blazmod:FancifulFlutter","floor":56.0},{"not_picked":["blazmod:FleetOfFoot","blazmod:QuickBlade+1"],"picked":"blazmod:DrippingWaterHollowsStone","floor":57.0},{"not_picked":["TH:ArmorSpikes","TH:ElvenBoots"],"picked":"SKIP","floor":57.0},{"not_picked":["blazmod:PhoenixPlume+1","blazmod:ButterFlutter+1","blazmod:FleetOfFoot"],"picked":"blazmod:StanceChange","floor":59.0},{"not_picked":["TH:Mimic","TH:DeckOfManyThings","TH:EnergyPotion"],"picked":"SKIP","floor":59.0},{"not_picked":["TH:ArmorSpikes","TH:ElvenBoots","TH:EnergyPotion"],"picked":"SKIP","floor":60.0},{"not_picked":["blazmod:Crosscut+1","blazmod:KatanaStrike+1","blazmod:FortifiedVigor+1"],"picked":"blazmod:StanceChange","floor":61.0},{"not_picked":["blazmod:DanceOfTheGods","blazmod:Valiance","blazmod:UnderPurifyingWaters"],"picked":"blazmod:RevolvingPhoenix","floor":65.0},{"not_picked":["hubris:Fate","infinitespire:Fortify"],"picked":"infinitespire:FutureSight","floor":67.0},{"not_picked":["blazmod:CrescentMoon+1","blazmod:OneWithNature+1","blazmod:ButterflyBlade+1"],"picked":"blazmod:VisionsOfButterflies","floor":67.0},{"not_picked":["blazmod:Crosscut+1","blazmod:SidewaySolace","blazmod:BlindBlade","blazmod:FlashRock"],"picked":"SKIP","floor":69.0},{"not_picked":["blazmod:UnderPurifyingWaters","blazmod:CastAwayDew","blazmod:Trasient+1"],"picked":"blazmod:OpenSpirit","floor":71.0},{"not_picked":["blazmod:UnderPurifyingWaters","blazmod:MentalFocus+1","blazmod:Crosscut+1"],"picked":"blazmod:SeismicSlash+1","floor":72.0},{"not_picked":["blazmod:KatanaStrike+1","blazmod:TenThousand+1","blazmod:SidewaySolace"],"picked":"blazmod:FortifiedVigor+1","floor":73.0},{"not_picked":["blazmod:PhysicalEndurance","blazmod:DrippingWaterHollowsStone+1","blazmod:Crosscut+1"],"picked":"blazmod:SidewaySolace+1","floor":75.0},{"not_picked":["TH:ArmorSpikes","TH:CursedSword","TH:TreasureMap"],"picked":"SKIP","floor":77.0},{"not_picked":["blazmod:PureOfSoul","blazmod:MindAtPeace","blazmod:MirrorImage"],"picked":"blazmod:Observant","floor":78},{"not_picked":["TH:BikiniMail","TH:DeckOfManyThings","TH:Mimic"],"picked":"SKIP","floor":78},{"not_picked":["blazmod:DrippingWaterHollowsStone","blazmod:Trasient+1","blazmod:FleetOfFoot","blazmod:Valiance"],"picked":"SKIP","floor":82},{"not_picked":["blazmod:ButterflyForm","blazmod:Setsuna+1","blazmod:TrueSelf+1"],"picked":"blazmod:EightLifePilgrimage+1","floor":84},{"not_picked":["blazmod:BoulderFlash+1","blazmod:PhysicalEndurance+1","blazmod:FlashRock","blazmod:FlyFlyAgain+1"],"picked":"SKIP","floor":86},{"not_picked":["blazmod:MoonlightBlossoms+1","blazmod:BlindBlade","blazmod:FlashRock+1"],"picked":"blazmod:FleetOfFoot","floor":88},{"not_picked":["blazmod:BoulderFlash+1","blazmod:Quickdraw","blazmod:PhysicalEndurance+1","blazmod:Trasient+1"],"picked":"SKIP","floor":90},{"not_picked":["blazmod:MindsEye+1","blazmod:Valiance","blazmod:SidewaySolace"],"picked":"blazmod:FleetingDawn","floor":91},{"not_picked":["TH:ElvenBoots","TH:CursedSword","TH:PixieDust"],"picked":"SKIP","floor":91},{"not_picked":["blazmod:Observant+1","blazmod:MyEverything","blazmod:FlawlessDraw+1"],"picked":"blazmod:ButterFlutter+1","floor":92},{"not_picked":["blazmod:KatanaStrike+1","blazmod:SidewaySolace+1","blazmod:Quickdraw+1"],"picked":"blazmod:FleetOfFoot","floor":93},{"not_picked":["TH:CursedSword","TH:ArmorSpikes","TH:BikiniMail"],"picked":"SKIP","floor":93},{"not_picked":["TH:PixieDust","TH:TreasureMap","TH:ElvenBoots"],"picked":"SKIP","floor":94},{"not_picked":["blazmod:AlmightyPassage+1","blazmod:Unrestrained+1","blazmod:MoonlightBlossoms+1"],"picked":"blazmod:BladeOfEnlightenment+1","floor":95},{"not_picked":["blazmod:DanceOfTheGods","blazmod:TravelJournal+1","blazmod:HarmonyComplete+1"],"picked":"blazmod:StanceChange+1","floor":99},{"not_picked":["TH:ArmorSpikes","TH:EnergyPotion","TH:CursedSword"],"picked":"SKIP","floor":99},{"not_picked":["blazmod:NaturesBeauty","blazmod:ButterflyForm","blazmod:EightLifePilgrimage+1"],"picked":"blazmod:CrescentMoon+1","floor":101},{"not_picked":["blazmod:ApexLegends+1","blazmod:Valiance","blazmod:FlawlessDraw+1","blazmod:BeTheBlade+1"],"picked":"SKIP","floor":103},{"not_picked":["blazmod:PhoenixPlume+1","blazmod:Crosscut+1","blazmod:FortifiedVigor+1"],"picked":"blazmod:SecondSight","floor":106},{"not_picked":["blazmod:OneWithNature+1","blazmod:ClearTheMind","blazmod:MirrorImage"],"picked":"blazmod:ButterFlutter+1","floor":108},{"not_picked":["TH:DeckOfManyThings","TH:TreasureMap","TH:Mimic"],"picked":"SKIP","floor":108}],"player_experience":629856,"relics_obtained":[{"floor":7.0,"key":"halation:SelfBoilingWater"},{"floor":9.0,"key":"Regal Pillow"},{"floor":13.0,"key":"halation:SwordOfLegend"},{"floor":16.0,"key":"halation:EternalFortune"},{"floor":24.0,"key":"qcfpunch:Wrestler\u0027s_Cloak"},{"floor":26.0,"key":"qcfpunch:Red_Gi"},{"floor":27.0,"key":"infinitespire:FocusingShard"},{"floor":29.0,"key":"halation:EternalFortune"},{"floor":40.0,"key":"Molten Egg 2"},{"floor":42.0,"key":"qcfpunch:Red_Beret"},{"floor":43.0,"key":"Anchor"},{"floor":48.0,"key":"Unceasing Top"},{"floor":56.0,"key":"halation:EternalFortune"},{"floor":57.0,"key":"Question Card"},{"floor":59.0,"key":"halation:EternalFortune"},{"floor":59.0,"key":"hubris:BundleOfHerbs"},{"floor":60.0,"key":"Ornamental Fan"},{"floor":61.0,"key":"halation:EternalFortune"},{"floor":77.0,"key":"PreservedInsect"},{"floor":78,"key":"Gambling Chip"},{"floor":91,"key":"Strawberry"},{"floor":92,"key":"halation:EternalFortune"},{"floor":93,"key":"halation:EternalFortune"},{"floor":93,"key":"qcfpunch:Red_Headband"},{"floor":94,"key":"hubris:64BitClover"},{"floor":99,"key":"hubris:TinFlute"},{"floor":108,"key":"qcfpunch:Combat_Fatigues"}],"event_choices":[{"damage_healed":0.0,"max_hp_gain":5.0,"max_hp_loss":0.0,"gold_gain":0.0,"event_name":"Big Fish","player_choice":"Donut","floor":4.0,"gold_loss":0.0,"damage_taken":0.0},{"cards_removed":["TH:TreasureMap"],"damage_healed":0.0,"max_hp_gain":0.0,"max_hp_loss":0.0,"gold_gain":0.0,"event_name":"Purifier","player_choice":"Purged","floor":11.0,"gold_loss":0.0,"damage_taken":0.0},{"damage_healed":0.0,"max_hp_gain":0.0,"max_hp_loss":0.0,"gold_gain":0.0,"event_name":"Addict","player_choice":"Obtained Relic","floor":21.0,"gold_loss":85.0,"damage_taken":0.0,"relics_obtained":["MawBank"]},{"damage_healed":0.0,"max_hp_gain":0.0,"max_hp_loss":5.0,"gold_gain":0.0,"event_name":"betterThird:BetterWriting","player_choice":"Simplicity","floor":22.0,"gold_loss":0.0,"damage_taken":0.0},{"cards_removed":["blazmod:Strike"],"damage_healed":0.0,"max_hp_gain":0.0,"max_hp_loss":0.0,"gold_gain":0.0,"event_name":"Falling","player_choice":"Removed Attack","floor":47.0,"gold_loss":0.0,"damage_taken":0.0},{"damage_healed":0.0,"max_hp_gain":0.0,"max_hp_loss":0.0,"gold_gain":4.0,"event_name":"betterStone:BetterStone","player_choice":"1","floor":54.0,"gold_loss":0.0,"damage_taken":0.0},{"damage_healed":0,"gold_gain":111,"player_choice":"UP RE GO ","damage_taken":38,"relics_obtained":["halation:PrussianBluePaint"],"max_hp_gain":0,"max_hp_loss":0,"event_name":"betterSkull:BetterSkull","floor":87,"gold_loss":0,"cards_upgraded":["blazmod:ButterFlutter"]}],"is_beta":false,"boss_relics":[{"not_picked":["Empty Cage","halation:CatFaceCupcake"],"picked":"Astrolabe"},{"not_picked":["halation:PinkAlligatorPlush","Hololive_ChaosS"],"picked":"blazmod:SoshuMasabe"},{"not_picked":["Coffee Dripper","Fusion Hammer"],"picked":"blazmod:SamuraiSword"},{"not_picked":["Runic Dome","hubris:TerracottaHorce","halation:Yufonium"]},{"not_picked":["Runic Pyramid","Velvet Choker"],"picked":"blazmod:Vyxaba"},{"not_picked":["halation:PlatinumPhoenix","hubris:GrandSneckoEye","hubris:BlackHole"]}],"items_purged_floors":[107],"is_endless":true,"potions_floor_spawned":[2,13,18,19,31,37,39,45,57,59,65,67,71,75,78,88,90,99,103],"killed_by":"Nightmare","ascension_level":1}}