{"host":"0utx1lcxgx5vu4k0","time":1611989845,"event":{"mods":["AlwaysNeverKeys","BaseMod","Colored Powertips","Minty Spire (QoL Compilation)","Permanent Neow","Relic Stats","StSLib"],"gold_per_floor":[116,130,305,255,27,59,70,70,70,80,100,130,145,162,162,261,261,278,288,288,298,298,298,213,213,213,239,239,239,266,266,266,362,362,380,393,409,409,34,69,69,79,104,120,173,173,198,198,198,198,198,198,50,82,82],"floor_reached":56,"language":"ENG","playtime":1956,"items_purged":["Perfected Strike"],"score":1433,"play_id":"ebbe0acf-7f7a-4fbd-95d0-a4b4f9fbe6c3","local_time":"20210130015725","is_ascension_mode":true,"campfire_choices":[{"floor":8,"key":"RECALL"},{"data":"Searing Blow","floor":15,"key":"SMITH"},{"data":"Searing Blow+1","floor":23,"key":"SMITH"},{"data":"Searing Blow+2","floor":25,"key":"SMITH"},{"data":"Searing Blow+3","floor":29,"key":"SMITH"},{"data":"Searing Blow+4","floor":32,"key":"SMITH"},{"data":"Searing Blow+5","floor":41,"key":"SMITH"},{"data":"Searing Blow+6","floor":49,"key":"SMITH"},{"data":"Searing Blow+7","floor":52,"key":"SMITH"}],"circlet_count":0,"master_deck":["Defend_R","Defend_R","Defend_R","Bash","Shrug It Off","Pommel Strike","Apotheosis","Disarm","Searing Blow+8","Shrug It Off","Barricade","Bludgeon","Body Slam","Bite","Bite","Bite","Bite","Clothesline","Bludgeon","Dual Wield+1","Shockwave","Blood for Blood","Enlightenment","True Grit"],"relics":["Snecko Eye","Bottled Lightning","Pen Nib","Busted Crown","Juzu Bracelet","Blood Vial","Ornamental Fan","Regal Pillow","Orichalcum","MutagenicStrength","SlaversCollar","Red Skull","Toolbox","Anchor","MealTicket","Unceasing Top","Toy Ornithopter","Strawberry"],"acts_visited":["Exordium","TheCity","TheBeyond","TheEnding"],"potions_floor_usage":[10,19,27,37,50,50,55,55,55],"damage_taken":[{"damage":0,"enemies":"Cultist","floor":1,"turns":2},{"damage":0,"enemies":"Small Slimes","floor":2,"turns":4},{"damage":0,"enemies":"Gremlin Nob","floor":6,"turns":3},{"damage":0,"enemies":"2 Louse","floor":7,"turns":2},{"damage":0,"enemies":"Exordium Thugs","floor":10,"turns":4},{"damage":2,"enemies":"Looter","floor":11,"turns":2},{"damage":11,"enemies":"3 Sentries","floor":12,"turns":5},{"damage":5,"enemies":"3 Louse","floor":13,"turns":3},{"damage":0,"enemies":"Large Slime","floor":14,"turns":2},{"damage":0,"enemies":"The Guardian","floor":16,"turns":8},{"damage":4,"enemies":"2 Thieves","floor":18,"turns":3},{"damage":20,"enemies":"Shell Parasite","floor":19,"turns":3},{"damage":0,"enemies":"Snecko","floor":21,"turns":2},{"damage":8,"enemies":"Slavers","floor":27,"turns":4},{"damage":7,"enemies":"Book of Stabbing","floor":30,"turns":3},{"damage":10,"enemies":"Automaton","floor":33,"turns":4},{"damage":0,"enemies":"Orb Walker","floor":35,"turns":2},{"damage":0,"enemies":"3 Darklings","floor":36,"turns":2},{"damage":3,"enemies":"4 Shapes","floor":37,"turns":3},{"damage":0,"enemies":"Reptomancer","floor":40,"turns":1},{"damage":0,"enemies":"Maw","floor":42,"turns":3},{"damage":0,"enemies":"Spire Growth","floor":44,"turns":2},{"damage":0,"enemies":"2 Orb Walkers","floor":45,"turns":2},{"damage":14,"enemies":"Nemesis","floor":47,"turns":3},{"damage":61,"enemies":"Donu and Deca","floor":50,"turns":7},{"damage":4,"enemies":"Shield and Spear","floor":54,"turns":5},{"damage":51,"enemies":"The Heart","floor":55,"turns":7}],"seed_played":"8468554989479341314","potions_obtained":[{"floor":2,"key":"SneckoOil"},{"floor":7,"key":"Fire Potion"},{"floor":10,"key":"FearPotion"},{"floor":13,"key":"BloodPotion"},{"floor":19,"key":"Ancient Potion"},{"floor":35,"key":"Explosive Potion"},{"floor":42,"key":"Regen Potion"},{"floor":45,"key":"ElixirPotion"}],"is_trial":false,"path_per_floor":["M","M","?","?","$","E","M","R","T","M","M","E","M","M","R","B",null,"M","M","?","M","?","R","?","R","T","E","?","R","E","?","R","B",null,"M","M","M","?","$","E","R","M","T","M","?","?","E","?","R","B",null,"R","$","E","B",null],"character_chosen":"IRONCLAD","items_purchased":["Apotheosis","Perfected Strike","Red Skull","Toolbox","Ancient Potion","LiquidMemories"],"campfire_rested":0,"item_purchase_floors":[5,5,39,39,53,53],"current_hp_per_floor":[80,80,80,80,80,80,80,80,80,80,78,67,62,62,62,62,80,76,72,56,56,56,56,56,56,56,56,56,56,49,49,49,47,56,56,56,56,56,56,56,56,56,56,56,56,56,45,45,45,26,56,56,56,63,30],"gold":82,"neow_bonus":"BOSS_RELIC","is_daily":false,"chose_seed":false,"campfire_upgraded":8,"win_rate":0.0,"timestamp":1611989845,"path_taken":["M","M","?","?","$","E","M","R","T","M","M","E","M","M","R","BOSS","M","M","?","M","?","R","?","R","T","E","?","R","E","?","R","BOSS","M","M","M","?","$","E","R","M","T","M","?","?","E","?","R","BOSS","R","$","E","BOSS"],"items_purchased_type":["Card","Card","Relic","Relic","Potion","Potion"],"build_version":"2020-12-22","purchased_purges":1,"victory":true,"max_hp_per_floor":[80,80,80,80,80,80,80,80,80,80,80,80,80,80,80,80,80,80,80,56,56,56,56,56,56,56,56,56,56,56,56,56,56,56,56,56,56,56,56,56,56,56,56,56,56,56,56,56,56,56,56,56,56,63,63],"relic_stats":{"Regal Pillow":0,"counters":[27,91],"Pen Nib":[17],"Juzu Bracelet":2,"Orichalcum":[6],"Blood Vial":4,"Busted Crown":32,"Ornamental Fan":[104],"Snecko Eye":[180,172,155,180],"MealTicket":0,"obtain_stats":[{"Regal Pillow":27,"Pen Nib":12,"Juzu Bracelet":22,"Orichalcum":30,"Burning Blood":0,"Blood Vial":24,"SlaversCollar":34,"Anchor":40,"Busted Crown":17,"Ornamental Fan":26,"MutagenicStrength":31,"Strawberry":54,"Snecko Eye":0,"Toolbox":39,"MealTicket":43,"Bottled Lightning":6,"Red Skull":39,"Unceasing Top":45,"Toy Ornithopter":47},{"Regal Pillow":14,"Pen Nib":7,"Juzu Bracelet":13,"Orichalcum":15,"Burning Blood":0,"Blood Vial":13,"SlaversCollar":16,"Anchor":20,"Busted Crown":10,"Ornamental Fan":13,"MutagenicStrength":15,"Strawberry":26,"Snecko Eye":0,"Toolbox":19,"MealTicket":21,"Bottled Lightning":3,"Red Skull":19,"Unceasing Top":23,"Toy Ornithopter":24},{"Regal Pillow":47,"Pen Nib":22,"Juzu Bracelet":43,"Orichalcum":50,"Burning Blood":0,"Blood Vial":43,"SlaversCollar":54,"Anchor":62,"Busted Crown":35,"Ornamental Fan":43,"MutagenicStrength":50,"Strawberry":84,"Snecko Eye":0,"Toolbox":61,"MealTicket":65,"Bottled Lightning":9,"Red Skull":61,"Unceasing Top":69,"Toy Ornithopter":72}],"Unceasing Top":[0],"Toy Ornithopter":16},"card_choices":[{"not_picked":["Warcry","Armaments"],"picked":"Shrug It Off","floor":1},{"not_picked":["Ghostly Armor","Armaments"],"picked":"Pommel Strike","floor":2},{"not_picked":["Warcry","Twin Strike"],"picked":"Disarm","floor":6},{"not_picked":["Thunderclap","Sword Boomerang","Cleave"],"picked":"SKIP","floor":7},{"not_picked":["Power Through","Sever Soul","True Grit"],"picked":"SKIP","floor":10},{"not_picked":["True Grit","Juggernaut"],"picked":"Searing Blow","floor":11},{"not_picked":["Rupture","Pommel Strike"],"picked":"Heavy Blade","floor":12},{"not_picked":["Shrug It Off","Armaments","Cleave"],"picked":"SKIP","floor":13},{"not_picked":["Armaments","Cleave"],"picked":"Shrug It Off","floor":13},{"not_picked":["Warcry","Pommel Strike"],"picked":"Barricade","floor":14},{"not_picked":["Juggernaut","Reaper"],"picked":"Bludgeon","floor":16},{"not_picked":["Heavy Blade"],"picked":"SKIP","floor":18},{"not_picked":[],"picked":"Body Slam","floor":19},{"not_picked":["Rage+1"],"picked":"SKIP","floor":21},{"not_picked":[],"picked":"Clothesline","floor":27},{"not_picked":["Armaments"],"picked":"SKIP","floor":30},{"not_picked":[],"picked":"Bludgeon","floor":33},{"not_picked":[],"picked":"Dual Wield+1","floor":35},{"not_picked":["True Grit"],"picked":"SKIP","floor":36},{"not_picked":["Headbutt+1"],"picked":"SKIP","floor":37},{"not_picked":["Blood for Blood+1"],"picked":"SKIP","floor":40},{"not_picked":["Twin Strike"],"picked":"SKIP","floor":42},{"not_picked":["Sword Boomerang+1"],"picked":"SKIP","floor":44},{"not_picked":[],"picked":"Shockwave","floor":45},{"not_picked":["Twin Strike"],"picked":"SKIP","floor":47},{"not_picked":[],"picked":"Enlightenment","floor":48},{"not_picked":[],"picked":"True Grit","floor":54}],"player_experience":13747,"relics_obtained":[{"floor":6,"key":"Bottled Lightning"},{"floor":12,"key":"Pen Nib"},{"floor":26,"key":"Ornamental Fan"},{"floor":27,"key":"Regal Pillow"},{"floor":30,"key":"Orichalcum"},{"floor":40,"key":"Anchor"},{"floor":43,"key":"MealTicket"},{"floor":45,"key":"Unceasing Top"},{"floor":47,"key":"Toy Ornithopter"},{"floor":54,"key":"Strawberry"}],"event_choices":[{"damage_healed":0,"gold_gain":175,"player_choice":"AGREE","damage_taken":0,"max_hp_gain":0,"max_hp_loss":0,"event_name":"Liars Game","floor":3,"gold_loss":0,"cards_obtained":["Doubt"]},{"cards_removed":["Doubt"],"damage_healed":0,"gold_gain":0,"player_choice":"Card Removal","damage_taken":0,"max_hp_gain":0,"max_hp_loss":0,"event_name":"The Cleric","floor":4,"gold_loss":50},{"damage_healed":0,"gold_gain":0,"player_choice":"Became a vampire","damage_taken":0,"max_hp_gain":0,"max_hp_loss":24,"event_name":"Vampires","floor":20,"gold_loss":0,"cards_obtained":["Bite","Bite","Bite","Bite","Bite"]},{"cards_removed":["Bite"],"damage_healed":0,"gold_gain":0,"player_choice":"Gave Card","damage_taken":0,"relics_obtained":["Juzu Bracelet"],"max_hp_gain":0,"max_hp_loss":0,"event_name":"WeMeetAgain","floor":22,"gold_loss":0},{"damage_healed":0,"gold_gain":0,"player_choice":"Obtained Relic","damage_taken":0,"relics_obtained":["Blood Vial"],"max_hp_gain":0,"max_hp_loss":0,"event_name":"Addict","floor":24,"gold_loss":85},{"damage_healed":0,"gold_gain":0,"player_choice":"Ignored","damage_taken":0,"max_hp_gain":0,"max_hp_loss":0,"event_name":"The Mausoleum","floor":28,"gold_loss":0},{"damage_healed":0,"gold_gain":0,"player_choice":"Inject Mutagens","damage_taken":0,"relics_obtained":["MutagenicStrength"],"max_hp_gain":0,"max_hp_loss":0,"event_name":"Drug Dealer","floor":31,"gold_loss":0},{"cards_removed":["Defend_R"],"damage_healed":0,"gold_gain":0,"player_choice":"Removed Skill","damage_taken":0,"max_hp_gain":0,"max_hp_loss":0,"event_name":"Falling","floor":38,"gold_loss":0},{"damage_healed":0,"gold_gain":0,"player_choice":"Fight","damage_taken":0,"max_hp_gain":0,"max_hp_loss":0,"event_name":"Mysterious Sphere","floor":45,"gold_loss":0},{"damage_healed":0,"gold_gain":0,"cards_transformed":["Heavy Blade"],"player_choice":"Transformed","damage_taken":0,"max_hp_gain":0,"max_hp_loss":0,"event_name":"Transmorgrifier","floor":46,"gold_loss":0,"cards_obtained":["Blood for Blood"]},{"damage_healed":0,"gold_gain":0,"player_choice":"Memory 1","damage_taken":0,"max_hp_gain":0,"max_hp_loss":0,"event_name":"SensoryStone","floor":48,"gold_loss":0}],"is_beta":false,"boss_relics":[{"not_picked":["Tiny House","Fusion Hammer"],"picked":"Busted Crown"},{"not_picked":["Sozu","Philosopher\u0027s Stone"],"picked":"SlaversCollar"}],"items_purged_floors":[39],"is_endless":false,"potions_floor_spawned":[2,7,10,13,14,19,35,42,45],"ascension_level":1}}