{"host":"6xsbn6ynqlzwllfm","time":1611984171,"event":{"mods":["2.2 Compatiblity","BaseMod","Bestiary","Colored Map","Colored Powertips","Curses Come First","Highlight Path","Keyboard Shortcuts","Minty Spire (QoL Compilation)","Relic Stats","Slay the Relics Exporter","StSLib","SuperFastMode"],"gold_per_floor":[117,132,132,132,207,237,237,237,237],"floor_reached":8,"language":"ENG","playtime":215,"items_purged":[],"score":97,"play_id":"08c20c65-e855-4d08-9f08-10c815a68d66","local_time":"20210130002251","is_ascension_mode":true,"campfire_choices":[{"floor":7.0,"key":"REST"}],"circlet_count":0,"master_deck":["AscendersBane","Strike_P","Strike_P+1","Strike_P","Strike_P","Defend_P","Defend_P","Defend_P","Defend_P","Eruption","Vigilance+1","Consecrate","Consecrate","Conclude"],"relics":["PureWater","Unceasing Top","Toy Ornithopter","Singing Bowl"],"acts_visited":["Exordium"],"potions_floor_usage":[],"damage_taken":[{"damage":0.0,"enemies":"2 Louse","floor":1.0,"turns":1.0},{"damage":2.0,"enemies":"Jaw Worm","floor":2.0,"turns":3.0},{"damage":5.0,"enemies":"3 Sentries","floor":6.0,"turns":5.0},{"damage":26,"enemies":"Lagavulin","floor":8,"turns":6}],"seed_played":"-4871263652759017195","potions_obtained":[{"floor":1.0,"key":"SteroidPotion"}],"is_trial":false,"path_per_floor":["M","M","?","?","?","E","R","E"],"character_chosen":"WATCHER","items_purchased":[],"campfire_rested":1,"item_purchase_floors":[],"current_hp_per_floor":[43,41,36,16,5,5,25,0,0],"gold":237,"neow_bonus":"ONE_RARE_RELIC","is_daily":false,"chose_seed":false,"campfire_upgraded":0,"win_rate":0.0,"timestamp":1611984171,"path_taken":["M","M","?","?","?","E","R","E"],"items_purchased_type":[],"build_version":"2020-12-22","purchased_purges":0,"victory":false,"max_hp_per_floor":[68,68,68,68,68,68,68,68,68],"relic_stats":{"Singing Bowl":0,"counters":[4,15],"obtain_stats":[{"Singing Bowl":6,"PureWater":0,"Unceasing Top":0,"Toy Ornithopter":3},{"Singing Bowl":3,"PureWater":0,"Unceasing Top":0,"Toy Ornithopter":2},{"Singing Bowl":9,"PureWater":0,"Unceasing Top":0,"Toy Ornithopter":4}],"Unceasing Top":[2],"Toy Ornithopter":5},"card_choices":[{"not_picked":["EmptyMind","BowlingBash"],"picked":"Consecrate","floor":1.0},{"not_picked":["ThirdEye","Nirvana"],"picked":"Consecrate","floor":2.0},{"not_picked":["PathToVictory","Prostrate"],"picked":"Conclude","floor":6.0}],"player_experience":1252882,"relics_obtained":[{"floor":6.0,"key":"Singing Bowl"}],"event_choices":[{"damage_healed":0.0,"max_hp_gain":0.0,"max_hp_loss":0.0,"gold_gain":0.0,"event_name":"Scrap Ooze","player_choice":"Success","floor":3.0,"gold_loss":0.0,"damage_taken":5.0,"relics_obtained":["Toy Ornithopter"]},{"damage_healed":0.0,"max_hp_gain":0.0,"max_hp_loss":0.0,"gold_gain":0.0,"event_name":"Shining Light","player_choice":"Entered Light","floor":4.0,"gold_loss":0.0,"damage_taken":20.0,"cards_upgraded":["Vigilance","Strike_P"]},{"damage_healed":0.0,"max_hp_gain":0.0,"max_hp_loss":0.0,"gold_gain":75.0,"event_name":"World of Goop","player_choice":"Gather Gold","floor":5.0,"gold_loss":0.0,"damage_taken":11.0}],"is_beta":false,"boss_relics":[],"items_purged_floors":[],"is_endless":false,"potions_floor_spawned":[1],"killed_by":"Lagavulin","ascension_level":16}}