{"host":"6xsbn6ynqlzwllfm","time":1611970860,"event":{"mods":["2.2 Compatiblity","BaseMod","Bestiary","Colored Map","Colored Powertips","Curses Come First","Highlight Path","Keyboard Shortcuts","Minty Spire (QoL Compilation)","Relic Stats","Slay the Relics Exporter","StSLib","SuperFastMode"],"gold_per_floor":[110,123,140,140,140,140,201,230,257,23,54,65,79,92,92,166,166,183,212,224,224,224,256,256,291,291,323,22,35,35,35,35,112,112,130,146,146,158,173,199,244,2,25,25,59,74,74,93,93,93,93,93,33,63,63],"floor_reached":56,"language":"ENG","playtime":2276,"items_purged":["Strike_P+1"],"score":2248,"play_id":"385f08e2-43d5-4609-b88c-6bf07351b183","local_time":"20210129204100","is_ascension_mode":true,"campfire_choices":[{"data":"Tantrum","floor":6,"key":"SMITH"},{"data":"Wallop","floor":15,"key":"SMITH"},{"data":"Omniscience","floor":24,"key":"SMITH"},{"data":"RitualDagger","floor":30,"key":"SMITH"},{"data":"Tantrum","floor":32,"key":"SMITH"},{"floor":44,"key":"RECALL"},{"data":"SandsOfTime","floor":49,"key":"SMITH"},{"data":"WheelKick","floor":52,"key":"SMITH"}],"circlet_count":0,"master_deck":["AscendersBane","Strike_P+1","Strike_P+1","Defend_P+1","Defend_P+1","Defend_P+1","Defend_P+1","Eruption","Vigilance","Tantrum+1","ReachHeaven","WheelKick+1","Consecrate","Wallop+1","TalkToTheHand","Halt","EmptyFist","Omniscience+1","Collect","Evaluate+1","Protect","RitualDagger+1","SandsOfTime+1","Tantrum+1","Wallop","ConjureBlade+1","Worship+1","Worship","Omniscience"],"relics":["VioletLotus","Bronze Scales","Happy Flower","Pen Nib","Frozen Eye","The Courier","Coffee Dripper","Red Mask","Orichalcum","Nunchaku","Darkstone Periapt","Calipers","ClockworkSouvenir","Bag of Marbles","Snecko Eye","Regal Pillow","CaptainsWheel","Mango","White Beast Statue","TeardropLocket"],"acts_visited":["Exordium","TheCity","TheBeyond","TheEnding"],"potions_floor_usage":[7,11,13,16,19,19,25,27,33,55,55],"damage_taken":[{"damage":10,"enemies":"Jaw Worm","floor":1,"turns":4},{"damage":0,"enemies":"2 Louse","floor":2,"turns":3},{"damage":0,"enemies":"Cultist","floor":3,"turns":3},{"damage":12,"enemies":"3 Sentries","floor":7,"turns":4},{"damage":22,"enemies":"Lagavulin","floor":8,"turns":4},{"damage":4,"enemies":"Gremlin Nob","floor":11,"turns":3},{"damage":0,"enemies":"2 Fungi Beasts","floor":12,"turns":1},{"damage":1,"enemies":"3 Louse","floor":13,"turns":3},{"damage":3,"enemies":"Exordium Wildlife","floor":14,"turns":3},{"damage":0,"enemies":"Slime Boss","floor":16,"turns":4},{"damage":16,"enemies":"Chosen","floor":18,"turns":5},{"damage":0,"enemies":"Masked Bandits","floor":19,"turns":2},{"damage":1,"enemies":"Spheric Guardian","floor":20,"turns":3},{"damage":22,"enemies":"Slavers","floor":23,"turns":5},{"damage":3,"enemies":"Book of Stabbing","floor":25,"turns":4},{"damage":6,"enemies":"Slavers","floor":27,"turns":5},{"damage":7,"enemies":"Shelled Parasite and Fungi","floor":29,"turns":5},{"damage":24,"enemies":"Collector","floor":33,"turns":8},{"damage":18,"enemies":"3 Darklings","floor":35,"turns":3},{"damage":0,"enemies":"Orb Walker","floor":36,"turns":1},{"damage":0,"enemies":"Maw","floor":38,"turns":6},{"damage":0,"enemies":"Jaw Worm Horde","floor":39,"turns":2},{"damage":0,"enemies":"Nemesis","floor":40,"turns":1},{"damage":0,"enemies":"2 Orb Walkers","floor":41,"turns":1},{"damage":0,"enemies":"Reptomancer","floor":45,"turns":1},{"damage":4,"enemies":"4 Shapes","floor":46,"turns":1},{"damage":0,"enemies":"Writhing Mass","floor":48,"turns":2},{"damage":0,"enemies":"Time Eater","floor":50,"turns":1},{"damage":0,"enemies":"Shield and Spear","floor":54,"turns":1},{"damage":52,"enemies":"The Heart","floor":55,"turns":7}],"seed_played":"-6591763137443980676","potions_obtained":[{"floor":1,"key":"Fruit Juice"},{"floor":2,"key":"PowerPotion"},{"floor":11,"key":"PowerPotion"},{"floor":13,"key":"SteroidPotion"},{"floor":16,"key":"Explosive Potion"},{"floor":23,"key":"Regen Potion"},{"floor":25,"key":"PowerPotion"},{"floor":27,"key":"Regen Potion"},{"floor":39,"key":"Strength Potion"},{"floor":40,"key":"Block Potion"},{"floor":46,"key":"Regen Potion"}],"is_trial":false,"path_per_floor":["M","M","M","?","?","R","?","E","T","$","E","M","M","M","R","B",null,"M","?","M","?","?","E","R","E","T","E","$","M","R","$","R","B",null,"M","M","?","M","M","E","?","$","T","R","E","M","?","M","R","B",null,"R","$","E","B",null],"character_chosen":"WATCHER","items_purchased":["Frozen Eye","TalkToTheHand","AttackPotion","ClockworkSouvenir","Wallop","Bag of Marbles","Mango"],"campfire_rested":0,"item_purchase_floors":[10,10,10,28,28,28,42],"current_hp_per_floor":[55,55,55,60,53,53,41,19,19,19,15,15,19,16,16,16,66,50,50,49,49,43,21,21,30,30,24,24,17,17,17,17,8,64,46,46,46,46,46,46,46,60,60,60,60,56,56,56,56,56,83,83,83,83,46],"gold":63,"neow_bonus":"BOSS_RELIC","is_daily":false,"chose_seed":false,"campfire_upgraded":7,"win_rate":0.0,"timestamp":1611970860,"path_taken":["M","M","M","?","?","R","?","E","T","$","E","M","?","?","R","BOSS","M","?","M","?","?","E","R","E","T","E","$","?","R","$","R","BOSS","M","?","?","M","M","E","?","?","T","R","E","M","?","?","R","BOSS","R","$","E","BOSS"],"items_purchased_type":["Relic","Card","Potion","Relic","Card","Relic","Relic"],"build_version":"2020-12-22","purchased_purges":1,"victory":true,"max_hp_per_floor":[72,72,72,77,77,77,77,77,77,77,77,77,82,82,82,82,82,82,82,82,82,82,82,82,82,82,82,82,82,82,82,82,82,82,82,82,78,78,78,78,78,92,92,92,92,92,92,92,92,92,92,92,92,92,92],"relic_stats":{"Darkstone Periapt":0,"Nunchaku":[10],"Regal Pillow":0,"Happy Flower":[26],"counters":[30,96],"Bronze Scales":[287],"Snecko Eye":[39,48,51,40],"VioletLotus":[14],"Pen Nib":[17],"Orichalcum":[6],"obtain_stats":[{"Darkstone Periapt":26,"Regal Pillow":40,"Calipers":27,"Happy Flower":8,"Mango":42,"Pen Nib":9,"The Courier":11,"TeardropLocket":54,"Orichalcum":23,"White Beast Statue":45,"ClockworkSouvenir":28,"Frozen Eye":10,"Nunchaku":25,"CaptainsWheel":41,"Bronze Scales":7,"Snecko Eye":34,"VioletLotus":0,"Coffee Dripper":17,"Red Mask":19,"Bag of Marbles":28,"PureWater":0},{"Darkstone Periapt":15,"Regal Pillow":23,"Calipers":16,"Happy Flower":5,"Mango":24,"Pen Nib":5,"The Courier":6,"TeardropLocket":29,"Orichalcum":14,"White Beast Statue":25,"ClockworkSouvenir":16,"Frozen Eye":5,"Nunchaku":15,"CaptainsWheel":24,"Bronze Scales":4,"Snecko Eye":18,"VioletLotus":0,"Coffee Dripper":10,"Red Mask":12,"Bag of Marbles":16,"PureWater":0},{"Darkstone Periapt":51,"Regal Pillow":82,"Calipers":56,"Happy Flower":18,"Mango":83,"Pen Nib":18,"The Courier":21,"TeardropLocket":89,"Orichalcum":47,"White Beast Statue":84,"ClockworkSouvenir":56,"Frozen Eye":18,"Nunchaku":51,"CaptainsWheel":83,"Bronze Scales":14,"Snecko Eye":69,"VioletLotus":0,"Coffee Dripper":32,"Red Mask":39,"Bag of Marbles":56,"PureWater":0}]},"card_choices":[{"not_picked":["WreathOfFlame","InnerPeace"],"picked":"Tantrum","floor":1},{"not_picked":["ForeignInfluence","FollowUp"],"picked":"ReachHeaven","floor":2},{"not_picked":["Consecrate","Swivel"],"picked":"WheelKick","floor":3},{"not_picked":["ThirdEye","CrushJoints"],"picked":"Consecrate","floor":7},{"not_picked":["PathToVictory","CarveReality"],"picked":"Wallop","floor":8},{"not_picked":["ThirdEye","Collect","Consecrate"],"picked":"SKIP","floor":11},{"not_picked":["JustLucky","SashWhip"],"picked":"Halt","floor":12},{"not_picked":["WreathOfFlame","Evaluate"],"picked":"EmptyFist","floor":13},{"not_picked":["MasterReality","Establishment"],"picked":"Omniscience","floor":16},{"not_picked":["Halt","SignatureMove"],"picked":"Collect","floor":18},{"not_picked":["Consecrate+1","CutThroughFate"],"picked":"Evaluate+1","floor":19},{"not_picked":["Perseverance","Consecrate"],"picked":"Protect","floor":20},{"not_picked":["ClearTheMind","CrushJoints"],"picked":"SandsOfTime","floor":23},{"not_picked":["Swivel","FlyingSleeves"],"picked":"Tantrum","floor":25},{"not_picked":["Alpha","Judgement"],"picked":"ConjureBlade","floor":33},{"not_picked":["BowlingBash","Meditate+1"],"picked":"Worship+1","floor":36},{"not_picked":["Swivel+1","FlurryOfBlows"],"picked":"Worship","floor":39},{"not_picked":["ThirdEye","BowlingBash"],"picked":"Omniscience","floor":40}],"player_experience":1239337,"relics_obtained":[{"floor":7,"key":"Bronze Scales"},{"floor":8,"key":"Happy Flower"},{"floor":9,"key":"Pen Nib"},{"floor":11,"key":"The Courier"},{"floor":19,"key":"Red Mask"},{"floor":23,"key":"Orichalcum"},{"floor":25,"key":"Nunchaku"},{"floor":26,"key":"Darkstone Periapt"},{"floor":27,"key":"Calipers"},{"floor":40,"key":"Regal Pillow"},{"floor":41,"key":"CaptainsWheel"},{"floor":45,"key":"White Beast Statue"},{"floor":54,"key":"TeardropLocket"}],"event_choices":[{"damage_healed":0,"gold_gain":0,"player_choice":"Donut","damage_taken":0,"max_hp_gain":5,"max_hp_loss":0,"event_name":"Big Fish","floor":4,"gold_loss":0},{"cards_removed":["Strike_P"],"damage_healed":0,"gold_gain":0,"player_choice":"Card Removal","damage_taken":7,"max_hp_gain":0,"max_hp_loss":0,"event_name":"Golden Wing","floor":5,"gold_loss":0},{"damage_healed":0,"gold_gain":0,"player_choice":"Searched \u00271\u0027 times","damage_taken":0,"max_hp_gain":0,"max_hp_loss":0,"event_name":"Dead Adventurer","floor":7,"gold_loss":0},{"damage_healed":0,"gold_gain":0,"player_choice":"Fought Bandits","damage_taken":0,"max_hp_gain":0,"max_hp_loss":0,"event_name":"Masked Bandits","floor":19,"gold_loss":0},{"damage_healed":0,"gold_gain":0,"player_choice":"Simplicity","damage_taken":0,"max_hp_gain":0,"max_hp_loss":0,"event_name":"Back to Basics","floor":21,"gold_loss":0,"cards_upgraded":["Strike_P","Strike_P","Strike_P","Defend_P","Defend_P","Defend_P","Defend_P"]},{"damage_healed":0,"gold_gain":0,"player_choice":"Joined the Cult","damage_taken":6,"max_hp_gain":0,"max_hp_loss":0,"event_name":"Nest","floor":22,"gold_loss":0,"cards_obtained":["RitualDagger"]},{"damage_healed":0,"gold_gain":0,"player_choice":"Max HP","damage_taken":0,"max_hp_gain":0,"max_hp_loss":4,"event_name":"Winding Halls","floor":37,"gold_loss":0},{"damage_healed":0,"gold_gain":0,"player_choice":"Fight","damage_taken":0,"max_hp_gain":0,"max_hp_loss":0,"event_name":"Mysterious Sphere","floor":41,"gold_loss":0},{"damage_healed":0,"gold_gain":0,"player_choice":"Upgraded","damage_taken":0,"max_hp_gain":0,"max_hp_loss":0,"event_name":"Upgrade Shrine","floor":47,"gold_loss":0,"cards_upgraded":["ConjureBlade"]}],"is_beta":false,"boss_relics":[{"not_picked":["Velvet Choker","Fusion Hammer"],"picked":"Coffee Dripper"},{"not_picked":["Runic Pyramid","SacredBark"],"picked":"Snecko Eye"}],"items_purged_floors":[53],"is_endless":false,"potions_floor_spawned":[1,2,11,13,16,23,25,27,39,40,41,46,48,54],"ascension_level":13}}