{"host":"uclt3t1usqzz4m5p","time":1611991079,"event":{"mods":["AchievementEnabler","BaseMod","Better Altar","Better Match","Better Sensory Stone","Better Skull","Better Third Choice","Booster Modes","Card Forge","Colored Powertips","Displayed Cursed Tome","Downfall","GifTheSpireLib","Gremlin Skip","Minty Spire (QoL Compilation)","Permanent Neow","Quick Restart","StSLib","SuperFastMode"],"gold_per_floor":[210,210,64,82,96,121,121,133,133,160,177,22,22,39,39,39,39],"floor_reached":16,"language":"ENG","playtime":954,"items_purged":[],"score":118,"play_id":"e0b606be-775e-407f-8653-40ffa0ac7c56","local_time":"20210129231759","is_ascension_mode":true,"campfire_choices":[{"data":"Blade Dance","floor":7,"key":"SMITH"},{"data":"Cloak And Dagger","floor":13,"key":"SMITH"},{"data":"Infinite Blades","floor":15,"key":"SMITH"}],"circlet_count":0,"master_deck":["Strike_G","Strike_G","Strike_G","Strike_G","Defend_G","Defend_G","Defend_G","Defend_G","Defend_G","Survivor","Neutralize","Dagger Throw","Finisher","Noxious Fumes","Heel Hook","Dodge and Roll","Cloak And Dagger+1","Blade Dance+1","Well Laid Plans","Escape Plan","Blade Dance","Infinite Blades+1"],"relics":["Ring of the Snake","Hammer of Thor","Seething Fire","Anvil of the Gods","WingedGreaves","Mummified Hand","Molten Egg 2","TwistedFunnel"],"acts_visited":["Exordium"],"potions_floor_usage":[6,6,6,10,10,16,16],"damage_taken":[{"damage":6.0,"enemies":"2 Louse","floor":1.0,"turns":3.0},{"damage":9.0,"enemies":"Cultist","floor":4.0,"turns":4.0},{"damage":1.0,"enemies":"Small Slimes","floor":5.0,"turns":3.0},{"damage":22,"enemies":"Gremlin Nob","floor":6,"turns":4},{"damage":17,"enemies":"Gremlin Gang","floor":8,"turns":5},{"damage":5,"enemies":"Lagavulin","floor":10,"turns":6},{"damage":1,"enemies":"Large Slime","floor":11,"turns":2},{"damage":0,"enemies":"Exordium Thugs","floor":14,"turns":3},{"damage":19,"enemies":"The Guardian","floor":16,"turns":6}],"seed_played":"-3400882835645470193","potions_obtained":[{"floor":4.0,"key":"Strength Potion"},{"floor":5.0,"key":"EntropicBrew"},{"floor":8,"key":"SkillPotion"},{"floor":14,"key":"SkillPotion"}],"is_trial":false,"path_per_floor":["M","?","$","M","M","E","R","M","T","E","M","$","R","M","R","B"],"character_chosen":"THE_SILENT","items_purchased":["Noxious Fumes","Heel Hook","Dodge and Roll","TwistedFunnel"],"campfire_rested":0,"item_purchase_floors":[3,3,3,12],"current_hp_per_floor":[64,64,64,55,54,41,41,24,24,19,18,18,18,18,18,0,0],"gold":39,"neow_bonus":"HUNDRED_GOLD","is_daily":false,"chose_seed":false,"campfire_upgraded":3,"win_rate":0.0,"timestamp":1611991079,"path_taken":["M","?","$","M","M","E","R","M","T","E","M","$","R","?","R","BOSS"],"items_purchased_type":["Card","Card","Card","Relic"],"build_version":"2020-12-22","purchased_purges":0,"victory":false,"max_hp_per_floor":[70,70,70,70,70,70,70,70,70,70,70,70,70,70,70,70,70],"card_choices":[{"not_picked":["Outmaneuver","Endless Agony"],"picked":"Dagger Throw","floor":1.0},{"not_picked":["Prepared","Dagger Throw"],"picked":"Cloak And Dagger","floor":4.0},{"not_picked":["Finisher","Skewer"],"picked":"Blade Dance","floor":5.0},{"not_picked":["Concentrate","Backflip"],"picked":"Well Laid Plans","floor":6},{"not_picked":["Deadly Poison","Blade Dance"],"picked":"Escape Plan","floor":8},{"not_picked":["Masterful Stab+1","Outmaneuver"],"picked":"Blade Dance","floor":10},{"not_picked":["Dagger Throw+1","Reflex","Distraction"],"picked":"SKIP","floor":11},{"not_picked":["Dagger Spray+1","Concentrate"],"picked":"Infinite Blades","floor":14}],"player_experience":636718,"relics_obtained":[{"floor":6,"key":"WingedGreaves"},{"floor":9,"key":"Mummified Hand"},{"floor":10,"key":"Molten Egg 2"}],"event_choices":[{"damage_healed":0.0,"max_hp_gain":0.0,"max_hp_loss":0.0,"gold_gain":0.0,"cards_transformed":["Strike_G"],"event_name":"Transmorgrifier","player_choice":"Transformed","floor":2.0,"gold_loss":0.0,"damage_taken":0.0,"cards_obtained":["Finisher"]}],"is_beta":false,"boss_relics":[],"items_purged_floors":[],"is_endless":false,"potions_floor_spawned":[4,5,8,14],"killed_by":"The Guardian","ascension_level":1}}