{"host":"Alvar","time":1611997323,"event":{"mods":["AchievementEnabler","BaseMod","Downfall","Minty Spire (QoL Compilation)","StSLib"],"gold_per_floor":[111,111,130,14,14,48,48,59,130,142,142,142,168,186,186,264,264,275,275,112,112],"floor_reached":20,"language":"ENG","playtime":535,"items_purged":[],"score":414,"play_id":"79d2d290-2e1d-4bb5-b97e-c601e4e844da","local_time":"20210130160203","is_ascension_mode":true,"campfire_choices":[{"data":"Bash","floor":7.0,"key":"SMITH"},{"data":"Shockwave","floor":15.0,"key":"SMITH"}],"circlet_count":0,"master_deck":["AscendersBane","Strike_R","Strike_R","Strike_R","Defend_R","Defend_R","Defend_R","Defend_R","Bash+1","Pummel","Corruption","Twin Strike","Feel No Pain","Shrug It Off","Dual Wield","Bludgeon","Shockwave+1","Reaper","Ghostly Armor","Battle Trance"],"relics":["Burning Blood","NeowsBlessing","Vajra","Pantograph","Kunai","Meat on the Bone","Shovel","Velvet Choker","Orrery"],"acts_visited":["Exordium","TheCity"],"potions_floor_usage":[],"damage_taken":[{"damage":0.0,"enemies":"Small Slimes","floor":1.0,"turns":1.0},{"damage":0.0,"enemies":"Cultist","floor":3.0,"turns":1.0},{"damage":0.0,"enemies":"Gremlin Nob","floor":6.0,"turns":1.0},{"damage":9.0,"enemies":"Jaw Worm","floor":8.0,"turns":4.0},{"damage":19.0,"enemies":"Large Slime","floor":10.0,"turns":7.0},{"damage":4.0,"enemies":"Lagavulin","floor":13.0,"turns":7.0},{"damage":1.0,"enemies":"Looter","floor":14.0,"turns":4.0},{"damage":51.0,"enemies":"Hexaghost","floor":16.0,"turns":10.0},{"damage":19,"enemies":"Shell Parasite","floor":18,"turns":5}],"seed_played":"-82363602600457068","potions_obtained":[{"floor":8.0,"key":"SkillPotion"}],"is_trial":false,"path_per_floor":["M","?","M","$","?","E","R","M","T","M","?","T","E","M","R","B",null,"M","?","$"],"character_chosen":"IRONCLAD","items_purchased":["CultistPotion","Orrery"],"campfire_rested":0,"item_purchase_floors":[4,20],"current_hp_per_floor":[74,74,75,75,64,70,70,67,67,54,54,54,56,61,61,42,67,54,54,54,54],"gold":112,"neow_bonus":"THREE_ENEMY_KILL","is_daily":false,"chose_seed":false,"campfire_upgraded":2,"win_rate":0.0,"timestamp":1611997323,"path_taken":["M","?","?","$","?","E","R","M","T","M","?","?","E","M","R","BOSS","M","?","$"],"items_purchased_type":["Potion","Relic"],"build_version":"2020-12-18","purchased_purges":0,"victory":false,"max_hp_per_floor":[75,75,75,75,75,75,75,75,75,75,75,75,75,75,75,75,75,75,75,75,75],"card_choices":[{"not_picked":["True Grit","Perfected Strike"],"picked":"Pummel","floor":1.0},{"not_picked":["Bloodletting","Heavy Blade"],"picked":"Twin Strike","floor":3.0},{"not_picked":["Berserk","Body Slam","Ghostly Armor"],"picked":"SKIP","floor":6.0},{"not_picked":["Iron Wave","Dual Wield"],"picked":"Feel No Pain","floor":8.0},{"not_picked":["Armaments","Flex"],"picked":"Shrug It Off","floor":10.0},{"not_picked":["Cleave","Havoc"],"picked":"Bludgeon","floor":13.0},{"not_picked":["Wild Strike","Havoc"],"picked":"Shockwave","floor":14.0},{"not_picked":["Barricade","Fiend Fire"],"picked":"Reaper","floor":16.0},{"not_picked":["Rampage","Headbutt"],"picked":"Ghostly Armor","floor":18}],"player_experience":787349,"relics_obtained":[{"floor":6.0,"key":"Pantograph"},{"floor":9.0,"key":"Kunai"},{"floor":12.0,"key":"Meat on the Bone"},{"floor":13.0,"key":"Shovel"}],"event_choices":[{"damage_healed":0.0,"max_hp_gain":0.0,"max_hp_loss":0.0,"gold_gain":0.0,"cards_transformed":["Strike_R"],"event_name":"Transmorgrifier","player_choice":"Transformed","floor":2.0,"gold_loss":0.0,"damage_taken":0.0,"cards_obtained":["Corruption"]},{"damage_healed":0.0,"max_hp_gain":0.0,"max_hp_loss":0.0,"gold_gain":0.0,"event_name":"Scrap Ooze","player_choice":"Success","floor":5.0,"gold_loss":0.0,"damage_taken":11.0,"relics_obtained":["Vajra"]},{"damage_healed":0.0,"max_hp_gain":0.0,"max_hp_loss":0.0,"gold_gain":0.0,"cards_transformed":["Strike_R"],"event_name":"Living Wall","player_choice":"Change","floor":11.0,"gold_loss":0.0,"damage_taken":0.0,"cards_obtained":["Dual Wield"]},{"damage_healed":0,"gold_gain":0,"player_choice":"Read","damage_taken":0,"max_hp_gain":0,"max_hp_loss":0,"event_name":"The Library","floor":19,"gold_loss":0,"cards_obtained":["Battle Trance"]}],"is_beta":true,"boss_relics":[{"not_picked":["Tiny House","Empty Cage"],"picked":"Velvet Choker"}],"items_purged_floors":[],"is_endless":false,"potions_floor_spawned":[8,10,13],"ascension_level":20}}