{"host":"osk2oboccoevp2u5","time":1611972975,"event":{"mods":["AchievementEnabler","Alarm Clock","BaseMod","Colored Powertips","Disable Question Mark Monsters","Displayed Cursed Tome","Hermit","Key Reminder","Minty Spire (QoL Compilation)","Potion Indicator Mod","Quick Restart","Rare Cards Sparkle","Reorder Act Four","StSLib","Useless Jewels Mod"],"gold_per_floor":[112,112,127,127,302,302,312,326,326,326,341,21,35,49,49,146,146,158,144,25,44,44,44,44,44,44,44,70,85,85,102,102,204,204,216,216,228,248,279,279,279,279],"floor_reached":41,"language":"ENG","playtime":5169,"items_purged":["hermit:Strike_Hermit"],"score":513,"play_id":"51c67bcd-fadb-451c-a078-4eee5c68f7e4","local_time":"20210129221615","is_ascension_mode":true,"campfire_choices":[{"data":"hermit:CalledShot","floor":6,"key":"SMITH"},{"floor":15,"key":"REST"},{"floor":23,"key":"REST"},{"floor":30,"key":"REST"},{"floor":32,"key":"REST"},{"floor":40,"key":"REST"}],"circlet_count":0,"master_deck":["hermit:Strike_Hermit+1","hermit:Defend_Hermit","hermit:Defend_Hermit","hermit:Defend_Hermit","hermit:Defend_Hermit","hermit:Snapshot+1","hermit:Covet","hermit:Feint","hermit:CalledShot+1","Doubt","hermit:TrackingShot","hermit:WideOpen","Parasite","hermit:Feint","Metamorphosis","hermit:Brawl","hermit:PistolWhip","hermit:Gambit","hermit:HoleUp+1","hermit:Snipe+1","hermit:Coalescence","hermit:Quickdraw+1","hermit:HighCaliber","hermit:TakeCover","Decay","Shame","hermit:Headshot+1","hermit:Snipe+1","hermit:Grudge","hermit:Feint"],"relics":["hermit:Momento","Singing Bowl","SacredBark","hermit:Horseshoe","Omamori","White Beast Statue","Philosopher\u0027s Stone"],"acts_visited":["Exordium","TheCity","TheBeyond"],"potions_floor_usage":[13,16,16,16,21,21,29,31,33,37,37,38,39],"damage_taken":[{"damage":0,"enemies":"2 Louse","floor":1,"turns":2},{"damage":0,"enemies":"Cultist","floor":3,"turns":3},{"damage":7,"enemies":"Small Slimes","floor":7,"turns":3},{"damage":5,"enemies":"2 Fungi Beasts","floor":8,"turns":3},{"damage":11,"enemies":"Blue Slaver","floor":11,"turns":4},{"damage":11,"enemies":"Lots of Slimes","floor":13,"turns":4},{"damage":1,"enemies":"Exordium Thugs","floor":14,"turns":4},{"damage":38,"enemies":"The Guardian","floor":16,"turns":8},{"damage":58,"enemies":"Shell Parasite","floor":18,"turns":11},{"damage":12,"enemies":"2 Thieves","floor":19,"turns":4},{"damage":41,"enemies":"Snake Plant","floor":21,"turns":7},{"damage":56,"enemies":"Book of Stabbing","floor":28,"turns":9},{"damage":17,"enemies":"Cultist and Chosen","floor":29,"turns":9},{"damage":44,"enemies":"Sentry and Sphere","floor":31,"turns":6},{"damage":96,"enemies":"Champ","floor":33,"turns":17},{"damage":18,"enemies":"Orb Walker","floor":35,"turns":5},{"damage":25,"enemies":"3 Darklings","floor":37,"turns":8},{"damage":99,"enemies":"Sphere and 2 Shapes","floor":38,"turns":10},{"damage":211,"enemies":"Maw","floor":39,"turns":13},{"damage":29,"enemies":"4 Shapes","floor":41,"turns":3}],"seed_played":"8765467872391416404","potions_obtained":[{"floor":2,"key":"Strength Potion"},{"floor":2,"key":"Block Potion"},{"floor":2,"key":"SneckoOil"},{"floor":7,"key":"BlessingOfTheForge"},{"floor":14,"key":"FearPotion"},{"floor":19,"key":"EssenceOfSteel"},{"floor":28,"key":"hermit:Tonic"},{"floor":29,"key":"hermit:BlackBile"},{"floor":31,"key":"Energy Potion"},{"floor":33,"key":"EssenceOfSteel"},{"floor":35,"key":"ColorlessPotion"},{"floor":37,"key":"GamblersBrew"},{"floor":38,"key":"Block Potion"},{"floor":39,"key":"hermit:BlackBile"}],"is_trial":false,"path_per_floor":["M","?","M","?","?","R","M","M","T","?","M","$","M","M","R","B",null,"M","M","$","M","?","R","?","?","T","?","E","M","R","M","R","B",null,"M","?","M","M","M","R","M"],"character_chosen":"HERMIT","items_purchased":["Metamorphosis","hermit:Brawl","Regen Potion","hermit:Coalescence"],"campfire_rested":5,"item_purchase_floors":[12,12,20,20],"current_hp_per_floor":[82,82,82,66,66,66,59,54,54,74,63,63,52,53,78,40,84,26,14,14,18,18,43,43,43,43,43,64,47,72,30,55,30,88,72,72,49,33,5,33,4,4],"gold":279,"neow_bonus":"TEN_PERCENT_HP_BONUS","is_daily":false,"chose_seed":false,"campfire_upgraded":1,"win_rate":0.0,"timestamp":1611972975,"path_taken":["M","?","?","?","?","R","M","M","T","?","M","?","M","M","R","BOSS","M","?","$","M","?","R","?","?","T","?","E","M","R","M","R","BOSS","M","?","M","M","?","R","M"],"items_purchased_type":["Card","Card","Potion","Card"],"build_version":"2020-12-22","purchased_purges":1,"victory":false,"max_hp_per_floor":[82,82,82,82,82,82,82,82,82,82,82,82,82,84,84,84,84,84,84,84,84,84,84,84,84,84,84,84,84,84,86,86,88,88,90,90,92,94,94,94,94,94],"card_choices":[{"not_picked":["hermit:BodyArmor","hermit:FullyLoaded"],"picked":"hermit:Feint","floor":1},{"not_picked":["hermit:Showdown","hermit:Roulette"],"picked":"hermit:CalledShot","floor":3},{"not_picked":["hermit:Snipe","hermit:Desperado"],"picked":"hermit:TrackingShot","floor":7},{"not_picked":["hermit:Snipe","hermit:Headshot"],"picked":"hermit:WideOpen","floor":8},{"not_picked":["hermit:LuckOfTheDraw","hermit:Desperado"],"picked":"hermit:Feint","floor":11},{"not_picked":["hermit:FullyLoaded","hermit:Malice"],"picked":"hermit:PistolWhip","floor":13},{"not_picked":["hermit:Maintenance","hermit:Grudge","hermit:SprayPray"],"picked":"Singing Bowl","floor":14},{"not_picked":["hermit:FinalCanter","hermit:HeroicBravado"],"picked":"hermit:Gambit","floor":16},{"not_picked":["hermit:LoneWolf","hermit:BigShot"],"picked":"hermit:HoleUp+1","floor":18},{"not_picked":["hermit:Dive","hermit:HighCaliber+1"],"picked":"hermit:Snipe+1","floor":19},{"not_picked":["hermit:ShadowCloak","hermit:Midnight+1"],"picked":"hermit:Quickdraw+1","floor":21},{"not_picked":["hermit:Gestalt","hermit:Shortfuse"],"picked":"hermit:Headshot+1","floor":28},{"not_picked":["hermit:LuckOfTheDraw","hermit:HoleUp+1"],"picked":"hermit:Snipe+1","floor":29},{"not_picked":["hermit:HoleUp+1","hermit:Misfire","hermit:Feint"],"picked":"Singing Bowl","floor":31},{"not_picked":["hermit:FatalDesire","hermit:DeadOrAlive","hermit:EternalForm"],"picked":"Singing Bowl","floor":33},{"not_picked":["hermit:HoleUp","hermit:ItchyTrigger","hermit:Enervate+1"],"picked":"Singing Bowl","floor":35},{"not_picked":["hermit:Scavenge+1","hermit:BigShot+1","hermit:Desperado+1"],"picked":"Singing Bowl","floor":37},{"not_picked":["hermit:Headshot","hermit:WideOpen+1","hermit:Vantage"],"picked":"Singing Bowl","floor":38},{"not_picked":["hermit:LoneWolf","hermit:DeadMansHand"],"picked":"hermit:Feint","floor":39}],"player_experience":975507,"relics_obtained":[{"floor":9,"key":"Singing Bowl"},{"floor":26,"key":"hermit:Horseshoe"},{"floor":28,"key":"White Beast Statue"}],"event_choices":[{"damage_healed":0,"gold_gain":0,"player_choice":"Got Potions","damage_taken":0,"max_hp_gain":0,"max_hp_loss":0,"event_name":"Lab","floor":2,"gold_loss":0},{"damage_healed":0,"gold_gain":0,"player_choice":"Entered Light","damage_taken":16,"max_hp_gain":0,"max_hp_loss":0,"event_name":"Shining Light","floor":4,"gold_loss":0,"cards_upgraded":["hermit:Snapshot","hermit:Strike_Hermit"]},{"damage_healed":0,"gold_gain":175,"player_choice":"AGREE","damage_taken":0,"max_hp_gain":0,"max_hp_loss":0,"event_name":"Liars Game","floor":5,"gold_loss":0,"cards_obtained":["Doubt"]},{"damage_healed":20,"gold_gain":0,"player_choice":"Healed and dodged fight","damage_taken":0,"max_hp_gain":0,"max_hp_loss":0,"event_name":"Mushrooms","floor":10,"gold_loss":0,"cards_obtained":["Parasite"]},{"damage_healed":0,"gold_gain":0,"player_choice":"Ignored","damage_taken":0,"max_hp_gain":0,"max_hp_loss":0,"event_name":"Cursed Tome","floor":22,"gold_loss":0},{"damage_healed":0,"gold_gain":0,"cards_transformed":["hermit:Strike_Hermit","hermit:Strike_Hermit"],"player_choice":"Became Test Subject","damage_taken":0,"max_hp_gain":0,"max_hp_loss":0,"event_name":"Drug Dealer","floor":24,"gold_loss":0,"cards_obtained":["hermit:HighCaliber","hermit:TakeCover"]},{"damage_healed":0,"gold_gain":0,"player_choice":"Smashed Altar","damage_taken":0,"max_hp_gain":0,"max_hp_loss":0,"event_name":"Forgotten Altar","floor":25,"gold_loss":0,"cards_obtained":["Decay"]},{"damage_healed":0,"gold_gain":0,"player_choice":"Stole Relic","damage_taken":0,"relics_obtained":["Omamori"],"max_hp_gain":0,"max_hp_loss":0,"event_name":"Addict","floor":27,"gold_loss":0,"cards_obtained":["Shame"]},{"damage_healed":0,"gold_gain":0,"player_choice":"1 cards matched","damage_taken":0,"max_hp_gain":0,"max_hp_loss":0,"event_name":"Match and Keep!","floor":36,"gold_loss":0,"cards_obtained":["hermit:Grudge"]}],"is_beta":false,"boss_relics":[{"not_picked":["Runic Dome","Coffee Dripper"],"picked":"SacredBark"},{"not_picked":["Fusion Hammer","Black Star"],"picked":"Philosopher\u0027s Stone"}],"items_purged_floors":[12],"is_endless":false,"potions_floor_spawned":[7,8,14,19,28,29,31,33,35,37,38,39],"killed_by":"4 Shapes","ascension_level":4}}