{"host":"gcl3kjho9wmyw479","time":1611973805,"event":{"mods":["Act Like it!","BaseMod","Better Note","Card Forge","Minty Spire (QoL Compilation)","Permanent Neow","Quick Restart","Replay The Spire","Shop Mod","StSLib","SuperFastMode","Wandering Minibosses"],"gold_per_floor":[110,110,110,110,185,210,210,236,262,293,126,157,157,192,192,265,315,330,310,337,337,356,387,421,453,453,453,482,509,529,345,433,510,510,529,529,538,822,848,848,881,910,910,910,744,776,805,830,830,830,830,830,830,311,345,345],"floor_reached":57,"language":"ENG","playtime":2971,"items_purged":[],"score":3990,"play_id":"d8dda6f1-a3a6-481c-939c-7edce0f0912f","local_time":"20210129213005","daily_mods":["Heirloom","Flight","DeadlyEvents","Elite Swarm"],"is_ascension_mode":true,"campfire_choices":[{"floor":7,"key":"RECALL"},{"floor":13,"key":"REST"},{"floor":15,"key":"DIG"},{"floor":40,"key":"REST"},{"floor":44,"key":"REST"}],"circlet_count":0,"master_deck":["AscendersBane","Barricade+1","Body Slam+1","Entrench+1","ReplayTheSpireMod:Stacked+1","Entrench+1","Impervious+1","Offering+1","ReplayTheSpireMod:Stacked+1","Seeing Red+1","Body Slam+1","Evolve+1"],"relics":["Burning Blood","Hammer of Thor","Seething Fire","Anvil of the Gods","Ring of Chaos","Replay:Arrowhead","Bottled Lightning","Bag of Marbles","Ornamental Fan","MerchantsRug","Paper Frog","Bag of Preparation","Strawberry","Tiny House","Replay:Wax Seal","CeramicFish","Toy Ornithopter","Pen Nib","Question Card","King of Hearts","Ice Cream","Medical Kit","Busted Crown","TungstenRod","Smiling Mask","Golden Egg","Gremlin Food","Replay:Baseball","Durian","Chameleon Ring","Mirror","InkBottle","Nunchaku","Mercury Hourglass"],"acts_visited":["Exordium","TheCity","TheBeyond","TheEnding"],"potions_floor_usage":[56,56],"damage_taken":[{"damage":6.0,"enemies":"Jaw Worm","floor":1.0,"turns":1.0},{"damage":6,"enemies":"Lagavulin","floor":6,"turns":1},{"damage":6,"enemies":"3 Sentries","floor":8,"turns":2},{"damage":6,"enemies":"Gremlin Nob","floor":10,"turns":1},{"damage":6,"enemies":"3 Sentries","floor":12,"turns":3},{"damage":6,"enemies":"Replay:BlueRogue","floor":14,"turns":1},{"damage":6,"enemies":"Hexaghost","floor":16,"turns":1},{"damage":6,"enemies":"Chosen","floor":18,"turns":1},{"damage":6,"enemies":"Book of Stabbing","floor":20,"turns":1},{"damage":6,"enemies":"2 Thieves","floor":22,"turns":1},{"damage":6,"enemies":"Gremlin Leader","floor":23,"turns":1},{"damage":6,"enemies":"Book of Stabbing","floor":24,"turns":1},{"damage":6,"enemies":"Slavers","floor":25,"turns":2},{"damage":6,"enemies":"Gremlin Leader","floor":28,"turns":1},{"damage":6,"enemies":"Replay:Snechameleon","floor":29,"turns":1},{"damage":6,"enemies":"Snake Plant","floor":30,"turns":1},{"damage":6,"enemies":"Champ","floor":33,"turns":1},{"damage":6,"enemies":"3 Shapes","floor":35,"turns":2},{"damage":6,"enemies":"Giant Head","floor":39,"turns":1},{"damage":5,"enemies":"R_Hoarder","floor":41,"turns":1},{"damage":5,"enemies":"Nemesis","floor":42,"turns":1},{"damage":5,"enemies":"Reptomancer","floor":46,"turns":1},{"damage":5,"enemies":"R_Hoarder","floor":47,"turns":1},{"damage":5,"enemies":"Giant Head","floor":48,"turns":1},{"damage":5,"enemies":"Awakened One","floor":50,"turns":2},{"damage":5,"enemies":"Replay:Hell Engine","floor":51,"turns":1},{"damage":5,"enemies":"Shield and Spear","floor":55,"turns":1},{"damage":6,"enemies":"The Heart","floor":56,"turns":4}],"seed_played":"-4966099630199397532","potions_obtained":[{"floor":6,"key":"SkillPotion"},{"floor":8,"key":"Death Potion"},{"floor":17,"key":"Languid Potion"},{"floor":19,"key":"Languid Potion"},{"floor":22,"key":"BloodPotion"},{"floor":49,"key":"FairyPotion"},{"floor":53,"key":"HeartOfIron"}],"is_trial":true,"path_per_floor":["M","$","?","?","?","E","R","E","T","E","$","E","R","E","R","B",null,"M","?","E","?","M","E","E","E","T","$","E","E","M","$","R","B",null,"M","$","?","?","E","R","E","E","T","R","$","E","E","E","R","B","B",null,"R","$","E","B",null],"character_chosen":"IRONCLAD","items_purchased":["MerchantsRug","Medical Kit","Elixir","Replay:Baseball","Evolve","InkBottle","Nunchaku"],"campfire_rested":3,"item_purchase_floors":[11,31,31,45,54,54,54],"current_hp_per_floor":[68,68,68,68,57,57,57,57,57,57,57,57,75,75,82,82,87,87,87,87,87,87,87,87,87,87,87,87,87,87,87,87,87,87,87,87,87,87,87,87,87,87,87,87,87,92,92,92,92,92,92,92,92,92,92,92],"gold":345,"neow_bonus":"","is_daily":false,"chose_seed":false,"campfire_upgraded":0,"win_rate":0.0,"timestamp":1611973805,"path_taken":["M","$","?","WH","?","E","R","E","T","E","$","E","R","E","R","BOSS","M","?","?","?","?","E","E","E","T","$","?","E","M","$","R","BOSS","M","$","?","?","?","R","E","E","T","R","$","E","E","E","R","BOSS","BOSS","R","$","E","BOSS"],"items_purchased_type":["Relic","Relic","Potion","Relic","Card","Relic","Relic"],"build_version":"2020-12-22","purchased_purges":0,"victory":true,"max_hp_per_floor":[75,75,75,75,75,75,75,75,75,75,75,75,75,75,82,82,87,87,87,87,87,87,87,87,87,87,87,87,87,87,87,87,87,87,87,87,87,87,87,87,87,87,87,87,87,92,92,92,92,92,92,92,92,92,92,92],"card_choices":[{"not_picked":["Sword Boomerang","Armaments","Second Wind"],"picked":"SKIP","floor":1.0},{"not_picked":["Corruption","Demonic Infusion","Brutality"],"picked":"SKIP","floor":6},{"not_picked":["Double Tap","Reaper","Replay:Many Hands"],"picked":"SKIP","floor":8},{"not_picked":["Hemogenesis","Replay:Many Hands","Double Tap"],"picked":"SKIP","floor":10},{"not_picked":["Limit Break","Juggernaut","Double Tap"],"picked":"SKIP","floor":12},{"not_picked":["Fiend Fire","Demonic Infusion","Immolate"],"picked":"SKIP","floor":14},{"not_picked":["True Grit","Whirlwind","Armaments+1"],"picked":"SKIP","floor":18},{"not_picked":["Impervious","Corruption","Bludgeon"],"picked":"SKIP","floor":20},{"not_picked":["Sword Boomerang","Twin Strike","Reckless Charge"],"picked":"SKIP","floor":22},{"not_picked":["Brutality","Feed","Immolate"],"picked":"SKIP","floor":23},{"not_picked":["Exhume","Feed","Fiend Fire"],"picked":"SKIP","floor":24},{"not_picked":["Exhume","Fiend Fire","Feed"],"picked":"SKIP","floor":25},{"not_picked":["Demonic Infusion","Bludgeon","Offering","Eclipse"],"picked":"SKIP","floor":28},{"not_picked":["Replay:Many Hands","Bludgeon","Hemogenesis","Reaper"],"picked":"SKIP","floor":29},{"not_picked":["Shrug It Off","Heavy Blade","ReplayTheSpireMod:Strike From Hell","Headbutt"],"picked":"SKIP","floor":30},{"not_picked":["Metallicize","Iron Wave+1"],"picked":"SKIP","floor":35},{"not_picked":["Impervious","Exhume"],"picked":"SKIP","floor":39},{"not_picked":["Double Tap","Brutality"],"picked":"SKIP","floor":41},{"not_picked":["Feed","Barricade"],"picked":"SKIP","floor":42},{"not_picked":["Replay:Many Hands","Juggernaut"],"picked":"SKIP","floor":46},{"not_picked":["Feed","Barricade"],"picked":"SKIP","floor":47},{"not_picked":["Reaper","Demonic Infusion"],"picked":"SKIP","floor":48},{"not_picked":["Hemogenesis","Demonic Infusion"],"picked":"SKIP","floor":55}],"player_experience":192838,"relics_obtained":[{"floor":6,"key":"Bottled Lightning"},{"floor":8,"key":"Bag of Marbles"},{"floor":10,"key":"Ornamental Fan"},{"floor":12,"key":"Paper Frog"},{"floor":14,"key":"Bag of Preparation"},{"floor":15,"key":"Strawberry"},{"floor":20,"key":"Replay:Wax Seal"},{"floor":23,"key":"CeramicFish"},{"floor":24,"key":"Toy Ornithopter"},{"floor":25,"key":"Pen Nib"},{"floor":26,"key":"Question Card"},{"floor":28,"key":"King of Hearts"},{"floor":29,"key":"Ice Cream"},{"floor":39,"key":"TungstenRod"},{"floor":41,"key":"Smiling Mask"},{"floor":42,"key":"Golden Egg"},{"floor":43,"key":"Gremlin Food"},{"floor":46,"key":"Durian"},{"floor":47,"key":"Chameleon Ring"},{"floor":48,"key":"Mirror"},{"floor":55,"key":"Mercury Hourglass"}],"event_choices":[{"cards_removed":["Shrug It Off"],"damage_healed":0.0,"max_hp_gain":0.0,"max_hp_loss":0.0,"gold_gain":0.0,"event_name":"Living Wall","player_choice":"Forget","floor":3.0,"gold_loss":0.0,"damage_taken":0.0},{"damage_healed":0,"gold_gain":75,"player_choice":"Gather Gold","damage_taken":11,"max_hp_gain":0,"max_hp_loss":0,"event_name":"World of Goop","floor":5,"gold_loss":0},{"damage_healed":0,"gold_gain":0,"player_choice":"Bought 1 Potion","damage_taken":0,"max_hp_gain":0,"max_hp_loss":0,"event_name":"The Woman in Blue","floor":19,"gold_loss":0},{"damage_healed":0,"gold_gain":0,"player_choice":"Ignored","damage_taken":0,"max_hp_gain":0,"max_hp_loss":0,"event_name":"Ghosts","floor":21,"gold_loss":0},{"cards_removed":["Body Slam"],"damage_healed":0,"gold_gain":0,"player_choice":"Removed Attack","damage_taken":0,"max_hp_gain":0,"max_hp_loss":0,"event_name":"Falling","floor":37,"gold_loss":0},{"damage_healed":0,"gold_gain":275,"player_choice":"Desecrate","damage_taken":0,"max_hp_gain":0,"max_hp_loss":0,"event_name":"Golden Shrine","floor":38,"gold_loss":0,"cards_obtained":["Regret"]}],"is_beta":false,"boss_relics":[{"not_picked":["Electric Blood","Calling Bell"],"picked":"Tiny House"},{"not_picked":["Mark of Pain","Coffee Dripper"],"picked":"Busted Crown"}],"items_purged_floors":[],"is_endless":false,"potions_floor_spawned":[6,8,20,22,30,35,39,41,47,48],"ascension_level":20}}