{"host":"rwmcmr2m88k7tuzm","time":1611966577,"event":{"mods":["BaseMod","BetterRewards","Conspire","Downfall","Hubris","Infinite Spire","Minty Spire (QoL Compilation)","Quick Restart","Replay The Spire","Shop Mod","StSLib","SuperFastMode"],"gold_per_floor":[109,109,126,140,152,152,177,190,190,190,190,190,223,223,223,328,328,341,341,352,50,50,82,92,92,139,54,154,170,15,32,32,132,132,146,156,156,176,192,192,219,0,0,20,37,37,85,124,124,178],"floor_reached":51,"language":"ENG","playtime":1417,"items_purged":["Defend_R"],"score":561,"play_id":"3fff45c9-3d40-4bdb-a72d-650ce135ed8c","local_time":"20210130002937","is_ascension_mode":false,"campfire_choices":[{"data":"Replay:Parry","floor":6,"key":"SMITH"},{"floor":12,"key":"REST"},{"floor":15,"key":"REST"},{"floor":25,"key":"REST"},{"floor":32,"key":"REST"},{"floor":40,"key":"REST"},{"floor":49,"key":"REST"}],"circlet_count":0,"master_deck":["Strike_R+1","Strike_R","Strike_R","Strike_R","Defend_R","Defend_R","Defend_R","Bash","Replay:Parry+1","Replay:Undeath\u0027s Touch","Replay:Undeath\u0027s Touch","Rage+1","Heavy Blade","Pommel Strike","Replay:Many Hands","Hemokinesis+1","Offering","Replay:Undeath\u0027s Touch+1","Inflame+1","Flame Barrier","Reaper+1","Cleave","Demon Form+1","infinitespire:SevenWalls"],"relics":["Burning Blood","ClockworkSouvenir","Vajra","hubris:EmptyBottle","Charon\u0027s Ashes","conspire:Flyswatter","Frozen Egg 2","Blood Vial","Golden Egg","MealTicket","Nunchaku","Darkstone Periapt","hubris:SlimyHat","Anchor","Replay:Kaleidoscope","hubris:GlazedTorus","infinitespire:FocusingShard","Orichalcum","Busted Crown","Ancient Tea Set","Red Mask","Self Forming Clay","Replay:Bandana","hubris:ScarierMask"],"acts_visited":["Exordium","TheCity","TheBeyond"],"potions_floor_usage":[13,16,23,28,28,28,33,33,33],"damage_taken":[{"damage":5,"enemies":"Small Slimes","floor":1,"turns":4},{"damage":0,"enemies":"Cultist","floor":3,"turns":2},{"damage":0,"enemies":"conspire:RoseBush","floor":4,"turns":2},{"damage":0,"enemies":"Looter","floor":5,"turns":2},{"damage":28,"enemies":"Gremlin Nob","floor":7,"turns":4},{"damage":7,"enemies":"Large Slime","floor":8,"turns":4},{"damage":8,"enemies":"Replay:BlueRogue","floor":13,"turns":4},{"damage":60,"enemies":"The Guardian","floor":16,"turns":9},{"damage":16,"enemies":"3 Byrds","floor":18,"turns":3},{"damage":16,"enemies":"conspire:FuzzyDice","floor":20,"turns":3},{"damage":11,"enemies":"Slavers","floor":23,"turns":3},{"damage":13,"enemies":"Cultist and Chosen","floor":24,"turns":3},{"damage":23,"enemies":"Colosseum Slavers","floor":28,"turns":2},{"damage":8,"enemies":"Colosseum Nobs","floor":28,"turns":2},{"damage":16,"enemies":"Snecko","floor":29,"turns":3},{"damage":21,"enemies":"Snake Plant","floor":31,"turns":3},{"damage":25,"enemies":"Champ","floor":33,"turns":7},{"damage":23,"enemies":"3 Darklings","floor":35,"turns":4},{"damage":8,"enemies":"Orb Walker","floor":36,"turns":2},{"damage":29,"enemies":"Sphere and 2 Shapes","floor":38,"turns":3},{"damage":15,"enemies":"4 Shapes","floor":39,"turns":3},{"damage":24,"enemies":"R_Hoarder","floor":41,"turns":5},{"damage":17,"enemies":"Spire Growth","floor":44,"turns":4},{"damage":18,"enemies":"Writhing Mass","floor":45,"turns":4},{"damage":21,"enemies":"Sphere and 2 Shapes","floor":47,"turns":2},{"damage":7,"enemies":"Jaw Worm Horde","floor":48,"turns":3},{"damage":74,"enemies":"Replay:Hell Engine","floor":50,"turns":8}],"seed_played":"2942254023278352294","potions_obtained":[{"floor":7,"key":"Reflective Coating"},{"floor":8,"key":"Milkshake"},{"floor":16,"key":"SkillPotion"},{"floor":18,"key":"FearPotion"},{"floor":24,"key":"Guardian:BlockOnCardUsePotion"},{"floor":39,"key":"ElixirPotion"},{"floor":41,"key":"champ:CounterPotion"},{"floor":45,"key":"sneckomod:MuddlingPotion"},{"floor":47,"key":"Cursed Concoction"}],"is_trial":false,"path_per_floor":["M","?","M","M","M","R","E","M","T","?","?","R","E","?","R","B",null,"M","?","M","$","T","E","M","R","T","?","?","M","$","M","R","B",null,"M","M","?","M","M","R","E","?","T","M","M","AVR","M","M","R","B",null],"character_chosen":"IRONCLAD","items_purchased":["ClockworkSouvenir","Vajra","Replay:Parry","hubris:EmptyBottle","Charon\u0027s Ashes","MealTicket","Nunchaku","Orichalcum"],"campfire_rested":6,"item_purchase_floors":[0,0,0,0,0,21,21,30],"current_hp_per_floor":[45,37,43,49,55,55,33,32,32,32,16,40,38,38,62,10,80,70,70,62,62,62,59,54,78,78,78,63,55,70,57,80,61,80,63,63,63,42,35,59,65,65,65,71,61,61,60,61,80,20],"gold":178,"neow_bonus":"","is_daily":false,"chose_seed":false,"campfire_upgraded":1,"win_rate":0.0,"timestamp":1611966577,"path_taken":["M","?","M","?","M","R","E","M","T","?","?","R","E","?","R","BOSS","M","?","M","?","?","E","M","R","T","?","?","M","?","M","R","BOSS","M","M","?","?","M","R","E","?","T","M","M","AVR","M","M","R","BOSS"],"items_purchased_type":["Relic","Relic","Card","Relic","Relic","Relic","Relic","Relic"],"build_version":"2020-12-22","purchased_purges":1,"victory":true,"max_hp_per_floor":[80,80,80,80,80,80,80,80,80,80,80,80,80,80,80,80,80,80,80,80,80,80,80,80,80,80,80,80,80,80,80,80,80,80,80,80,80,80,80,80,80,80,80,80,80,80,80,80,80,80],"card_choices":[{"not_picked":["Shrug It Off","ReplayTheSpireMod:Corrosion Curse"],"picked":"Replay:Undeath\u0027s Touch","floor":1},{"not_picked":["conspire:Charge","Hemokinesis"],"picked":"Infernal Blade","floor":3},{"not_picked":["Feel No Pain","Anger"],"picked":"Replay:Undeath\u0027s Touch","floor":4},{"not_picked":["Infernal Blade","Second Wind"],"picked":"Rage","floor":5},{"not_picked":["Perfected Strike","True Grit"],"picked":"Heavy Blade","floor":7},{"not_picked":["True Grit","Fire Breathing"],"picked":"Pommel Strike","floor":8},{"not_picked":["Metallicize+1","Dual Wield"],"picked":"Replay:Many Hands","floor":13},{"not_picked":["Corruption+1","Immolate"],"picked":"Offering","floor":16},{"not_picked":["conspire:ExplosiveBarrier","Rupture+1"],"picked":"Replay:Undeath\u0027s Touch+1","floor":18},{"not_picked":["Intimidate","Headbutt+1","infinitespire:OneForAll"],"picked":"SKIP","floor":20},{"not_picked":["Anger+1","Armaments"],"picked":"Inflame+1","floor":23},{"not_picked":["Clash","Headbutt","Armaments"],"picked":"SKIP","floor":24},{"not_picked":["Sever Soul","ReplayTheSpireMod:Stacked"],"picked":"Flame Barrier","floor":28},{"not_picked":["ReplayTheSpireMod:Strike From Hell","Clash","Havoc"],"picked":"SKIP","floor":29},{"not_picked":["Cleave","Burning Pact+1","Reckless Charge"],"picked":"SKIP","floor":31},{"not_picked":["Fiend Fire","Corruption+1"],"picked":"Reaper","floor":33},{"not_picked":["Havoc"],"picked":"SKIP","floor":35},{"not_picked":[],"picked":"Cleave","floor":36},{"not_picked":["Perfected Strike+1"],"picked":"SKIP","floor":38},{"not_picked":["Clothesline+1"],"picked":"SKIP","floor":39},{"not_picked":[],"picked":"Demon Form+1","floor":41},{"not_picked":["Warcry+1"],"picked":"SKIP","floor":44},{"not_picked":["Perfected Strike+1"],"picked":"SKIP","floor":45},{"not_picked":["Battle Trance"],"picked":"SKIP","floor":47},{"not_picked":["Anger+1"],"picked":"SKIP","floor":48}],"player_experience":169506,"relics_obtained":[{"floor":7,"key":"conspire:Flyswatter"},{"floor":9,"key":"Frozen Egg 2"},{"floor":13,"key":"Blood Vial"},{"floor":19,"key":"Golden Egg"},{"floor":22,"key":"Darkstone Periapt"},{"floor":23,"key":"hubris:SlimyHat"},{"floor":26,"key":"Anchor"},{"floor":28,"key":"hubris:GlazedTorus"},{"floor":28,"key":"infinitespire:FocusingShard"},{"floor":41,"key":"Ancient Tea Set"},{"floor":43,"key":"Self Forming Clay"}],"event_choices":[{"damage_healed":0,"gold_gain":0,"player_choice":"Damaged","damage_taken":8,"max_hp_gain":0,"max_hp_loss":0,"event_name":"Wheel of Change","floor":2,"gold_loss":0},{"damage_healed":0,"gold_gain":0,"player_choice":"Grow","damage_taken":0,"max_hp_gain":0,"max_hp_loss":0,"event_name":"Living Wall","floor":10,"gold_loss":0,"cards_upgraded":["Infernal Blade"]},{"damage_healed":0,"gold_gain":0,"player_choice":"Entered Light","damage_taken":16,"max_hp_gain":0,"max_hp_loss":0,"event_name":"Shining Light","floor":11,"gold_loss":0,"cards_upgraded":["Strike_R","Rage"]},{"damage_healed":0,"gold_gain":0,"player_choice":"Relic","damage_taken":0,"max_hp_gain":0,"max_hp_loss":0,"event_name":"Wheel of Change","floor":19,"gold_loss":0},{"damage_healed":0,"gold_gain":0,"player_choice":"Obtained Relic","damage_taken":0,"relics_obtained":["Replay:Kaleidoscope"],"max_hp_gain":0,"max_hp_loss":0,"event_name":"Addict","floor":27,"gold_loss":85},{"damage_healed":0,"gold_gain":0,"player_choice":"Fight","damage_taken":0,"max_hp_gain":0,"max_hp_loss":0,"event_name":"Colosseum","floor":28,"gold_loss":0},{"damage_healed":0,"gold_gain":0,"player_choice":"Fought Nobs","damage_taken":0,"max_hp_gain":0,"max_hp_loss":0,"event_name":"Colosseum","floor":28,"gold_loss":0},{"cards_removed":["Strike_R"],"damage_healed":0,"gold_gain":0,"player_choice":"Purged","damage_taken":0,"max_hp_gain":0,"max_hp_loss":0,"event_name":"Purifier","floor":37,"gold_loss":0},{"damage_healed":0,"gold_gain":0,"player_choice":"Paid","damage_taken":0,"relics_obtained":["Red Mask"],"max_hp_gain":0,"max_hp_loss":0,"event_name":"Tomb of Lord Red Mask","floor":42,"gold_loss":219}],"is_beta":false,"boss_relics":[{"not_picked":["Runic Dome","Ring of Chaos","Replay:Wanted Poster"]},{"not_picked":["conspire:RoyalGoblet","hubris:CrackedHourglass"],"picked":"Busted Crown"}],"items_purged_floors":[46],"is_endless":false,"potions_floor_spawned":[7,8,16,18,24,29,39,41,45,47],"ascension_level":0}}