{"host":"gcl0wx4kxpuh49bt","time":1611994811,"event":{"mods":["AchievementEnabler","BaseMod","DeckTracker","Minty Spire (QoL Compilation)","StSLib"],"gold_per_floor":[11,24,43,61,81,31,47,47,93,93,93,93,107,121,121,225,225,236,252,252,252,351,351,361,361,386,165,180,198,233,233,233,233,233],"floor_reached":33,"language":"KOR","playtime":1222,"items_purged":["Heavy Blade"],"score":364,"play_id":"cffb3e27-a0ef-4343-9cb8-32937b72a13e","local_time":"20210130172011","is_ascension_mode":true,"campfire_choices":[{"data":"Entrench","floor":10.0,"key":"SMITH"},{"data":"Seeing Red","floor":12.0,"key":"SMITH"},{"data":"Fire Breathing","floor":15.0,"key":"SMITH"},{"data":"Ghostly","floor":23.0,"key":"SMITH"},{"data":"Ghostly","floor":25.0,"key":"SMITH"},{"data":"Ghostly","floor":32.0,"key":"SMITH"}],"circlet_count":0,"master_deck":["Defend_R+1","Defend_R","Defend_R","Bash+1","Seeing Red+1","Wild Strike","Wild Strike","Entrench+1","Flame Barrier","Fire Breathing+1","Wild Strike","Immolate","True Grit","Metallicize","Ghostly+1","Ghostly+1","Ghostly","Ghostly+1","Ghostly","Pommel Strike"],"relics":["Burning Blood","Oddly Smooth Stone","Empty Cage","Regal Pillow","PreservedInsect","Bag of Marbles","InkBottle","NlothsMask"],"acts_visited":["Exordium","TheCity"],"potions_floor_usage":[33,33],"damage_taken":[{"damage":1.0,"enemies":"Cultist","floor":1.0,"turns":4.0},{"damage":5.0,"enemies":"Small Slimes","floor":2.0,"turns":3.0},{"damage":3.0,"enemies":"2 Louse","floor":3.0,"turns":2.0},{"damage":12.0,"enemies":"Large Slime","floor":4.0,"turns":3.0},{"damage":13.0,"enemies":"3 Louse","floor":5.0,"turns":3.0},{"damage":9.0,"enemies":"2 Fungi Beasts","floor":7.0,"turns":2.0},{"damage":6.0,"enemies":"Lots of Slimes","floor":13.0,"turns":6.0},{"damage":10.0,"enemies":"Exordium Thugs","floor":14.0,"turns":4.0},{"damage":39.0,"enemies":"The Guardian","floor":16.0,"turns":9.0},{"damage":20.0,"enemies":"2 Thieves","floor":18.0,"turns":3.0},{"damage":3.0,"enemies":"Chosen","floor":19.0,"turns":4.0},{"damage":6.0,"enemies":"3 Cultists","floor":24.0,"turns":5.0},{"damage":17.0,"enemies":"Shelled Parasite and Fungi","floor":28.0,"turns":10.0},{"damage":6.0,"enemies":"Centurion and Healer","floor":29.0,"turns":7.0},{"damage":4.0,"enemies":"Gremlin Leader","floor":30.0,"turns":8.0},{"damage":63,"enemies":"Collector","floor":33,"turns":7}],"seed_played":"6064909028966505897","potions_obtained":[{"floor":1.0,"key":"Weak Potion"},{"floor":4.0,"key":"ColorlessPotion"},{"floor":5.0,"key":"ElixirPotion"},{"floor":7.0,"key":"Regen Potion"},{"floor":18.0,"key":"Energy Potion"},{"floor":29.0,"key":"BloodPotion"}],"is_trial":false,"path_per_floor":["M","M","M","M","M","?","M","?","T","R","?","R","M","M","R","B",null,"M","M","?","?","?","R","M","R","T","$","M","M","E","?","R","B"],"character_chosen":"IRONCLAD","items_purchased":["Bag of Marbles"],"campfire_rested":0,"item_purchase_floors":[27],"current_hp_per_floor":[77,78,80,74,67,67,64,57,57,57,41,41,41,51,51,18,65,51,54,40,40,40,40,40,40,40,40,29,29,31,31,31,0,0],"gold":233,"neow_bonus":"REMOVE_TWO","is_daily":false,"chose_seed":false,"campfire_upgraded":6,"win_rate":0.0,"timestamp":1611994811,"path_taken":["M","M","M","M","?","?","M","?","T","R","?","R","M","M","R","BOSS","M","M","?","?","?","R","M","R","T","$","M","M","E","?","R","BOSS"],"items_purchased_type":["Relic"],"build_version":"2020-12-22","purchased_purges":1,"victory":false,"max_hp_per_floor":[80,80,80,80,80,80,80,80,80,80,80,80,80,80,80,80,80,80,80,40,40,40,40,40,40,40,40,40,40,40,40,40,40,40],"card_choices":[{"not_picked":["Inflame","Clash"],"picked":"Seeing Red","floor":1.0},{"not_picked":["Seeing Red","Rupture"],"picked":"Heavy Blade","floor":2.0},{"not_picked":["Twin Strike","Blood for Blood"],"picked":"Wild Strike","floor":3.0},{"not_picked":["Feel No Pain","Headbutt"],"picked":"Wild Strike","floor":4.0},{"not_picked":["Whirlwind","Body Slam"],"picked":"Entrench","floor":5.0},{"not_picked":["Berserk","Havoc"],"picked":"Flame Barrier","floor":7.0},{"not_picked":["Anger","Flex"],"picked":"Fire Breathing","floor":13.0},{"not_picked":["Clothesline","Iron Wave"],"picked":"Wild Strike","floor":14.0},{"not_picked":["Brutality","Demon Form"],"picked":"Immolate","floor":16.0},{"not_picked":["Clothesline","Sever Soul"],"picked":"True Grit","floor":18.0},{"not_picked":["Flex","Body Slam"],"picked":"Metallicize","floor":19.0},{"not_picked":["Anger","Perfected Strike","Pummel+1"],"picked":"SKIP","floor":24.0},{"not_picked":["Bloodletting+1","Uppercut"],"picked":"Pommel Strike","floor":28.0},{"not_picked":["Twin Strike","Heavy Blade","Armaments+1"],"picked":"SKIP","floor":29.0},{"not_picked":["Hemokinesis","Armaments","Combust+1"],"picked":"SKIP","floor":30.0}],"player_experience":157421,"relics_obtained":[{"floor":9.0,"key":"Oddly Smooth Stone"},{"floor":26.0,"key":"PreservedInsect"},{"floor":30.0,"key":"InkBottle"}],"event_choices":[{"cards_removed":["Strike_R"],"damage_healed":0.0,"max_hp_gain":0.0,"max_hp_loss":0.0,"gold_gain":0.0,"event_name":"The Cleric","player_choice":"Card Removal","floor":6.0,"gold_loss":50.0,"damage_taken":0.0},{"cards_removed":["Strike_R"],"damage_healed":0.0,"max_hp_gain":0.0,"max_hp_loss":0.0,"gold_gain":0.0,"event_name":"Golden Wing","player_choice":"Card Removal","floor":8.0,"gold_loss":0.0,"damage_taken":7.0},{"damage_healed":0.0,"max_hp_gain":0.0,"max_hp_loss":0.0,"gold_gain":0.0,"event_name":"Shining Light","player_choice":"Entered Light","floor":11.0,"gold_loss":0.0,"damage_taken":16.0,"cards_upgraded":["Bash","Defend_R"]},{"damage_healed":0.0,"max_hp_gain":0.0,"max_hp_loss":40.0,"gold_gain":0.0,"event_name":"Ghosts","player_choice":"Became a Ghost","floor":20.0,"gold_loss":0.0,"damage_taken":0.0,"cards_obtained":["Ghostly","Ghostly","Ghostly","Ghostly","Ghostly"]},{"damage_healed":0.0,"max_hp_gain":0.0,"max_hp_loss":0.0,"gold_gain":0.0,"event_name":"The Mausoleum","player_choice":"Opened","floor":21.0,"gold_loss":0.0,"damage_taken":0.0,"relics_obtained":["Regal Pillow"]},{"damage_healed":0.0,"max_hp_gain":0.0,"max_hp_loss":0.0,"gold_gain":99.0,"event_name":"Nest","player_choice":"Stole From Cult","floor":22.0,"gold_loss":0.0,"damage_taken":0.0},{"damage_healed":0.0,"max_hp_gain":0.0,"max_hp_loss":0.0,"gold_gain":0.0,"event_name":"FaceTrader","player_choice":"Trade","floor":31.0,"gold_loss":0.0,"damage_taken":0.0,"relics_obtained":["NlothsMask"]}],"is_beta":false,"boss_relics":[{"not_picked":["Snecko Eye","Ectoplasm"],"picked":"Empty Cage"}],"items_purged_floors":[27],"is_endless":false,"potions_floor_spawned":[1,4,5,7,13,18,29],"killed_by":"Collector","ascension_level":6}}