{"host":"49pjgf1q9ev52n8z","time":1611977857,"event":{"mods":["BaseMod","Bestiary","Colored Map","Minty Spire (QoL Compilation)","Relic Stats","StSLib"],"gold_per_floor":[112,132,132,144,144,158,158,190,213,156,2,27,27,27,27,98,98,57,57,57,71,32,32,32],"floor_reached":23,"language":"ENG","playtime":1864,"items_purged":[],"score":374,"play_id":"408d1dab-964c-4321-bb9b-c0f434b4f842","local_time":"20210129193737","is_ascension_mode":true,"campfire_choices":[{"floor":7,"key":"REST"},{"floor":13,"key":"REST"},{"data":"Skewer","floor":15,"key":"SMITH"}],"circlet_count":0,"master_deck":["AscendersBane","Strike_G","Strike_G","Strike_G","Strike_G","Defend_G","Defend_G","Defend_G","Defend_G+1","Defend_G","Survivor","Neutralize","Deadly Poison","Bane","Cloak And Dagger","Backflip","Skewer+1","Malaise+1","Footwork","Dodge and Roll","Night Terror","Poisoned Stab","Footwork","Crippling Poison"],"relics":["Ring of the Snake","Centennial Puzzle","Smiling Mask","War Paint","Velvet Choker","Molten Egg 2"],"acts_visited":["Exordium","TheCity"],"potions_floor_usage":[6,12,12,18],"damage_taken":[{"damage":2,"enemies":"Small Slimes","floor":1,"turns":3},{"damage":9,"enemies":"Jaw Worm","floor":2,"turns":4},{"damage":0,"enemies":"Cultist","floor":4,"turns":4},{"damage":2,"enemies":"3 Louse","floor":6,"turns":5},{"damage":39,"enemies":"3 Sentries","floor":8,"turns":12},{"damage":25,"enemies":"Gremlin Nob","floor":12,"turns":5},{"damage":6,"enemies":"The Guardian","floor":16,"turns":15},{"damage":20,"enemies":"2 Thieves","floor":18,"turns":5},{"damage":8,"enemies":"3 Byrds","floor":21,"turns":7},{"damage":43,"enemies":"Gremlin Leader","floor":23,"turns":7}],"seed_played":"-6751806937315891927","potions_obtained":[{"floor":1,"key":"ColorlessPotion"},{"floor":4,"key":"Swift Potion"},{"floor":16,"key":"Poison Potion"}],"is_trial":false,"path_per_floor":["M","M","?","M","?","M","R","E","T","?","$","E","R","?","R","B",null,"M","?","?","M","$","E"],"character_chosen":"THE_SILENT","items_purchased":["SpeedPotion","Footwork","Dodge and Roll","Crippling Poison"],"campfire_rested":2,"item_purchase_floors":[11,11,11,22],"current_hp_per_floor":[63,54,47,47,47,45,66,27,27,27,27,2,23,72,72,66,71,51,51,51,43,43,0,0],"gold":32,"neow_bonus":"TEN_PERCENT_HP_BONUS","is_daily":false,"chose_seed":false,"campfire_upgraded":1,"win_rate":0.0,"timestamp":1611977857,"path_taken":["M","M","?","M","?","?","R","E","T","?","$","E","R","?","R","BOSS","M","?","?","?","$","E"],"items_purchased_type":["Potion","Card","Card","Card"],"build_version":"2020-12-22","purchased_purges":0,"victory":false,"max_hp_per_floor":[72,72,72,72,72,72,72,72,72,72,72,72,72,72,72,72,72,72,72,72,72,72,72,72],"relic_stats":{"Centennial Puzzle":[15],"counters":[10,67],"War Paint":["Defend_G","Malaise"],"Smiling Mask":0,"obtain_stats":[{"Centennial Puzzle":8,"Velvet Choker":17,"Molten Egg 2":19,"War Paint":12,"Smiling Mask":9,"Ring of the Snake":0},{"Centennial Puzzle":5,"Velvet Choker":7,"Molten Egg 2":8,"War Paint":6,"Smiling Mask":5,"Ring of the Snake":0},{"Centennial Puzzle":28,"Velvet Choker":48,"Molten Egg 2":53,"War Paint":33,"Smiling Mask":28,"Ring of the Snake":0}],"Ring of the Snake":[20]},"card_choices":[{"not_picked":["Dagger Throw","Quick Slash"],"picked":"Deadly Poison","floor":1},{"not_picked":["Well Laid Plans","Riddle With Holes"],"picked":"Bane","floor":2},{"not_picked":["Storm of Steel","All Out Attack"],"picked":"Cloak And Dagger","floor":4},{"not_picked":["Footwork","Heel Hook"],"picked":"Skewer","floor":6},{"not_picked":["Wraith Form v2","Outmaneuver"],"picked":"Malaise","floor":8},{"not_picked":["Backflip","Dodge and Roll"],"picked":"Concentrate","floor":12},{"not_picked":["A Thousand Cuts","Unload"],"picked":"Night Terror","floor":16},{"not_picked":["Sucker Punch","Reflex+1"],"picked":"Poisoned Stab","floor":18},{"not_picked":["Quick Slash+1","Deadly Poison"],"picked":"Footwork","floor":21}],"player_experience":630727,"relics_obtained":[{"floor":8,"key":"Centennial Puzzle"},{"floor":9,"key":"Smiling Mask"},{"floor":12,"key":"War Paint"}],"event_choices":[{"cards_removed":["Strike_G"],"damage_healed":0,"gold_gain":0,"player_choice":"Card Removal","damage_taken":7,"max_hp_gain":0,"max_hp_loss":0,"event_name":"Golden Wing","floor":3,"gold_loss":0},{"damage_healed":0,"gold_gain":0,"player_choice":"1 cards matched","damage_taken":0,"max_hp_gain":0,"max_hp_loss":0,"event_name":"Match and Keep!","floor":5,"gold_loss":0,"cards_obtained":["Backflip"]},{"damage_healed":0,"gold_gain":0,"player_choice":"Left Gold","damage_taken":0,"max_hp_gain":0,"max_hp_loss":0,"event_name":"World of Goop","floor":10,"gold_loss":57},{"cards_removed":["Concentrate"],"damage_healed":49,"gold_gain":0,"player_choice":"Offered Uncommon","damage_taken":0,"max_hp_gain":0,"max_hp_loss":0,"event_name":"Bonfire Elementals","floor":14,"gold_loss":0},{"damage_healed":0,"gold_gain":0,"player_choice":"Opened","damage_taken":0,"relics_obtained":["Molten Egg 2"],"max_hp_gain":0,"max_hp_loss":0,"event_name":"The Mausoleum","floor":19,"gold_loss":0,"cards_obtained":["Writhe"]},{"cards_removed":["Writhe"],"damage_healed":0,"gold_gain":0,"player_choice":"Purged","damage_taken":0,"max_hp_gain":0,"max_hp_loss":0,"event_name":"Purifier","floor":20,"gold_loss":0}],"is_beta":false,"boss_relics":[{"not_picked":["Coffee Dripper","Runic Dome"],"picked":"Velvet Choker"}],"items_purged_floors":[],"is_endless":false,"potions_floor_spawned":[1,4,16],"killed_by":"Gremlin Leader","ascension_level":18}}