{"host":"kpyf5rnb72uwap8k","time":1611984927,"event":{"mods":["AchievementEnabler","BaseMod","Colored Map","Colored Powertips","DeckTracker","Minty Spire (QoL Compilation)","Permanent Neow","Quick Restart","StSLib","SuperFastMode"],"gold_per_floor":[110,125,125,200,200,233,158,174,174,174,203,203,30,44,44,44,44],"floor_reached":16,"language":"KOR","playtime":1134,"items_purged":["Strike_G"],"score":146,"play_id":"87e841b8-88ad-4791-bd5c-50345706010d","local_time":"20210130143527","is_ascension_mode":true,"campfire_choices":[{"data":"Predator","floor":10,"key":"SMITH"},{"floor":12,"key":"REST"},{"data":"Concentrate","floor":15,"key":"SMITH"}],"circlet_count":0,"master_deck":["Strike_G","Strike_G","Strike_G","Strike_G","Defend_G","Defend_G","Defend_G","Defend_G","Defend_G","Survivor","Neutralize","Dagger Spray","Predator+1","Deflect","Concentrate+1","Flash of Steel"],"relics":["Ring of the Snake","NeowsBlessing","Question Card","PreservedInsect","Turnip","Ornamental Fan"],"acts_visited":["Exordium"],"potions_floor_usage":[16],"damage_taken":[{"damage":0,"enemies":"Small Slimes","floor":1,"turns":1},{"damage":0,"enemies":"Jaw Worm","floor":2,"turns":1},{"damage":0,"enemies":"3 Sentries","floor":6,"turns":1},{"damage":0,"enemies":"2 Louse","floor":8,"turns":2},{"damage":21,"enemies":"Lagavulin","floor":11,"turns":5},{"damage":6,"enemies":"Lots of Slimes","floor":14,"turns":3},{"damage":55,"enemies":"Hexaghost","floor":16,"turns":14}],"seed_played":"1664298315494275199","potions_obtained":[{"floor":2,"key":"Explosive Potion"},{"floor":14,"key":"CunningPotion"}],"is_trial":false,"path_per_floor":["M","M","?","?","T","E","$","M","T","R","E","R","$","M","R","B"],"character_chosen":"THE_SILENT","items_purchased":["Concentrate","Flash of Steel"],"campfire_rested":1,"item_purchase_floors":[13,13],"current_hp_per_floor":[70,70,75,64,64,64,64,64,64,64,43,65,65,59,59,4,4],"gold":44,"neow_bonus":"THREE_ENEMY_KILL","is_daily":false,"chose_seed":false,"campfire_upgraded":2,"win_rate":0.0,"timestamp":1611984927,"path_taken":["M","M","?","?","?","E","$","?","T","R","E","R","$","M","R","BOSS"],"items_purchased_type":["Card","Card"],"build_version":"2020-12-22","purchased_purges":1,"victory":false,"max_hp_per_floor":[70,70,75,75,75,75,75,75,75,75,75,75,75,75,75,75,75],"card_choices":[{"not_picked":["Dagger Throw","Acrobatics"],"picked":"Dagger Spray","floor":1},{"not_picked":["Well Laid Plans","Slice"],"picked":"Predator","floor":2},{"not_picked":["Dodge and Roll","Cloak And Dagger","Prepared","Flechettes"],"picked":"SKIP","floor":6},{"not_picked":["Dagger Spray","Well Laid Plans","Underhanded Strike"],"picked":"Deflect","floor":8},{"not_picked":["Noxious Fumes","Bouncing Flask","Eviscerate","All Out Attack"],"picked":"SKIP","floor":11},{"not_picked":["Outmaneuver","Slice","Setup","Heel Hook"],"picked":"SKIP","floor":14}],"player_experience":238744,"relics_obtained":[{"floor":5,"key":"Question Card"},{"floor":6,"key":"PreservedInsect"},{"floor":9,"key":"Turnip"},{"floor":11,"key":"Ornamental Fan"}],"event_choices":[{"damage_healed":0,"gold_gain":0,"player_choice":"Donut","damage_taken":0,"max_hp_gain":5,"max_hp_loss":0,"event_name":"Big Fish","floor":3,"gold_loss":0},{"damage_healed":0,"gold_gain":75,"player_choice":"Gather Gold","damage_taken":11,"max_hp_gain":0,"max_hp_loss":0,"event_name":"World of Goop","floor":4,"gold_loss":0}],"is_beta":false,"boss_relics":[],"items_purged_floors":[7],"is_endless":false,"potions_floor_spawned":[2,14],"killed_by":"Hexaghost","ascension_level":2}}