{"host":"b96hyfeqj1peltkw","time":1611987707,"event":{"mods":["AchievementEnabler","Act Like it!","BaseMod","Block Reminder","Gensokyo","Minty Spire (QoL Compilation)","Practice Mode","StSLib"],"gold_per_floor":[117,135,72,91,191,191,502,533,533,551,551,551,551,46,46,123,173,188,188,188,208,108,108,121,121,169,126,126,126,141,16,16,16,16],"floor_reached":33,"language":"ENG","playtime":835,"items_purged":["Strike_B","Zap","Dualcast"],"score":394,"play_id":"5c8eacda-c107-4f9c-84d2-9664a35496eb","local_time":"20210130142147","is_ascension_mode":true,"campfire_choices":[{"data":"Hyperbeam","floor":6.0,"key":"SMITH"},{"data":"Reboot","floor":12,"key":"SMITH"},{"data":"Apotheosis","floor":15,"key":"SMITH"},{"data":"Genetic Algorithm","floor":23,"key":"SMITH"},{"data":"Coolheaded","floor":25,"key":"SMITH"},{"floor":32,"key":"REST"}],"circlet_count":0,"master_deck":["AscendersBane","Strike_B","Strike_B","Defend_B","Defend_B","Defend_B","Sweeping Beam","Turbo","Hyperbeam+1","Reboot+1","Redo+1","Leap","Apotheosis+1","Conserve Battery","Genetic Algorithm+1","Coolheaded+1"],"relics":["Cracked Core","NeowsBlessing","Bottled Lightning","Pantograph","Bag of Preparation","Tiny House","Gensokyo:ChorusOfJoy","Oddly Smooth Stone"],"acts_visited":["Gensokyo:Gensokyo","Gensokyo:Gensokyoer"],"potions_floor_usage":[],"damage_taken":[{"damage":0.0,"enemies":"Gensokyo:Gryphon","floor":1.0,"turns":1.0},{"damage":0.0,"enemies":"Gensokyo:3_Fairies","floor":2.0,"turns":1.0},{"damage":5.0,"enemies":"Gensokyo:2_Kodama","floor":4.0,"turns":2.0},{"damage":46.0,"enemies":"Gensokyo:5_Fairies","floor":7.0,"turns":6.0},{"damage":7.0,"enemies":"Gensokyo:Cirno","floor":8.0,"turns":5.0},{"damage":0.0,"enemies":"Gensokyo:Python_and_Kodama","floor":10.0,"turns":2.0},{"damage":53,"enemies":"Gensokyo:Reimu","floor":16,"turns":10},{"damage":12,"enemies":"Gensokyo:CosmicMonolith","floor":18,"turns":6},{"damage":0,"enemies":"Gensokyo:2_Gloops","floor":21,"turns":4},{"damage":7,"enemies":"Gensokyo:Mirror_and_Dog","floor":24,"turns":4},{"damage":10,"enemies":"Gensokyo:Chomper_and_Gloop","floor":30,"turns":5},{"damage":72,"enemies":"Gensokyo:Kaguya","floor":33,"turns":11}],"seed_played":"-5441293050037834390","potions_obtained":[{"floor":2.0,"key":"SpeedPotion"},{"floor":7.0,"key":"SteroidPotion"}],"is_trial":false,"path_per_floor":["M","M","COS","M","?","R","M","E","T","M","?","R","?","$","R","B",null,"M","?","?","M","$","R","M","R","T","COS","?","?","M","$","R","B"],"character_chosen":"DEFECT","items_purchased":["Apotheosis","Conserve Battery","Bag of Preparation","Genetic Algorithm"],"campfire_rested":1,"item_purchase_floors":[14,14,14,14],"current_hp_per_floor":[68,68,68,63,63,63,17,10,10,10,33,33,33,33,33,5,63,51,51,51,51,51,51,44,44,44,44,44,44,34,34,58,8,8],"gold":16,"neow_bonus":"THREE_ENEMY_KILL","is_daily":false,"chose_seed":false,"campfire_upgraded":5,"win_rate":0.0,"timestamp":1611987707,"path_taken":["M","M","COS","M","?","R","M","E","T","M","?","R","?","?","R","BOSS","M","?","?","?","$","R","M","R","T","COS","?","?","M","?","R","BOSS"],"items_purchased_type":["Card","Card","Relic","Card"],"build_version":"2020-12-22","purchased_purges":3,"victory":false,"max_hp_per_floor":[75,75,75,75,75,75,75,75,75,75,75,75,75,75,75,75,80,80,80,80,80,80,80,80,80,80,80,80,80,80,80,80,80,80],"card_choices":[{"not_picked":["Go for the Eyes","Beam Cell"],"picked":"Sweeping Beam","floor":1.0},{"not_picked":["Redo","Rebound"],"picked":"Turbo","floor":2.0},{"not_picked":["Doom and Gloom","Self Repair"],"picked":"Hyperbeam","floor":4.0},{"not_picked":["Echo Form","All For One"],"picked":"Reboot","floor":7.0},{"not_picked":["Compile Driver","Doom and Gloom"],"picked":"Redo","floor":7.0},{"not_picked":["Reboot","Redo"],"picked":"Leap","floor":8.0},{"not_picked":["Streamline","Chill","Beam Cell"],"picked":"SKIP","floor":10.0},{"not_picked":["Tempest","Steam Power","Sweeping Beam"],"picked":"SKIP","floor":18},{"not_picked":["Sunder","Chill"],"picked":"Coolheaded","floor":21},{"not_picked":["Sunder+1","Rebound","Turbo"],"picked":"SKIP","floor":24},{"not_picked":["Darkness+1","Rebound","Turbo"],"picked":"SKIP","floor":30}],"player_experience":1371663,"relics_obtained":[{"floor":8.0,"key":"Bottled Lightning"},{"floor":9.0,"key":"Pantograph"},{"floor":26,"key":"Oddly Smooth Stone"}],"event_choices":[],"is_beta":false,"boss_relics":[{"not_picked":["Sozu","Snecko Eye"],"picked":"Tiny House"}],"items_purged_floors":[14,22,31],"is_endless":false,"potions_floor_spawned":[2,7,16,18,21,24],"killed_by":"Gensokyo:Kaguya","ascension_level":13}}