{"host":"gfxjwtol062e9znw","time":1611988523,"event":{"mods":["BaseMod","Colored Map","Minty Spire (QoL Compilation)"],"gold_per_floor":[117,131,150,115,130,130,163,118,118,118,118,118,47,61,61,157,157,140,152,152,152],"floor_reached":20,"language":"ENG","playtime":696,"items_purged":[],"score":244,"play_id":"f3d49fd5-7faf-4e5a-a827-b2c3360a2dbd","local_time":"20210130173523","is_ascension_mode":true,"campfire_choices":[{"data":"Seeing Red","floor":6.0,"key":"SMITH"},{"floor":12.0,"key":"REST"},{"floor":15.0,"key":"REST"}],"circlet_count":0,"master_deck":["Strike_R+1","Strike_R","Strike_R","Strike_R+1","Strike_R","Defend_R","Defend_R","Defend_R","Bash","Sword Boomerang+1","Rage","Seeing Red+1","Limit Break+1","Shrug It Off","Fire Breathing+1","Demon Form+1","Shrug It Off","Shockwave"],"relics":["Black Blood","Toy Ornithopter","Whetstone","Frozen Egg 2"],"acts_visited":["Exordium","TheCity"],"potions_floor_usage":[20],"damage_taken":[{"damage":1.0,"enemies":"2 Louse","floor":1.0,"turns":3.0},{"damage":22.0,"enemies":"Small Slimes","floor":2.0,"turns":4.0},{"damage":1.0,"enemies":"Cultist","floor":3.0,"turns":3.0},{"damage":19.0,"enemies":"Lots of Slimes","floor":5.0,"turns":4.0},{"damage":30.0,"enemies":"Gremlin Nob","floor":7.0,"turns":4.0},{"damage":13.0,"enemies":"3 Louse","floor":14.0,"turns":4.0},{"damage":71.0,"enemies":"Hexaghost","floor":16.0,"turns":11.0},{"damage":34,"enemies":"2 Thieves","floor":18,"turns":4},{"damage":33,"enemies":"Chosen","floor":19,"turns":5},{"damage":37,"enemies":"3 Cultists","floor":20,"turns":4}],"seed_played":"6183783574868812925","potions_obtained":[{"floor":5.0,"key":"Explosive Potion"},{"floor":14.0,"key":"FearPotion"},{"floor":18,"key":"Strength Potion"}],"is_trial":false,"path_per_floor":["M","M","M","?","M","R","E","$","T","?","?","R","$","M","R","B",null,"M","M","M"],"character_chosen":"IRONCLAD","items_purchased":["Shrug It Off","Fire Breathing+1"],"campfire_rested":2,"item_purchase_floors":[8,13],"current_hp_per_floor":[77,61,66,80,67,67,43,43,43,27,27,51,51,44,68,13,63,41,20,0,0],"gold":152,"neow_bonus":"RANDOM_COMMON_RELIC","is_daily":false,"chose_seed":false,"campfire_upgraded":1,"win_rate":0.0,"timestamp":1611988523,"path_taken":["M","M","M","?","M","R","E","$","T","?","?","R","$","M","R","BOSS","M","?","M"],"items_purchased_type":["Card","Card"],"build_version":"2020-12-22","purchased_purges":0,"victory":false,"max_hp_per_floor":[80,80,80,80,80,80,80,80,80,80,80,80,80,80,80,80,80,80,80,80,80],"card_choices":[{"not_picked":["Twin Strike","Dual Wield"],"picked":"Sword Boomerang","floor":1.0},{"not_picked":["Twin Strike","Second Wind"],"picked":"Rage","floor":2.0},{"not_picked":["Blood for Blood","Havoc"],"picked":"Seeing Red","floor":3.0},{"not_picked":["Exhume","Rampage","Warcry"],"picked":"SKIP","floor":5.0},{"not_picked":["Flex","Dark Embrace"],"picked":"Limit Break","floor":7.0},{"not_picked":["Iron Wave","Infernal Blade","Dropkick"],"picked":"SKIP","floor":14.0},{"not_picked":["Berserk+1","Feed"],"picked":"Demon Form+1","floor":16.0},{"not_picked":["Headbutt+1","Disarm"],"picked":"Shrug It Off","floor":18},{"not_picked":["Armaments","Intimidate"],"picked":"Shockwave","floor":19}],"player_experience":48293,"relics_obtained":[{"floor":7.0,"key":"Whetstone"},{"floor":9.0,"key":"Frozen Egg 2"}],"event_choices":[{"damage_healed":20.0,"max_hp_gain":0.0,"max_hp_loss":0.0,"gold_gain":0.0,"event_name":"The Cleric","player_choice":"Healed","floor":4.0,"gold_loss":35.0,"damage_taken":0.0},{"damage_healed":0.0,"max_hp_gain":0.0,"max_hp_loss":0.0,"gold_gain":0.0,"event_name":"Shining Light","player_choice":"Entered Light","floor":10.0,"gold_loss":0.0,"damage_taken":16.0,"cards_upgraded":["Sword Boomerang","Limit Break"]},{"cards_removed":["Defend_R"],"damage_healed":0.0,"max_hp_gain":0.0,"max_hp_loss":0.0,"gold_gain":0.0,"event_name":"Purifier","player_choice":"Purged","floor":11.0,"gold_loss":0.0,"damage_taken":0.0}],"is_beta":false,"boss_relics":[{"not_picked":["Black Star","Runic Pyramid"],"picked":"Black Blood"}],"items_purged_floors":[],"is_endless":false,"potions_floor_spawned":[5,14,18],"killed_by":"3 Cultists","ascension_level":8}}