{"host":"m4qpn8a4h7jhbw2f","time":1611997344,"event":{"mods":["BaseMod","Colored Map","Colored Powertips","Minty Spire (QoL Compilation)","Rare Cards Sparkle","Relic Stats"],"gold_per_floor":[111,111,125,142,71,96,24,40,63,80,80,93,113,125,125,221,221,241,255,272,3,16,42,5,20,20,20,33,33,52,68,68,68,68],"floor_reached":33,"language":"ENG","playtime":2374,"items_purged":[],"score":355,"play_id":"f2421686-e3ba-4c4a-93e6-77ba6b6d884b","local_time":"20210130040224","is_ascension_mode":true,"campfire_choices":[{"data":"Dark Embrace","floor":15,"key":"SMITH"},{"floor":27,"key":"REST"},{"floor":32,"key":"REST"}],"circlet_count":0,"master_deck":["Strike_R","Strike_R","Strike_R","Strike_R","Strike_R","Defend_R","Feed","Flex","Dark Embrace+1","Flex","True Grit","Intimidate","Inflame","Cleave","Iron Wave","Shockwave","Perfected Strike","Rampage","Barricade","Bloodletting+1","Rampage+1","Bludgeon+1","Anger","Warcry","Flex","Feel No Pain","True Grit","Heavy Blade","Rupture+1","Warcry","Perfected Strike+1","Heavy Blade","Havoc+1"],"relics":["Burning Blood","Bird Faced Urn","Red Skull","Bag of Marbles","Astrolabe","Lee\u0027s Waffle","MawBank","Toxic Egg 2"],"acts_visited":["Exordium","TheCity"],"potions_floor_usage":[6,10,13,16,16,16,19,19,22,22,30,31,33],"damage_taken":[{"damage":1,"enemies":"2 Louse","floor":1,"turns":3},{"damage":7,"enemies":"Small Slimes","floor":3,"turns":4},{"damage":1,"enemies":"Cultist","floor":4,"turns":3},{"damage":37,"enemies":"Lagavulin","floor":6,"turns":9},{"damage":4,"enemies":"Exordium Wildlife","floor":8,"turns":4},{"damage":6,"enemies":"Large Slime","floor":10,"turns":6},{"damage":8,"enemies":"Blue Slaver","floor":12,"turns":3},{"damage":0,"enemies":"Red Slaver","floor":13,"turns":1},{"damage":8,"enemies":"Lots of Slimes","floor":14,"turns":2},{"damage":60,"enemies":"Slime Boss","floor":16,"turns":13},{"damage":33,"enemies":"Spheric Guardian","floor":18,"turns":4},{"damage":12,"enemies":"Chosen","floor":19,"turns":4},{"damage":23,"enemies":"Centurion and Healer","floor":20,"turns":5},{"damage":60,"enemies":"Snecko","floor":22,"turns":7},{"damage":38,"enemies":"Book of Stabbing","floor":23,"turns":5},{"damage":8,"enemies":"Chosen and Byrds","floor":25,"turns":4},{"damage":51,"enemies":"Centurion and Healer","floor":28,"turns":7},{"damage":18,"enemies":"3 Cultists","floor":30,"turns":4},{"damage":17,"enemies":"Snake Plant","floor":31,"turns":2},{"damage":81,"enemies":"Champ","floor":33,"turns":9}],"seed_played":"-3835063488777806821","potions_obtained":[{"floor":3,"key":"EntropicBrew"},{"floor":4,"key":"Fire Potion"},{"floor":8,"key":"ColorlessPotion"},{"floor":12,"key":"Fire Potion"},{"floor":13,"key":"ElixirPotion"},{"floor":18,"key":"EntropicBrew"},{"floor":19,"key":"Weak Potion"},{"floor":28,"key":"Regen Potion"},{"floor":30,"key":"FearPotion"}],"is_trial":false,"path_per_floor":["M","?","M","M","$","E","$","M","T","M","?","M","M","M","R","B",null,"M","M","M","$","M","E","$","M","T","R","M","?","M","M","R","B"],"character_chosen":"IRONCLAD","items_purchased":["Flex","True Grit","Inflame","Feel No Pain","True Grit","Lee\u0027s Waffle","Warcry"],"campfire_rested":2,"item_purchase_floors":[5,5,7,21,21,21,24],"current_hp_per_floor":[61,61,63,71,71,45,45,52,52,57,57,60,66,67,67,20,104,79,75,62,111,59,33,33,31,31,64,26,26,35,24,59,0,0],"gold":68,"neow_bonus":"ONE_RARE_RELIC","is_daily":false,"chose_seed":false,"campfire_upgraded":1,"win_rate":0.0,"timestamp":1611997344,"path_taken":["M","?","M","M","$","E","$","M","T","M","?","?","M","M","R","BOSS","M","M","M","$","M","E","$","M","T","R","M","?","M","M","R","BOSS"],"items_purchased_type":["Card","Card","Card","Card","Card","Relic","Card"],"build_version":"2020-12-22","purchased_purges":0,"victory":false,"max_hp_per_floor":[80,80,83,86,86,89,89,92,92,95,95,98,98,101,101,104,104,104,104,104,111,111,111,111,111,111,111,114,114,117,117,117,117,117],"relic_stats":{"Lee\u0027s Waffle":49,"counters":[20,99],"Bird Faced Urn":[46],"Astrolabe":["Bloodletting","Rampage","Bludgeon"],"MawBank":12,"obtain_stats":[{"Lee\u0027s Waffle":21,"Bird Faced Urn":0,"Astrolabe":17,"Bag of Marbles":9,"Toxic Egg 2":26,"MawBank":23,"Burning Blood":0,"Red Skull":6},{"Lee\u0027s Waffle":13,"Bird Faced Urn":0,"Astrolabe":10,"Bag of Marbles":5,"Toxic Egg 2":16,"MawBank":15,"Burning Blood":0,"Red Skull":4},{"Lee\u0027s Waffle":61,"Bird Faced Urn":0,"Astrolabe":48,"Bag of Marbles":23,"Toxic Egg 2":77,"MawBank":73,"Burning Blood":0,"Red Skull":19}],"Burning Blood":114},"card_choices":[{"not_picked":["Thunderclap","Evolve"],"picked":"Twin Strike","floor":1},{"not_picked":["Disarm","Sword Boomerang"],"picked":"Flex","floor":3},{"not_picked":["Whirlwind","Warcry"],"picked":"Dark Embrace","floor":4},{"not_picked":["Searing Blow","Uppercut"],"picked":"Intimidate","floor":6},{"not_picked":["Clash","Hemokinesis"],"picked":"Cleave","floor":8},{"not_picked":["Fire Breathing","Wild Strike"],"picked":"Iron Wave","floor":10},{"not_picked":["Warcry","Feed"],"picked":"Shockwave","floor":12},{"not_picked":["Body Slam","Havoc"],"picked":"Perfected Strike","floor":13},{"not_picked":["Clothesline","Headbutt"],"picked":"Rampage","floor":14},{"not_picked":["Feed","Brutality"],"picked":"Barricade","floor":16},{"not_picked":["Searing Blow+1","Sever Soul"],"picked":"Anger","floor":18},{"not_picked":["Armaments","Uppercut"],"picked":"Warcry","floor":19},{"not_picked":["Headbutt","Body Slam"],"picked":"Flex","floor":20},{"not_picked":["Iron Wave","Hemokinesis"],"picked":"Heavy Blade","floor":22},{"not_picked":["Bludgeon","Flame Barrier"],"picked":"Rupture+1","floor":23},{"not_picked":["True Grit","Clothesline"],"picked":"Perfected Strike+1","floor":25},{"not_picked":["Body Slam","Rampage"],"picked":"Heavy Blade","floor":28},{"not_picked":["Perfected Strike","Headbutt"],"picked":"Havoc+1","floor":30},{"not_picked":["Feel No Pain","Iron Wave","Searing Blow+1"],"picked":"SKIP","floor":31}],"player_experience":161271,"relics_obtained":[{"floor":6,"key":"Red Skull"},{"floor":9,"key":"Bag of Marbles"},{"floor":23,"key":"MawBank"},{"floor":26,"key":"Toxic Egg 2"}],"event_choices":[{"damage_healed":0,"gold_gain":0,"cards_transformed":["Twin Strike"],"player_choice":"Change","damage_taken":0,"max_hp_gain":0,"max_hp_loss":0,"event_name":"Living Wall","floor":2,"gold_loss":0,"cards_obtained":["Feed"]},{"cards_removed":["Bash"],"damage_healed":0,"gold_gain":0,"player_choice":"Offered Basic","damage_taken":0,"max_hp_gain":0,"max_hp_loss":0,"event_name":"Bonfire Elementals","floor":11,"gold_loss":0},{"damage_healed":0,"gold_gain":0,"player_choice":"Ignored","damage_taken":0,"max_hp_gain":0,"max_hp_loss":0,"event_name":"Vampires","floor":29,"gold_loss":0}],"is_beta":false,"boss_relics":[{"not_picked":["Philosopher\u0027s Stone","Velvet Choker"],"picked":"Astrolabe"}],"items_purged_floors":[],"is_endless":false,"potions_floor_spawned":[3,4,8,12,13,18,19,28,30],"killed_by":"Champ","ascension_level":2}}