{"host":"idf7jkg8jogr8thm","time":1611983060,"event":{"mods":["AchievementEnabler","BaseMod","Bestiary","Colored Map","Colored Powertips","Minty Spire (QoL Compilation)","StSLib"],"gold_per_floor":[119,134,146,160,179,179,191,100,146,146,176,194,194,194,194,295,295,313,313,325,342,26,26,26,45,95,95,95],"floor_reached":27,"language":"ENG","playtime":2006,"items_purged":[],"score":228,"play_id":"4f566a42-d04c-489b-a125-d8d6bc877600","local_time":"20210130000420","is_ascension_mode":true,"campfire_choices":[{"floor":6,"key":"RECALL"},{"floor":10,"key":"REST"},{"floor":13,"key":"REST"},{"floor":15,"key":"REST"},{"floor":23,"key":"REST"}],"circlet_count":0,"master_deck":["Strike_G+1","Strike_G+1","Strike_G+1","Strike_G+1","Strike_G+1","Defend_G+1","Defend_G+1","Defend_G+1","Defend_G+1","Defend_G+1","Survivor","Neutralize","Slice","Bane","Backflip","Dagger Spray","Slice","Distraction","Bouncing Flask+1","Dagger Spray","Outmaneuver","Outmaneuver","Envenom","Catalyst","Bouncing Flask","Dagger Throw+1","Bouncing Flask","Corpse Explosion","Backstab","Dagger Spray","Deflect"],"relics":["Ring of the Snake","Strawberry","Juzu Bracelet","WristBlade","Oddly Smooth Stone"],"acts_visited":["Exordium","TheCity"],"potions_floor_usage":[16,27,27],"damage_taken":[{"damage":0,"enemies":"Cultist","floor":1,"turns":4},{"damage":9,"enemies":"Jaw Worm","floor":2,"turns":4},{"damage":0,"enemies":"Small Slimes","floor":3,"turns":3},{"damage":0,"enemies":"2 Fungi Beasts","floor":4,"turns":5},{"damage":2,"enemies":"Looter","floor":5,"turns":4},{"damage":6,"enemies":"Lots of Slimes","floor":7,"turns":4},{"damage":51,"enemies":"Lagavulin","floor":11,"turns":7},{"damage":9,"enemies":"2 Fungi Beasts","floor":12,"turns":4},{"damage":59,"enemies":"Slime Boss","floor":16,"turns":13},{"damage":13,"enemies":"Spheric Guardian","floor":18,"turns":4},{"damage":30,"enemies":"2 Thieves","floor":20,"turns":4},{"damage":31,"enemies":"3 Cultists","floor":21,"turns":5},{"damage":30,"enemies":"Sentry and Sphere","floor":25,"turns":4},{"damage":27,"enemies":"Slavers","floor":27,"turns":3}],"seed_played":"-8944351512157377420","potions_obtained":[{"floor":1,"key":"Dexterity Potion"},{"floor":3,"key":"Ancient Potion"},{"floor":4,"key":"FairyPotion"},{"floor":11,"key":"Fire Potion"},{"floor":16,"key":"Strength Potion"},{"floor":21,"key":"PowerPotion"}],"is_trial":false,"path_per_floor":["M","M","M","M","M","R","M","$","T","R","E","M","R","?","R","B",null,"M","?","M","M","$","R","?","M","T","E"],"character_chosen":"THE_SILENT","items_purchased":["Bouncing Flask","Dagger Spray","Bouncing Flask","Corpse Explosion","Backstab","Dagger Spray"],"campfire_rested":4,"item_purchase_floors":[8,8,22,22,22,22],"current_hp_per_floor":[77,68,68,68,66,66,60,60,60,77,26,17,40,40,63,4,77,64,64,34,3,3,26,26,23,23,0,0],"gold":95,"neow_bonus":"RANDOM_COMMON_RELIC","is_daily":false,"chose_seed":false,"campfire_upgraded":0,"win_rate":0.0,"timestamp":1611983060,"path_taken":["M","M","M","M","M","R","M","?","T","R","E","M","R","?","R","BOSS","M","?","M","M","$","R","?","M","T","E"],"items_purchased_type":["Card","Card","Card","Card","Card","Card"],"build_version":"2020-12-22","purchased_purges":0,"victory":false,"max_hp_per_floor":[77,77,77,77,77,77,77,77,77,77,77,77,77,77,77,77,77,77,77,77,77,77,77,77,77,77,77,77],"card_choices":[{"not_picked":["Well Laid Plans","PiercingWail"],"picked":"Slice","floor":1},{"not_picked":["PiercingWail","Sucker Punch"],"picked":"Bane","floor":2},{"not_picked":["Tactician","Malaise"],"picked":"Backflip","floor":3},{"not_picked":["Calculated Gamble","Slice"],"picked":"Dagger Spray","floor":4},{"not_picked":["Sucker Punch","Skewer"],"picked":"Slice","floor":5},{"not_picked":["Underhanded Strike","Backflip"],"picked":"Distraction","floor":7},{"not_picked":["Eviscerate","Sucker Punch"],"picked":"Outmaneuver","floor":11},{"not_picked":["Masterful Stab","Predator"],"picked":"Outmaneuver","floor":12},{"not_picked":["Night Terror","Tools of the Trade"],"picked":"Envenom","floor":16},{"not_picked":["Dash","Dodge and Roll"],"picked":"Catalyst","floor":18},{"not_picked":["Accuracy","Dodge and Roll"],"picked":"Dagger Throw+1","floor":20},{"not_picked":["Catalyst","Dagger Throw","Sucker Punch+1"],"picked":"SKIP","floor":21},{"not_picked":["Flechettes","Sucker Punch"],"picked":"Deflect","floor":25}],"player_experience":79253,"relics_obtained":[{"floor":11,"key":"Juzu Bracelet"},{"floor":26,"key":"Oddly Smooth Stone"}],"event_choices":[{"damage_healed":0,"gold_gain":0,"player_choice":"Upgraded","damage_taken":0,"max_hp_gain":0,"max_hp_loss":0,"event_name":"Upgrade Shrine","floor":14,"gold_loss":0,"cards_upgraded":["Bouncing Flask"]},{"damage_healed":0,"gold_gain":0,"player_choice":"Read","damage_taken":0,"max_hp_gain":0,"max_hp_loss":0,"event_name":"The Library","floor":19,"gold_loss":0,"cards_obtained":["Bouncing Flask"]},{"damage_healed":0,"gold_gain":0,"player_choice":"Simplicity","damage_taken":0,"max_hp_gain":0,"max_hp_loss":0,"event_name":"Back to Basics","floor":24,"gold_loss":0,"cards_upgraded":["Strike_G","Strike_G","Strike_G","Strike_G","Strike_G","Defend_G","Defend_G","Defend_G","Defend_G","Defend_G"]}],"is_beta":false,"boss_relics":[{"not_picked":["Snecko Eye","Ectoplasm"],"picked":"WristBlade"}],"items_purged_floors":[],"is_endless":false,"potions_floor_spawned":[1,3,4,11,16,21],"killed_by":"Slavers","ascension_level":1}}