{"host":"b5jaqh8y266k2cz4","time":1611988394,"event":{"mods":["AchievementEnabler","Aspiration","BaseMod","Colored Powertips","Conspire","Downfall","Googly Eyes","Hermit","Highlight Path","Hubris","Infinite Spire","MarisaÅiñ∂âJÅ@ñÇóùçπÅj","Mimic Mod","Minty Spire (QoL Compilation)","Replay The Spire","SOSÅiézîb?îVéqÅj","Spikes Relics","StSLib","Synergy Search","The Animator","The Cursed","The Jungle","The Necromancer","The Servant 0.9.4","The Wild Card","slay the spire mod where everything is the same but ironclad has a cowboy hat","Åyå˜î\ModÅz?ñæìIç≈?Boss"],"gold_per_floor":[119,131,131,142,158,90,107,138,165,165,182,29,29,59,59,159,159,176,176,380,380,399,428,438,438,438,438,438,458,475,86,86,182,182,197,197,212,228,280,280,295,295,364,377,377,392,422,456,491,491],"floor_reached":51,"language":"ENG","playtime":4011,"items_purged":["theWildCard:Unburden","Pain"],"score":824,"play_id":"34ffaf68-0c3d-406a-a631-71f214162cfc","local_time":"20210130013314","is_ascension_mode":false,"campfire_choices":[{"data":"theWildCard:PowerOfTheArcana","floor":10,"key":"SMITH"},{"floor":13,"key":"REST"},{"floor":15,"key":"DIG"},{"data":"theWildCard:MagicMettle","floor":25,"key":"SMITH"},{"data":"theWildCard:Providence","floor":27,"key":"SMITH"},{"data":"theWildCard:Abstinence","floor":32,"key":"SMITH"},{"data":"theWildCard:Salvation","floor":32,"key":"SMITH"},{"floor":40,"key":"REST"},{"floor":42,"key":"REST"}],"circlet_count":0,"master_deck":["theWildCard:BasicStrike","theWildCard:BasicStrike","theWildCard:BasicStrike","theWildCard:BasicStrike","theWildCard:BasicDefend","theWildCard:BasicDefend","theWildCard:BasicDefend","theWildCard:BasicDefend","theWildCard:CallToAdventure","theWildCard:Arsene+1","theWildCard:ArcaneArts","theWildCard:Salvation+1","theWildCard:Abstinence+1","theWildCard:PowerOfTheArcana+1","theWildCard:ChangingDestiny","theWildCard:PowerOfTheArcana","theWildCard:ArcanaArtistry","theWildCard:Providence+1","theWildCard:Abstinence+1","theWildCard:PowerOfTheArcana+1","theWildCard:MagicMettle+1","theWildCard:ArcanaArtistry+1","theWildCard:Patience+1","theWildCard:ArcaneArts","theWildCard:StingingStrike","theWildCard:SeveringSlash+1","theWildCard:SeveringSlash+1","theWildCard:Patience+1","theWildCard:ShieldOfMany","theWildCard:MagicMettle","theWildCard:Attunement+1","theWildCard:Patience+1"],"relics":["theWildCard:VelvetContract","hubris:Zylophone","Replay:Baseball","Replay:Wax Seal","infinitespire:PuzzleCube","Smiling Mask","hubris:RunicObelisk","Kunai","Counterbalance","Replay:Arrowhead","WarpedTongs","CatCart","Meat on the Bone","infinitespire:Broken Mirror","Replay:Bronze Core","Replay:Towering Pillar of Hats","Replay:Bottled Flurry","infinitespire:EmpoweringShard"],"acts_visited":["Exordium","TheCity","TheBeyond"],"potions_floor_usage":[38,39],"damage_taken":[{"damage":3,"enemies":"2 Louse","floor":1,"turns":2},{"damage":4,"enemies":"infinitespire:Voidling","floor":2,"turns":4},{"damage":2,"enemies":"Small Slimes","floor":4,"turns":2},{"damage":1,"enemies":"Looter","floor":5,"turns":3},{"damage":0,"enemies":"Exordium Wildlife","floor":7,"turns":3},{"damage":3,"enemies":"Gremlin Nob","floor":8,"turns":5},{"damage":2,"enemies":"conspire:2 RoseBushes","floor":11,"turns":5},{"damage":6,"enemies":"Slime Boss","floor":16,"turns":10},{"damage":0,"enemies":"Chosen","floor":18,"turns":5},{"damage":0,"enemies":"Spheric Guardian","floor":22,"turns":4},{"damage":0,"enemies":"conspire:Head Lice","floor":23,"turns":11},{"damage":0,"enemies":"Cultist and Chosen","floor":24,"turns":6},{"damage":0,"enemies":"conspire:HollyBat","floor":29,"turns":6},{"damage":0,"enemies":"3 Cultists","floor":30,"turns":5},{"damage":0,"enemies":"Collector","floor":33,"turns":11},{"damage":0,"enemies":"3 Darklings","floor":35,"turns":6},{"damage":12,"enemies":"3 Shapes","floor":37,"turns":4},{"damage":36,"enemies":"Jaw Worm Horde","floor":38,"turns":5},{"damage":12,"enemies":"Orin","floor":39,"turns":10},{"damage":21,"enemies":"3 Darklings","floor":41,"turns":5},{"damage":9,"enemies":"Sphere and 2 Shapes","floor":44,"turns":6},{"damage":16,"enemies":"Jaw Worm Horde","floor":46,"turns":4},{"damage":0,"enemies":"3 Darklings","floor":47,"turns":14},{"damage":0,"enemies":"Reptomancer","floor":48,"turns":7},{"damage":0,"enemies":"conspire:MimicChest","floor":49,"turns":5},{"damage":0,"enemies":"infinitespire:MassOfShapes","floor":50,"turns":13}],"seed_played":"-4955322210425078398","potions_obtained":[{"floor":7,"key":"Ancient Potion"},{"floor":8,"key":"Explosive Potion"},{"floor":16,"key":"hexamod:SoulburnPotion"},{"floor":22,"key":"Reflective Coating"},{"floor":33,"key":"SpeedPotion"},{"floor":41,"key":"Ancient Potion"},{"floor":44,"key":"Doom Potion"},{"floor":49,"key":"champ:CounterPotion"}],"is_trial":false,"path_per_floor":["M","M","?","M","M","$","M","E","T","R","M","$","R","?","R","B",null,"M","?","?","?","M","E","M","R","T","R","?","M","M","$","R","B",null,"M","?","M","M","?","R","M","R","T","M","AVR","M","MIM","E","R","B",null],"character_chosen":"THE_WILD_CARD","items_purchased":["theWildCard:PowerOfTheArcana","theWildCard:Providence","Replay:Wax Seal","Replay:Arrowhead","theWildCard:ArcaneArts"],"campfire_rested":3,"item_purchase_floors":[6,12,12,31,31],"current_hp_per_floor":[57,53,53,51,50,50,50,47,47,47,45,45,60,60,60,57,60,60,60,36,36,36,41,43,43,43,43,43,43,47,47,47,57,60,60,60,50,18,16,34,15,33,33,40,40,38,40,46,48,58],"gold":491,"neow_bonus":"RANDOM_EVENT","is_daily":false,"chose_seed":false,"campfire_upgraded":5,"win_rate":0.0,"timestamp":1611988394,"path_taken":["M","M","?","?","M","$","M","E","T","R","M","$","R","?","R","BOSS","M","?","?","?","?","E","M","R","T","R","?","M","M","$","R","BOSS","M","?","?","M","?","R","M","R","T","M","AVR","M","?","E","R","BOSS"],"items_purchased_type":["Card","Card","Relic","Relic","Card"],"build_version":"2020-12-22","purchased_purges":2,"victory":true,"max_hp_per_floor":[60,60,60,60,60,60,60,60,60,60,60,60,60,60,60,60,60,60,60,60,60,60,60,60,60,60,60,60,60,60,60,60,60,60,60,60,60,60,60,60,60,60,60,60,60,60,60,60,60,60],"card_choices":[{"not_picked":["theWildCard:SeveringSlash","theWildCard:EnergizedStroke"],"picked":"theWildCard:ArcaneArts","floor":1},{"not_picked":["theWildCard:UnderLockAndKey","theWildCard:TheArcanaUnleashed"],"picked":"theWildCard:Unburden","floor":2},{"not_picked":["theWildCard:Unburden","theWildCard:ArcaneArts"],"picked":"theWildCard:Salvation","floor":4},{"not_picked":["theWildCard:Patience","theWildCard:MaskChange"],"picked":"theWildCard:Abstinence","floor":5},{"not_picked":["theWildCard:ShieldOfMany","theWildCard:SeveringSlash"],"picked":"theWildCard:ChangingDestiny","floor":7},{"not_picked":["theWildCard:ArcanaArtistry","theWildCard:SeveringSlash"],"picked":"theWildCard:PowerOfTheArcana","floor":8},{"not_picked":["theWildCard:EnergizedStroke","theWildCard:Proficiency"],"picked":"theWildCard:ArcanaArtistry","floor":11},{"not_picked":["theWildCard:StingingStrike","theWildCard:BladeOfGenerations"],"picked":"theWildCard:Abstinence","floor":18},{"not_picked":["theWildCard:ArcanaArtistry","theWildCard:SacrificialStroke+1"],"picked":"theWildCard:PowerOfTheArcana+1","floor":20},{"not_picked":["theWildCard:Safeguard","theWildCard:ArcanaArtistry"],"picked":"theWildCard:MagicMettle","floor":22},{"not_picked":["theWildCard:StingingStrike","theWildCard:ArcaneArts"],"picked":"theWildCard:ArcanaArtistry+1","floor":23},{"not_picked":["theWildCard:LadyLuck+1","theWildCard:Loki"],"picked":"theWildCard:Patience+1","floor":24},{"not_picked":["theWildCard:Sakuya","theWildCard:ManOfManyFaces+1","theWildCard:Polydeuces"],"picked":"SKIP","floor":29},{"not_picked":["theWildCard:Scathach+1","theWildCard:ArcanaArtistry","theWildCard:Proficiency"],"picked":"SKIP","floor":30},{"not_picked":["theWildCard:MagicMettle","theWildCard:MaskChange+1"],"picked":"theWildCard:StingingStrike","floor":35},{"not_picked":["theWildCard:MaskChange","theWildCard:Polydeuces"],"picked":"theWildCard:SeveringSlash+1","floor":37},{"not_picked":["theWildCard:Sakuya","theWildCard:ManOfManyFaces","theWildCard:PaleRider+1"],"picked":"SKIP","floor":38},{"not_picked":["theWildCard:Michael+1","theWildCard:Desolation"],"picked":"theWildCard:SeveringSlash+1","floor":39},{"not_picked":["theWildCard:Odin+1","theWildCard:ArcaneArts"],"picked":"theWildCard:Patience+1","floor":41},{"not_picked":["theWildCard:MasterPlan+1","theWildCard:Sakuya","theWildCard:StalwartBlade"],"picked":"SKIP","floor":44},{"not_picked":["theWildCard:MaskChange","theWildCard:Polydeuces"],"picked":"theWildCard:ShieldOfMany","floor":46},{"not_picked":["theWildCard:StalwartBlade+1","theWildCard:Unburden"],"picked":"theWildCard:MagicMettle","floor":47},{"not_picked":["theWildCard:TheUniverse","theWildCard:Metatron"],"picked":"theWildCard:Attunement+1","floor":48},{"not_picked":["theWildCard:SeveringSlash","theWildCard:Polydeuces+1"],"picked":"theWildCard:Patience+1","floor":49}],"player_experience":320158,"relics_obtained":[{"floor":8,"key":"hubris:Zylophone"},{"floor":9,"key":"Replay:Baseball"},{"floor":15,"key":"Smiling Mask"},{"floor":23,"key":"Kunai"},{"floor":26,"key":"Counterbalance"},{"floor":39,"key":"CatCart"},{"floor":43,"key":"Meat on the Bone"},{"floor":47,"key":"Replay:Towering Pillar of Hats"},{"floor":48,"key":"Replay:Bottled Flurry"},{"floor":49,"key":"infinitespire:EmpoweringShard"}],"event_choices":[{"damage_healed":0,"gold_gain":0,"player_choice":"Grow","damage_taken":0,"max_hp_gain":0,"max_hp_loss":0,"event_name":"Living Wall","floor":0,"gold_loss":0,"cards_upgraded":["theWildCard:Arsene"]},{"damage_healed":0,"gold_gain":0,"player_choice":"Bought 0 Potions","damage_taken":0,"max_hp_gain":0,"max_hp_loss":0,"event_name":"The Woman in Blue","floor":3,"gold_loss":0},{"damage_healed":0,"gold_gain":30,"player_choice":"Searched \u00273\u0027 times","damage_taken":0,"relics_obtained":["infinitespire:PuzzleCube"],"max_hp_gain":0,"max_hp_loss":0,"event_name":"Dead Adventurer","floor":14,"gold_loss":0},{"damage_healed":0,"gold_gain":0,"player_choice":"Ignored","damage_taken":0,"max_hp_gain":0,"max_hp_loss":0,"event_name":"Ghosts","floor":28,"gold_loss":0},{"damage_healed":0,"gold_gain":0,"player_choice":"Rummage","damage_taken":0,"relics_obtained":["WarpedTongs"],"max_hp_gain":0,"max_hp_loss":0,"event_name":"Accursed Blacksmith","floor":36,"gold_loss":0,"cards_obtained":["Pain"]},{"damage_healed":0,"gold_gain":0,"player_choice":"Fight","damage_taken":0,"max_hp_gain":0,"max_hp_loss":0,"event_name":"OrinTheCat","floor":39,"gold_loss":0}],"is_beta":false,"boss_relics":[{"not_picked":["Tiny House","Replay:Drink Me"],"picked":"hubris:RunicObelisk"},{"not_picked":["Velvet Choker","aspiration:IroncladSkillbook","Replay:Wanted Poster"]}],"items_purged_floors":[31,45],"is_endless":false,"potions_floor_spawned":[7,8,16,22,33,41,44,46,49],"ascension_level":0}}