{"host":"xurz8oye0j2lsa2k","time":1611988289,"event":{"mods":["AchievementEnabler","Aspiration","BaseMod","Bestiary","BetterRewards","Colored Map","Downfall","Hubris","Minty Spire (QoL Compilation)","Permanent Neow","Replay The Spire","Spicy Shops","StSLib","The Servant 0.9.4","UnlockEverythingMod"],"gold_per_floor":[114,114,132,149,149,180,180,193,219,219,219,219,59,96,96,196,196,214,214,226,244,13,13,24,56,56,56,68,95,108,119,119,218,218,230,242,297,44,44,58,82,82,98,133,133,133,133,133,133,51,80,80,80],"floor_reached":55,"language":"ENG","playtime":3596,"items_purged":["hubris:Lust","Shame","Regret"],"score":1410,"play_id":"8c6e8bc3-018b-4508-8fbe-7625cff821b8","local_time":"20210130013129","is_ascension_mode":false,"campfire_choices":[{"floor":7,"key":"REST"},{"floor":15,"key":"RECALL"},{"data":"BestPractice","floor":23,"key":"SMITH"},{"data":"ReturningBlade","floor":27,"key":"SMITH"},{"floor":32,"key":"REST"},{"floor":40,"key":"REST"},{"floor":44,"key":"REST"},{"floor":49,"key":"REST"},{"data":"ReturningBlade+1","floor":52,"key":"SMITH"}],"circlet_count":0,"master_deck":["Strike_S+1","Defend_S+1","Defend_S","Defend_S+1","KidneyShot+1","Exchange+1","Snipe+1","SilverBlades","Master of Strategy+1","ShatteredReality","BestPractice+1","TimeWarp","FastForward+1","Read+1","TheWorld+1","Ricochet","InstantArmor+1","Moonlight","hubris:Despair","Unruled","Potential","ReturningBlade+2","Mind Blast+1","Rearm+1","SurpressingFire+1","Dilation+1","Barrier+1","Collapse+1","Rewind+1","Luminosity","TimeWarp","Mind Blast","Mind Blast","DualDimension+1","Spin","Unruled"],"relics":["Uniform","Toxic Egg 2","Incense Burner","Strawberry","Ginger","Anchor","Mirror","Garlic","Replay:Ancient Bell","Blue Doll","Onion Ring","hubris:CuriousFeather","Membership Card","Bronze Scales","StoneCalendar","Gremlin Food","Sozu","hubris:Teleporter","Pear","ClockworkSouvenir","War Paint","ReplayTheSpireMod:CursedCoin","Oddly Smooth Stone","aspiration:ChemicalBlood"],"acts_visited":["Exordium","TheCity","TheBeyond","TheEnding"],"potions_floor_usage":[8,16,25,33,33,33],"damage_taken":[{"damage":1,"enemies":"Jaw Worm","floor":1,"turns":3},{"damage":0,"enemies":"Cultist","floor":3,"turns":2},{"damage":1,"enemies":"Small Slimes","floor":4,"turns":3},{"damage":15,"enemies":"Replay:BlueRogue","floor":6,"turns":6},{"damage":0,"enemies":"Gremlin Gang","floor":8,"turns":3},{"damage":0,"enemies":"Hexaghost","floor":16,"turns":9},{"damage":0,"enemies":"Spheric Guardian","floor":18,"turns":1},{"damage":0,"enemies":"Shell Parasite","floor":20,"turns":2},{"damage":0,"enemies":"Shelled Parasite and Fungi","floor":21,"turns":1},{"damage":0,"enemies":"Snake Plant","floor":24,"turns":3},{"damage":2,"enemies":"Gremlin Leader","floor":25,"turns":3},{"damage":0,"enemies":"Centurion and Healer","floor":28,"turns":3},{"damage":0,"enemies":"Book of Stabbing","floor":29,"turns":4},{"damage":6,"enemies":"Cultist and Chosen","floor":30,"turns":5},{"damage":0,"enemies":"3 Cultists","floor":31,"turns":3},{"damage":0,"enemies":"Pondfish","floor":33,"turns":9},{"damage":0,"enemies":"Orb Walker","floor":35,"turns":2},{"damage":25,"enemies":"3 Darklings","floor":36,"turns":4},{"damage":45,"enemies":"2 Orb Walkers","floor":37,"turns":4},{"damage":0,"enemies":"Writhing Mass","floor":42,"turns":5},{"damage":0,"enemies":"4 Shapes","floor":45,"turns":3},{"damage":13,"enemies":"R_Hoarder","floor":46,"turns":6},{"damage":53,"enemies":"Time Eater","floor":50,"turns":11},{"damage":47,"enemies":"Shield and Spear","floor":54,"turns":7},{"damage":52,"enemies":"The Heart","floor":55,"turns":8}],"seed_played":"2737698135082530352","potions_obtained":[{"floor":6,"key":"Explosive Potion"},{"floor":14,"key":"Ancient Potion"},{"floor":14,"key":"Death Potion"},{"floor":14,"key":"Adrenaline Potion"},{"floor":16,"key":"Swift Potion"},{"floor":18,"key":"Elixir"},{"floor":20,"key":"ColorlessPotion"},{"floor":25,"key":"Strength Potion"},{"floor":30,"key":"LifebloodPotion"},{"floor":31,"key":"Fire Potion"}],"is_trial":false,"path_per_floor":["M","?","M","M","?","E","R","M","T","?","?","T","$","?","R_BF","B",null,"M","?","M","M","$","R","M","E","T","R","M","E","M","M","R","B",null,"M","M","?","$","R","M","T","R","M","E","?","R","B",null,"R","$","E","B"],"character_chosen":"THE_SERVANT","items_purchased":["Snipe","Toxic Egg 2","SilverBlades","ShatteredReality","Ricochet","InstantArmor+1","Membership Card","Mind Blast+1","Pear","ClockworkSouvenir","ReplayTheSpireMod:CursedCoin","Mind Blast","DualDimension+1","Spin","Oddly Smooth Stone"],"campfire_rested":5,"item_purchase_floors":[0,0,0,0,13,13,22,22,38,38,53,53,53,53,53],"current_hp_per_floor":[40,47,47,46,46,31,52,52,52,34,58,58,58,58,58,58,72,72,72,72,72,72,72,72,70,70,70,70,70,64,64,72,72,72,72,47,2,12,36,36,36,60,60,47,47,71,18,82,82,82,35,0,0],"gold":80,"neow_bonus":"","is_daily":false,"chose_seed":false,"campfire_upgraded":3,"win_rate":0.0,"timestamp":1611988289,"path_taken":["M","?","M","?","?","E","R","?","T","?","?","?","$","?","R_BF","BOSS","M","?","M","M","$","R","M","E","T","R","M","E","M","M","R","BOSS","M","M","?","$","R","M","T","R","M","E","?","R","BOSS","R","$","E","BOSS"],"items_purchased_type":["Card","Relic","Card","Card","Card","Card","Relic","Card","Relic","Relic","Relic","Card","Card","Card","Relic"],"build_version":"2020-12-22","purchased_purges":3,"victory":false,"max_hp_per_floor":[72,72,72,72,72,72,72,72,72,72,72,72,72,72,72,72,72,72,72,72,72,72,72,72,72,72,72,72,72,72,72,72,72,72,72,72,72,82,82,82,82,82,82,82,82,82,82,82,82,82,82,82,82],"card_choices":[{"not_picked":["Rewind+1","Spin"],"picked":"BestPractice","floor":1},{"not_picked":["BottledTime+1","Rearm+1"],"picked":"TimeWarp","floor":3},{"not_picked":["Starlight","Unruled"],"picked":"FastForward+1","floor":4},{"not_picked":["Spin","Alleviate+1"],"picked":"Read+1","floor":6},{"not_picked":["Collapse","TimeWarp"],"picked":"TheWorld+1","floor":8},{"not_picked":["Unruled","Hightail+1"],"picked":"Moonlight","floor":14},{"not_picked":["Replay:Hysterical Blindness","Regret"],"picked":"Shame","floor":17},{"not_picked":["Normality","Voices"],"picked":"hubris:Lust","floor":17},{"not_picked":["hubris:Gluttony","downfall:Haunted"],"picked":"hubris:Despair","floor":17},{"not_picked":["Ricochet","Rewind+1","Sabotage+1"],"picked":"SKIP","floor":18},{"not_picked":["Spin","Ricochet","MoonPhase+1"],"picked":"SKIP","floor":20},{"not_picked":["BottledTime+1","SoulSculpture"],"picked":"ReturningBlade","floor":21},{"not_picked":["Comet","Starlight","Rearm+1"],"picked":"SKIP","floor":24},{"not_picked":["Comet","Starlight"],"picked":"Rearm+1","floor":24},{"not_picked":["Spin+1","BottledTime+1"],"picked":"SurpressingFire+1","floor":25},{"not_picked":["BottledTime+1","Hightail+1","Defy+1"],"picked":"SKIP","floor":28},{"not_picked":["Rearm+1","TheWorld+1","Starlight+1"],"picked":"SKIP","floor":29},{"not_picked":["Gouge+1","Unruled","Rearm+1"],"picked":"SKIP","floor":30},{"not_picked":["Potential","Read+1","Moonlight"],"picked":"SKIP","floor":31},{"not_picked":["Sunlight","TheWorld+1"],"picked":"Dilation+1","floor":33},{"not_picked":["Alleviate+1","TimeWarp+1"],"picked":"Barrier+1","floor":35},{"not_picked":["Revamp+1","FastForward+1"],"picked":"Collapse+1","floor":36},{"not_picked":["Collapse","Defy+1"],"picked":"Rewind+1","floor":37},{"not_picked":["Rewind+1","ReturningBlade","ShatteredReality"],"picked":"SKIP","floor":42},{"not_picked":["WasteNot","Rearm+1"],"picked":"Luminosity","floor":45},{"not_picked":["Initiator","Snipe+1","Rearm+1"],"picked":"SKIP","floor":46},{"not_picked":["Rearm+1","TimeWarp+1"],"picked":"Unruled","floor":54}],"player_experience":545799,"relics_obtained":[{"floor":6,"key":"Ginger"},{"floor":9,"key":"Anchor"},{"floor":12,"key":"Garlic"},{"floor":25,"key":"Bronze Scales"},{"floor":26,"key":"StoneCalendar"},{"floor":29,"key":"Gremlin Food"},{"floor":37,"key":"hubris:Teleporter"},{"floor":46,"key":"War Paint"},{"floor":54,"key":"aspiration:ChemicalBlood"}],"event_choices":[{"cards_removed":["Strike_S"],"damage_healed":0,"gold_gain":0,"player_choice":"Card Removal","damage_taken":0,"max_hp_gain":0,"max_hp_loss":0,"event_name":"Wheel of Change","floor":5,"gold_loss":0},{"damage_healed":0,"gold_gain":0,"player_choice":"Success","damage_taken":18,"relics_obtained":["Mirror"],"max_hp_gain":0,"max_hp_loss":0,"event_name":"Scrap Ooze","floor":10,"gold_loss":0},{"damage_healed":24,"gold_gain":0,"player_choice":"Banana","damage_taken":0,"max_hp_gain":0,"max_hp_loss":0,"event_name":"Big Fish","floor":11,"gold_loss":0},{"damage_healed":0,"gold_gain":0,"cards_transformed":["Defend_S","Strike_S"],"player_choice":"Became Test Subject","damage_taken":0,"max_hp_gain":0,"max_hp_loss":0,"event_name":"Drug Dealer","floor":19,"gold_loss":0,"cards_obtained":["Unruled","Potential"]},{"damage_healed":0,"gold_gain":0,"player_choice":"Fight","damage_taken":0,"max_hp_gain":0,"max_hp_loss":0,"event_name":"Mysterious Sphere","floor":37,"gold_loss":0}],"is_beta":false,"boss_relics":[{"not_picked":["hubris:HollowSoul","Fusion Hammer"],"picked":"Replay:Ancient Bell"},{"not_picked":["Replay:Bandana","Bag of Preparation"],"picked":"Blue Doll"},{"not_picked":["Replay:Bottled Eggs","hubris:PeanutButter"],"picked":"Onion Ring"},{"not_picked":["Shovel","TungstenRod"],"picked":"hubris:CuriousFeather"},{"not_picked":["hubris:TerracottaHorce","aspiration:RunicSpoon"],"picked":"Sozu"}],"items_purged_floors":[22,38,53],"is_endless":false,"potions_floor_spawned":[6,16,18,20,25,29,30,31,36,42],"killed_by":"The Heart","ascension_level":0}}