{"host":"gobyjzz6xbwq9f9i","time":1611966375,"event":{"mods":["AchievementEnabler","BaseMod","Bestiary","Colored Map","Minty Spire (QoL Compilation)","Relic Stats"],"gold_per_floor":[109,125,138,153,163,163,192,202,202,202,58,58,88,99,99,203,203,222,232,248,0,17,17,50,50,50,50,61,61,95,114,114,218,218,237,287,304,316,316,316,346,346,346,10,21,47,47,47,47,47],"floor_reached":51,"language":"ENG","playtime":2529,"items_purged":["Strike_G","Strike_G"],"score":1289,"play_id":"de6e8d5f-7e16-4c3d-a6ce-813e0e678f69","local_time":"20210129162615","is_ascension_mode":true,"campfire_choices":[{"data":"Dash","floor":6,"key":"SMITH"},{"data":"Cloak And Dagger","floor":10,"key":"SMITH"},{"data":"Terror","floor":12,"key":"SMITH"},{"data":"A Thousand Cuts","floor":15,"key":"SMITH"},{"data":"Adrenaline","floor":23,"key":"SMITH"},{"data":"Panache","floor":27,"key":"SMITH"},{"data":"Footwork","floor":29,"key":"SMITH"},{"data":"Blade Dance","floor":32,"key":"SMITH"},{"data":"Concentrate","floor":40,"key":"SMITH"},{"data":"After Image","floor":42,"key":"SMITH"},{"data":"Strike_G","floor":47,"key":"PURGE"},{"data":"Strike_G","floor":49,"key":"PURGE"}],"circlet_count":0,"master_deck":["AscendersBane","Defend_G","Defend_G","Defend_G","Defend_G","Defend_G","Survivor","Neutralize","Panache+1","Dash+1","Dagger Spray","Backflip","Dagger Throw","Riddle With Holes","A Thousand Cuts+1","Cloak And Dagger+1","Slice","Acrobatics","Terror+1","Leg Sweep","Adrenaline+1","Blade Dance+1","Footwork+1","Concentrate+1","PiercingWail","Prepared","Blade Dance+1","Blade Dance+1","Dodge and Roll+1","After Image+1","Acrobatics+1","Well Laid Plans+1","Blur+1","Accuracy+1","Accuracy+1","Adrenaline+1","Dark Shackles","Footwork+1"],"relics":["Ring of the Snake","Toy Ornithopter","Mummified Hand","Orrery","InkBottle","WristBlade","TwistedFunnel","Question Card","Eternal Feather","Darkstone Periapt","Coffee Dripper","Bird Faced Urn","Dream Catcher","Letter Opener","DollysMirror","Peace Pipe"],"acts_visited":["Exordium","TheCity","TheBeyond"],"potions_floor_usage":[8,13,38,50,50],"damage_taken":[{"damage":5,"enemies":"Cultist","floor":1,"turns":4},{"damage":0,"enemies":"2 Louse","floor":2,"turns":3},{"damage":0,"enemies":"Small Slimes","floor":3,"turns":2},{"damage":1,"enemies":"Red Slaver","floor":4,"turns":4},{"damage":0,"enemies":"Looter","floor":5,"turns":4},{"damage":22,"enemies":"3 Sentries","floor":7,"turns":8},{"damage":11,"enemies":"Lots of Slimes","floor":8,"turns":4},{"damage":13,"enemies":"Gremlin Nob","floor":13,"turns":4},{"damage":0,"enemies":"Large Slime","floor":14,"turns":7},{"damage":10,"enemies":"The Guardian","floor":16,"turns":11},{"damage":0,"enemies":"Chosen","floor":18,"turns":4},{"damage":0,"enemies":"Shell Parasite","floor":19,"turns":3},{"damage":0,"enemies":"Centurion and Healer","floor":20,"turns":3},{"damage":10,"enemies":"Snake Plant","floor":22,"turns":2},{"damage":0,"enemies":"Gremlin Leader","floor":24,"turns":3},{"damage":0,"enemies":"3 Cultists","floor":28,"turns":2},{"damage":0,"enemies":"Slavers","floor":30,"turns":2},{"damage":0,"enemies":"Sentry and Sphere","floor":31,"turns":1},{"damage":8,"enemies":"Collector","floor":33,"turns":6},{"damage":9,"enemies":"3 Darklings","floor":35,"turns":2},{"damage":0,"enemies":"Mind Bloom Boss Battle","floor":36,"turns":4},{"damage":3,"enemies":"3 Shapes","floor":37,"turns":3},{"damage":3,"enemies":"Writhing Mass","floor":38,"turns":6},{"damage":0,"enemies":"Nemesis","floor":41,"turns":4},{"damage":6,"enemies":"Transient","floor":45,"turns":5},{"damage":0,"enemies":"Reptomancer","floor":46,"turns":3},{"damage":21,"enemies":"Time Eater","floor":50,"turns":7}],"seed_played":"-6225031898738080481","potions_obtained":[{"floor":3,"key":"ColorlessPotion"},{"floor":7,"key":"Poison Potion"},{"floor":8,"key":"Fruit Juice"},{"floor":16,"key":"Energy Potion"},{"floor":18,"key":"AttackPotion"},{"floor":20,"key":"CunningPotion"},{"floor":30,"key":"EssenceOfSteel"},{"floor":36,"key":"CultistPotion"},{"floor":38,"key":"SteroidPotion"}],"is_trial":false,"path_per_floor":["M","M","M","M","M","R","E","M","T","R","$","R","E","M","R","B",null,"M","M","M","$","M","R","E","?","T","R","M","R","E","M","R","B",null,"M","?","M","M","?","R","E","R","T","$","M","E","R","?","R","B",null],"character_chosen":"THE_SILENT","items_purchased":["Orrery","PiercingWail","TwistedFunnel","DollysMirror","Dark Shackles"],"campfire_rested":0,"item_purchase_floors":[11,21,21,44,44],"current_hp_per_floor":[58,58,58,57,57,57,35,34,34,34,34,34,26,26,26,16,55,55,55,55,55,45,45,45,45,45,63,63,68,68,68,68,60,66,57,57,64,68,68,68,68,68,68,68,68,68,68,68,68,52],"gold":47,"neow_bonus":"RANDOM_COLORLESS_2","is_daily":false,"chose_seed":false,"campfire_upgraded":10,"win_rate":0.0,"timestamp":1611966375,"path_taken":["M","M","M","M","M","R","E","M","T","R","?","R","E","M","R","BOSS","M","?","M","$","M","R","E","?","T","R","?","R","E","M","R","BOSS","M","?","M","M","?","R","E","R","T","$","?","E","R","?","R","BOSS"],"items_purchased_type":["Relic","Card","Relic","Relic","Card"],"build_version":"2020-12-22","purchased_purges":2,"victory":true,"max_hp_per_floor":[63,63,63,63,63,63,63,68,68,68,68,68,68,68,68,68,68,68,68,68,68,68,68,68,68,68,68,68,68,68,68,68,68,68,68,68,68,68,68,68,68,68,68,68,68,68,68,68,68,68],"relic_stats":{"Darkstone Periapt":0,"counters":[27,111],"Eternal Feather":23,"Letter Opener":[50],"Question Card":11,"Peace Pipe":2,"Dream Catcher":0,"Mummified Hand":[69],"Bird Faced Urn":[21],"obtain_stats":[{"TwistedFunnel":21,"Darkstone Periapt":30,"Eternal Feather":26,"Letter Opener":43,"Question Card":24,"Peace Pipe":46,"Dream Catcher":41,"WristBlade":17,"Mummified Hand":9,"DollysMirror":44,"Bird Faced Urn":36,"Orrery":11,"Coffee Dripper":34,"Toy Ornithopter":7,"InkBottle":13,"Ring of the Snake":0},{"TwistedFunnel":13,"Darkstone Periapt":17,"Eternal Feather":15,"Letter Opener":24,"Question Card":15,"Peace Pipe":26,"Dream Catcher":24,"WristBlade":10,"Mummified Hand":7,"DollysMirror":24,"Bird Faced Urn":21,"Orrery":7,"Coffee Dripper":19,"Toy Ornithopter":6,"InkBottle":8,"Ring of the Snake":0},{"TwistedFunnel":61,"Darkstone Periapt":70,"Eternal Feather":66,"Letter Opener":96,"Question Card":66,"Peace Pipe":104,"Dream Catcher":96,"WristBlade":51,"Mummified Hand":29,"DollysMirror":96,"Bird Faced Urn":83,"Orrery":29,"Coffee Dripper":77,"Toy Ornithopter":25,"InkBottle":33,"Ring of the Snake":0}],"Toy Ornithopter":17,"InkBottle":[49],"Ring of the Snake":[54]},"card_choices":[{"not_picked":["Transmutation","Secret Weapon"],"picked":"Panache","floor":0},{"not_picked":["Dagger Throw","Dodge and Roll"],"picked":"Dash","floor":1},{"not_picked":["Poisoned Stab","Sucker Punch"],"picked":"Dagger Spray","floor":2},{"not_picked":["Dodge and Roll","Catalyst"],"picked":"Backflip","floor":3},{"not_picked":["Dodge and Roll","Sucker Punch"],"picked":"Dagger Throw","floor":4},{"not_picked":["All Out Attack","PiercingWail"],"picked":"Riddle With Holes","floor":5},{"not_picked":["Bane","Eviscerate"],"picked":"A Thousand Cuts","floor":7},{"not_picked":["Blur","Flying Knee"],"picked":"Cloak And Dagger","floor":8},{"not_picked":["Distraction","Tactician"],"picked":"Slice","floor":11},{"not_picked":["Tactician","Backstab"],"picked":"Acrobatics","floor":11},{"not_picked":["Heel Hook","Flying Knee"],"picked":"Terror","floor":11},{"not_picked":["Heel Hook","Flying Knee","Dagger Spray"],"picked":"SKIP","floor":13},{"not_picked":["Heel Hook","Escape Plan"],"picked":"Leg Sweep","floor":14},{"not_picked":["Bullet Time","Wraith Form v2"],"picked":"Adrenaline","floor":16},{"not_picked":["Concentrate","Blur"],"picked":"Blade Dance+1","floor":18},{"not_picked":["Heel Hook","Prepared"],"picked":"Footwork","floor":19},{"not_picked":["Sucker Punch","Backflip"],"picked":"Concentrate","floor":20},{"not_picked":["Flying Knee","Deadly Poison"],"picked":"Prepared","floor":22},{"not_picked":["Backflip","Dagger Throw"],"picked":"Blade Dance","floor":24},{"not_picked":["Leg Sweep","Slice+1","Acrobatics"],"picked":"Blade Dance+1","floor":28},{"not_picked":["Night Terror","Deadly Poison","Deflect"],"picked":"Dodge and Roll+1","floor":30},{"not_picked":["Dagger Throw","Catalyst","Backstab","Choke"],"picked":"SKIP","floor":31},{"not_picked":["Corpse Explosion","Venomology","Die Die Die"],"picked":"After Image","floor":33},{"not_picked":["Dagger Spray","Flying Knee+1","Underhanded Strike"],"picked":"Acrobatics+1","floor":35},{"not_picked":["Quick Slash","Cloak And Dagger+1","Blade Dance"],"picked":"Well Laid Plans+1","floor":36},{"not_picked":["PiercingWail","Slice+1","Deflect"],"picked":"Blur+1","floor":37},{"not_picked":["Backstab","Bouncing Flask","Flying Knee"],"picked":"Accuracy+1","floor":38},{"not_picked":["Calculated Gamble+1","Doppelganger","Backflip"],"picked":"Accuracy+1","floor":41},{"not_picked":["Bane+1","Underhanded Strike","Dodge and Roll","Dagger Spray+1"],"picked":"SKIP","floor":45},{"not_picked":["Deadly Poison","Backstab","Escape Plan+1"],"picked":"Footwork","floor":46}],"player_experience":1204968,"relics_obtained":[{"floor":7,"key":"Toy Ornithopter"},{"floor":9,"key":"Mummified Hand"},{"floor":13,"key":"InkBottle"},{"floor":24,"key":"Question Card"},{"floor":26,"key":"Eternal Feather"},{"floor":30,"key":"Darkstone Periapt"},{"floor":36,"key":"Bird Faced Urn"},{"floor":41,"key":"Dream Catcher"},{"floor":43,"key":"Letter Opener"},{"floor":46,"key":"Peace Pipe"}],"event_choices":[{"cards_removed":["Strike_G"],"damage_healed":0,"gold_gain":0,"player_choice":"Offered Basic","damage_taken":0,"max_hp_gain":0,"max_hp_loss":0,"event_name":"Bonfire Elementals","floor":25,"gold_loss":0},{"damage_healed":0,"gold_gain":0,"player_choice":"Fight","damage_taken":0,"max_hp_gain":0,"max_hp_loss":0,"event_name":"MindBloom","floor":36,"gold_loss":0},{"damage_healed":0,"gold_gain":0,"player_choice":"0 cards matched","damage_taken":0,"max_hp_gain":0,"max_hp_loss":0,"event_name":"Match and Keep!","floor":39,"gold_loss":0,"cards_obtained":[]},{"damage_healed":0,"gold_gain":0,"player_choice":"Forge","damage_taken":0,"max_hp_gain":0,"max_hp_loss":0,"event_name":"Accursed Blacksmith","floor":48,"gold_loss":0,"cards_upgraded":["Footwork"]}],"is_beta":false,"boss_relics":[{"not_picked":["Snecko Eye","Fusion Hammer"],"picked":"WristBlade"},{"not_picked":["Ring of the Serpent","Philosopher\u0027s Stone"],"picked":"Coffee Dripper"}],"items_purged_floors":[21,44],"is_endless":false,"potions_floor_spawned":[3,7,8,16,18,20,30,31,36,38,41,45],"ascension_level":10}}