{"host":"ifz8qk6i1wysca9i","time":1611983008,"event":{"mods":["Act Like it!","BaseMod","Colored Powertips","Duelist Mod","GifTheSpireLib","Hallownest","Hermit","Minty Spire (QoL Compilation)","Quick Restart","StSLib","The Bug Knight","The Senshi","The Wild Card"],"gold_per_floor":[115,15,15,15,33,65,65,65,65,98,98,98,23,42,42,139,139,151,151,163,163,180,215,230,250,250,280,296,39,68,68,68,173,173,186,186,206,224,244,277,290,322,322,350,369,380,380,18,18,18],"floor_reached":51,"language":"ENG","playtime":5303,"items_purged":[],"score":1032,"play_id":"5fedbc83-a79c-472d-b209-58ba5507da1d","local_time":"20210129230328","is_ascension_mode":false,"campfire_choices":[{"data":"Infinite Blades","floor":8.0,"key":"SMITH"},{"floor":11.0,"key":"REST"},{"data":"theWildCard:Odin","floor":15.0,"key":"SMITH"},{"data":"Terror","floor":32.0,"key":"SMITH"},{"floor":49,"key":"REST"}],"circlet_count":0,"master_deck":["Strike_G+1","Strike_G","Strike_G","Strike_G","Strike_G","Defend_G","Defend_G","Defend_G","Survivor","Neutralize+1","Blade Dance","Blade Dance","Infinite Blades+1","Poisoned Stab","Blur","theWildCard:Odin+1","Backflip","Die Die Die","Night Terror","Glass Knife","Infinite Blades+1","Acrobatics","Outmaneuver","PiercingWail","Masterful Stab","Choke","Finisher","Terror+1","After Image","Phantasmal Killer","Slice+1","Noxious Fumes+1","Blur+1","Finisher+1","Slice","Deflect","A Thousand Cuts","Footwork+1","Quick Slash+1","Caltrops+1","Master of Strategy","Madness","Blur","Slice"],"relics":["Ring of the Snake","NeowsBlessing","Bottled Flame","White Beast Statue","Omamori","Anchor","WristBlade","Question Card","Mercury Hourglass","Ninja Scroll","Ornamental Fan","HollowMod:LifeEnderRelic","Orichalcum","Fusion Hammer","Bottled Tornado","Sundial","InkBottle","Frozen Egg 2"],"acts_visited":["Exordium","TheCity","TheBeyond"],"potions_floor_usage":[50,50,50],"damage_taken":[{"damage":0.0,"enemies":"Cultist","floor":1.0,"turns":1.0},{"damage":0.0,"enemies":"Jaw Worm","floor":5.0,"turns":1.0},{"damage":0.0,"enemies":"HollowMod:MossKnight","floor":6.0,"turns":1.0},{"damage":8.0,"enemies":"Lagavulin","floor":10.0,"turns":6.0},{"damage":0.0,"enemies":"2 Louse","floor":14.0,"turns":1.0},{"damage":0.0,"enemies":"Hexaghost","floor":16.0,"turns":9.0},{"damage":0.0,"enemies":"3 Byrds","floor":18.0,"turns":4.0},{"damage":0.0,"enemies":"Cultist and Chosen","floor":20.0,"turns":5.0},{"damage":0.0,"enemies":"Sentry and Sphere","floor":22.0,"turns":4.0},{"damage":0.0,"enemies":"theDuelist:KaibaA2","floor":23.0,"turns":5.0},{"damage":0.0,"enemies":"Centurion and Healer","floor":24.0,"turns":4.0},{"damage":0.0,"enemies":"Snake Plant","floor":25.0,"turns":5.0},{"damage":0.0,"enemies":"HollowMod:Nosk","floor":27.0,"turns":6.0},{"damage":0.0,"enemies":"Shelled Parasite and Fungi","floor":28.0,"turns":3.0},{"damage":0.0,"enemies":"Book of Stabbing","floor":30.0,"turns":4.0},{"damage":0.0,"enemies":"Collector","floor":33.0,"turns":6.0},{"damage":0.0,"enemies":"Orb Walker","floor":35.0,"turns":2.0},{"damage":0.0,"enemies":"3 Shapes","floor":37.0,"turns":2.0},{"damage":0.0,"enemies":"Writhing Mass","floor":38.0,"turns":5.0},{"damage":0.0,"enemies":"Sphere and 2 Shapes","floor":39.0,"turns":4.0},{"damage":7,"enemies":"Nemesis","floor":40,"turns":5},{"damage":0,"enemies":"3 Darklings","floor":41,"turns":3},{"damage":0,"enemies":"Giant Head","floor":42,"turns":6},{"damage":0,"enemies":"Reptomancer","floor":44,"turns":5},{"damage":0,"enemies":"Transient","floor":45,"turns":5},{"damage":0,"enemies":"Spire Growth","floor":46,"turns":3},{"damage":24,"enemies":"Time Eater","floor":50,"turns":11}],"seed_played":"3038341108564727979","potions_obtained":[{"floor":1.0,"key":"LiquidBronze"},{"floor":6.0,"key":"DistilledChaos"},{"floor":10.0,"key":"CunningPotion"},{"floor":16.0,"key":"GhostInAJar"},{"floor":18.0,"key":"ColorlessPotion"},{"floor":20.0,"key":"FearPotion"},{"floor":23.0,"key":"DuplicationPotion"},{"floor":24.0,"key":"GhostInAJar"},{"floor":39.0,"key":"LiquidBronze"},{"floor":46,"key":"BlessingOfTheForge"}],"is_trial":false,"path_per_floor":["M","$","?","$","M","E","?","R","T","E","R","T","$","M","R","B",null,"M","?","M","T","M","E","M","M","T","E","M","$","E","$","R","B",null,"M","?","M","M","M","E","M","E","T","E","M","M","?","$","R","B",null],"character_chosen":"THE_SILENT","items_purchased":["Blade Dance","Infinite Blades","Die Die Die","HollowMod:LifeEnderRelic","Master of Strategy","Madness","Blur","Slice"],"campfire_rested":2,"item_purchase_floors":[2,2,13,29,48,48,48,48],"current_hp_per_floor":[70,70,56,56,56,56,56,56,56,48,69,69,69,69,69,69,70,70,70,70,70,70,70,70,70,70,70,70,70,70,70,70,70,70,70,70,70,70,70,63,63,63,63,63,63,63,63,63,70,46],"gold":18,"neow_bonus":"THREE_ENEMY_KILL","is_daily":false,"chose_seed":false,"campfire_upgraded":3,"win_rate":0.0,"timestamp":1611983008,"path_taken":["M","?","?","$","M","E","?","R","T","E","R","?","?","M","R","BOSS","M","?","M","?","?","E","M","M","T","E","M","$","E","?","R","BOSS","M","?","M","?","M","E","M","E","T","E","M","M","?","$","R","BOSS"],"items_purchased_type":["Card","Card","Card","Relic","Card","Card","Card","Card"],"build_version":"2020-12-22","purchased_purges":0,"victory":true,"max_hp_per_floor":[70,70,70,70,70,70,70,70,70,70,70,70,70,70,70,70,70,70,70,70,70,70,70,70,70,70,70,70,70,70,70,70,70,70,70,70,70,70,70,70,70,70,70,70,70,70,70,70,70,70],"card_choices":[{"not_picked":["Eviscerate","Underhanded Strike"],"picked":"Blade Dance","floor":1.0},{"not_picked":["Crippling Poison","Blade Dance"],"picked":"Poisoned Stab","floor":5.0},{"not_picked":["Calculated Gamble","Infinite Blades"],"picked":"Blur","floor":6.0},{"not_picked":["Flechettes","Dodge and Roll"],"picked":"Backflip","floor":10.0},{"not_picked":["Eviscerate","Deadly Poison"],"picked":"Night Terror","floor":14.0},{"not_picked":["Tools of the Trade","Wraith Form v2"],"picked":"Glass Knife","floor":16.0},{"not_picked":["Calculated Gamble","Riddle With Holes+1"],"picked":"Infinite Blades+1","floor":18.0},{"not_picked":["Backflip","Well Laid Plans"],"picked":"Acrobatics","floor":20.0},{"not_picked":["Dagger Spray","Prepared","Quick Slash+1"],"picked":"Outmaneuver","floor":22.0},{"not_picked":["Crippling Poison","Underhanded Strike","Prepared"],"picked":"PiercingWail","floor":23.0},{"not_picked":["Expertise","Dagger Throw","Poisoned Stab+1"],"picked":"Masterful Stab","floor":24.0},{"not_picked":["Acrobatics","Poisoned Stab","Sucker Punch"],"picked":"Choke","floor":25.0},{"not_picked":["Dagger Spray","Dagger Throw","Underhanded Strike"],"picked":"Finisher","floor":27.0},{"not_picked":["Quick Slash","Footwork","Backflip"],"picked":"Terror","floor":28.0},{"not_picked":["Poisoned Stab+1","Deflect","Masterful Stab"],"picked":"After Image","floor":30.0},{"not_picked":["Doppelganger","Glass Knife","Envenom"],"picked":"Phantasmal Killer","floor":33.0},{"not_picked":["Deflect+1","Backflip+1","Acrobatics+1"],"picked":"Slice+1","floor":35.0},{"not_picked":["Crippling Poison+1","PiercingWail+1","Choke"],"picked":"Noxious Fumes+1","floor":37.0},{"not_picked":["Dagger Spray","Backflip+1","Prepared"],"picked":"Blur+1","floor":38.0},{"not_picked":["PiercingWail+1","Backstab+1","Underhanded Strike+1"],"picked":"Finisher+1","floor":39.0},{"not_picked":["Sucker Punch+1","Deflect","Flying Knee"],"picked":"Slice","floor":40},{"not_picked":["Dagger Spray","Bouncing Flask+1","Flechettes"],"picked":"Deflect","floor":41},{"not_picked":["Caltrops+1","Blade Dance","Flying Knee"],"picked":"A Thousand Cuts","floor":42},{"not_picked":["Expertise","Backflip","Venomology"],"picked":"Footwork+1","floor":44},{"not_picked":["Deadly Poison","Poisoned Stab+1","Backflip+1"],"picked":"Quick Slash+1","floor":45},{"not_picked":["Prepared","Quick Slash+1","Bouncing Flask"],"picked":"Caltrops+1","floor":46}],"player_experience":132560,"relics_obtained":[{"floor":6.0,"key":"Bottled Flame"},{"floor":9.0,"key":"White Beast Statue"},{"floor":10.0,"key":"Omamori"},{"floor":12.0,"key":"Anchor"},{"floor":21.0,"key":"Question Card"},{"floor":23.0,"key":"Mercury Hourglass"},{"floor":26.0,"key":"Ninja Scroll"},{"floor":27.0,"key":"Ornamental Fan"},{"floor":30.0,"key":"Orichalcum"},{"floor":40,"key":"Bottled Tornado"},{"floor":42,"key":"Sundial"},{"floor":43,"key":"InkBottle"},{"floor":44,"key":"Frozen Egg 2"}],"event_choices":[{"damage_healed":0.0,"max_hp_gain":0.0,"max_hp_loss":0.0,"gold_gain":0.0,"event_name":"Shining Light","player_choice":"Entered Light","floor":3.0,"gold_loss":0.0,"damage_taken":14.0,"cards_upgraded":["Strike_G","Neutralize"]},{"damage_healed":0.0,"max_hp_gain":0.0,"max_hp_loss":0.0,"gold_gain":0.0,"event_name":"Ghosts","player_choice":"Ignored","floor":19.0,"gold_loss":0.0,"damage_taken":0.0},{"cards_removed":["Defend_G"],"damage_healed":0.0,"max_hp_gain":0.0,"max_hp_loss":0.0,"gold_gain":0.0,"event_name":"Wheel of Change","player_choice":"Card Removal","floor":36.0,"gold_loss":0.0,"damage_taken":0.0},{"cards_removed":["Defend_G"],"damage_healed":0,"gold_gain":0,"player_choice":"Removed Skill","damage_taken":0,"max_hp_gain":0,"max_hp_loss":0,"event_name":"Falling","floor":47,"gold_loss":0}],"is_beta":false,"boss_relics":[{"not_picked":["Busted Crown","Calling Bell"],"picked":"WristBlade"},{"not_picked":["Empty Cage","SacredBark"],"picked":"Fusion Hammer"}],"items_purged_floors":[],"is_endless":false,"potions_floor_spawned":[1,6,10,14,16,18,20,22,23,24,25,27,28,30,33,35,37,38,39,40,41,42,44,45,46],"ascension_level":0}}