{"host":"1focbxb2e8qu7ccd","time":1611986069,"event":{"mods":["BaseMod","Minty Spire (QoL Compilation)","Relic Stats"],"gold_per_floor":[116,127,127,127,143,168,168,184,209,240,29,29,43,69,69,146,146,122,122,172,189,200,230,230,240,240,240,240],"floor_reached":27,"language":"ENG","playtime":24849,"items_purged":["Strike_G"],"score":532,"play_id":"a752b3d9-482b-47a3-b39d-f375d5ddc09a","local_time":"20210130005429","is_ascension_mode":true,"campfire_choices":[{"data":"Poisoned Stab","floor":7,"key":"SMITH"},{"floor":12,"key":"REST"},{"data":"Footwork","floor":15,"key":"SMITH"},{"floor":24,"key":"REST"}],"circlet_count":0,"master_deck":["AscendersBane","Strike_G","Strike_G","Strike_G","Strike_G","Defend_G","Defend_G","Defend_G+1","Defend_G+1","Defend_G","Survivor","Neutralize","Poisoned Stab+1","Poisoned Stab","Footwork+1","Noxious Fumes","Dodge and Roll","Noxious Fumes","Malaise","Footwork","Catalyst","Tools of the Trade","Pain"],"relics":["Ring of the Snake","NeowsBlessing","Snake Skull","PreservedInsect","Nunchaku","Blood Vial","Cursed Key","Incense Burner","Thread and Needle"],"acts_visited":["Exordium","TheCity"],"potions_floor_usage":[6,8,14,16,18,19,22,23],"damage_taken":[{"damage":0,"enemies":"2 Louse","floor":1,"turns":1},{"damage":0,"enemies":"Small Slimes","floor":2,"turns":1},{"damage":0,"enemies":"Cultist","floor":5,"turns":1},{"damage":10,"enemies":"Lagavulin","floor":6,"turns":6},{"damage":5,"enemies":"Gremlin Gang","floor":8,"turns":3},{"damage":20,"enemies":"3 Sentries","floor":10,"turns":6},{"damage":0,"enemies":"Blue Slaver","floor":13,"turns":5},{"damage":6,"enemies":"Lagavulin","floor":14,"turns":4},{"damage":1,"enemies":"Hexaghost","floor":16,"turns":9},{"damage":10,"enemies":"2 Thieves","floor":18,"turns":4},{"damage":0,"enemies":"3 Byrds","floor":19,"turns":1},{"damage":24,"enemies":"3 Cultists","floor":21,"turns":6},{"damage":27,"enemies":"Snecko","floor":22,"turns":4},{"damage":0,"enemies":"Book of Stabbing","floor":23,"turns":6},{"damage":10,"enemies":"Centurion and Healer","floor":25,"turns":8},{"damage":16,"enemies":"3 Cultists","floor":27,"turns":3}],"seed_played":"5458628256469859684","potions_obtained":[{"floor":2,"key":"Poison Potion"},{"floor":6,"key":"Explosive Potion"},{"floor":13,"key":"Poison Potion"},{"floor":14,"key":"DistilledChaos"},{"floor":16,"key":"SmokeBomb"},{"floor":21,"key":"BlessingOfTheForge"},{"floor":22,"key":"Swift Potion"},{"floor":25,"key":"Poison Potion"}],"is_trial":false,"path_per_floor":["M","M","?","?","M","E","R","M","T","E","$","R","M","E","R","B",null,"M","M","?","M","M","E","R","M","T","M"],"character_chosen":"THE_SILENT","items_purchased":["Noxious Fumes","Block Potion"],"campfire_rested":2,"item_purchase_floors":[11,11],"current_hp_per_floor":[59,59,39,39,39,29,29,24,24,4,4,23,23,17,17,18,54,46,48,48,26,1,3,22,14,14,0,0],"gold":240,"neow_bonus":"THREE_ENEMY_KILL","is_daily":false,"chose_seed":false,"campfire_upgraded":2,"win_rate":0.0,"timestamp":1611986069,"path_taken":["M","M","?","?","M","E","R","M","T","E","$","R","?","E","R","BOSS","M","?","?","M","M","E","R","M","T","?"],"items_purchased_type":["Card","Potion"],"build_version":"2020-12-22","purchased_purges":1,"victory":false,"max_hp_per_floor":[66,66,66,66,66,66,66,66,66,66,66,66,66,66,66,66,66,66,66,66,66,66,66,66,66,66,66,66],"relic_stats":{"Blood Vial":16,"Nunchaku":[6],"counters":[16,68],"Snake Skull":[92],"PreservedInsect":105,"Cursed Key":1,"obtain_stats":[{"Blood Vial":14,"Nunchaku":10,"NeowsBlessing":0,"Thread and Needle":26,"Snake Skull":6,"PreservedInsect":9,"Incense Burner":23,"Cursed Key":17,"Ring of the Snake":0},{"Blood Vial":8,"Nunchaku":6,"NeowsBlessing":0,"Thread and Needle":15,"Snake Skull":4,"PreservedInsect":5,"Incense Burner":14,"Cursed Key":9,"Ring of the Snake":0},{"Blood Vial":27,"Nunchaku":18,"NeowsBlessing":0,"Thread and Needle":65,"Snake Skull":9,"PreservedInsect":12,"Incense Burner":57,"Cursed Key":36,"Ring of the Snake":0}],"Ring of the Snake":[32]},"card_choices":[{"not_picked":["Cloak And Dagger","Prepared"],"picked":"Poisoned Stab","floor":1},{"not_picked":["Blade Dance","Riddle With Holes"],"picked":"Poisoned Stab","floor":2},{"not_picked":["Tactician","Cloak And Dagger","Flechettes"],"picked":"SKIP","floor":5},{"not_picked":["Dagger Spray","Outmaneuver"],"picked":"Footwork","floor":6},{"not_picked":["Flechettes","Endless Agony"],"picked":"Noxious Fumes","floor":8},{"not_picked":["Underhanded Strike","Backflip"],"picked":"Dodge and Roll","floor":10},{"not_picked":["Masterful Stab","Bane","Prepared"],"picked":"SKIP","floor":13},{"not_picked":["Slice","All Out Attack","Expertise"],"picked":"SKIP","floor":14},{"not_picked":["Tools of the Trade","Envenom"],"picked":"Malaise","floor":16},{"not_picked":["Dagger Throw","Poisoned Stab"],"picked":"Footwork","floor":18},{"not_picked":["Quick Slash","Dagger Spray"],"picked":"Catalyst","floor":21},{"not_picked":["Quick Slash","Dagger Spray","Prepared"],"picked":"SKIP","floor":22},{"not_picked":["Quick Slash","Poisoned Stab"],"picked":"Tools of the Trade","floor":23},{"not_picked":["Flying Knee+1","Blade Dance","Setup"],"picked":"SKIP","floor":25}],"player_experience":828452,"relics_obtained":[{"floor":6,"key":"Snake Skull"},{"floor":9,"key":"PreservedInsect"},{"floor":10,"key":"Nunchaku"},{"floor":14,"key":"Blood Vial"},{"floor":23,"key":"Incense Burner"},{"floor":26,"key":"Thread and Needle"}],"event_choices":[{"damage_healed":0,"gold_gain":0,"player_choice":"Entered Light","damage_taken":20,"max_hp_gain":0,"max_hp_loss":0,"event_name":"Shining Light","floor":3,"gold_loss":0,"cards_upgraded":["Defend_G","Defend_G"]},{"damage_healed":0,"gold_gain":0,"player_choice":"0 cards matched","damage_taken":0,"max_hp_gain":0,"max_hp_loss":0,"event_name":"Match and Keep!","floor":4,"gold_loss":0,"cards_obtained":[]},{"damage_healed":0,"gold_gain":50,"player_choice":"Pray","damage_taken":0,"max_hp_gain":0,"max_hp_loss":0,"event_name":"Golden Shrine","floor":20,"gold_loss":0}],"is_beta":false,"boss_relics":[{"not_picked":["Tiny House","Busted Crown"],"picked":"Cursed Key"}],"items_purged_floors":[11],"is_endless":false,"potions_floor_spawned":[2,6,13,14,16,21,22,25],"killed_by":"3 Cultists","ascension_level":18}}