{"host":"2se5dq1do2gp0x9k","time":1611974895,"event":{"mods":["AchievementEnabler","BaseMod","Block Reminder","Colored Map","Colored Powertips","Minty Spire (QoL Compilation)","Relic Stats","StSLib","SuperFastMode"],"gold_per_floor":[118,135,135,145,104,131,56,82,82,47,47,47,47,60,60,138,138,158,58,58,58],"floor_reached":20,"language":"ENG","playtime":534,"items_purged":["Strike_B","Strike_B"],"score":360,"play_id":"77ba8032-e136-4306-b7c7-8bf80db1044c","local_time":"20210129184815","is_ascension_mode":true,"campfire_choices":[{"data":"Defragment","floor":13,"key":"SMITH"},{"data":"Defragment","floor":15,"key":"SMITH"}],"circlet_count":0,"master_deck":["AscendersBane","Strike_B","Defend_B","Defend_B","Defend_B","Defend_B","Zap","Dualcast","Rebound","Doom and Gloom","Defragment+1","FTL","Chill","Conserve Battery","Defragment+1","Fission","Darkness"],"relics":["Cracked Core","NeowsBlessing","Torii","StoneCalendar","WingedGreaves","Velvet Choker"],"acts_visited":["Exordium","TheCity"],"potions_floor_usage":[16,20],"damage_taken":[{"damage":0,"enemies":"Jaw Worm","floor":1,"turns":1},{"damage":0,"enemies":"Cultist","floor":2,"turns":1},{"damage":0,"enemies":"Small Slimes","floor":4,"turns":1},{"damage":30,"enemies":"Lagavulin","floor":6,"turns":5},{"damage":19,"enemies":"3 Sentries","floor":8,"turns":7},{"damage":11,"enemies":"Exordium Wildlife","floor":14,"turns":3},{"damage":6,"enemies":"Slime Boss","floor":16,"turns":6},{"damage":22,"enemies":"Shell Parasite","floor":18,"turns":5},{"damage":49,"enemies":"Chosen","floor":20,"turns":4}],"seed_played":"824860342926680962","potions_obtained":[{"floor":2,"key":"EssenceOfDarkness"},{"floor":4,"key":"EntropicBrew"}],"is_trial":false,"path_per_floor":["M","M","?","M","$","E","$","E","T","?","?","$","R","M","R","B",null,"M","$","M"],"character_chosen":"DEFECT","items_purchased":["FTL"],"campfire_rested":0,"item_purchase_floors":[5],"current_hp_per_floor":[64,64,64,64,64,34,34,15,15,32,32,32,32,21,21,15,57,35,35,0,0],"gold":58,"neow_bonus":"THREE_ENEMY_KILL","is_daily":false,"chose_seed":false,"campfire_upgraded":2,"win_rate":0.0,"timestamp":1611974895,"path_taken":["M","M","?","?","$","E","$","E","T","?","?","$","R","M","R","BOSS","M","?","M"],"items_purchased_type":["Card"],"build_version":"2020-12-22","purchased_purges":2,"victory":false,"max_hp_per_floor":[71,71,71,71,71,71,71,71,71,71,71,71,71,71,71,71,71,71,71,71,71],"relic_stats":{"Torii":12,"counters":[9,33],"StoneCalendar":[0],"obtain_stats":[{"NeowsBlessing":0,"Torii":6,"Velvet Choker":17,"StoneCalendar":8,"WingedGreaves":9,"Cracked Core":0},{"NeowsBlessing":0,"Torii":4,"Velvet Choker":7,"StoneCalendar":5,"WingedGreaves":5,"Cracked Core":0},{"NeowsBlessing":0,"Torii":8,"Velvet Choker":24,"StoneCalendar":15,"WingedGreaves":15,"Cracked Core":0}]},"card_choices":[{"not_picked":["Streamline","Barrage"],"picked":"Rebound","floor":1},{"not_picked":["Barrage","Conserve Battery"],"picked":"Doom and Gloom","floor":2},{"not_picked":["Lockon","Rebound"],"picked":"Defragment","floor":4},{"not_picked":["Storm","Recycle"],"picked":"Chill","floor":6},{"not_picked":["Streamline","Self Repair"],"picked":"Conserve Battery","floor":8},{"not_picked":["Rebound","Coolheaded"],"picked":"Defragment","floor":14},{"not_picked":["Thunder Strike","Machine Learning"],"picked":"Fission","floor":16},{"not_picked":["Loop+1","White Noise"],"picked":"Darkness","floor":18}],"player_experience":3969610,"relics_obtained":[{"floor":6,"key":"Torii"},{"floor":8,"key":"StoneCalendar"},{"floor":9,"key":"WingedGreaves"}],"event_choices":[{"cards_removed":["Strike_B"],"damage_healed":0,"gold_gain":0,"player_choice":"Offered Basic","damage_taken":0,"max_hp_gain":0,"max_hp_loss":0,"event_name":"Bonfire Elementals","floor":3,"gold_loss":0},{"damage_healed":17,"gold_gain":0,"player_choice":"Healed","damage_taken":0,"max_hp_gain":0,"max_hp_loss":0,"event_name":"The Cleric","floor":10,"gold_loss":35},{"damage_healed":0,"gold_gain":0,"player_choice":"Got Potions","damage_taken":0,"max_hp_gain":0,"max_hp_loss":0,"event_name":"Lab","floor":11,"gold_loss":0}],"is_beta":false,"boss_relics":[{"not_picked":["Inserter","Philosopher\u0027s Stone"],"picked":"Velvet Choker"}],"items_purged_floors":[7,19],"is_endless":false,"potions_floor_spawned":[2,4,6,8],"killed_by":"Chosen","ascension_level":20}}