{"host":"l84l8xigz5v5foa2","time":1611975381,"event":{"mods":["2.2 Compatiblity","AchievementEnabler","BaseMod","Better Note","Better Vampires","Card Filter","Colored Map","DeckTracker","Downfall","Gremlin Skip","Highlight Path","Keyboard Shortcuts","Minty Spire (QoL Compilation)","Permanent Neow","Quick Restart","Relic Filter","Relic Stats","StSLib","SuperFastMode","Transform Curses","Unknown Chances"],"gold_per_floor":[112,112,29,104,29,54,54,54,54,54],"floor_reached":8,"language":"ENG","playtime":177,"items_purged":[],"score":104,"play_id":"e5d25aa1-7a0b-408c-8a18-8cdda2938160","local_time":"20210130115621","is_ascension_mode":true,"campfire_choices":[{"data":"hexamod:Float","floor":7,"key":"SMITH"}],"circlet_count":0,"master_deck":["AscendersBane","hexamod:Strike","hexamod:Defend","hexamod:Defend","hexamod:Defend","hexamod:Sear","hexamod:Float+1","hexamod:SwordOfDarkness","hexamod:Hexaguard","hexamod:HauntingEcho","hexamod:FlamesFromBeyond","hexamod:StepThrough","hexamod:AdvancingGuard"],"relics":["hexamod:SpiritBrand","Shuriken"],"acts_visited":["Exordium"],"potions_floor_usage":[],"damage_taken":[{"damage":0,"enemies":"2 Louse","floor":1,"turns":2},{"damage":16,"enemies":"3 Sentries","floor":6,"turns":8},{"damage":30,"enemies":"Gremlin Nob","floor":8,"turns":3}],"seed_played":"-9029537235754322936","potions_obtained":[],"is_trial":false,"path_per_floor":["M","?","$","?","?","E","R","E"],"character_chosen":"THE_SPIRIT","items_purchased":["hexamod:StepThrough"],"campfire_rested":0,"item_purchase_floors":[3],"current_hp_per_floor":[57,57,57,46,46,30,30,0,0,0],"gold":54,"neow_bonus":"TRANSFORM_TWO_CARDS","is_daily":false,"chose_seed":false,"campfire_upgraded":1,"win_rate":0.0,"timestamp":1611975381,"path_taken":["M","?","$","?","?","E","R","E"],"items_purchased_type":["Card"],"build_version":"2020-12-22","purchased_purges":0,"victory":false,"max_hp_per_floor":[57,57,57,57,57,57,57,57,57,57],"relic_stats":{"counters":[3,13],"Shuriken":[1],"obtain_stats":[{"Shuriken":6,"hexamod:SpiritBrand":0},{"Shuriken":2,"hexamod:SpiritBrand":0},{"Shuriken":10,"hexamod:SpiritBrand":0}]},"card_choices":[{"not_picked":["hexamod:InspiringFlames","hexamod:GhostLash"],"picked":"hexamod:HauntingEcho","floor":1},{"not_picked":["hexamod:NightmareStrike","hexamod:HeatMetal"],"picked":"hexamod:AdvancingGuard","floor":6}],"player_experience":3503533,"relics_obtained":[{"floor":6,"key":"Shuriken"}],"event_choices":[{"damage_healed":0,"gold_gain":0,"cards_transformed":["hexamod:Strike"],"player_choice":"Change","damage_taken":0,"max_hp_gain":0,"max_hp_loss":0,"event_name":"Living Wall","floor":2,"gold_loss":0,"cards_obtained":["hexamod:FlamesFromBeyond"]},{"damage_healed":0,"gold_gain":75,"player_choice":"Gather Gold","damage_taken":11,"max_hp_gain":0,"max_hp_loss":0,"event_name":"World of Goop","floor":4,"gold_loss":0},{"cards_removed":["hexamod:Strike"],"damage_healed":0,"gold_gain":0,"player_choice":"Card Removal","damage_taken":0,"max_hp_gain":0,"max_hp_loss":0,"event_name":"The Cleric","floor":5,"gold_loss":75}],"is_beta":false,"boss_relics":[],"items_purged_floors":[],"is_endless":false,"potions_floor_spawned":[],"killed_by":"Gremlin Nob","ascension_level":20}}