{"host":"403lw4pvxm1dv9ca","time":1611984409,"event":{"mods":["AchievementEnabler","BaseMod","Colored Map","Colored Powertips","Minty Spire (QoL Compilation)","Permanent Neow","Quick Restart"],"gold_per_floor":[113,132,132,143,143,143,181,200,200,200,219,238,238,254,254,373,373,398,323,177,191,215,215,215],"floor_reached":23,"language":"ENG","playtime":1345,"items_purged":["Strike_R"],"score":234,"play_id":"b9a67e2e-7a8a-4e79-9b69-bb9bebed1608","local_time":"20210129232649","is_ascension_mode":true,"campfire_choices":[{"floor":6,"key":"REST"},{"floor":10,"key":"REST"},{"data":"Demon Form","floor":13,"key":"SMITH"},{"floor":15,"key":"REST"}],"circlet_count":0,"master_deck":["Strike_R+1","Defend_R","Defend_R","Defend_R","Defend_R","Bash","Apotheosis+1","Headbutt","Demon Form+1","Dropkick","Heavy Blade","Reaper","Double Tap","Evolve"],"relics":["Burning Blood","Golden Idol","Boot","Singing Bowl","Empty Cage"],"acts_visited":["Exordium","TheCity"],"potions_floor_usage":[7,8,16,22,22],"damage_taken":[{"damage":12,"enemies":"Jaw Worm","floor":1,"turns":2},{"damage":10,"enemies":"Small Slimes","floor":2,"turns":4},{"damage":6,"enemies":"2 Louse","floor":4,"turns":3},{"damage":34,"enemies":"Gremlin Nob","floor":7,"turns":4},{"damage":14,"enemies":"Exordium Thugs","floor":8,"turns":3},{"damage":18,"enemies":"Large Slime","floor":11,"turns":6},{"damage":12,"enemies":"Looter","floor":12,"turns":4},{"damage":15,"enemies":"2 Fungi Beasts","floor":14,"turns":3},{"damage":26,"enemies":"The Guardian","floor":16,"turns":12},{"damage":49,"enemies":"Shell Parasite","floor":18,"turns":7},{"damage":26,"enemies":"Spheric Guardian","floor":21,"turns":5},{"damage":28,"enemies":"Snake Plant","floor":22,"turns":4},{"damage":30,"enemies":"Book of Stabbing","floor":23,"turns":2}],"seed_played":"4100996508633422719","potions_obtained":[{"floor":2,"key":"SteroidPotion"},{"floor":7,"key":"DistilledChaos"},{"floor":8,"key":"SteroidPotion"},{"floor":16,"key":"Weak Potion"},{"floor":21,"key":"SkillPotion"}],"is_trial":false,"path_per_floor":["M","M","?","M","?","R","E","M","T","R","M","M","R","M","R","B",null,"M","?","$","M","M","E"],"character_chosen":"IRONCLAD","items_purchased":["Double Tap"],"campfire_rested":3,"item_purchase_floors":[20],"current_hp_per_floor":[50,46,30,30,30,52,24,16,16,38,26,22,22,15,38,18,78,54,54,54,36,20,0,0],"gold":215,"neow_bonus":"RANDOM_COLORLESS_2","is_daily":false,"chose_seed":false,"campfire_upgraded":1,"win_rate":0.0,"timestamp":1611984409,"path_taken":["M","M","?","M","?","R","E","M","T","R","M","M","R","M","R","BOSS","M","?","?","M","M","E"],"items_purchased_type":["Card"],"build_version":"2020-12-22","purchased_purges":1,"victory":false,"max_hp_per_floor":[80,80,80,80,74,74,74,74,74,74,74,76,76,78,78,78,78,80,80,80,82,82,82,82],"card_choices":[{"not_picked":["Secret Technique","The Bomb"],"picked":"Apotheosis","floor":0},{"not_picked":["Warcry","Seeing Red","Anger"],"picked":"SKIP","floor":1},{"not_picked":["Wild Strike","Havoc","Heavy Blade"],"picked":"SKIP","floor":2},{"not_picked":["Cleave","Uppercut"],"picked":"Headbutt","floor":4},{"not_picked":["Rage","Evolve"],"picked":"Demon Form","floor":7},{"not_picked":["Power Through","Pummel"],"picked":"Dropkick","floor":8},{"not_picked":["Spot Weakness","Hemokinesis"],"picked":"Heavy Blade","floor":11},{"not_picked":["Carnage","Clash","Rage"],"picked":"Singing Bowl","floor":12},{"not_picked":["Headbutt","Intimidate","Cleave"],"picked":"Singing Bowl","floor":14},{"not_picked":["Offering","Bludgeon"],"picked":"Reaper","floor":16},{"not_picked":["Twin Strike","Havoc","Pummel"],"picked":"Singing Bowl","floor":18},{"not_picked":["Pommel Strike","Rupture","Clash"],"picked":"Singing Bowl","floor":21},{"not_picked":["Feel No Pain+1","Body Slam+1"],"picked":"Evolve","floor":22}],"player_experience":153657,"relics_obtained":[{"floor":7,"key":"Boot"},{"floor":9,"key":"Singing Bowl"}],"event_choices":[{"damage_healed":0,"gold_gain":0,"player_choice":"Entered Light","damage_taken":16,"max_hp_gain":0,"max_hp_loss":0,"event_name":"Shining Light","floor":3,"gold_loss":0,"cards_upgraded":["Apotheosis","Strike_R"]},{"damage_healed":0,"gold_gain":0,"player_choice":"Lose Max HP","damage_taken":0,"relics_obtained":["Golden Idol"],"max_hp_gain":0,"max_hp_loss":6,"event_name":"Golden Idol","floor":5,"gold_loss":0},{"cards_removed":["Strike_R"],"damage_healed":0,"gold_gain":0,"player_choice":"Gave Gold","damage_taken":0,"max_hp_gain":0,"max_hp_loss":0,"event_name":"Beggar","floor":19,"gold_loss":75}],"is_beta":false,"boss_relics":[{"not_picked":["Black Star","Coffee Dripper"],"picked":"Empty Cage"}],"items_purged_floors":[20],"is_endless":false,"potions_floor_spawned":[2,7,8,16,21],"killed_by":"Book of Stabbing","ascension_level":4}}