{"host":"l15sdf2mmi0nobpi","time":1611981607,"event":{"mods":["ATMod(°¢èªMod)","BaseMod","Highlight Path","Minty Spire (QoL Compilation)","Quick Restart","StSLib","¡¾¹¦ÄÜMod¡¿Neow½±Àø"],"gold_per_floor":[118,135,135,185,205,205,223,254,328,328,328,371,371,389,389,485,485,508,388,388],"floor_reached":19,"language":"ZHS","playtime":702,"items_purged":[],"score":354,"play_id":"b4090389-5124-4c15-9759-3056bd83d005","local_time":"20210130124007","is_ascension_mode":true,"campfire_choices":[{"data":"AT_ThreeBodyProblem","floor":6.0,"key":"SMITH"},{"floor":11.0,"key":"REST"},{"floor":13,"key":"REST"},{"floor":15,"key":"REST"}],"circlet_count":0,"master_deck":["AscendersBane","Strike_B","Strike_B","Strike_B","Strike_B","Defend_B","Defend_B","Defend_B","Defend_B","Zap","Dualcast","AT_ThreeBodyProblem+1","Ball Lightning","Coolheaded","Fusion","Cold Snap","Core Surge","Coolheaded"],"relics":["FrozenCore","AT_ATBox","StoneCalendar","Golden Idol","Prayer Wheel","Vajra"],"acts_visited":["Exordium","TheCity"],"potions_floor_usage":[12,16,16,18,19],"damage_taken":[{"damage":2.0,"enemies":"Cultist","floor":1.0,"turns":4.0},{"damage":7.0,"enemies":"2 Louse","floor":2.0,"turns":2.0},{"damage":2.0,"enemies":"Jaw Worm","floor":5.0,"turns":3.0},{"damage":31.0,"enemies":"Exordium Thugs","floor":7.0,"turns":5.0},{"damage":14.0,"enemies":"Lagavulin","floor":8.0,"turns":7.0},{"damage":18,"enemies":"3 Sentries","floor":12,"turns":7},{"damage":9,"enemies":"Blue Slaver","floor":14,"turns":4},{"damage":24,"enemies":"Slime Boss","floor":16,"turns":7},{"damage":14,"enemies":"3 Byrds","floor":18,"turns":6},{"damage":31,"enemies":"2 Thieves","floor":19,"turns":3}],"seed_played":"6675653611059898164","potions_obtained":[{"floor":2.0,"key":"LiquidMemories"},{"floor":8.0,"key":"Swift Potion"},{"floor":10.0,"key":"ColorlessPotion"},{"floor":14,"key":"CultistPotion"},{"floor":16,"key":"Explosive Potion"},{"floor":18,"key":"SkillPotion"}],"is_trial":false,"path_per_floor":["M","M","?","?","M","R","M","E","T","?","R","E","R","M","R","B",null,"M","M"],"character_chosen":"DEFECT","items_purchased":[],"campfire_rested":3,"item_purchase_floors":[],"current_hp_per_floor":[62,55,55,50,48,48,17,3,3,3,20,2,19,10,27,3,44,30,0,0],"gold":388,"neow_bonus":"ONE_RARE_RELIC","is_daily":false,"chose_seed":false,"campfire_upgraded":1,"win_rate":0.0,"timestamp":1611981607,"path_taken":["M","M","?","?","M","R","?","E","T","?","R","E","R","M","R","BOSS","M","?"],"items_purchased_type":[],"build_version":"2020-12-22","purchased_purges":0,"victory":false,"max_hp_per_floor":[64,64,58,58,58,58,58,58,58,58,58,58,58,58,58,58,58,58,58,58],"card_choices":[{"not_picked":["Hologram","AT_HeatAcrobatics"],"picked":"Ball Lightning","floor":1.0},{"not_picked":["Reinforced Body","Steam","AT_HeatAcrobatics"],"picked":"SKIP","floor":2.0},{"not_picked":["Redo","Steam Power"],"picked":"Coolheaded","floor":5.0},{"not_picked":["Compile Driver","Redo","Rebound"],"picked":"SKIP","floor":7.0},{"not_picked":["Gash","Melter"],"picked":"Fusion","floor":8.0},{"not_picked":["Scrape","Multi-Cast","AT_ThreeBodyProblem"],"picked":"SKIP","floor":12},{"not_picked":["AT_HeatAcrobatics","AT_RobotInSpace"],"picked":"Cold Snap","floor":14},{"not_picked":["Chaos","Barrage","Gash"],"picked":"SKIP","floor":14},{"not_picked":["Meteor Strike","Hyperbeam"],"picked":"Core Surge","floor":16},{"not_picked":["Rip and Tear","Go for the Eyes"],"picked":"Coolheaded","floor":18},{"not_picked":["AT_HeatAcrobatics","Chill","Compile Driver"],"picked":"SKIP","floor":18}],"player_experience":497347,"relics_obtained":[{"floor":8.0,"key":"Prayer Wheel"},{"floor":12,"key":"Vajra"}],"event_choices":[{"damage_healed":0.0,"max_hp_gain":0.0,"max_hp_loss":6.0,"gold_gain":0.0,"event_name":"Golden Idol","player_choice":"Lose Max HP","floor":3.0,"gold_loss":0.0,"damage_taken":0.0,"relics_obtained":["Golden Idol"]},{"damage_healed":0.0,"max_hp_gain":0.0,"max_hp_loss":0.0,"gold_gain":50.0,"event_name":"FaceTrader","player_choice":"Touch","floor":4.0,"gold_loss":0.0,"damage_taken":5.0},{"damage_healed":0.0,"max_hp_gain":0.0,"max_hp_loss":0.0,"gold_gain":0.0,"event_name":"Lab","player_choice":"Got Potions","floor":10.0,"gold_loss":0.0,"damage_taken":0.0}],"is_beta":false,"boss_relics":[{"not_picked":["SlaversCollar","Coffee Dripper"],"picked":"FrozenCore"}],"items_purged_floors":[],"is_endless":false,"potions_floor_spawned":[2,8,14,16,18],"killed_by":"2 Thieves","ascension_level":20}}