{"host":"5p9hybygolzp0efr","time":1611982989,"event":{"mods":["AchievementEnabler","BaseMod","Bestiary","Colored Map","Minty Spire (QoL Compilation)","Permanent Neow","Relic Stats","StSLib"],"gold_per_floor":[110,127,127,202,217,217,260,260,260,598,261,221,237,253,253,379,379,395,415,436,436,436,436,535,535,535,575,64,88,101,101,101,222,222,242,0,13,36,57,57,57,81,81,124,124,124,143,178,178,178],"floor_reached":51,"language":"ENG","playtime":3042,"items_purged":["Defend_B","Scrape"],"score":1082,"play_id":"ae4d7758-69ec-419a-bdf0-45323917a00f","local_time":"20210130130309","is_ascension_mode":true,"campfire_choices":[{"data":"Rip and Tear","floor":6.0,"key":"SMITH"},{"floor":8,"key":"REST"},{"data":"Glacier","floor":15,"key":"SMITH"},{"floor":23,"key":"REST"},{"data":"Biased Cognition","floor":25,"key":"SMITH"},{"data":"Consume","floor":32,"key":"SMITH"},{"data":"Capacitor","floor":41,"key":"SMITH"},{"data":"Coolheaded","floor":45,"key":"SMITH"},{"data":"Chill","floor":49,"key":"SMITH"}],"circlet_count":0,"master_deck":["Dualcast","Gash","Sweeping Beam","Injury","Rip and Tear+1","Gash","Glacier+1","Reinforced Body","Chill+1","Biased Cognition+1","Consume+1","Coolheaded+1","Defragment","Stack","Leap","All For One","Capacitor+1","Streamline","Multi-Cast","Sweeping Beam","Self Repair","Barrage+1","Go for the Eyes+1","Defragment+1","Parasite","Skim","Melter+1"],"relics":["Philosopher\u0027s Stone","Golden Idol","CaptainsWheel","Du-Vu Doll","Old Coin","MealTicket","Pandora\u0027s Box","Mercury Hourglass","Orichalcum","Gremlin Horn","Lee\u0027s Waffle","Sozu","Cables","Toy Ornithopter","TungstenRod","Sundial"],"acts_visited":["Exordium","TheCity","TheBeyond"],"potions_floor_usage":[10,16,33,47,50,50],"damage_taken":[{"damage":0.0,"enemies":"Jaw Worm","floor":1.0,"turns":3.0},{"damage":0.0,"enemies":"Small Slimes","floor":2.0,"turns":3.0},{"damage":2.0,"enemies":"Cultist","floor":5.0,"turns":3.0},{"damage":35,"enemies":"3 Sentries","floor":7,"turns":7},{"damage":17,"enemies":"Gremlin Nob","floor":10,"turns":3},{"damage":3,"enemies":"Gremlin Gang","floor":13,"turns":3},{"damage":0,"enemies":"Exordium Wildlife","floor":14,"turns":3},{"damage":15,"enemies":"Hexaghost","floor":16,"turns":9},{"damage":28,"enemies":"3 Byrds","floor":18,"turns":5},{"damage":16,"enemies":"Shell Parasite","floor":19,"turns":4},{"damage":11,"enemies":"Snecko","floor":20,"turns":6},{"damage":20,"enemies":"Gremlin Leader","floor":27,"turns":6},{"damage":10,"enemies":"Centurion and Healer","floor":29,"turns":6},{"damage":8,"enemies":"Chosen and Byrds","floor":30,"turns":6},{"damage":33,"enemies":"Champ","floor":33,"turns":15},{"damage":0,"enemies":"3 Darklings","floor":35,"turns":6},{"damage":0,"enemies":"3 Shapes","floor":37,"turns":3},{"damage":6,"enemies":"Writhing Mass","floor":38,"turns":11},{"damage":1,"enemies":"Sphere and 2 Shapes","floor":39,"turns":6},{"damage":9,"enemies":"3 Darklings","floor":42,"turns":5},{"damage":0,"enemies":"Reptomancer","floor":44,"turns":6},{"damage":0,"enemies":"Transient","floor":47,"turns":5},{"damage":3,"enemies":"Giant Head","floor":48,"turns":10},{"damage":13,"enemies":"Awakened One","floor":50,"turns":14}],"seed_played":"-7585116620401948700","potions_obtained":[{"floor":7,"key":"PowerPotion"},{"floor":12,"key":"FearPotion"},{"floor":12,"key":"Strength Potion"},{"floor":12,"key":"Fire Potion"},{"floor":27,"key":"Fire Potion"},{"floor":33,"key":"ColorlessPotion"}],"is_trial":false,"path_per_floor":["M","M","?","?","M","R","E","R","T","E","$","?","M","M","R","B",null,"M","M","M","?","?","R","?","R","T","E","$","M","M","$","R","B",null,"M","$","M","M","M","?","R","M","T","E","R","?","M","E","R","B",null],"character_chosen":"DEFECT","items_purchased":["MealTicket","Scrape","Reinforced Body","Gremlin Horn","Lee\u0027s Waffle","Cables"],"campfire_rested":2,"item_purchase_floors":[11,11,11,28,28,36],"current_hp_per_floor":[68,68,68,57,55,55,20,42,42,25,25,25,22,22,22,7,58,30,14,3,3,3,25,25,25,25,5,82,79,78,82,82,56,76,82,82,82,82,82,78,78,76,76,78,78,78,78,78,78,77],"gold":178,"neow_bonus":"BOSS_RELIC","is_daily":false,"chose_seed":false,"campfire_upgraded":7,"win_rate":0.0,"timestamp":1611982989,"path_taken":["M","M","?","?","M","R","E","R","T","E","$","?","?","M","R","BOSS","M","?","M","?","?","R","?","R","T","E","?","?","M","$","R","BOSS","M","$","M","M","M","?","R","M","T","E","R","?","M","E","R","BOSS"],"items_purchased_type":["Relic","Card","Card","Relic","Relic","Relic"],"build_version":"2020-12-22","purchased_purges":2,"victory":true,"max_hp_per_floor":[75,75,75,75,75,75,75,75,75,75,75,75,75,75,75,75,75,75,75,75,75,75,75,75,75,75,75,82,82,82,82,82,82,82,82,82,82,82,82,78,78,78,78,78,78,78,78,78,78,78],"relic_stats":{"Lee\u0027s Waffle":62,"Gremlin Horn":[18,18],"counters":[24,147],"Golden Idol":167,"Orichalcum":[174],"Mercury Hourglass":[384],"Cables":[49,0,49,0,0],"Sozu":5,"Sundial":[2],"MealTicket":19,"Pandora\u0027s Box":["Consume","Coolheaded","Defragment","Hyperbeam","Stack","Leap","All For One"],"obtain_stats":[{"Lee\u0027s Waffle":28,"Gremlin Horn":28,"Golden Idol":3,"Orichalcum":27,"Smiling Mask":31,"Old Coin":10,"Mercury Hourglass":26,"Cables":36,"Du-Vu Doll":9,"Sozu":34,"CaptainsWheel":7,"Sundial":48,"Philosopher\u0027s Stone":0,"MealTicket":11,"Pandora\u0027s Box":17,"Cracked Core":0,"Toy Ornithopter":43,"TungstenRod":44},{"Lee\u0027s Waffle":12,"Gremlin Horn":12,"Golden Idol":2,"Orichalcum":12,"Smiling Mask":14,"Old Coin":5,"Mercury Hourglass":11,"Cables":16,"Du-Vu Doll":4,"Sozu":15,"CaptainsWheel":4,"Sundial":23,"Philosopher\u0027s Stone":0,"MealTicket":5,"Pandora\u0027s Box":8,"Cracked Core":0,"Toy Ornithopter":20,"TungstenRod":21},{"Lee\u0027s Waffle":55,"Gremlin Horn":55,"Golden Idol":6,"Orichalcum":55,"Smiling Mask":67,"Old Coin":19,"Mercury Hourglass":49,"Cables":88,"Du-Vu Doll":16,"Sozu":82,"CaptainsWheel":16,"Sundial":133,"Philosopher\u0027s Stone":0,"MealTicket":19,"Pandora\u0027s Box":34,"Cracked Core":0,"Toy Ornithopter":112,"TungstenRod":118}],"Toy Ornithopter":5,"TungstenRod":2},"card_choices":[{"not_picked":["Steam","Sweeping Beam"],"picked":"Gash","floor":1.0},{"not_picked":["Capacitor","Steam Power"],"picked":"Sweeping Beam","floor":2.0},{"not_picked":["Storm","Beam Cell"],"picked":"Rip and Tear","floor":5.0},{"not_picked":["Sweeping Beam","Static Discharge"],"picked":"Gash","floor":7},{"not_picked":["Redo","Cold Snap"],"picked":"Glacier","floor":10},{"not_picked":["Blizzard","Barrage","Rebound"],"picked":"SKIP","floor":13},{"not_picked":["Rainbow","Force Field"],"picked":"Chill","floor":14},{"not_picked":["Thunder Strike","Machine Learning"],"picked":"Biased Cognition","floor":16},{"not_picked":["Force Field","Rip and Tear","Undo"],"picked":"SKIP","floor":18},{"not_picked":["Rip and Tear","Barrage+1"],"picked":"Capacitor","floor":19},{"not_picked":["Stack+1","Sunder"],"picked":"Streamline","floor":20},{"not_picked":["Defragment+1","Heatsinks+1"],"picked":"Self Repair","floor":27},{"not_picked":["Undo","Chaos"],"picked":"Barrage+1","floor":29},{"not_picked":["Stack","Hello World+1"],"picked":"Go for the Eyes+1","floor":30},{"not_picked":["Streamline","Sweeping Beam+1"],"picked":"Defragment+1","floor":35},{"not_picked":["Streamline+1","Stack+1","Reinforced Body+1"],"picked":"SKIP","floor":37},{"not_picked":["Coolheaded","Sunder"],"picked":"Skim","floor":38},{"not_picked":["Beam Cell+1","Compile Driver+1"],"picked":"Melter+1","floor":39},{"not_picked":["Steam+1","Sweeping Beam","Chaos"],"picked":"SKIP","floor":42},{"not_picked":["Streamline+1","Seek","Undo"],"picked":"SKIP","floor":44},{"not_picked":["Aggregate","Double Energy+1","Redo"],"picked":"SKIP","floor":47},{"not_picked":["Go for the Eyes","Compile Driver","Turbo"],"picked":"SKIP","floor":48}],"player_experience":563468,"relics_obtained":[{"floor":7,"key":"CaptainsWheel"},{"floor":9,"key":"Du-Vu Doll"},{"floor":10,"key":"Old Coin"},{"floor":26,"key":"Mercury Hourglass"},{"floor":27,"key":"Orichalcum"},{"floor":43,"key":"Toy Ornithopter"},{"floor":44,"key":"TungstenRod"},{"floor":48,"key":"Sundial"}],"event_choices":[{"damage_healed":0.0,"max_hp_gain":0.0,"max_hp_loss":0.0,"gold_gain":0.0,"event_name":"Golden Idol","player_choice":"Take Wound","floor":3.0,"gold_loss":0.0,"damage_taken":0.0,"relics_obtained":["Golden Idol"],"cards_obtained":["Injury"]},{"damage_healed":0.0,"max_hp_gain":0.0,"max_hp_loss":0.0,"gold_gain":75.0,"event_name":"World of Goop","player_choice":"Gather Gold","floor":4.0,"gold_loss":0.0,"damage_taken":11.0},{"damage_healed":0,"gold_gain":0,"player_choice":"Bought 3 Potions","damage_taken":0,"max_hp_gain":0,"max_hp_loss":0,"event_name":"The Woman in Blue","floor":12,"gold_loss":0},{"damage_healed":0,"gold_gain":0,"player_choice":"Ignored","damage_taken":0,"max_hp_gain":0,"max_hp_loss":0,"event_name":"Cursed Tome","floor":21,"gold_loss":0},{"damage_healed":0,"gold_gain":0,"cards_transformed":["Zap","Hyperbeam"],"player_choice":"Became Test Subject","damage_taken":0,"max_hp_gain":0,"max_hp_loss":0,"event_name":"Drug Dealer","floor":22,"gold_loss":0,"cards_obtained":["Multi-Cast","Sweeping Beam"]},{"damage_healed":0,"gold_gain":99,"player_choice":"Stole From Cult","damage_taken":0,"max_hp_gain":0,"max_hp_loss":0,"event_name":"Nest","floor":24,"gold_loss":0},{"damage_healed":0,"gold_gain":0,"player_choice":"Max HP","damage_taken":0,"max_hp_gain":0,"max_hp_loss":4,"event_name":"Winding Halls","floor":40,"gold_loss":0},{"damage_healed":0,"gold_gain":0,"player_choice":"Ignored","damage_taken":0,"max_hp_gain":0,"max_hp_loss":0,"event_name":"The Moai Head","floor":46,"gold_loss":0}],"is_beta":false,"boss_relics":[{"not_picked":["Calling Bell","Cursed Key"],"picked":"Pandora\u0027s Box"},{"not_picked":["SacredBark","Black Star"],"picked":"Sozu"}],"items_purged_floors":[11,28],"is_endless":false,"potions_floor_spawned":[7,13,27,30,33,35,37,39,44,47],"ascension_level":9}}