{"host":"zzf13dk0jcen0ncv","time":1611998248,"event":{"mods":["AchievementEnabler","BaseMod","BetterRewards","Colored Map","Keyboard Shortcuts","Minty Spire (QoL Compilation)","Quick Restart","Shop Mod","StSLib","SuperFastMode","Waifu the Spire"],"gold_per_floor":[115,135,154,169,184,214,214,231,254,283,283,300,3,16,16,95,95,108,108,33,44,44,44,76,76,99,132,132,88,105,19,19,96,96,114,132,132,132,148,148,148],"floor_reached":40,"language":"KOR","playtime":1048,"items_purged":["Strike_B","Strike_B"],"score":1301,"play_id":"8f114688-ccfa-4650-83b0-aee03f97bc3d","local_time":"20210130181728","is_ascension_mode":true,"campfire_choices":[{"data":"Turbo","floor":7,"key":"SMITH"},{"data":"Turbo","floor":11,"key":"SMITH"},{"data":"Seeing Red","floor":15,"key":"SMITH"},{"data":"Fission","floor":23,"key":"SMITH"},{"data":"Heatsinks","floor":25,"key":"SMITH"},{"data":"Storm","floor":32,"key":"SMITH"}],"circlet_count":0,"master_deck":["AscendersBane","Defend_B","Defend_B","Defend_B","Defend_B","Zap","Dualcast","Meteor Strike","Electrodynamics","Genetic Algorithm","Steam Power","Trip","Self Repair","Steam Power","Turbo+1","Loop","Turbo+1","Heatsinks+1","Coolheaded","Tempest","White Noise","Coolheaded","Aggregate","Storm+1","White Noise","Chill","Doom and Gloom","Reinforced Body","Go for the Eyes","Cold Snap","Meteor Strike","Blizzard","Electrodynamics","Undo","Undo","Self Repair","Seeing Red+1","Fission+1","Tempest","Body Slam","Capacitor","Static Discharge","Biased Cognition","Reinforced Body","Double Energy"],"relics":["Cracked Core","Dream Catcher","Ornamental Fan","MealTicket","ClockworkSouvenir","Thread and Needle","DollysMirror","Oddly Smooth Stone","Orrery","TungstenRod","Art of War","OrangePellets","Bag of Preparation","Strawberry","Kunai","PrismaticShard","SacredBark","Bronze Scales","Boot","Bag of Marbles","Philosopher\u0027s Stone"],"acts_visited":["Exordium","TheCity","TheBeyond"],"potions_floor_usage":[27],"damage_taken":[{"damage":4,"enemies":"2 Louse","floor":1,"turns":3},{"damage":0,"enemies":"Small Slimes","floor":2,"turns":3},{"damage":3,"enemies":"Jaw Worm","floor":3,"turns":3},{"damage":3,"enemies":"Exordium Wildlife","floor":4,"turns":4},{"damage":10,"enemies":"Red Slaver","floor":5,"turns":3},{"damage":7,"enemies":"Gremlin Nob","floor":6,"turns":3},{"damage":9,"enemies":"3 Louse","floor":8,"turns":3},{"damage":5,"enemies":"3 Sentries","floor":10,"turns":7},{"damage":0,"enemies":"2 Fungi Beasts","floor":12,"turns":3},{"damage":0,"enemies":"Exordium Wildlife","floor":14,"turns":3},{"damage":15,"enemies":"Hexaghost","floor":16,"turns":7},{"damage":4,"enemies":"Shell Parasite","floor":18,"turns":6},{"damage":23,"enemies":"3 Byrds","floor":21,"turns":3},{"damage":13,"enemies":"Gremlin Leader","floor":24,"turns":4},{"damage":0,"enemies":"Slavers","floor":27,"turns":1},{"damage":0,"enemies":"Snecko","floor":30,"turns":3},{"damage":36,"enemies":"Automaton","floor":33,"turns":7},{"damage":0,"enemies":"3 Darklings","floor":35,"turns":2},{"damage":4,"enemies":"Orb Walker","floor":36,"turns":2},{"damage":4,"enemies":"Writhing Mass","floor":39,"turns":2},{"damage":87,"enemies":"Reptomancer","floor":40,"turns":2}],"seed_played":"7054687375725353080","potions_obtained":[{"floor":1,"key":"Strength Potion"},{"floor":6,"key":"Weak Potion"},{"floor":12,"key":"GamblersBrew"},{"floor":14,"key":"Energy Potion"},{"floor":16,"key":"EssenceOfDarkness"},{"floor":18,"key":"DistilledChaos"},{"floor":36,"key":"Energy Potion"}],"is_trial":false,"path_per_floor":["M","M","M","M","M","E","R","M","T","E","R","M","$","M","R","B",null,"M","$","?","M","?","R","E","R","T","E","?","$","M","$","R","B",null,"M","M","$","?","M","E"],"character_chosen":"DEFECT","items_purchased":["Meteor Strike","Electrodynamics","Dream Catcher","Ornamental Fan","Genetic Algorithm","Steam Power","Trip","MealTicket","ClockworkSouvenir","Self Repair","Steam Power","Turbo","Loop","Thread and Needle","DollysMirror","Heatsinks","Oddly Smooth Stone","Orrery","TungstenRod","Storm","Art of War","White Noise","OrangePellets","Chill","PrismaticShard","Undo","Self Repair","Capacitor","Static Discharge"],"campfire_rested":0,"item_purchase_floors":[0,0,0,0,0,0,0,0,0,0,0,0,0,0,0,0,0,0,0,0,0,0,0,0,13,13,13,29,31],"current_hp_per_floor":[67,71,71,71,61,54,54,45,52,54,54,61,76,78,78,77,78,78,78,78,69,69,69,63,63,63,70,49,64,64,79,79,50,75,75,71,83,83,79,0,0],"gold":148,"neow_bonus":"","is_daily":false,"chose_seed":false,"campfire_upgraded":6,"win_rate":0.0,"timestamp":1611998248,"path_taken":["M","M","M","M","M","E","R","M","T","E","R","M","$","M","R","BOSS","M","$","?","M","?","R","E","R","T","E","?","?","M","$","R","BOSS","M","M","$","?","M","E"],"items_purchased_type":["Card","Card","Relic","Relic","Card","Card","Card","Relic","Relic","Card","Card","Card","Card","Relic","Relic","Card","Relic","Relic","Relic","Card","Relic","Card","Relic","Card","Relic","Card","Card","Card","Card"],"build_version":"2020-12-22","purchased_purges":2,"victory":false,"max_hp_per_floor":[71,71,71,71,71,71,71,71,78,78,78,78,78,78,78,78,78,78,78,78,78,78,78,78,78,78,78,83,83,83,83,83,83,83,83,83,83,83,83,83,83],"card_choices":[{"not_picked":["Beam Cell","Compile Driver"],"picked":"Coolheaded","floor":0},{"not_picked":["Coolheaded","Redo"],"picked":"Tempest","floor":0},{"not_picked":["Conserve Battery","Sweeping Beam"],"picked":"White Noise","floor":0},{"not_picked":["Thunder Strike","Barrage"],"picked":"Coolheaded","floor":0},{"not_picked":["Hologram","Hello World"],"picked":"Aggregate","floor":0},{"not_picked":["Coolheaded","Defragment"],"picked":"Doom and Gloom","floor":1},{"not_picked":["Aggregate","Stack"],"picked":"Reinforced Body","floor":2},{"not_picked":["Barrage","Scrape"],"picked":"Go for the Eyes","floor":3},{"not_picked":["Beam Cell","Go for the Eyes","Rebound"],"picked":"SKIP","floor":4},{"not_picked":["Steam","Redo"],"picked":"Cold Snap","floor":5},{"not_picked":["Hologram","Barrage"],"picked":"Meteor Strike","floor":6},{"not_picked":["Steam","Aggregate"],"picked":"Blizzard","floor":8},{"not_picked":["Ball Lightning","Sweeping Beam"],"picked":"Electrodynamics","floor":10},{"not_picked":["Barrage","Chaos"],"picked":"Undo","floor":12},{"not_picked":["Inflame","Iron Wave"],"picked":"Seeing Red","floor":14},{"not_picked":["Multi-Cast","Bludgeon"],"picked":"Fission","floor":16},{"not_picked":["EmptyFist","PathToVictory","Beam Cell"],"picked":"SKIP","floor":18},{"not_picked":["Perfected Strike","Crescendo+1"],"picked":"Tempest","floor":21},{"not_picked":["Sanctity","Reflex"],"picked":"Body Slam","floor":24},{"not_picked":["Spot Weakness","Blade Dance","Chaos"],"picked":"SKIP","floor":27},{"not_picked":["Compile Driver","WaveOfTheHand","Secret Weapon"],"picked":"SKIP","floor":30},{"not_picked":["Feed","Magnetism"],"picked":"Biased Cognition","floor":33},{"not_picked":["Halt","Quick Slash"],"picked":"Reinforced Body","floor":35},{"not_picked":["Cleave","Blind+1"],"picked":"Double Energy","floor":36},{"not_picked":["Flechettes","Thunderclap","Dagger Spray"],"picked":"SKIP","floor":39}],"player_experience":933214,"relics_obtained":[{"floor":6,"key":"Bag of Preparation"},{"floor":9,"key":"Strawberry"},{"floor":10,"key":"Kunai"},{"floor":24,"key":"Bronze Scales"},{"floor":26,"key":"Boot"},{"floor":27,"key":"Bag of Marbles"}],"event_choices":[{"cards_removed":["Strike_B"],"damage_healed":0,"gold_gain":0,"player_choice":"Gave Gold","damage_taken":0,"max_hp_gain":0,"max_hp_loss":0,"event_name":"Beggar","floor":20,"gold_loss":75},{"damage_healed":0,"gold_gain":0,"player_choice":"Ignored","damage_taken":0,"max_hp_gain":0,"max_hp_loss":0,"event_name":"Ghosts","floor":22,"gold_loss":0},{"damage_healed":0,"gold_gain":0,"player_choice":"Shed Blood","damage_taken":27,"max_hp_gain":5,"max_hp_loss":0,"event_name":"Forgotten Altar","floor":28,"gold_loss":0},{"cards_removed":["Strike_B"],"damage_healed":0,"gold_gain":0,"player_choice":"Purged","damage_taken":0,"max_hp_gain":0,"max_hp_loss":0,"event_name":"Purifier","floor":38,"gold_loss":0}],"is_beta":false,"boss_relics":[{"not_picked":["Sozu","Calling Bell"],"picked":"SacredBark"},{"not_picked":["Runic Pyramid","Cursed Key"],"picked":"Philosopher\u0027s Stone"}],"items_purged_floors":[0,0],"is_endless":false,"potions_floor_spawned":[1,6,12,14,16,18,36],"killed_by":"Reptomancer","ascension_level":20}}