{"host":"klrvvo16pazy794l","time":1611969585,"event":{"mods":["BaseMod","Minty Spire (QoL Compilation)"],"gold_per_floor":[115,115,131,131,206,232,232,262,262,282,282,13,27,27,27,27,27],"floor_reached":16,"language":"ENG","playtime":603,"items_purged":["Pain"],"score":220,"play_id":"1acc3536-8fab-4cd7-a967-077f6aef1dd4","local_time":"20210129191945","is_ascension_mode":true,"campfire_choices":[{"data":"PathToVictory","floor":7,"key":"SMITH"},{"floor":11,"key":"REST"},{"floor":15,"key":"REST"}],"circlet_count":0,"master_deck":["Strike_P","Strike_P","Strike_P","Strike_P","Defend_P","Defend_P","Defend_P","Defend_P","Eruption","Vigilance","Meditate","PathToVictory+1","PathToVictory+1","Scrawl","DeceiveReality+1"],"relics":["PureWater","NeowsBlessing","WarpedTongs","Pantograph","Damaru","Matryoshka","Question Card","PreservedInsect"],"acts_visited":["Exordium"],"potions_floor_usage":[8,16,16],"damage_taken":[{"damage":0,"enemies":"2 Louse","floor":1,"turns":1},{"damage":1,"enemies":"Cultist","floor":3,"turns":1},{"damage":0,"enemies":"Lagavulin","floor":6,"turns":1},{"damage":21,"enemies":"Gremlin Nob","floor":8,"turns":3},{"damage":17,"enemies":"Small Slimes","floor":10,"turns":2},{"damage":9,"enemies":"2 Fungi Beasts","floor":13,"turns":2},{"damage":68,"enemies":"Slime Boss","floor":16,"turns":10}],"seed_played":"-5104819625245364045","potions_obtained":[{"floor":1,"key":"AttackPotion"},{"floor":6,"key":"LiquidBronze"}],"is_trial":false,"path_per_floor":["M","?","M","?","?","E","R","E","T","M","R","$","M","?","R","B"],"character_chosen":"WATCHER","items_purchased":["PreservedInsect","SkillPotion"],"campfire_rested":2,"item_purchase_floors":[12,12],"current_hp_per_floor":[72,72,71,68,57,57,57,36,36,19,40,40,31,17,38,0,0],"gold":27,"neow_bonus":"THREE_ENEMY_KILL","is_daily":false,"chose_seed":false,"campfire_upgraded":1,"win_rate":0.0,"timestamp":1611969585,"path_taken":["M","?","?","?","?","E","R","E","T","M","R","$","M","?","R","BOSS"],"items_purchased_type":["Relic","Potion"],"build_version":"2020-12-22","purchased_purges":1,"victory":false,"max_hp_per_floor":[72,72,72,72,72,72,72,72,72,72,72,72,72,72,72,72,72],"card_choices":[{"not_picked":["SignatureMove","Wireheading"],"picked":"Meditate","floor":1},{"not_picked":["Indignation","EmptyBody"],"picked":"PathToVictory","floor":3},{"not_picked":["Evaluate","Crescendo"],"picked":"PathToVictory","floor":6},{"not_picked":["EmptyFist","ThirdEye"],"picked":"Scrawl","floor":8},{"not_picked":["ThirdEye","Tantrum","Perseverance","CarveReality"],"picked":"SKIP","floor":10},{"not_picked":["Wallop","Halt","SandsOfTime"],"picked":"DeceiveReality","floor":13}],"player_experience":471307,"relics_obtained":[{"floor":6,"key":"Damaru"},{"floor":8,"key":"Matryoshka"},{"floor":9,"key":"Question Card"}],"event_choices":[{"damage_healed":0,"gold_gain":0,"player_choice":"Rummage","damage_taken":0,"relics_obtained":["WarpedTongs"],"max_hp_gain":0,"max_hp_loss":0,"event_name":"Accursed Blacksmith","floor":2,"gold_loss":0,"cards_obtained":["Pain"]},{"damage_healed":0,"gold_gain":0,"player_choice":"Success","damage_taken":3,"relics_obtained":["Pantograph"],"max_hp_gain":0,"max_hp_loss":0,"event_name":"Scrap Ooze","floor":4,"gold_loss":0},{"damage_healed":0,"gold_gain":75,"player_choice":"Gather Gold","damage_taken":11,"max_hp_gain":0,"max_hp_loss":0,"event_name":"World of Goop","floor":5,"gold_loss":0},{"damage_healed":0,"gold_gain":0,"player_choice":"Entered Light","damage_taken":14,"max_hp_gain":0,"max_hp_loss":0,"event_name":"Shining Light","floor":14,"gold_loss":0,"cards_upgraded":["PathToVictory","DeceiveReality"]}],"is_beta":false,"boss_relics":[],"items_purged_floors":[12],"is_endless":false,"potions_floor_spawned":[1,6],"killed_by":"Slime Boss","ascension_level":4}}