{"host":"uvmuduost5bzvojs","time":1611981089,"event":{"mods":["Aspiration","Bard","BaseMod","Better Match","Block Reminder","Conspire","Hermit","Highlight Path","Hubris","Infinite Spire","Jorbs\u0027s Wanderer Trilogy","Mad Scientist","Marisa????????","Mimic Mod","Minty Spire (QoL Compilation)","Potionbrewer","Replay The Spire","Robot Space Explorer","StSLib","The Blackbeard","The Construct","The Cursed","The Disciple","The Hayseed","The Hierophant","The Juggle","The Jungle","The Poker Player","The Runesmith","The Servant 0.9.4","The Spell Scribe","The Valiant","TheBandit"],"gold_per_floor":[10,10,33,33,51,51,67,87,87,119,136,163,173,31,31,133,133,151,163,174,192,291,291,319,319,359,359,359,359,359],"floor_reached":28,"language":"ENG","playtime":1582,"items_purged":["blackbeard:BlackbeardStrike"],"score":277,"play_id":"5f492e47-2292-4428-a0ac-3dcd232685bc","local_time":"20210129233129","is_ascension_mode":false,"campfire_choices":[{"data":"blackbeard:Provisioning","floor":6,"key":"SMITH"},{"floor":15,"key":"REST"},{"data":"blackbeard:InfiniteBarrage","floor":23,"key":"SMITH"},{"data":"blackbeard:Fencing","floor":25,"key":"SMITH"}],"circlet_count":0,"master_deck":["blackbeard:IntimidatingStrike","blackbeard:BlackbeardDefend","blackbeard:BlackbeardDefend","blackbeard:BlackbeardDefend","blackbeard:BlackbeardDefend","blackbeard:Cutlass","blackbeard:WiseDefense","blackbeard:Provisioning+1","blackbeard:Sword","blackbeard:Fencing+1","blackbeard:SwordDance","blackbeard:CannonballSupply","blackbeard:RearmingStrike","blackbeard:AgileStrike","blackbeard:RearmingStrike","blackbeard:SwordDance","blackbeard:DoubleCannonball","blackbeard:CatONineTails","blackbeard:FinalBarrage","blackbeard:BlindAttacks+1","blackbeard:CloakAndCannonball+1","blackbeard:Scrap","blackbeard:InfiniteBarrage+1","blackbeard:WeaponProficiency+1"],"relics":["blackbeard:LoadTheCannons","hubris:Icosahedron","Counterbalance","Shuriken","Bronze Scales","Black Star","Thread and Needle","Lantern","aspiration:FrozenJewel"],"acts_visited":["Exordium","TheCity"],"potions_floor_usage":[3,5,5,7,7,8,10,10,12,12,13,13,16,16,18,18,18,19,19,20,21,24,24,24,26,26,28,28],"damage_taken":[{"damage":12,"enemies":"Jaw Worm","floor":1,"turns":5},{"damage":9,"enemies":"2 Louse","floor":3,"turns":3},{"damage":3,"enemies":"Small Slimes","floor":5,"turns":5},{"damage":2,"enemies":"2 Fungi Beasts","floor":7,"turns":5},{"damage":10,"enemies":"Exordium Thugs","floor":8,"turns":4},{"damage":0,"enemies":"3 Sentries","floor":10,"turns":7},{"damage":0,"enemies":"3 Louse","floor":11,"turns":1},{"damage":23,"enemies":"Gremlin Nob","floor":12,"turns":5},{"damage":6,"enemies":"2 Fungi Beasts","floor":13,"turns":2},{"damage":21,"enemies":"Hexaghost","floor":16,"turns":5},{"damage":8,"enemies":"3 Byrds","floor":18,"turns":2},{"damage":1,"enemies":"Spheric Guardian","floor":19,"turns":4},{"damage":3,"enemies":"Cultist and Chosen","floor":20,"turns":3},{"damage":20,"enemies":"Centurion and Healer","floor":21,"turns":5},{"damage":26,"enemies":"Gremlin Leader","floor":24,"turns":5},{"damage":4,"enemies":"3 Cultists","floor":26,"turns":5},{"damage":17,"enemies":"3 Cultists","floor":28,"turns":3}],"seed_played":"-4257847045702480933","potions_obtained":[{"floor":1,"key":"Swift Potion"},{"floor":3,"key":"Dexterity Potion"},{"floor":5,"key":"SpeedPotion"},{"floor":12,"key":"blackbeard:OrangeJuicePotion"},{"floor":18,"key":"FearPotion"},{"floor":19,"key":"CultistPotion"},{"floor":24,"key":"potionbrewer:NoxiousPotion"}],"is_trial":false,"path_per_floor":["M","?","M","?","M","R","M","M","T","E","M","E","M","$","R","B",null,"M","M","M","M","?","R","E","R","MIM","?","M"],"character_chosen":"BLACKBEARD_CLASS","items_purchased":["blackbeard:CatONineTails"],"campfire_rested":1,"item_purchase_floors":[14],"current_hp_per_floor":[63,56,47,47,44,44,42,32,32,32,32,9,11,11,33,12,75,67,66,63,43,43,43,17,17,13,13,0,0,0],"gold":359,"neow_bonus":"TRANSFORM_TWO_CARDS","is_daily":false,"chose_seed":false,"campfire_upgraded":3,"win_rate":0.0,"timestamp":1611981089,"path_taken":["M","?","M","?","M","R","M","M","T","E","M","E","?","$","R","BOSS","M","M","M","M","?","R","E","R","MIM","?","?"],"items_purchased_type":["Card"],"build_version":"2020-12-22","purchased_purges":1,"victory":false,"max_hp_per_floor":[75,75,75,75,75,75,75,75,75,75,75,75,75,75,75,75,75,75,75,75,75,75,75,75,75,75,75,75,75,75],"card_choices":[{"not_picked":["blackbeard:PirateEarring","blackbeard:Dagger"],"picked":"blackbeard:Sword","floor":1},{"not_picked":["blackbeard:GoldenStrike","blackbeard:CaptainsCabin"],"picked":"blackbeard:Fencing","floor":3},{"not_picked":["blackbeard:Toast","blackbeard:ArmorUp"],"picked":"blackbeard:SwordDance","floor":5},{"not_picked":["blackbeard:TacticalRetreat","blackbeard:DelayedPain"],"picked":"blackbeard:CannonballSupply","floor":7},{"not_picked":["blackbeard:Dagger","blackbeard:TacticalRetreat"],"picked":"blackbeard:RearmingStrike","floor":8},{"not_picked":["blackbeard:Lifeboat","blackbeard:Upgrade"],"picked":"blackbeard:AgileStrike","floor":10},{"not_picked":["blackbeard:BeatUp","blackbeard:WiseDefense"],"picked":"blackbeard:RearmingStrike","floor":11},{"not_picked":["blackbeard:RemoveScurvy","blackbeard:Anchor"],"picked":"blackbeard:SwordDance","floor":12},{"not_picked":["blackbeard:Rum","blackbeard:FishingNets"],"picked":"blackbeard:DoubleCannonball","floor":13},{"not_picked":["blackbeard:ReapersScythe","blackbeard:Halberd"],"picked":"blackbeard:FinalBarrage","floor":16},{"not_picked":["blackbeard:TacticalRetreat","blackbeard:JollyRoger"],"picked":"blackbeard:BlindAttacks+1","floor":18},{"not_picked":["blackbeard:CatONineTails","blackbeard:DeadlyArsenal"],"picked":"blackbeard:CloakAndCannonball+1","floor":19},{"not_picked":["blackbeard:TacticalRetreat","blackbeard:Anchor"],"picked":"blackbeard:Scrap","floor":20},{"not_picked":["blackbeard:Toast+1","blackbeard:GoldenStrike"],"picked":"blackbeard:InfiniteBarrage","floor":21},{"not_picked":["blackbeard:RemoveScurvy","blackbeard:DangerousBlow","blackbeard:SmithingHammer"],"picked":"SKIP","floor":24},{"not_picked":["blackbeard:GoldenDefense","blackbeard:Dagger+1"],"picked":"blackbeard:WeaponProficiency","floor":26}],"player_experience":1925135,"relics_obtained":[{"floor":9,"key":"Counterbalance"},{"floor":10,"key":"Shuriken"},{"floor":12,"key":"Bronze Scales"},{"floor":24,"key":"Thread and Needle"},{"floor":24,"key":"Lantern"},{"floor":26,"key":"aspiration:FrozenJewel"}],"event_choices":[{"cards_removed":["blackbeard:BlackbeardStrike"],"damage_healed":0,"gold_gain":0,"player_choice":"Card Removal","damage_taken":7,"max_hp_gain":0,"max_hp_loss":0,"event_name":"Golden Wing","floor":2,"gold_loss":0},{"damage_healed":0,"gold_gain":99,"player_choice":"Stole From Cult","damage_taken":0,"max_hp_gain":0,"max_hp_loss":0,"event_name":"Nest","floor":22,"gold_loss":0}],"is_beta":false,"boss_relics":[{"not_picked":["aspiration:MobileForge","aspiration:RunesmithSkillbook"],"picked":"Black Star"}],"items_purged_floors":[14],"is_endless":false,"potions_floor_spawned":[1,3,5,10,12,18,19,24],"killed_by":"3 Cultists","ascension_level":0}}