{"host":"7tvb1em0d2fx72q7","time":1611988195,"event":{"mods":["BaseMod","Challenge The Spire","Minty Spire (QoL Compilation)","StSLib","everything is the same but u backflip on backflip"],"gold_per_floor":[110,123,134,134,15,15,30,30,30,61,61,82,97,97,97],"floor_reached":14,"language":"ENG","playtime":1320,"items_purged":[],"score":184,"play_id":"d60a3a9f-091e-4c76-8bb8-bcb6b0c183fa","local_time":"20210130012955","is_ascension_mode":true,"campfire_choices":[{"data":"Deadly Poison","floor":6,"key":"SMITH"},{"data":"Footwork","floor":8,"key":"SMITH"}],"circlet_count":0,"master_deck":["AscendersBane","Strike_G","Strike_G","Strike_G","Strike_G","Strike_G","Defend_G","Defend_G","Defend_G","Defend_G","Defend_G","Survivor","Neutralize","Deadly Poison+1","Infinite Blades","Infinite Blades","Footwork+1","Poisoned Stab","Terror","Pain","Envenom","Backflip"],"relics":["Ring of the Snake","Toy Ornithopter","Golden Idol","Ice Cream","The Courier","WarpedTongs"],"acts_visited":["Exordium"],"potions_floor_usage":[7,12,13,14,14],"damage_taken":[{"damage":2,"enemies":"Cultist","floor":1,"turns":5},{"damage":0,"enemies":"Jaw Worm","floor":2,"turns":4},{"damage":0,"enemies":"2 Louse","floor":3,"turns":4},{"damage":6,"enemies":"Exordium Thugs","floor":7,"turns":6},{"damage":4,"enemies":"Lagavulin","floor":10,"turns":6},{"damage":7,"enemies":"Blue Slaver","floor":12,"turns":4},{"damage":25,"enemies":"Gremlin Gang","floor":13,"turns":4},{"damage":35,"enemies":"Gremlin Nob","floor":14,"turns":3}],"seed_played":"-3517774371938134281","potions_obtained":[{"floor":1,"key":"Energy Potion"},{"floor":7,"key":"Explosive Potion"},{"floor":12,"key":"Fruit Juice"},{"floor":13,"key":"SkillPotion"}],"is_trial":false,"path_per_floor":["M","M","M","?","$","R","M","R","T","E","?","M","M","E"],"character_chosen":"THE_SILENT","items_purchased":["Footwork","Regen Potion"],"campfire_rested":0,"item_purchase_floors":[5,5],"current_hp_per_floor":[57,57,57,34,34,34,33,33,33,29,29,36,16,0,0],"gold":97,"neow_bonus":"RANDOM_COMMON_RELIC","is_daily":false,"chose_seed":false,"campfire_upgraded":2,"win_rate":0.0,"timestamp":1611988195,"path_taken":["M","M","M","?","$","R","M","R","T","E","?","M","M","E"],"items_purchased_type":["Card","Potion"],"build_version":"2020-12-22","purchased_purges":0,"victory":false,"max_hp_per_floor":[66,66,66,66,66,66,66,66,66,66,66,66,66,71,71],"card_choices":[{"not_picked":["Tactician","Bane"],"picked":"Deadly Poison","floor":1},{"not_picked":["Prepared","Acrobatics"],"picked":"Infinite Blades","floor":2},{"not_picked":["Accuracy","Caltrops"],"picked":"Infinite Blades","floor":3},{"not_picked":["Blade Dance","Bane"],"picked":"Poisoned Stab","floor":7},{"not_picked":["Acrobatics","Escape Plan"],"picked":"Terror","floor":10},{"not_picked":["Accuracy","Underhanded Strike"],"picked":"Envenom","floor":12},{"not_picked":["Prepared","Eviscerate"],"picked":"Backflip","floor":13}],"player_experience":1986447,"relics_obtained":[{"floor":9,"key":"Ice Cream"},{"floor":10,"key":"The Courier"}],"event_choices":[{"damage_healed":0,"gold_gain":0,"player_choice":"Take Damage","damage_taken":23,"relics_obtained":["Golden Idol"],"max_hp_gain":0,"max_hp_loss":0,"event_name":"Golden Idol","floor":4,"gold_loss":0},{"damage_healed":0,"gold_gain":0,"player_choice":"Rummage","damage_taken":0,"relics_obtained":["WarpedTongs"],"max_hp_gain":0,"max_hp_loss":0,"event_name":"Accursed Blacksmith","floor":11,"gold_loss":0,"cards_obtained":["Pain"]}],"is_beta":false,"boss_relics":[],"items_purged_floors":[],"is_endless":false,"potions_floor_spawned":[1,7,12,13],"killed_by":"Gremlin Nob","ascension_level":20}}