{"host":"ypphcgdomtfqpc2w","time":1611997964,"event":{"mods":["BaseMod","DeckTracker","Minty Spire (QoL Compilation)","Relic Stats","StSLib"],"gold_per_floor":[109,109,123,123,143,163,163,178,178,13,38,38,73,89,89,163,163,180,18,18,18,18,46,46,72,72,86,111,111,144,160,160,160,160],"floor_reached":33,"language":"ENG","playtime":1546,"items_purged":[],"score":816,"play_id":"8d338dac-4113-4fda-87d6-1ae3d95a4ca9","local_time":"20210130181244","is_ascension_mode":true,"campfire_choices":[{"data":"Perfected Strike","floor":7.0,"key":"SMITH"},{"data":"Pommel Strike","floor":12.0,"key":"SMITH"},{"data":"Shrug It Off","floor":15.0,"key":"SMITH"},{"floor":24.0,"key":"REST"},{"floor":32.0,"key":"RECALL"}],"circlet_count":0,"master_deck":["AscendersBane","Strike_R+1","Strike_R","Strike_R","Strike_R","Strike_R+1","Defend_R+1","Defend_R","Defend_R+1","Defend_R+1","Bash","Perfected Strike+1","Fire Breathing","Pommel Strike+1","Pommel Strike+1","Burning Pact","Shrug It Off+1","Fiend Fire","RitualDagger","Brutality","Thunderclap","Rage"],"relics":["Burning Blood","Ancient Tea Set","StrikeDummy","War Paint","Calipers","Charon\u0027s Ashes","Fusion Hammer","ClockworkSouvenir","Anchor","Blood Vial","Whetstone","Paper Frog","Shuriken"],"acts_visited":["Exordium","TheCity"],"potions_floor_usage":[33],"damage_taken":[{"damage":9.0,"enemies":"Small Slimes","floor":1.0,"turns":4.0},{"damage":4.0,"enemies":"Jaw Worm","floor":3.0,"turns":2.0},{"damage":1.0,"enemies":"Cultist","floor":5.0,"turns":3.0},{"damage":10.0,"enemies":"Red Slaver","floor":6.0,"turns":3.0},{"damage":0.0,"enemies":"Large Slime","floor":8.0,"turns":5.0},{"damage":0.0,"enemies":"Gremlin Nob","floor":11.0,"turns":2.0},{"damage":19.0,"enemies":"Lagavulin","floor":13.0,"turns":6.0},{"damage":0.0,"enemies":"Blue Slaver","floor":14.0,"turns":2.0},{"damage":0.0,"enemies":"Slime Boss","floor":16.0,"turns":5.0},{"damage":14.0,"enemies":"Shell Parasite","floor":18.0,"turns":5.0},{"damage":7.0,"enemies":"Gremlin Leader","floor":23.0,"turns":6.0},{"damage":4.0,"enemies":"Slavers","floor":25.0,"turns":5.0},{"damage":2.0,"enemies":"3 Byrds","floor":27.0,"turns":3.0},{"damage":23.0,"enemies":"Book of Stabbing","floor":28.0,"turns":3.0},{"damage":21.0,"enemies":"Slavers","floor":30.0,"turns":5.0},{"damage":4.0,"enemies":"Snake Plant","floor":31.0,"turns":2.0},{"damage":74,"enemies":"Champ","floor":33,"turns":11}],"seed_played":"1190710195023157023","potions_obtained":[{"floor":1.0,"key":"Weak Potion"},{"floor":5.0,"key":"LiquidBronze"},{"floor":6.0,"key":"Block Potion"},{"floor":8.0,"key":"FearPotion"},{"floor":18.0,"key":"SmokeBomb"},{"floor":27.0,"key":"HeartOfIron"},{"floor":28.0,"key":"Strength Potion"}],"is_trial":false,"path_per_floor":["M","?","M","?","M","M","R","M","T","$","E","R","E","M","R","B",null,"M","$","?","?","?","E","R","E","T","M","E","T","E","M","R","B"],"character_chosen":"IRONCLAD","items_purchased":["War Paint","ClockworkSouvenir"],"campfire_rested":1,"item_purchase_floors":[10,19],"current_hp_per_floor":[61,34,36,36,41,37,37,43,43,43,49,49,36,42,42,48,79,71,71,71,71,65,64,89,89,89,89,72,72,59,63,63,0,0],"gold":160,"neow_bonus":"TWENTY_PERCENT_HP_BONUS","is_daily":false,"chose_seed":false,"campfire_upgraded":3,"win_rate":0.0,"timestamp":1611997964,"path_taken":["M","?","M","?","?","M","R","M","T","?","E","R","E","M","R","BOSS","M","$","?","?","?","E","R","E","T","?","E","?","E","M","R","BOSS"],"items_purchased_type":["Relic","Relic"],"build_version":"2020-12-22","purchased_purges":0,"victory":false,"max_hp_per_floor":[89,89,89,89,89,89,89,89,89,89,89,89,89,89,89,89,89,89,89,89,89,89,89,89,89,89,89,89,89,89,89,89,89,89],"relic_stats":{"Blood Vial":6,"counters":[17,72],"Shuriken":[7],"Charon\u0027s Ashes":[141],"Whetstone":["Pommel Strike","Strike_R"],"War Paint":["Defend_R","Defend_R"],"obtain_stats":[{"Calipers":11,"Charon\u0027s Ashes":13,"Whetstone":28,"War Paint":10,"Ancient Tea Set":4,"Burning Blood":0,"ClockworkSouvenir":19,"Blood Vial":25,"Anchor":23,"Shuriken":30,"Fusion Hammer":17,"StrikeDummy":9,"Paper Frog":29},{"Calipers":6,"Charon\u0027s Ashes":7,"Whetstone":14,"War Paint":5,"Ancient Tea Set":2,"Burning Blood":0,"ClockworkSouvenir":10,"Blood Vial":12,"Anchor":11,"Shuriken":15,"Fusion Hammer":9,"StrikeDummy":5,"Paper Frog":14},{"Calipers":19,"Charon\u0027s Ashes":25,"Whetstone":54,"War Paint":17,"Ancient Tea Set":6,"Burning Blood":0,"ClockworkSouvenir":37,"Blood Vial":48,"Anchor":43,"Shuriken":59,"Fusion Hammer":32,"StrikeDummy":17,"Paper Frog":54}],"Burning Blood":90},"card_choices":[{"not_picked":["Inflame","Pommel Strike"],"picked":"Perfected Strike","floor":1.0},{"not_picked":["Heavy Blade","Reckless Charge"],"picked":"Fire Breathing","floor":3.0},{"not_picked":["Sword Boomerang","Fiend Fire"],"picked":"Pommel Strike","floor":5.0},{"not_picked":["Headbutt","Dropkick"],"picked":"Pommel Strike","floor":6.0},{"not_picked":["Dark Embrace","Sentinel","Havoc"],"picked":"SKIP","floor":8.0},{"not_picked":["Heavy Blade","Entrench"],"picked":"Burning Pact","floor":11.0},{"not_picked":["Havoc","Warcry","Flex"],"picked":"SKIP","floor":13.0},{"not_picked":["Warcry","Offering"],"picked":"Shrug It Off","floor":14.0},{"not_picked":["Berserk","Juggernaut"],"picked":"Fiend Fire","floor":16.0},{"not_picked":["Rupture","Headbutt","Sword Boomerang+1"],"picked":"SKIP","floor":18.0},{"not_picked":["Flex","Perfected Strike","Bludgeon"],"picked":"SKIP","floor":23.0},{"not_picked":["Battle Trance","Dual Wield+1"],"picked":"Brutality","floor":25.0},{"not_picked":["Anger","Armaments","Body Slam"],"picked":"SKIP","floor":27.0},{"not_picked":["Armaments","Anger"],"picked":"Thunderclap","floor":28.0},{"not_picked":["Flame Barrier","True Grit"],"picked":"Rage","floor":30.0},{"not_picked":["Headbutt","Anger","Twin Strike"],"picked":"SKIP","floor":31.0}],"player_experience":2121757,"relics_obtained":[{"floor":9.0,"key":"StrikeDummy"},{"floor":11.0,"key":"Calipers"},{"floor":13.0,"key":"Charon\u0027s Ashes"},{"floor":23.0,"key":"Anchor"},{"floor":25.0,"key":"Blood Vial"},{"floor":28.0,"key":"Whetstone"},{"floor":29.0,"key":"Paper Frog"},{"floor":30.0,"key":"Shuriken"}],"event_choices":[{"damage_healed":0.0,"max_hp_gain":0.0,"max_hp_loss":0.0,"gold_gain":0.0,"event_name":"Shining Light","player_choice":"Entered Light","floor":2.0,"gold_loss":0.0,"damage_taken":27.0,"cards_upgraded":["Strike_R","Defend_R"]},{"damage_healed":0.0,"max_hp_gain":0.0,"max_hp_loss":0.0,"gold_gain":0.0,"event_name":"WeMeetAgain","player_choice":"Gave Potion","floor":4.0,"gold_loss":0.0,"damage_taken":0.0,"relics_obtained":["Ancient Tea Set"]},{"damage_healed":0.0,"max_hp_gain":0.0,"max_hp_loss":0.0,"gold_gain":0.0,"event_name":"Ghosts","player_choice":"Ignored","floor":20.0,"gold_loss":0.0,"damage_taken":0.0},{"damage_healed":0.0,"max_hp_gain":0.0,"max_hp_loss":0.0,"gold_gain":0.0,"event_name":"Vampires","player_choice":"Ignored","floor":21.0,"gold_loss":0.0,"damage_taken":0.0},{"damage_healed":0.0,"max_hp_gain":0.0,"max_hp_loss":0.0,"gold_gain":0.0,"event_name":"Nest","player_choice":"Joined the Cult","floor":22.0,"gold_loss":0.0,"damage_taken":6.0,"cards_obtained":["RitualDagger"]}],"is_beta":false,"boss_relics":[{"not_picked":["Ectoplasm","Black Star"],"picked":"Fusion Hammer"}],"items_purged_floors":[],"is_endless":false,"potions_floor_spawned":[1,5,6,8,18,27,28],"killed_by":"Champ","ascension_level":20}}