{"host":"1c52r9kaxdyo25eq","time":1611970746,"event":{"mods":["AchievementEnabler","BaseMod","DeckTracker","Minty Spire (QoL Compilation)","Rare Cards Sparkle","SuperFastMode","everything is the same but u backflip on backflip"],"gold_per_floor":[20,20,95,95,108,108,122,122,122,196,0,19,19,19],"floor_reached":13,"language":"KOR","playtime":234,"items_purged":["Strike_R"],"score":139,"play_id":"eb27c87c-598c-4ddb-80b0-40f83ffc1f46","local_time":"20210130103906","is_ascension_mode":true,"campfire_choices":[{"data":"Body Slam","floor":6,"key":"SMITH"},{"floor":8,"key":"REST"}],"circlet_count":0,"master_deck":["AscendersBane","Strike_R","Strike_R","Strike_R","Strike_R","Defend_R","Defend_R","Defend_R","Defend_R","Bash","Twin Strike","Body Slam+1","Inflame","Reaper"],"relics":["Burning Blood","Bird Faced Urn","Golden Idol","SsserpentHead","Bottled Tornado","Strawberry"],"acts_visited":["Exordium"],"potions_floor_usage":[13],"damage_taken":[{"damage":4,"enemies":"2 Louse","floor":1,"turns":3},{"damage":24,"enemies":"Jaw Worm","floor":5,"turns":4},{"damage":1,"enemies":"Cultist","floor":7,"turns":4},{"damage":26,"enemies":"Exordium Thugs","floor":10,"turns":5},{"damage":14,"enemies":"3 Louse","floor":12,"turns":5},{"damage":35,"enemies":"Lagavulin","floor":13,"turns":6}],"seed_played":"-794034603688694827","potions_obtained":[{"floor":7,"key":"Ancient Potion"},{"floor":12,"key":"BlessingOfTheForge"}],"is_trial":false,"path_per_floor":["M","?","?","?","M","R","M","R","T","M","$","M","E"],"character_chosen":"IRONCLAD","items_purchased":["Strawberry"],"campfire_rested":1,"item_purchase_floors":[11],"current_hp_per_floor":[70,44,33,33,15,15,20,42,42,24,31,43,15,15],"gold":19,"neow_bonus":"ONE_RARE_RELIC","is_daily":false,"chose_seed":false,"campfire_upgraded":1,"win_rate":0.0,"timestamp":1611970746,"path_taken":["M","?","?","?","M","R","M","R","T","?","?","M","E"],"items_purchased_type":["Relic"],"build_version":"2020-12-22","purchased_purges":1,"victory":false,"max_hp_per_floor":[75,75,75,75,75,75,75,75,75,75,82,82,82,82],"card_choices":[{"not_picked":["Clothesline","Fire Breathing"],"picked":"Twin Strike","floor":1},{"not_picked":["Anger","Heavy Blade"],"picked":"Body Slam","floor":5},{"not_picked":["Second Wind","Perfected Strike"],"picked":"Inflame","floor":7},{"not_picked":["Fire Breathing","Wild Strike"],"picked":"Reaper","floor":10},{"not_picked":["Flex","Clothesline","Havoc"],"picked":"SKIP","floor":12}],"player_experience":628488,"relics_obtained":[{"floor":9,"key":"Bottled Tornado"}],"event_choices":[{"damage_healed":0,"gold_gain":0,"player_choice":"Take Damage","damage_taken":26,"relics_obtained":["Golden Idol"],"max_hp_gain":0,"max_hp_loss":0,"event_name":"Golden Idol","floor":2,"gold_loss":0},{"damage_healed":0,"gold_gain":75,"player_choice":"Gather Gold","damage_taken":11,"max_hp_gain":0,"max_hp_loss":0,"event_name":"World of Goop","floor":3,"gold_loss":0},{"damage_healed":0,"gold_gain":0,"player_choice":"Trade","damage_taken":0,"relics_obtained":["SsserpentHead"],"max_hp_gain":0,"max_hp_loss":0,"event_name":"FaceTrader","floor":4,"gold_loss":0}],"is_beta":false,"boss_relics":[],"items_purged_floors":[11],"is_endless":false,"potions_floor_spawned":[7,12],"killed_by":"Lagavulin","ascension_level":17}}