{"host":"928gv66myv2vlnsd","time":1611968971,"event":{"mods":["BaseMod","Minty Spire (QoL Compilation)","StSLib"],"gold_per_floor":[116,126,138,154,154,154,181,181,259,259,271,290,146,180,180,257,257,275,286,286,301,41,61,61,61,61,61,90,105,105,137,137,212,212,226,242,293,14,0,0,0,28,28,42,77,92,131,151,151,151,151,151,14,40,40,40],"floor_reached":55,"language":"ENG","playtime":2179,"items_purged":["Strike_G","Strike_G","Decay"],"score":1481,"play_id":"ef6ed754-3a17-4c78-a90f-86b973b1804e","local_time":"20210129200931","is_ascension_mode":true,"campfire_choices":[{"data":"Neutralize","floor":6,"key":"SMITH"},{"floor":8,"key":"REST"},{"data":"Cloak And Dagger","floor":10,"key":"SMITH"},{"data":"Cloak And Dagger","floor":15,"key":"SMITH"},{"data":"Apotheosis","floor":25,"key":"SMITH"},{"floor":30,"key":"REST"},{"data":"Adrenaline","floor":32,"key":"SMITH"},{"data":"After Image","floor":40,"key":"SMITH"},{"floor":49,"key":"RECALL"},{"data":"Infinite Blades","floor":52,"key":"SMITH"}],"circlet_count":0,"master_deck":["AscendersBane","Strike_G","Strike_G","Strike_G","Defend_G","Defend_G","Defend_G","Defend_G","Defend_G","Survivor","Neutralize+1","Dash","Cloak And Dagger+1","Accuracy","Blade Dance","Blade Dance","Calculated Gamble","Dodge and Roll","Cloak And Dagger","Cloak And Dagger+1","PiercingWail","Adrenaline+1","Apotheosis+1","Dodge and Roll+1","Night Terror","After Image+1","Blade Dance+1","After Image+1","Infinite Blades+1","Well Laid Plans"],"relics":["Ring of the Snake","Strawberry","Du-Vu Doll","Shuriken","Orrery","Boot","WristBlade","Kunai","Toy Ornithopter","Mango","Coffee Dripper","CaptainsWheel","Membership Card","PreservedInsect","Red Mask","Toxic Egg 2","CeramicFish","HornCleat","OrangePellets","Ornamental Fan"],"acts_visited":["Exordium","TheCity","TheBeyond","TheEnding"],"potions_floor_usage":[16,55],"damage_taken":[{"damage":0,"enemies":"Jaw Worm","floor":1,"turns":5},{"damage":0,"enemies":"Cultist","floor":2,"turns":4},{"damage":0,"enemies":"2 Louse","floor":3,"turns":3},{"damage":16,"enemies":"Exordium Wildlife","floor":4,"turns":7},{"damage":10,"enemies":"3 Sentries","floor":7,"turns":8},{"damage":0,"enemies":"2 Fungi Beasts","floor":11,"turns":2},{"damage":0,"enemies":"Large Slime","floor":12,"turns":3},{"damage":18,"enemies":"Lagavulin","floor":14,"turns":6},{"damage":14,"enemies":"Slime Boss","floor":16,"turns":8},{"damage":0,"enemies":"Shell Parasite","floor":18,"turns":2},{"damage":0,"enemies":"Spheric Guardian","floor":19,"turns":1},{"damage":0,"enemies":"Cultist and Chosen","floor":21,"turns":3},{"damage":0,"enemies":"Chosen and Byrds","floor":23,"turns":3},{"damage":10,"enemies":"Book of Stabbing","floor":28,"turns":5},{"damage":0,"enemies":"Snake Plant","floor":29,"turns":3},{"damage":9,"enemies":"Gremlin Leader","floor":31,"turns":7},{"damage":27,"enemies":"Collector","floor":33,"turns":7},{"damage":5,"enemies":"3 Darklings","floor":35,"turns":5},{"damage":0,"enemies":"Orb Walker","floor":36,"turns":2},{"damage":6,"enemies":"2 Orb Walkers","floor":37,"turns":3},{"damage":0,"enemies":"Giant Head","floor":42,"turns":5},{"damage":0,"enemies":"Transient","floor":44,"turns":5},{"damage":13,"enemies":"Nemesis","floor":45,"turns":5},{"damage":0,"enemies":"4 Shapes","floor":46,"turns":3},{"damage":0,"enemies":"Giant Head","floor":47,"turns":5},{"damage":0,"enemies":"3 Darklings","floor":48,"turns":3},{"damage":22,"enemies":"Donu and Deca","floor":50,"turns":8},{"damage":0,"enemies":"Shield and Spear","floor":54,"turns":6},{"damage":79,"enemies":"The Heart","floor":55,"turns":8}],"seed_played":"-102140081140462023","potions_obtained":[{"floor":1,"key":"Weak Potion"},{"floor":3,"key":"SmokeBomb"},{"floor":5,"key":"AttackPotion"},{"floor":12,"key":"Block Potion"},{"floor":16,"key":"ColorlessPotion"},{"floor":18,"key":"LiquidBronze"}],"is_trial":false,"path_per_floor":["M","M","M","M","?","R","E","R","T","R","M","M","$","E","R","B",null,"M","M","?","M","$","M","?","R","T","?","E","M","R","E","R","B",null,"M","M","?","$","?","R","?","E","T","M","E","M","E","M","R","B",null,"R","$","E","B"],"character_chosen":"THE_SILENT","items_purchased":["Orrery","Apotheosis","Membership Card","PreservedInsect","OrangePellets"],"campfire_rested":2,"item_purchase_floors":[13,22,38,38,53],"current_hp_per_floor":[66,66,66,50,50,50,40,61,61,61,61,61,61,43,43,29,62,62,62,58,58,58,58,58,58,58,58,48,48,69,74,74,47,77,72,72,66,66,66,66,66,66,66,66,53,53,53,53,53,31,73,73,73,73,0,0],"gold":40,"neow_bonus":"RANDOM_COMMON_RELIC","is_daily":false,"chose_seed":false,"campfire_upgraded":7,"win_rate":0.0,"timestamp":1611968971,"path_taken":["M","M","M","M","?","R","E","R","T","R","M","M","$","E","R","BOSS","M","M","?","?","$","M","?","R","T","?","E","M","R","E","R","BOSS","M","M","?","$","?","R","?","E","T","M","E","M","E","M","R","BOSS","R","$","E","BOSS"],"items_purchased_type":["Relic","Card","Relic","Relic","Relic"],"build_version":"2020-12-22","purchased_purges":3,"victory":false,"max_hp_per_floor":[73,73,73,73,73,73,73,73,73,73,73,73,73,73,73,73,73,73,73,73,73,73,73,73,73,73,73,73,73,73,87,87,87,87,87,87,87,87,87,87,87,87,87,87,87,87,87,87,87,87,87,87,87,87,87,87],"card_choices":[{"not_picked":["Cloak And Dagger","Quick Slash"],"picked":"Dash","floor":1},{"not_picked":["Prepared","Deflect"],"picked":"Cloak And Dagger","floor":2},{"not_picked":["PiercingWail","Choke"],"picked":"Accuracy","floor":3},{"not_picked":["Leg Sweep","Catalyst"],"picked":"Blade Dance","floor":4},{"not_picked":["Envenom","Slice"],"picked":"Blade Dance","floor":7},{"not_picked":["Underhanded Strike","Dodge and Roll"],"picked":"Calculated Gamble","floor":11},{"not_picked":["Outmaneuver","Eviscerate"],"picked":"Dodge and Roll","floor":12},{"not_picked":["Crippling Poison","Underhanded Strike"],"picked":"Cloak And Dagger","floor":13},{"not_picked":["Slice","Dagger Spray"],"picked":"Cloak And Dagger","floor":13},{"not_picked":["Dagger Throw","Bane"],"picked":"PiercingWail","floor":13},{"not_picked":["Backstab","Poisoned Stab","Sucker Punch"],"picked":"SKIP","floor":14},{"not_picked":["Night Terror","Grand Finale"],"picked":"Adrenaline","floor":16},{"not_picked":["Tactician","Deflect","Skewer"],"picked":"SKIP","floor":18},{"not_picked":["Escape Plan","Backflip","Well Laid Plans"],"picked":"SKIP","floor":19},{"not_picked":["Prepared","Calculated Gamble","Dagger Throw"],"picked":"SKIP","floor":21},{"not_picked":["Crippling Poison","Reflex"],"picked":"Dodge and Roll+1","floor":23},{"not_picked":["Backflip","Outmaneuver"],"picked":"Night Terror","floor":28},{"not_picked":["Heel Hook+1","Cloak And Dagger","Underhanded Strike"],"picked":"SKIP","floor":29},{"not_picked":["Backflip+1","Dagger Spray","Sucker Punch"],"picked":"SKIP","floor":31},{"not_picked":["Storm of Steel","Bullet Time"],"picked":"After Image","floor":33},{"not_picked":["Sucker Punch","Dagger Spray","Masterful Stab"],"picked":"SKIP","floor":35},{"not_picked":["Acrobatics","Setup","Skewer+1"],"picked":"SKIP","floor":36},{"not_picked":["Predator+1","Catalyst"],"picked":"Blade Dance+1","floor":37},{"not_picked":["Expertise+1","Deflect+1","Distraction+1"],"picked":"SKIP","floor":42},{"not_picked":["Dodge and Roll+1","Reflex+1","Outmaneuver+1"],"picked":"SKIP","floor":44},{"not_picked":["Flying Knee","Backstab+1"],"picked":"Infinite Blades","floor":45},{"not_picked":["Quick Slash","Backflip+1","Bouncing Flask+1"],"picked":"SKIP","floor":46},{"not_picked":["Acrobatics+1","Doppelganger+1"],"picked":"Well Laid Plans","floor":47},{"not_picked":["Caltrops","Backflip+1","Underhanded Strike"],"picked":"SKIP","floor":48},{"not_picked":["Riddle With Holes","Catalyst+1","Flechettes+1"],"picked":"SKIP","floor":54}],"player_experience":1379922,"relics_obtained":[{"floor":7,"key":"Du-Vu Doll"},{"floor":9,"key":"Shuriken"},{"floor":14,"key":"Boot"},{"floor":26,"key":"Kunai"},{"floor":28,"key":"Toy Ornithopter"},{"floor":31,"key":"Mango"},{"floor":37,"key":"CaptainsWheel"},{"floor":42,"key":"Toxic Egg 2"},{"floor":45,"key":"CeramicFish"},{"floor":47,"key":"HornCleat"},{"floor":54,"key":"Ornamental Fan"}],"event_choices":[{"damage_healed":0,"gold_gain":0,"player_choice":"Got Potions","damage_taken":0,"max_hp_gain":0,"max_hp_loss":0,"event_name":"Lab","floor":5,"gold_loss":0},{"damage_healed":0,"gold_gain":0,"player_choice":"Bought 0 Potions","damage_taken":0,"max_hp_gain":0,"max_hp_loss":0,"event_name":"The Woman in Blue","floor":20,"gold_loss":0},{"damage_healed":0,"gold_gain":0,"player_choice":"Ignored","damage_taken":0,"max_hp_gain":0,"max_hp_loss":0,"event_name":"Vampires","floor":24,"gold_loss":0},{"damage_healed":0,"gold_gain":0,"player_choice":"Smashed Altar","damage_taken":0,"max_hp_gain":0,"max_hp_loss":0,"event_name":"Forgotten Altar","floor":27,"gold_loss":0,"cards_obtained":["Decay"]},{"damage_healed":0,"gold_gain":0,"player_choice":"Fight","damage_taken":0,"max_hp_gain":0,"max_hp_loss":0,"event_name":"Mysterious Sphere","floor":37,"gold_loss":0},{"damage_healed":0,"gold_gain":0,"player_choice":"Paid","damage_taken":0,"relics_obtained":["Red Mask"],"max_hp_gain":0,"max_hp_loss":0,"event_name":"Tomb of Lord Red Mask","floor":39,"gold_loss":14},{"damage_healed":0,"gold_gain":0,"player_choice":"Copied","damage_taken":0,"max_hp_gain":0,"max_hp_loss":0,"event_name":"Duplicator","floor":41,"gold_loss":0,"cards_obtained":["After Image"]}],"is_beta":false,"boss_relics":[{"not_picked":["Cursed Key","Ring of the Serpent"],"picked":"WristBlade"},{"not_picked":["HoveringKite","Runic Pyramid"],"picked":"Coffee Dripper"}],"items_purged_floors":[22,38,53],"is_endless":false,"potions_floor_spawned":[1,3,7,12,16,18,21,31,42,47],"killed_by":"The Heart","ascension_level":15}}