{"host":"sc0o2qwpf9j16a4i","time":1611996071,"event":{"mods":["AchievementEnabler","BaseMod","BetterRewards","Block Reminder","Colored Map","Colored Powertips","Custom Start","Highlight Path","Minty Spire (QoL Compilation)","Relic Stats"],"gold_per_floor":[114,44,44,59,59,59,37,65,65,85,111,130,15,33,33,128,178,189,189,202,215,229,229,263,280,303,338,384,384,384,400,400,400,400],"floor_reached":33,"language":"ENG","playtime":1103,"items_purged":[],"score":472,"play_id":"dc93d80a-cf6a-4284-9e8c-a481439a9ad5","local_time":"20210130104111","daily_mods":["Chimera","Hoarder","Terminal"],"is_ascension_mode":false,"campfire_choices":[{"data":"Bash","floor":6,"key":"SMITH"},{"data":"BattleHymn","floor":15,"key":"SMITH"},{"data":"TalkToTheHand","floor":23,"key":"SMITH"},{"data":"Wish","floor":30,"key":"SMITH"},{"data":"Wish","floor":32,"key":"SMITH"}],"circlet_count":0,"master_deck":["Bash+1","Survivor","Eruption","Strike_R","Strike_G","Strike_B","Defend_R","Defend_G","Defend_P","SashWhip","SashWhip","SashWhip","Consecrate","Consecrate","Consecrate","CrushJoints","CrushJoints","CrushJoints","EmptyBody","EmptyBody","EmptyBody","InnerPeace","InnerPeace","InnerPeace","ClearTheMind+1","ClearTheMind","ClearTheMind","BattleHymn","BattleHymn","BattleHymn+1","EmptyFist","EmptyFist","EmptyFist","BowlingBash","BowlingBash","BowlingBash","Establishment","Establishment","Establishment","ThirdEye","ThirdEye","ThirdEye","Crescendo","Crescendo","Crescendo","Wireheading","Wireheading","Wireheading","TalkToTheHand","TalkToTheHand","TalkToTheHand+1","WaveOfTheHand","WaveOfTheHand","WaveOfTheHand","Study","Study","Study","Wish+1","Wish+1","Wish","Meditate+1","Meditate+1","Meditate+1"],"relics":["PureWater","The Courier","Akabeko","Bag of Preparation","PreservedInsect","Tiny House","Bottled Lightning","Pocketwatch","Blood Vial","Dream Catcher","Lantern"],"acts_visited":["Exordium","TheCity"],"potions_floor_usage":[11,16,20,24,24,33],"damage_taken":[{"damage":0,"enemies":"Cultist","floor":1,"turns":3},{"damage":0,"enemies":"Jaw Worm","floor":4,"turns":2},{"damage":0,"enemies":"Gremlin Nob","floor":8,"turns":2},{"damage":0,"enemies":"2 Louse","floor":10,"turns":3},{"damage":0,"enemies":"3 Sentries","floor":11,"turns":5},{"damage":0,"enemies":"Large Slime","floor":12,"turns":2},{"damage":0,"enemies":"Blue Slaver","floor":14,"turns":2},{"damage":0,"enemies":"Slime Boss","floor":16,"turns":5},{"damage":0,"enemies":"Chosen","floor":18,"turns":3},{"damage":0,"enemies":"Spheric Guardian","floor":20,"turns":3},{"damage":0,"enemies":"Chosen and Byrds","floor":21,"turns":5},{"damage":0,"enemies":"Cultist and Chosen","floor":22,"turns":3},{"damage":0,"enemies":"Slavers","floor":24,"turns":3},{"damage":5,"enemies":"Snake Plant","floor":25,"turns":4},{"damage":13,"enemies":"Book of Stabbing","floor":27,"turns":5},{"damage":0,"enemies":"Snecko","floor":31,"turns":3},{"damage":55,"enemies":"Automaton","floor":33,"turns":6}],"seed_played":"-6683181388112411911","potions_obtained":[{"floor":4,"key":"LiquidMemories"},{"floor":10,"key":"SmokeBomb"},{"floor":16,"key":"SpeedPotion"},{"floor":17,"key":"StancePotion"},{"floor":18,"key":"ColorlessPotion"},{"floor":22,"key":"DistilledChaos"},{"floor":24,"key":"SteroidPotion"},{"floor":27,"key":"BlessingOfTheForge"}],"is_trial":true,"path_per_floor":["M","$","?","M","?","R","$","E","T","M","E","M","$","M","R","B",null,"M","T","M","M","M","R","E","M","T","E","T","?","R","M","R","B"],"character_chosen":"WATCHER","items_purchased":["Consecrate","AttackPotion","EmptyBody","PreservedInsect"],"campfire_rested":0,"item_purchase_floors":[2,2,7,13],"current_hp_per_floor":[70,69,68,67,60,60,60,60,60,60,60,59,58,57,56,55,59,58,57,56,55,54,53,52,47,47,36,36,36,36,38,38,0,0],"gold":400,"neow_bonus":"","is_daily":false,"chose_seed":false,"campfire_upgraded":5,"win_rate":0.0,"timestamp":1611996071,"path_taken":["M","?","?","M","?","R","?","E","T","M","E","M","$","M","R","BOSS","M","?","?","M","?","R","E","M","T","E","?","?","R","?","R","BOSS"],"items_purchased_type":["Card","Potion","Card","Relic"],"build_version":"2020-12-22","purchased_purges":0,"victory":false,"max_hp_per_floor":[70,69,68,67,66,65,64,63,62,61,60,59,58,57,56,55,59,58,57,56,55,54,53,52,51,50,49,48,47,46,45,44,44,44],"relic_stats":{"Blood Vial":6,"Dream Catcher":0,"counters":[17,59],"PreservedInsect":80,"Bag of Preparation":[24],"obtain_stats":[{"Blood Vial":26,"Dream Catcher":27,"Lantern":28,"Tiny House":17,"The Courier":8,"PreservedInsect":13,"Bag of Preparation":11,"Bottled Lightning":19,"PureWater":0,"Akabeko":9,"Pocketwatch":24},{"Blood Vial":14,"Dream Catcher":15,"Lantern":15,"Tiny House":8,"The Courier":3,"PreservedInsect":6,"Bag of Preparation":5,"Bottled Lightning":9,"PureWater":0,"Akabeko":3,"Pocketwatch":13},{"Blood Vial":45,"Dream Catcher":50,"Lantern":50,"Tiny House":24,"The Courier":7,"PreservedInsect":17,"Bag of Preparation":15,"Bottled Lightning":27,"PureWater":0,"Akabeko":7,"Pocketwatch":41}],"Pocketwatch":[5]},"card_choices":[{"not_picked":["Crescendo","Halt"],"picked":"SashWhip","floor":1},{"not_picked":["EmptyFist","JustLucky"],"picked":"CrushJoints","floor":4},{"not_picked":["Alpha","CutThroughFate"],"picked":"InnerPeace","floor":8},{"not_picked":["FlurryOfBlows","LikeWater"],"picked":"ClearTheMind","floor":10},{"not_picked":["ThirdEye","Weave"],"picked":"BattleHymn","floor":11},{"not_picked":["Consecrate","PathToVictory"],"picked":"EmptyFist","floor":12},{"not_picked":["CrushJoints","Halt"],"picked":"BowlingBash","floor":14},{"not_picked":["Vault","Wish"],"picked":"Establishment","floor":16},{"not_picked":["EmptyBody","ClearTheMind"],"picked":"ThirdEye","floor":17},{"not_picked":["ClearTheMind","BowlingBash"],"picked":"Crescendo","floor":18},{"not_picked":["CutThroughFate","BowlingBash"],"picked":"Wireheading","floor":20},{"not_picked":["Evaluate","Adaptation+1"],"picked":"TalkToTheHand","floor":21},{"not_picked":["ReachHeaven","PathToVictory+1"],"picked":"WaveOfTheHand","floor":22},{"not_picked":["CutThroughFate","Collect","EmptyFist"],"picked":"SKIP","floor":24},{"not_picked":["JustLucky","SashWhip"],"picked":"Study","floor":25},{"not_picked":["CrushJoints+1","InnerPeace"],"picked":"Wish","floor":27},{"not_picked":["BowlingBash","CutThroughFate"],"picked":"Meditate+1","floor":31}],"player_experience":1069564,"relics_obtained":[{"floor":8,"key":"The Courier"},{"floor":9,"key":"Akabeko"},{"floor":11,"key":"Bag of Preparation"},{"floor":19,"key":"Bottled Lightning"},{"floor":24,"key":"Pocketwatch"},{"floor":26,"key":"Blood Vial"},{"floor":27,"key":"Dream Catcher"},{"floor":28,"key":"Lantern"}],"event_choices":[{"damage_healed":0,"gold_gain":0,"player_choice":"Leave","damage_taken":0,"max_hp_gain":0,"max_hp_loss":0,"event_name":"The Cleric","floor":3,"gold_loss":0},{"cards_removed":["Zap"],"damage_healed":0,"gold_gain":0,"player_choice":"Card Removal","damage_taken":7,"max_hp_gain":0,"max_hp_loss":0,"event_name":"Golden Wing","floor":5,"gold_loss":0},{"damage_healed":0,"gold_gain":0,"player_choice":"0 cards matched","damage_taken":0,"max_hp_gain":0,"max_hp_loss":0,"event_name":"Match and Keep!","floor":29,"gold_loss":0,"cards_obtained":[]}],"is_beta":false,"boss_relics":[{"not_picked":["SacredBark","Velvet Choker"],"picked":"Tiny House"}],"items_purged_floors":[],"is_endless":false,"potions_floor_spawned":[4,10,16,18,22,24,27],"killed_by":"Automaton","ascension_level":0}}