{"host":"r7z4an43h95gvocz","time":1611975834,"event":{"mods":["AchievementEnabler","BaseMod","Colored Map","Colored Powertips","Downfall","Minty Spire (QoL Compilation)","StSLib"],"gold_per_floor":[99,113,23,40,55,55,55,72,72,85,113,13,13,13,32,32,32,32],"floor_reached":16,"language":"ENG","playtime":731,"items_purged":["sneckomod:Defend"],"score":102,"play_id":"01cf347d-0729-4478-9dae-fe1ba3bfec06","local_time":"20210129190354","is_ascension_mode":false,"campfire_choices":[{"data":"sneckomod:TailWhip","floor":1,"key":"SMITH"},{"data":"sneckomod:WideSting","floor":6,"key":"SMITH"},{"data":"sneckomod:Nope","floor":9,"key":"SMITH"},{"floor":12,"key":"REST"}],"circlet_count":0,"master_deck":["sneckomod:Strike+1","sneckomod:Strike","sneckomod:Defend","sneckomod:Defend","sneckomod:TailWhip+1","sneckomod:SnekBite","sneckomod:Unknown","sneckomod:Unknown","sneckomod:WideSting+1","sneckomod:Nope+1","sneckomod:UnknownCommonSkill","sneckomod:QuickMove","sneckomod:UnknownVulnerable","sneckomod:DiceBlock","sneckomod:Unknown0Cost","sneckomod:Unknown1Cost"],"relics":["sneckomod:SneckoSoul","Happy Flower","downfall:HeartBlessingBlue"],"acts_visited":["Exordium"],"potions_floor_usage":[16],"damage_taken":[{"damage":0,"enemies":"Cultist","floor":2,"turns":2},{"damage":5,"enemies":"downfall:FleeingMerchant","floor":3,"turns":4},{"damage":8,"enemies":"Jaw Worm","floor":4,"turns":2},{"damage":5,"enemies":"2 Louse","floor":5,"turns":2},{"damage":26,"enemies":"Lots of Slimes","floor":8,"turns":4},{"damage":11,"enemies":"3 Louse","floor":10,"turns":3},{"damage":30,"enemies":"3 Sentries","floor":11,"turns":6},{"damage":1,"enemies":"Blue Slaver","floor":15,"turns":3},{"damage":53,"enemies":"DF_ARCHETYPE_STREAMLINE","floor":16,"turns":9}],"seed_played":"-5211320226963145967","potions_obtained":[{"floor":5,"key":"DuplicationPotion"},{"floor":8,"key":"hexamod:SoulburnPotion"},{"floor":11,"key":"BlessingOfTheForge"}],"is_trial":false,"path_per_floor":["R","M","$","M","M","R","T","M","R","M","E","R","?","?","M","B"],"character_chosen":"THE_SNECKO","items_purchased":[],"campfire_rested":1,"item_purchase_floors":[],"current_hp_per_floor":[90,90,85,77,72,72,72,46,46,35,5,45,45,45,44,0,0,0],"gold":32,"neow_bonus":"TRANSFORM_CARD","is_daily":false,"chose_seed":false,"campfire_upgraded":3,"win_rate":0.0,"timestamp":1611975834,"path_taken":["R","M","$","M","M","R","T","?","R","M","E","R","?","?","M","BOSS"],"items_purchased_type":[],"build_version":"2020-12-22","purchased_purges":1,"victory":false,"max_hp_per_floor":[90,90,90,90,90,90,90,90,90,90,90,100,100,100,100,100,100,100],"card_choices":[{"not_picked":["sneckomod:Unknown2Cost","sneckomod:Unknown1Cost"],"picked":"sneckomod:WideSting","floor":2},{"not_picked":["sneckomod:SoulCleanse","sneckomod:DiceCrush"],"picked":"sneckomod:Nope","floor":3},{"not_picked":["sneckomod:DiceBoulder","sneckomod:Nope"],"picked":"sneckomod:UnknownCommonSkill","floor":4},{"not_picked":["sneckomod:WideSting","sneckomod:UnknownCommonSkill"],"picked":"sneckomod:QuickMove","floor":5},{"not_picked":["sneckomod:UnendingSupply","sneckomod:DiceBlock"],"picked":"sneckomod:UnknownVulnerable","floor":8},{"not_picked":["sneckomod:Nope","sneckomod:SerpentMind"],"picked":"sneckomod:DiceBlock","floor":10},{"not_picked":["sneckomod:DiceBlock","sneckomod:QuickMove"],"picked":"sneckomod:Unknown0Cost","floor":11},{"not_picked":["sneckomod:RainOfDice","sneckomod:UnknownCommonAttack"],"picked":"sneckomod:Unknown1Cost","floor":15}],"player_experience":444742,"relics_obtained":[{"floor":11,"key":"Happy Flower"}],"event_choices":[{"cards_removed":["sneckomod:UnknownVulnerable"],"damage_healed":0,"gold_gain":0,"player_choice":"Card Removal","damage_taken":0,"max_hp_gain":0,"max_hp_loss":0,"event_name":"The Cleric","floor":13,"gold_loss":0}],"is_beta":false,"boss_relics":[],"items_purged_floors":[3],"is_endless":false,"potions_floor_spawned":[5,8,11],"killed_by":"DF_ARCHETYPE_STREAMLINE","ascension_level":0}}