{"host":"bgyhjzqafgkxdxsh","time":1611982690,"event":{"mods":["BaseMod","Colored Map","Downfall","Minty Spire (QoL Compilation)","Relic Stats","StSLib","everything is the same but u backflip on backflip"],"gold_per_floor":[99,118,118,138,148,48,98,98,129,142,154,167,182,200,211,313,313,313,324,338,82,93,93,93,93,78,131,162,216,230,256,272,272,272,272],"floor_reached":33,"language":"ENG","playtime":2378,"items_purged":["champ:Strike","champ:Defend"],"score":318,"play_id":"a65af188-f41c-417d-a51e-16809d2e4939","local_time":"20210130145810","is_ascension_mode":false,"campfire_choices":[{"floor":1,"key":"RECALL"},{"data":"champ:Taunt","floor":6,"key":"SMITH"},{"data":"champ:StanceDance","floor":8,"key":"SMITH"},{"data":"champ:Lariat","floor":18,"key":"SMITH"},{"data":"champ:CheapShot","floor":23,"key":"SMITH"}],"circlet_count":0,"master_deck":["champ:Strike+1","champ:Strike","champ:Defend","champ:Defend","champ:Execute+1","champ:Taunt+1","champ:GladiatorForm","champ:SkillfulDodge","champ:StanceDance+1","champ:FlashCut","champ:FlashCut","champ:Lariat+1","champ:Circumvent","champ:CheapShot+1","CurseOfTheBell","champ:GutPunch+1","champ:FocusedDefense","expansioncontent:StudyTheSpire","champ:CalledShot","Bandage Up","champ:TornadoPunch+1","champ:PreemptiveStrike+1"],"relics":["champ:ChampionCrown","downfall:HeartBlessingRed","Whetstone","Oddly Smooth Stone","Calling Bell","Vajra","Singing Bowl","StoneCalendar","Matryoshka","champ:DefensiveTrainingManual","Membership Card","Omamori","Ancient Tea Set","Darkstone Periapt"],"acts_visited":["Exordium","TheCity"],"potions_floor_usage":[21,22,26,26,28,33,33],"damage_taken":[{"damage":22,"enemies":"Small Slimes","floor":2,"turns":6},{"damage":20,"enemies":"Cultist","floor":4,"turns":4},{"damage":23,"enemies":"Jaw Worm","floor":5,"turns":4},{"damage":23,"enemies":"3 Sentries","floor":9,"turns":8},{"damage":4,"enemies":"Exordium Wildlife","floor":10,"turns":3},{"damage":10,"enemies":"Blue Slaver","floor":11,"turns":2},{"damage":0,"enemies":"2 Fungi Beasts","floor":12,"turns":3},{"damage":10,"enemies":"Exordium Thugs","floor":13,"turns":3},{"damage":11,"enemies":"Lots of Slimes","floor":14,"turns":3},{"damage":10,"enemies":"3 Louse","floor":15,"turns":1},{"damage":46,"enemies":"DF_ARCHETYPE_STREAMLINE","floor":16,"turns":12},{"damage":10,"enemies":"3 Byrds","floor":19,"turns":5},{"damage":15,"enemies":"Shell Parasite","floor":20,"turns":4},{"damage":15,"enemies":"downfall:FleeingMerchant","floor":21,"turns":5},{"damage":16,"enemies":"Shelled Parasite and Fungi","floor":22,"turns":4},{"damage":40,"enemies":"downfall:FleeingMerchant","floor":26,"turns":5},{"damage":20,"enemies":"downfall:FleeingMerchant","floor":27,"turns":5},{"damage":37,"enemies":"Slavers","floor":28,"turns":7},{"damage":30,"enemies":"Centurion and Healer","floor":30,"turns":7},{"damage":23,"enemies":"Book of Stabbing","floor":31,"turns":7},{"damage":4,"enemies":"Chosen and Byrds","floor":32,"turns":7},{"damage":85,"enemies":"IC_MUSHROOM_ARCHETYPE","floor":33,"turns":7}],"seed_played":"-1915721364785009930","potions_obtained":[{"floor":4,"key":"SpeedPotion"},{"floor":5,"key":"champ:OpenerPotion"},{"floor":10,"key":"SteroidPotion"},{"floor":14,"key":"DistilledChaos"},{"floor":20,"key":"ColorlessPotion"},{"floor":22,"key":"DistilledChaos"},{"floor":28,"key":"Explosive Potion"},{"floor":30,"key":"Fruit Juice"}],"is_trial":false,"path_per_floor":["R","M","?","M","M","R","T","R","E","M","M","M","M","M","M","B",null,"R","M","M","$","M","R","T","?","$","$","E","T","M","E","M","B"],"character_chosen":"THE_CHAMP","items_purchased":["expansioncontent:StudyTheSpire","Membership Card","DistilledChaos","Bandage Up"],"campfire_rested":0,"item_purchase_floors":[21,27,27,27],"current_hp_per_floor":[90,88,88,88,85,85,85,85,77,73,73,73,73,72,72,46,90,90,92,92,92,76,76,76,76,78,80,59,59,65,56,56,0,0,0],"gold":272,"neow_bonus":"TRANSFORM_CARD","is_daily":false,"chose_seed":false,"campfire_upgraded":4,"win_rate":0.0,"timestamp":1611982690,"path_taken":["R","M","?","M","M","R","T","R","E","M","M","M","?","M","M","BOSS","R","M","M","?","M","R","T","?","?","$","E","?","M","E","M","BOSS"],"items_purchased_type":["Card","Relic","Potion","Card"],"build_version":"2020-12-22","purchased_purges":2,"victory":false,"max_hp_per_floor":[90,90,90,90,90,90,90,90,90,90,90,90,90,90,90,90,90,90,92,92,92,92,92,92,92,94,96,98,98,100,100,100,105,105,105],"relic_stats":{"Darkstone Periapt":0,"Singing Bowl":10,"counters":[22,112],"StoneCalendar":[105],"Whetstone":["champ:Execute","champ:Strike"],"obtain_stats":[{"Darkstone Periapt":31,"downfall:HeartBlessingRed":6,"Singing Bowl":17,"Oddly Smooth Stone":9,"Vajra":17,"champ:ChampionCrown":0,"StoneCalendar":17,"Omamori":28,"Whetstone":7,"Ancient Tea Set":29,"Calling Bell":17,"Matryoshka":24,"champ:DefensiveTrainingManual":25,"Membership Card":27},{"Darkstone Periapt":20,"downfall:HeartBlessingRed":3,"Singing Bowl":11,"Oddly Smooth Stone":4,"Vajra":11,"champ:ChampionCrown":0,"StoneCalendar":11,"Omamori":18,"Whetstone":3,"Ancient Tea Set":18,"Calling Bell":11,"Matryoshka":15,"champ:DefensiveTrainingManual":15,"Membership Card":17},{"Darkstone Periapt":98,"downfall:HeartBlessingRed":14,"Singing Bowl":49,"Oddly Smooth Stone":22,"Vajra":49,"champ:ChampionCrown":0,"StoneCalendar":49,"Omamori":84,"Whetstone":14,"Ancient Tea Set":84,"Calling Bell":49,"Matryoshka":67,"champ:DefensiveTrainingManual":67,"Membership Card":77}]},"card_choices":[{"not_picked":["champ:Duel","champ:RecklessLeap"],"picked":"champ:SkillfulDodge","floor":2},{"not_picked":["champ:GutPunch","champ:Endure"],"picked":"champ:StanceDance","floor":4},{"not_picked":["champ:DefensiveShout","champ:BladeFlurry"],"picked":"champ:FlashCut","floor":5},{"not_picked":["champ:FancyFootwork","champ:FanOfKnives"],"picked":"champ:FlashCut","floor":9},{"not_picked":["champ:BladeFlurry","champ:Haymaker"],"picked":"champ:Lariat","floor":10},{"not_picked":["champ:Encircle","champ:PerfectedStrike","champ:AdrenalArmor"],"picked":"SKIP","floor":11},{"not_picked":["champ:DefensiveShout","champ:RapidStrikes","champ:AdrenalArmor"],"picked":"SKIP","floor":12},{"not_picked":["champ:FlashCut","champ:BladeFlurry","champ:EnragedBash"],"picked":"SKIP","floor":13},{"not_picked":["champ:AdrenalArmor","champ:Encircle","champ:BerserkersShout"],"picked":"SKIP","floor":14},{"not_picked":["champ:SkillfulDodge","champ:Encircle"],"picked":"champ:Circumvent","floor":15},{"not_picked":["champ:MurderStrike","champ:LastStand"],"picked":"champ:CheapShot","floor":16},{"not_picked":["champ:IronFortress","champ:Lariat","champ:BladeFlurry+1"],"picked":"Singing Bowl","floor":19},{"not_picked":["champ:FancyFootwork+1","champ:Parry"],"picked":"champ:GutPunch+1","floor":20},{"not_picked":["champ:ArenaPreparation","champ:HeartStrike"],"picked":"champ:FocusedDefense","floor":21},{"not_picked":["champ:DeathBlow","champ:CrownThrow"],"picked":"champ:CalledShot","floor":22},{"not_picked":["champ:Backstep","champ:StanceDance+1","champ:PreciseThrust"],"picked":"Singing Bowl","floor":26},{"not_picked":["champ:IronFortress","champ:RecklessLeap+1","champ:ShieldSlam"],"picked":"Singing Bowl","floor":27},{"not_picked":["champ:Parry","champ:FanOfKnives","champ:Haymaker+1"],"picked":"Singing Bowl","floor":28},{"not_picked":["champ:GladiatorStyle","champ:AdrenalArmor","champ:StrikeOfGenius"],"picked":"Singing Bowl","floor":30},{"not_picked":["champ:Haymaker+1","champ:BerserkersShout"],"picked":"champ:TornadoPunch+1","floor":31},{"not_picked":["champ:CrownThrow+1","champ:ShieldWall+1"],"picked":"champ:PreemptiveStrike+1","floor":32}],"player_experience":475950,"relics_obtained":[{"floor":7,"key":"Whetstone"},{"floor":9,"key":"Oddly Smooth Stone"},{"floor":17,"key":"Vajra"},{"floor":17,"key":"Singing Bowl"},{"floor":17,"key":"StoneCalendar"},{"floor":24,"key":"Matryoshka"},{"floor":28,"key":"Omamori"},{"floor":29,"key":"Ancient Tea Set"},{"floor":31,"key":"Darkstone Periapt"}],"event_choices":[],"is_beta":false,"boss_relics":[{"not_picked":["champ:ChampionCrownUpgraded","Philosopher\u0027s Stone"],"picked":"Calling Bell"}],"items_purged_floors":[21,27],"is_endless":false,"potions_floor_spawned":[4,5,10,11,14,15,20,22,28,30],"killed_by":"IC_MUSHROOM_ARCHETYPE","ascension_level":0}}