{"host":"lf8w6lk2ipwfzeol","time":1611992484,"event":{"mods":["Act Like it!","BaseMod","BetterRewards","Downfall","Hermit","Minty Spire (QoL Compilation)","Quick Restart","Replay The Spire","Robot Space Explorer","Spicy Shops","StSLib","The Runesmith","The Servant 0.9.4"],"gold_per_floor":[114,114,125,125,138,138,138,138,138,138,592,627,692,719,719,822,822,838,838,425,335,353,4,4,32,32,0,0,29,44,56,56,157,157,170,170,186,202,81,81,138,138,138,157,174,524,612,612,612,612,612,612,120,148,148],"floor_reached":56,"language":"ZHS","playtime":2557,"items_purged":["Clumsy","Runesmith:Defend_RS","Runesmith:Defend_RS","Runesmith:Defend_RS","Runesmith:Strike_RS","Runesmith:Strike_RS","Regret","Injury","Runesmith:CraftMagma+1","Runesmith:Fortify","CommonCold","Voices"],"score":1594,"play_id":"a535f660-7779-45ef-8f6f-4b13895577d9","local_time":"20210130154124","is_ascension_mode":false,"campfire_choices":[{"floor":6,"key":"DIG"},{"floor":8,"key":"RECALL"},{"data":"Crow Ritual","floor":10,"key":"SMITH"},{"data":"Panache","floor":10,"key":"SMITH"},{"data":"Runesmith:Refine","floor":15,"key":"SMITH"},{"data":"Runesmith:ReplicatingBarrier","floor":15,"key":"SMITH"},{"data":"HandOfGreed","floor":32,"key":"SMITH"},{"data":"RitualDagger","floor":32,"key":"SMITH"},{"data":"Runesmith:PoweredAnvil","floor":40,"key":"SMITH"},{"data":"Runesmith:CreatorForm","floor":40,"key":"SMITH"},{"data":"1","floor":42,"key":"LIFT"},{"data":"2","floor":49,"key":"LIFT"},{"data":"3","floor":52,"key":"LIFT"}],"circlet_count":0,"master_deck":["Runesmith:Defend_RS","Runesmith:CraftFirestone","Runesmith:Permafrost","Runesmith:HammerTime","Runesmith:HammerThrow","Panache+1","Runesmith:Repurpose+1","Runesmith:CraftPrismatica","Runesmith:PoweredAnvil+1","Runesmith:Refine+1","Runesmith:PerfectChisel","Runesmith:MakeshiftArmor","Runesmith:HammerTime+1","Runesmith:Grindstone","Dramatic Entrance+1","Crow Ritual+1","Runesmith:FieryHammer","Runesmith:LithiumIon+1","Runesmith:GrandSlam+1","Runesmith:CreatorForm+1","Runesmith:FissionHammer","Runesmith:LightningRod+1","Runesmith:Attraction+1","Runesmith:CraftMagma+1","Runesmith:ReplicatingBarrier+1","Runesmith:MetallurgicalResearch+1","RitualDagger+1","HandOfGreed+1","Runesmith:CraftMedicinae+1","Runesmith:MakeshiftArmor+1","Languid","Parasite","ReplayTheSpireMod:Doomed"],"relics":["Runesmith:BrokenRuby","BargainBundle","ReplayTheSpireMod:TigerMarble","Shovel","Nunchaku","Toolbox","Bird Faced Urn","Gremlin Horn","Membership Card","MealTicket","StoneCalendar","Replay:PocketPolymizer","Replay:Multitool","Dream Catcher","Bag of Marbles","Lee\u0027s Waffle","Potion Belt","Simple Rune","Counterbalance","HandDrill","Mercury Hourglass","Bag of Preparation","Prayer Wheel","Ice Cream","Chemical X","Ginger","Replay:Arrowhead","Pantograph","Strange Spoon","Medical Kit","Runesmith:AutoHammer","Runesmith:EmergencyProvisions","WingedGreaves","Replay:WaspNest","Eternal Feather","Toxic Egg 2","Singing Bowl","Turnip","Blue Doll","Girya","FossilizedHelix","Mirror","Thread and Needle","Letter Opener","Boot","Orrery","Darkstone Periapt","Pocketwatch","Runesmith:Nanobots","Sling","Runesmith:Locket","Quantum Egg","CaptainsWheel","InkBottle","ReplayTheSpireMod:Lightbulb","Runic Dome","ClockworkSouvenir","Happy Flower","Ornamental Fan","Gremlin Food","TungstenRod","Dead Branch","Garlic","Calipers","ReplayTheSpireMod:ShopPack","Enchiridion","Shuriken","Runic Pyramid","Lizard Tail","ReplayTheSpireMod:Ninjato","Replay:Bottled Snecko","Ring of Greed","Ring of Searing","Old Coin","Golden Egg","Vajra","Bottled Lightning","Du-Vu Doll"],"acts_visited":["Exordium","TheCity","TheBeyond","TheEnding"],"potions_floor_usage":[0,33,33],"damage_taken":[{"damage":0,"enemies":"Small Slimes","floor":1,"turns":1},{"damage":0,"enemies":"Jaw Worm","floor":3,"turns":1},{"damage":0,"enemies":"Cultist","floor":5,"turns":3},{"damage":0,"enemies":"3 Sentries","floor":12,"turns":1},{"damage":0,"enemies":"Gremlin Nob","floor":13,"turns":1},{"damage":0,"enemies":"Gremlin Nob","floor":14,"turns":4},{"damage":0,"enemies":"Fading Forest","floor":16,"turns":8},{"damage":0,"enemies":"Chosen","floor":18,"turns":2},{"damage":0,"enemies":"Spheric Guardian","floor":22,"turns":3},{"damage":2,"enemies":"Replay:Snechameleon","floor":25,"turns":3},{"damage":0,"enemies":"Book of Stabbing","floor":29,"turns":3},{"damage":0,"enemies":"Cultist and Chosen","floor":30,"turns":3},{"damage":0,"enemies":"Centurion and Healer","floor":31,"turns":1},{"damage":0,"enemies":"Pondfish","floor":33,"turns":5},{"damage":0,"enemies":"3 Shapes","floor":35,"turns":2},{"damage":0,"enemies":"Orb Walker","floor":37,"turns":3},{"damage":0,"enemies":"3 Darklings","floor":38,"turns":2},{"damage":0,"enemies":"R_Hoarder","floor":41,"turns":4},{"damage":0,"enemies":"Jaw Worm Horde","floor":44,"turns":1},{"damage":0,"enemies":"Sphere and 2 Shapes","floor":45,"turns":2},{"damage":4,"enemies":"Replay:Hell Engine","floor":50,"turns":5},{"damage":0,"enemies":"Shield and Spear","floor":54,"turns":2},{"damage":24,"enemies":"The Heart","floor":55,"turns":5}],"seed_played":"-2401510365776301408","potions_obtained":[],"is_trial":false,"path_per_floor":["M","?","M","T","M","R","?","R","T","R","$","E","?","E","R","B",null,"M","?","$","?","M","$","T","E","T","$","?","E","M","M","R","B",null,"M","?","M","M","$","R","E","R","T","M","M","?","?","?","R","B",null,"R","$","E","B",null],"character_chosen":"RUNESMITH_CLASS","items_purchased":["BargainBundle","Runesmith:Permafrost","Runesmith:HammerTime","Runesmith:HammerThrow","ReplayTheSpireMod:TigerMarble","Shovel","Nunchaku","Toolbox","SteroidPotion","Guardian:BlockOnCardUsePotion","Adrenaline Potion","Panache","Gremlin Horn","Membership Card","MealTicket","StoneCalendar","champ:CounterPotion","Runesmith:PoweredAnvil","Dream Catcher","Bag of Marbles","Lee\u0027s Waffle","Potion Belt","Simple Rune","Fire Potion","Fruit Juice","champ:CounterPotion","Runesmith:ChargedHammer+1","Runesmith:Refine","HandDrill","Mercury Hourglass","Bag of Preparation","Prayer Wheel","Ice Cream","Chemical X","Runesmith:HammerTime","Runesmith:Grindstone","Dramatic Entrance","Replay:Arrowhead","Pantograph","Strange Spoon","Medical Kit","Runesmith:AutoHammer","Runesmith:EmergencyProvisions","Replay:WaspNest","Eternal Feather","Toxic Egg 2","Singing Bowl","Crow Ritual","Runesmith:FieryHammer","Blue Doll","Girya","Runesmith:LithiumIon+1","Mirror","Thread and Needle","Letter Opener","Boot","Orrery","Sling","Runesmith:Locket","Quantum Egg","Runesmith:CraftMagma+1","ClockworkSouvenir","Happy Flower","Ornamental Fan","Gremlin Food","Calipers","ReplayTheSpireMod:ShopPack","ReplayTheSpireMod:Ninjato","Vajra","Bottled Lightning"],"campfire_rested":0,"item_purchase_floors":[0,0,0,0,0,0,0,0,0,0,0,0,0,0,0,0,0,0,0,0,0,0,0,0,0,0,0,0,0,0,0,0,0,0,0,0,0,0,0,0,0,0,0,0,0,0,0,0,0,0,0,0,0,0,0,0,0,11,11,11,11,20,20,23,23,27,27,39,53,53],"current_hp_per_floor":[83,89,93,93,97,97,78,93,93,97,103,105,107,107,107,107,107,111,105,111,111,115,115,115,117,117,121,109,123,127,131,131,131,131,135,135,137,141,141,141,143,143,143,147,149,167,133,133,151,173,173,173,179,187,171],"gold":148,"neow_bonus":"","is_daily":false,"chose_seed":false,"campfire_upgraded":8,"win_rate":0.0,"timestamp":1611992484,"path_taken":["M","?","M","?","?","R","?","R","T","R","?","E","?","E","R","BOSS","M","?","$","?","?","$","?","E","T","?","?","E","M","?","R","BOSS","M","?","?","M","$","R","E","R","T","M","M","?","?","?","R","BOSS","R","$","E","BOSS"],"items_purchased_type":["Relic","Card","Card","Card","Relic","Relic","Relic","Relic","Potion","Potion","Potion","Card","Relic","Relic","Relic","Relic","Potion","Card","Relic","Relic","Relic","Relic","Relic","Potion","Potion","Potion","Card","Card","Relic","Relic","Relic","Relic","Relic","Relic","Card","Card","Card","Relic","Relic","Relic","Relic","Relic","Relic","Relic","Relic","Relic","Relic","Card","Card","Relic","Relic","Card","Relic","Relic","Relic","Relic","Relic","Relic","Relic","Relic","Card","Relic","Relic","Relic","Relic","Relic","Relic","Relic","Relic","Relic"],"build_version":"2020-12-22","purchased_purges":12,"victory":true,"max_hp_per_floor":[83,89,93,93,97,97,97,97,97,97,103,105,107,107,107,107,107,111,111,111,111,115,115,115,117,117,121,121,123,127,131,131,131,131,135,135,137,141,141,141,143,143,143,147,149,167,173,173,173,173,173,173,179,187,187],"card_choices":[{"not_picked":["Runesmith:UnstableHammer","Runesmith:Grindstone+1","Runesmith:Discharge"],"picked":"Singing Bowl","floor":0},{"not_picked":["Runesmith:StaticCage+1","Runesmith:MakeshiftArmor+1"],"picked":"Runesmith:GrandSlam","floor":0},{"not_picked":["Runesmith:Discharge","Runesmith:Grindstone+1"],"picked":"Runesmith:CreatorForm","floor":0},{"not_picked":["Runesmith:ShiftingStrike","Runesmith:GoWithTheFlow"],"picked":"Runesmith:FissionHammer","floor":0},{"not_picked":["Runesmith:HammerAndChisel+1","Runesmith:GoWithTheFlow"],"picked":"Runesmith:LightningRod+1","floor":0},{"not_picked":["Runesmith:CraftMagma+1","Runesmith:EnergizedChisel","Runesmith:HammerTime"],"picked":"Singing Bowl","floor":1},{"not_picked":["Runesmith:CraftMagma+1","Runesmith:ShiftingStrike","Runesmith:HeatedChisel"],"picked":"Singing Bowl","floor":1},{"not_picked":["Runesmith:GoWithTheFlow","Runesmith:Firestorm","Runesmith:ChiselStab"],"picked":"Singing Bowl","floor":3},{"not_picked":["Runesmith:Overpower","Runesmith:CraftSpiculum+1","Runesmith:Repurpose+1"],"picked":"Singing Bowl","floor":3},{"not_picked":["Runesmith:BackupBattery+1","Runesmith:HammerTime","Runesmith:HeatedChisel"],"picked":"Singing Bowl","floor":5},{"not_picked":["Runesmith:Overpower","Runesmith:EnergizedChisel","Runesmith:Discharge"],"picked":"Singing Bowl","floor":5},{"not_picked":["Runesmith:HeatedChisel","Runesmith:CraftSpiculum+1","Runesmith:Repurpose+1"],"picked":"Singing Bowl","floor":12},{"not_picked":["Runesmith:HeatExchange","Runesmith:ChiselStab","Runesmith:Repurpose+1"],"picked":"Singing Bowl","floor":13},{"not_picked":["Runesmith:CraftProtectio+1","Runesmith:HeatExchange"],"picked":"Runesmith:ReplicatingBarrier","floor":14},{"not_picked":["Runesmith:CraftPrismatica+1","Runesmith:CreatorForm"],"picked":"Runesmith:MetallurgicalResearch+1","floor":16},{"not_picked":["Runesmith:BackupBattery+1","Runesmith:ShiftingStrike+1","Runesmith:FrozenChisel"],"picked":"Singing Bowl","floor":18},{"not_picked":["Runesmith:HeatExchange","Runesmith:HammerThrow+1","Runesmith:PerfectChisel"],"picked":"Singing Bowl","floor":18},{"not_picked":["Runesmith:CraftVitae+1","Runesmith:EarthShield+1","Runesmith:NanitesCloud+1"],"picked":"Singing Bowl","floor":22},{"not_picked":["Runesmith:UnstableHammer","Runesmith:GoWithTheFlow","Runesmith:Refine+1"],"picked":"Singing Bowl","floor":22},{"not_picked":["Runesmith:Firewall+1","Runesmith:Prism+1","Runesmith:PerfectChisel"],"picked":"Singing Bowl","floor":25},{"not_picked":["ReplayTheSpireMod:Brewmster","Forethought","Crow Ritual"],"picked":"Singing Bowl","floor":27},{"not_picked":["Dark Shackles","Panacea","ReplayTheSpireMod:Necrogeddon"],"picked":"Singing Bowl","floor":27},{"not_picked":["Midas Touch","Magnetism"],"picked":"HandOfGreed","floor":27},{"not_picked":["Runesmith:Attraction+1","Runesmith:Accelerate+1","Runesmith:Grindstone+1"],"picked":"Singing Bowl","floor":29},{"not_picked":["Runesmith:MakeshiftArmor+1","Runesmith:FrozenChisel+1","Runesmith:Overpower"],"picked":"Singing Bowl","floor":30},{"not_picked":["Runesmith:CraftMagma+1","Runesmith:Repurpose+1","Runesmith:HeatedChisel"],"picked":"Singing Bowl","floor":30},{"not_picked":["Runesmith:Superposition","Runesmith:HeatedChisel","Runesmith:Retool+1"],"picked":"Singing Bowl","floor":31},{"not_picked":["Runesmith:EnergizedChisel","Runesmith:Augment+1","Runesmith:BackupBattery+1"],"picked":"Singing Bowl","floor":31},{"not_picked":["Runesmith:CreatorForm","Runesmith:GrandSlam"],"picked":"Runesmith:CraftMedicinae+1","floor":33},{"not_picked":["Runesmith:EarthShield+1","Runesmith:ElementalConversion+1","Runesmith:Overpower"],"picked":"Singing Bowl","floor":35},{"not_picked":["Runesmith:Discharge","Runesmith:StaticCage+1","Runesmith:WhiteBalance"],"picked":"Singing Bowl","floor":35},{"not_picked":["Runesmith:Empowerment+1","Runesmith:BackupBattery+1","Runesmith:EnergizedChisel"],"picked":"Singing Bowl","floor":37},{"not_picked":["Runesmith:HammerThrow+1","Runesmith:Accelerate+1","Runesmith:Superposition"],"picked":"SKIP","floor":37},{"not_picked":["Runesmith:CraftMedicinae+1","Runesmith:StaticCage+1","Runesmith:Prism+1"],"picked":"Singing Bowl","floor":38},{"not_picked":["Runesmith:OneForEveryone","Runesmith:EnergizedChisel+1","Runesmith:PoweredAnvil"],"picked":"Singing Bowl","floor":38},{"not_picked":["Runesmith:Overpower","Runesmith:Reinforce+1","Runesmith:EnergizedChisel"],"picked":"Singing Bowl","floor":41},{"not_picked":["Runesmith:CraftProtectio+1","Runesmith:CraftMedicinae+1","Runesmith:PoweredAnvil"],"picked":"Singing Bowl","floor":44},{"not_picked":["Runesmith:HeatExchange+1","Runesmith:Accelerate+1","Runesmith:NegativeSpace+1"],"picked":"Singing Bowl","floor":44},{"not_picked":["Runesmith:CraftMagma+1","Runesmith:CraftProtectio+1"],"picked":"Runesmith:MakeshiftArmor+1","floor":45},{"not_picked":["Runesmith:DoubleUp+1","Runesmith:CraftMagma+1","Runesmith:EarthShield+1"],"picked":"Singing Bowl","floor":45},{"not_picked":["Runesmith:NanitesCloud+1","Runesmith:PerfectChisel","Runesmith:CraftObretio+1"],"picked":"Singing Bowl","floor":47},{"not_picked":["Runesmith:Refine+1","Runesmith:GoWithTheFlow","Runesmith:UnstableHammer+1"],"picked":"Singing Bowl","floor":47},{"not_picked":["Runesmith:EarthShield+1","Runesmith:EnergizedChisel","Runesmith:MakeshiftArmor+1"],"picked":"Singing Bowl","floor":47},{"not_picked":["Runesmith:Augment+1","Runesmith:GoWithTheFlow+1","Runesmith:Refine+1"],"picked":"Singing Bowl","floor":54}],"player_experience":127629,"relics_obtained":[{"floor":6,"key":"Pocketwatch"},{"floor":9,"key":"Runesmith:Nanobots"},{"floor":12,"key":"CaptainsWheel"},{"floor":13,"key":"InkBottle"},{"floor":14,"key":"ReplayTheSpireMod:Lightbulb"},{"floor":24,"key":"TungstenRod"},{"floor":25,"key":"Dead Branch"},{"floor":26,"key":"Garlic"},{"floor":28,"key":"Enchiridion"},{"floor":29,"key":"Shuriken"},{"floor":43,"key":"Replay:Bottled Snecko"},{"floor":46,"key":"Ring of Greed"},{"floor":46,"key":"Ring of Searing"},{"floor":46,"key":"Old Coin"},{"floor":46,"key":"Golden Egg"},{"floor":54,"key":"Du-Vu Doll"}],"event_choices":[{"damage_healed":0,"gold_gain":0,"player_choice":"Box","damage_taken":0,"relics_obtained":["Darkstone Periapt"],"max_hp_gain":0,"max_hp_loss":0,"event_name":"Big Fish","floor":2,"gold_loss":0,"cards_obtained":["Regret"]},{"damage_healed":0,"gold_gain":0,"player_choice":"Entered Light","damage_taken":19,"max_hp_gain":0,"max_hp_loss":0,"event_name":"Shining Light","floor":7,"gold_loss":0,"cards_upgraded":["Runesmith:HammerTime","Runesmith:Repurpose"]},{"damage_healed":0,"gold_gain":0,"player_choice":"Searched \u00272\u0027 times","damage_taken":0,"max_hp_gain":0,"max_hp_loss":0,"event_name":"Dead Adventurer","floor":13,"gold_loss":0},{"damage_healed":0,"gold_gain":0,"player_choice":"Joined the Cult","damage_taken":6,"max_hp_gain":0,"max_hp_loss":0,"event_name":"Nest","floor":19,"gold_loss":0,"cards_obtained":["RitualDagger"]},{"cards_removed":["Runesmith:Strike_RS"],"damage_healed":0,"gold_gain":0,"player_choice":"Upgrade and Remove","damage_taken":0,"max_hp_gain":0,"max_hp_loss":0,"event_name":"Designer","floor":21,"gold_loss":90,"cards_upgraded":["Runesmith:GrandSlam"]},{"damage_healed":0,"gold_gain":0,"player_choice":"Obtained Book","damage_taken":16,"max_hp_gain":0,"max_hp_loss":0,"event_name":"Cursed Tome","floor":28,"gold_loss":0},{"cards_removed":["Runesmith:ChargedHammer"],"damage_healed":0,"gold_gain":0,"player_choice":"Gave Card","damage_taken":0,"relics_obtained":["Lizard Tail"],"max_hp_gain":0,"max_hp_loss":0,"event_name":"WeMeetAgain","floor":36,"gold_loss":0},{"damage_healed":0,"gold_gain":0,"player_choice":"Forge","damage_taken":0,"max_hp_gain":0,"max_hp_loss":0,"event_name":"Accursed Blacksmith","floor":48,"gold_loss":0,"cards_upgraded":["Dramatic Entrance"]}],"is_beta":false,"boss_relics":[{"not_picked":["Honey Jar","Ring of Chaos"],"picked":"Runic Dome"},{"not_picked":["Runesmith:UraniumAnvil","SacredBark"],"picked":"Runic Pyramid"}],"items_purged_floors":[0,0,0,0,0,0,11,20,20,23,53,53],"is_endless":false,"potions_floor_spawned":[1,12,13,16,22,29,30,38,41,45],"ascension_level":0}}