{"host":"dcj2yvrgcvh5dl2s","time":1611977256,"event":{"mods":["BaseMod","Bestiary","Better Note","Block Reminder","Colored Powertips","Curses Come First","DeckTracker","Minty Spire (QoL Compilation)","Quick Restart","Rare Cards Sparkle","Relic Stats","StSLib"],"gold_per_floor":[118,43,15,15,15,54,75,75,75,93,108,108,146,220,220,220,220],"floor_reached":16,"language":"ENG","playtime":387,"items_purged":[],"score":266,"play_id":"55b16dbd-5e58-4768-b50e-901999d321d3","local_time":"20210130132736","is_ascension_mode":true,"campfire_choices":[{"data":"Body Slam","floor":8,"key":"SMITH"},{"data":"Bludgeon","floor":12,"key":"SMITH"},{"data":"Body Slam","floor":15,"key":"SMITH"}],"circlet_count":0,"master_deck":["AscendersBane","Strike_R","Strike_R","Strike_R","Strike_R","Defend_R","Defend_R","Defend_R","Defend_R","Bash","Heavy Blade","Body Slam+1","Bludgeon+1","Body Slam+1","Flex+1","Pommel Strike","Body Slam+1"],"relics":["Burning Blood","NeowsBlessing","Golden Idol","Toxic Egg 2","Du-Vu Doll","Dream Catcher","Tiny Chest"],"acts_visited":["Exordium"],"potions_floor_usage":[14,14],"damage_taken":[{"damage":0,"enemies":"Jaw Worm","floor":1,"turns":1},{"damage":0,"enemies":"Gremlin Nob","floor":6,"turns":1},{"damage":0,"enemies":"2 Louse","floor":7,"turns":1},{"damage":6,"enemies":"Small Slimes","floor":10,"turns":3},{"damage":3,"enemies":"Blue Slaver","floor":11,"turns":2},{"damage":5,"enemies":"3 Sentries","floor":13,"turns":6},{"damage":0,"enemies":"Lagavulin Event","floor":14,"turns":2},{"damage":79,"enemies":"Hexaghost","floor":16,"turns":9}],"seed_played":"2181051507050326216","potions_obtained":[{"floor":6,"key":"AttackPotion"},{"floor":10,"key":"SteroidPotion"},{"floor":13,"key":"Regen Potion"}],"is_trial":false,"path_per_floor":["M","?","$","?","?","E","M","R","T","M","M","R","E","?","R","B"],"character_chosen":"IRONCLAD","items_purchased":["Body Slam"],"campfire_rested":0,"item_purchase_floors":[3],"current_hp_per_floor":[74,74,74,74,48,54,60,60,60,60,63,63,64,75,75,0,0],"gold":220,"neow_bonus":"THREE_ENEMY_KILL","is_daily":false,"chose_seed":false,"campfire_upgraded":3,"win_rate":0.0,"timestamp":1611977256,"path_taken":["M","?","$","?","?","E","M","R","T","M","M","R","E","?","R","BOSS"],"items_purchased_type":["Card"],"build_version":"2020-12-22","purchased_purges":0,"victory":false,"max_hp_per_floor":[75,75,75,75,75,75,75,75,75,75,75,75,75,75,75,75,75],"relic_stats":{"Dream Catcher":0,"counters":[8,25],"Golden Idol":49,"Tiny Chest":0,"obtain_stats":[{"Du-Vu Doll":9,"Dream Catcher":13,"NeowsBlessing":0,"Golden Idol":5,"Tiny Chest":14,"Toxic Egg 2":6,"Burning Blood":0},{"Du-Vu Doll":3,"Dream Catcher":6,"NeowsBlessing":0,"Golden Idol":1,"Tiny Chest":7,"Toxic Egg 2":2,"Burning Blood":0},{"Du-Vu Doll":3,"Dream Catcher":14,"NeowsBlessing":0,"Golden Idol":1,"Tiny Chest":16,"Toxic Egg 2":2,"Burning Blood":0}],"Burning Blood":42},"card_choices":[{"not_picked":["Clash","Thunderclap"],"picked":"Heavy Blade","floor":1},{"not_picked":["Havoc+1","Second Wind+1"],"picked":"Bludgeon","floor":6},{"not_picked":["Searing Blow","Clothesline"],"picked":"Body Slam","floor":7},{"not_picked":["Cleave","Twin Strike"],"picked":"Flex+1","floor":10},{"not_picked":["Havoc+1","Searing Blow","Evolve"],"picked":"SKIP","floor":11},{"not_picked":["Heavy Blade","Clash"],"picked":"Pommel Strike","floor":13},{"not_picked":["Havoc+1","Thunderclap"],"picked":"Body Slam","floor":14}],"player_experience":2297744,"relics_obtained":[{"floor":6,"key":"Toxic Egg 2"},{"floor":9,"key":"Du-Vu Doll"},{"floor":13,"key":"Dream Catcher"},{"floor":14,"key":"Tiny Chest"}],"event_choices":[{"cards_removed":["Strike_R"],"damage_healed":0,"gold_gain":0,"player_choice":"Card Removal","damage_taken":0,"max_hp_gain":0,"max_hp_loss":0,"event_name":"The Cleric","floor":2,"gold_loss":75},{"damage_healed":0,"gold_gain":0,"player_choice":"Grow","damage_taken":0,"max_hp_gain":0,"max_hp_loss":0,"event_name":"Living Wall","floor":4,"gold_loss":0,"cards_upgraded":["Body Slam"]},{"damage_healed":0,"gold_gain":0,"player_choice":"Take Damage","damage_taken":26,"relics_obtained":["Golden Idol"],"max_hp_gain":0,"max_hp_loss":0,"event_name":"Golden Idol","floor":5,"gold_loss":0},{"damage_healed":0,"gold_gain":0,"player_choice":"Searched \u00271\u0027 times","damage_taken":0,"max_hp_gain":0,"max_hp_loss":0,"event_name":"Dead Adventurer","floor":14,"gold_loss":0}],"is_beta":false,"boss_relics":[],"items_purged_floors":[],"is_endless":false,"potions_floor_spawned":[6,10,13],"killed_by":"Hexaghost","ascension_level":20}}