{"host":"t4s40kl3r64vu0u6","time":1611981981,"event":{"mods":["BaseMod","Colored Map","Googly Eyes","Highlight Path","Minty Spire (QoL Compilation)","READ ME - Snecko Mod","StSLib","slay the spire mod where everything is the same but ironclad has a cowboy hat"],"gold_per_floor":[109,109,109,184,235,266,279,297,346,139,200,200,234,254,254,254,254],"floor_reached":16,"language":"ENG","playtime":611,"items_purged":["Strike_G"],"score":166,"play_id":"0cb417d8-6d3b-47eb-bbb8-ddc8bec0948a","local_time":"20210129234621","is_ascension_mode":true,"campfire_choices":[{"data":"Accuracy","floor":12,"key":"SMITH"},{"data":"Blade Dance","floor":15,"key":"SMITH"}],"circlet_count":0,"master_deck":["Strike_G","Strike_G","Strike_G","Defend_G","Defend_G","Defend_G","Defend_G","Defend_G","Survivor","Neutralize","Regret","Leg Sweep","Blade Dance+1","Slice","Accuracy+1","Cloak And Dagger","Blur","Terror"],"relics":["Ring of the Snake","NeowsBlessing","Bronze Scales","Toy Ornithopter","Shovel","Art of War","Pear","Orichalcum"],"acts_visited":["Exordium"],"potions_floor_usage":[],"damage_taken":[{"damage":0,"enemies":"2 Louse","floor":1,"turns":1},{"damage":0,"enemies":"Lagavulin","floor":6,"turns":1},{"damage":0,"enemies":"Small Slimes","floor":7,"turns":1},{"damage":0,"enemies":"Jaw Worm","floor":8,"turns":3},{"damage":21,"enemies":"Gremlin Nob","floor":11,"turns":4},{"damage":9,"enemies":"3 Sentries","floor":13,"turns":6},{"damage":4,"enemies":"Red Slaver","floor":14,"turns":5},{"damage":31,"enemies":"Slime Boss","floor":16,"turns":7}],"seed_played":"-7886085949743989007","potions_obtained":[{"floor":7,"key":"Regen Potion"},{"floor":14,"key":"Ancient Potion"}],"is_trial":false,"path_per_floor":["M","?","?","?","T","E","M","M","T","$","?","R","E","M","R","B"],"character_chosen":"THE_SILENT","items_purchased":["Accuracy","Cloak And Dagger"],"campfire_rested":0,"item_purchase_floors":[10,10],"current_hp_per_floor":[70,63,63,52,52,52,52,52,52,52,41,41,32,28,28,0,0],"gold":254,"neow_bonus":"THREE_ENEMY_KILL","is_daily":false,"chose_seed":false,"campfire_upgraded":2,"win_rate":0.0,"timestamp":1611981981,"path_taken":["M","?","?","?","?","E","M","M","T","$","?","R","E","M","R","BOSS"],"items_purchased_type":["Card","Card"],"build_version":"2020-12-22","purchased_purges":1,"victory":false,"max_hp_per_floor":[70,70,70,70,70,70,70,70,70,70,80,80,80,80,80,80,80],"card_choices":[{"not_picked":["Acrobatics","Eviscerate","Dagger Throw"],"picked":"SKIP","floor":1},{"not_picked":["Acrobatics","Distraction"],"picked":"Leg Sweep","floor":6},{"not_picked":["Cloak And Dagger","Deadly Poison"],"picked":"Blade Dance","floor":7},{"not_picked":["PiercingWail","Prepared"],"picked":"Slice","floor":8},{"not_picked":["Poisoned Stab","Bane"],"picked":"Blur","floor":11},{"not_picked":["Crippling Poison","Noxious Fumes"],"picked":"Terror","floor":13},{"not_picked":["Night Terror","Endless Agony","Skewer"],"picked":"SKIP","floor":14}],"player_experience":238414,"relics_obtained":[{"floor":5,"key":"Toy Ornithopter"},{"floor":6,"key":"Shovel"},{"floor":9,"key":"Art of War"},{"floor":11,"key":"Pear"},{"floor":13,"key":"Orichalcum"}],"event_choices":[{"cards_removed":["Strike_G"],"damage_healed":0,"gold_gain":0,"player_choice":"Card Removal","damage_taken":7,"max_hp_gain":0,"max_hp_loss":0,"event_name":"Golden Wing","floor":2,"gold_loss":0},{"damage_healed":0,"gold_gain":0,"player_choice":"Box","damage_taken":0,"relics_obtained":["Bronze Scales"],"max_hp_gain":0,"max_hp_loss":0,"event_name":"Big Fish","floor":3,"gold_loss":0,"cards_obtained":["Regret"]},{"damage_healed":0,"gold_gain":75,"player_choice":"Gather Gold","damage_taken":11,"max_hp_gain":0,"max_hp_loss":0,"event_name":"World of Goop","floor":4,"gold_loss":0},{"damage_healed":0,"gold_gain":30,"player_choice":"Searched \u00272\u0027 times","damage_taken":0,"max_hp_gain":0,"max_hp_loss":0,"event_name":"Dead Adventurer","floor":11,"gold_loss":0}],"is_beta":false,"boss_relics":[],"items_purged_floors":[10],"is_endless":false,"potions_floor_spawned":[7,14],"killed_by":"Slime Boss","ascension_level":5}}