{"host":"snjtcuf7krqplf70","time":1611987030,"event":{"mods":["AchievementEnabler","BaseMod","Colored Map","Colored Powertips","Minty Spire (QoL Compilation)","StSLib"],"gold_per_floor":[111,126,146,146,1,1,1,1,1,27,302,313,313,324,324,429,429,444,444,89,106,106,137,137,172,172,1,100,100,118,152,152,254,254,270,320,320,338,365,394,394,410,437,437,55,85,438,448,448,448],"floor_reached":51,"language":"ENG","playtime":2313,"items_purged":["Defend_R","Regret","Strike_R","Strike_R"],"score":898,"play_id":"5f4f9e9e-6996-412b-b066-f5233185632d","local_time":"20210129221030","is_ascension_mode":true,"campfire_choices":[{"data":"Inflame","floor":6,"key":"SMITH"},{"data":"Bash","floor":8,"key":"SMITH"},{"data":"Searing Blow","floor":13,"key":"SMITH"},{"data":"Searing Blow+1","floor":15,"key":"SMITH"},{"data":"Searing Blow+2","floor":24,"key":"SMITH"},{"data":"Searing Blow+4","floor":29,"key":"SMITH"},{"data":"Searing Blow+5","floor":32,"key":"SMITH"},{"floor":41,"key":"RECALL"},{"data":"Seeing Red","floor":44,"key":"SMITH"},{"data":"Pommel Strike","floor":49,"key":"SMITH"}],"circlet_count":0,"master_deck":["Defend_R+1","Defend_R+1","Defend_R","Bash+1","Iron Wave+1","Shrug It Off","Rampage","Inflame+1","Pommel Strike+1","Searing Blow+6","Burning Pact","Offering","Seeing Red+1","Iron Wave","Pommel Strike+1","Body Slam+1","Headbutt+1","Burning Pact+1","Searing Blow+6","Inflame+1","Heavy Blade+1","Dramatic Entrance+1"],"relics":["Burning Blood","NeowsBlessing","Shuriken","Eternal Feather","Busted Crown","Omamori","InkBottle","Whetstone","Molten Egg 2","Anchor","Empty Cage","Pocketwatch","Question Card","Potion Belt","Ornamental Fan","Old Coin"],"acts_visited":["Exordium","TheCity","TheBeyond"],"potions_floor_usage":[10,16,16,21,23,25,45,46,47,50,50],"damage_taken":[{"damage":0,"enemies":"Cultist","floor":1,"turns":1},{"damage":0,"enemies":"Jaw Worm","floor":2,"turns":1},{"damage":0,"enemies":"2 Louse","floor":3,"turns":1},{"damage":14,"enemies":"Gremlin Nob","floor":10,"turns":3},{"damage":24,"enemies":"Exordium Thugs","floor":12,"turns":4},{"damage":10,"enemies":"Blue Slaver","floor":14,"turns":3},{"damage":3,"enemies":"Slime Boss","floor":16,"turns":4},{"damage":3,"enemies":"Chosen","floor":18,"turns":5},{"damage":0,"enemies":"Shell Parasite","floor":21,"turns":2},{"damage":28,"enemies":"Slavers","floor":23,"turns":5},{"damage":39,"enemies":"Gremlin Leader","floor":25,"turns":4},{"damage":0,"enemies":"Cultist and Chosen","floor":30,"turns":4},{"damage":14,"enemies":"Book of Stabbing","floor":31,"turns":4},{"damage":51,"enemies":"Champ","floor":33,"turns":7},{"damage":0,"enemies":"Orb Walker","floor":35,"turns":2},{"damage":6,"enemies":"Mind Bloom Boss Battle","floor":36,"turns":2},{"damage":6,"enemies":"3 Shapes","floor":38,"turns":2},{"damage":32,"enemies":"Giant Head","floor":40,"turns":4},{"damage":18,"enemies":"Writhing Mass","floor":42,"turns":4},{"damage":16,"enemies":"Nemesis","floor":46,"turns":3},{"damage":6,"enemies":"2 Orb Walkers","floor":47,"turns":3},{"damage":0,"enemies":"Transient","floor":48,"turns":5},{"damage":43,"enemies":"Donu and Deca","floor":50,"turns":6}],"seed_played":"3346408582805184613","potions_obtained":[{"floor":2,"key":"AttackPotion"},{"floor":12,"key":"CultistPotion"},{"floor":14,"key":"DistilledChaos"},{"floor":16,"key":"SkillPotion"},{"floor":18,"key":"AttackPotion"},{"floor":30,"key":"Swift Potion"},{"floor":36,"key":"Swift Potion"},{"floor":40,"key":"Block Potion"},{"floor":47,"key":"SkillPotion"},{"floor":48,"key":"Dexterity Potion"}],"is_trial":false,"path_per_floor":["M","M","M","?","$","R","?","R","T","E","?","M","R","M","R","B",null,"M","?","$","M","?","E","R","E","T","$","?","R","M","E","R","B",null,"M","?","?","M","T","E","R","M","T","R","$","E","?","M","R","B",null],"character_chosen":"IRONCLAD","items_purchased":["Inflame","Omamori","CultistPotion","Body Slam+1","Heavy Blade+1","Dramatic Entrance+1","Fruit Juice"],"campfire_rested":0,"item_purchase_floors":[5,20,20,27,45,45,45],"current_hp_per_floor":[80,80,80,64,64,64,57,57,57,49,49,31,40,36,45,48,80,80,80,80,80,80,58,67,34,34,34,34,43,49,41,53,8,80,80,80,80,80,80,54,66,54,54,66,71,61,61,67,79,42],"gold":448,"neow_bonus":"THREE_ENEMY_KILL","is_daily":false,"chose_seed":false,"campfire_upgraded":9,"win_rate":0.0,"timestamp":1611987030,"path_taken":["M","?","M","?","$","R","?","R","T","E","?","M","R","?","R","BOSS","M","?","$","M","?","E","R","E","T","?","?","R","M","E","R","BOSS","M","?","?","?","?","E","R","M","T","R","$","E","?","M","R","BOSS"],"items_purchased_type":["Card","Relic","Potion","Card","Card","Card","Potion"],"build_version":"2020-12-22","purchased_purges":4,"victory":true,"max_hp_per_floor":[80,80,80,80,80,80,80,80,80,80,80,80,80,80,80,80,80,80,80,80,80,80,80,80,80,80,80,80,80,80,80,80,80,80,80,80,80,80,80,80,80,80,80,80,85,85,85,85,85,85],"card_choices":[{"not_picked":["Flex","Sword Boomerang"],"picked":"Iron Wave","floor":1},{"not_picked":["Shockwave","Havoc"],"picked":"Shrug It Off","floor":2},{"not_picked":["Clash","Second Wind"],"picked":"Rampage","floor":3},{"not_picked":["Clothesline","Anger"],"picked":"Pommel Strike","floor":10},{"not_picked":["Headbutt","Feed"],"picked":"Searing Blow","floor":12},{"not_picked":["Flex","Warcry"],"picked":"Burning Pact","floor":14},{"not_picked":["Exhume","Bludgeon"],"picked":"Offering","floor":16},{"not_picked":[],"picked":"Seeing Red","floor":18},{"not_picked":[],"picked":"Pommel Strike+1","floor":21},{"not_picked":["Barricade"],"picked":"SKIP","floor":23},{"not_picked":["Shrug It Off"],"picked":"SKIP","floor":25},{"not_picked":["Dark Embrace+1"],"picked":"SKIP","floor":30},{"not_picked":[],"picked":"Headbutt+1","floor":31},{"not_picked":["Reckless Charge+1"],"picked":"SKIP","floor":35},{"not_picked":[],"picked":"Burning Pact+1","floor":36},{"not_picked":["Flex"],"picked":"SKIP","floor":38},{"not_picked":["Havoc"],"picked":"SKIP","floor":40},{"not_picked":["Shrug It Off+1"],"picked":"Inflame+1","floor":42},{"not_picked":["Sever Soul+1","Clash+1"],"picked":"SKIP","floor":46},{"not_picked":["True Grit+1","Second Wind"],"picked":"SKIP","floor":48}],"player_experience":170652,"relics_obtained":[{"floor":9,"key":"Shuriken"},{"floor":10,"key":"Eternal Feather"},{"floor":23,"key":"InkBottle"},{"floor":25,"key":"Whetstone"},{"floor":26,"key":"Molten Egg 2"},{"floor":31,"key":"Anchor"},{"floor":36,"key":"Pocketwatch"},{"floor":40,"key":"Question Card"},{"floor":43,"key":"Potion Belt"},{"floor":46,"key":"Ornamental Fan"},{"floor":47,"key":"Old Coin"}],"event_choices":[{"damage_healed":0,"gold_gain":0,"player_choice":"Entered Light","damage_taken":16,"max_hp_gain":0,"max_hp_loss":0,"event_name":"Shining Light","floor":4,"gold_loss":0,"cards_upgraded":["Defend_R","Defend_R"]},{"cards_removed":["Strike_R"],"damage_healed":0,"gold_gain":0,"player_choice":"Card Removal","damage_taken":7,"max_hp_gain":0,"max_hp_loss":0,"event_name":"Golden Wing","floor":7,"gold_loss":0},{"damage_healed":0,"gold_gain":275,"player_choice":"Desecrate","damage_taken":0,"max_hp_gain":0,"max_hp_loss":0,"event_name":"Golden Shrine","floor":11,"gold_loss":0,"cards_obtained":["Regret"]},{"damage_healed":0,"gold_gain":0,"player_choice":"Read","damage_taken":0,"max_hp_gain":0,"max_hp_loss":0,"event_name":"The Library","floor":19,"gold_loss":0,"cards_obtained":["Iron Wave"]},{"damage_healed":0,"gold_gain":0,"player_choice":"Smashed Altar","damage_taken":0,"max_hp_gain":0,"max_hp_loss":0,"event_name":"Forgotten Altar","floor":22,"gold_loss":0,"cards_obtained":["Decay"]},{"damage_healed":0,"gold_gain":99,"player_choice":"Stole From Cult","damage_taken":0,"max_hp_gain":0,"max_hp_loss":0,"event_name":"Nest","floor":28,"gold_loss":0},{"damage_healed":0,"gold_gain":0,"player_choice":"Fight","damage_taken":0,"max_hp_gain":0,"max_hp_loss":0,"event_name":"MindBloom","floor":36,"gold_loss":0},{"damage_healed":0,"gold_gain":0,"player_choice":"Copied","damage_taken":0,"max_hp_gain":0,"max_hp_loss":0,"event_name":"Duplicator","floor":37,"gold_loss":0,"cards_obtained":["Searing Blow"]},{"damage_healed":0,"gold_gain":0,"player_choice":"Fight","damage_taken":0,"max_hp_gain":0,"max_hp_loss":0,"event_name":"Mysterious Sphere","floor":47,"gold_loss":0}],"is_beta":false,"boss_relics":[{"not_picked":["Black Star","Cursed Key"],"picked":"Busted Crown"},{"not_picked":["Calling Bell","Runic Cube"],"picked":"Empty Cage"}],"items_purged_floors":[5,20,27,45],"is_endless":false,"potions_floor_spawned":[2,12,14,16,18,30,36,40,47,48],"ascension_level":1}}