{"host":"8o45mh5p3pp1o2mi","time":1611966460,"event":{"mods":["BaseMod","Bestiary","Better Match","Better Third Choice","BetterRewards","Dark Map","Downfall","Fox Events","Minty Spire (QoL Compilation)","Rare Cards Sparkle","Relic Stats","Replay The Spire","Shop Mod","Spire Exporter","StSLib","everything is the same but u backflip on backflip"],"gold_per_floor":[117,137,137,137,58,84,78,88,88,88,13,28,28,42,128,228,228,241,257,60,60,71,100,117,146,170,32,48,73,91,91,91,186,186,201,62,73,73,87,87,129,154,154,154,154,154,154,188,188,188],"floor_reached":51,"language":"ENG","playtime":3494,"items_purged":["Strike_G","Defend_G","Strike_G","Strike_G","Strike_G","Strike_G","Defend_G"],"score":904,"play_id":"6f28e2c1-89dd-465a-a5b4-9cc199d8bb7d","local_time":"20210130002740","is_ascension_mode":true,"campfire_choices":[{"data":"Deadly Poison","floor":10,"key":"SMITH"},{"data":"Backflip","floor":13,"key":"SMITH"},{"data":"Burst","floor":40,"key":"SMITH"},{"data":"Night Terror","floor":45,"key":"SMITH"},{"data":"Burst","floor":47,"key":"SMITH"},{"floor":49,"key":"REST"}],"circlet_count":0,"master_deck":["Defend_G","Defend_G","Survivor","Neutralize","Deadly Poison+1","Backstab+1","Draining Mist+1","Draining Mist+1","Poisoned Stab+1","Backflip+1","Blur","Burst","Footwork+1","Crippling Poison","Tools of the Trade","Leg Sweep","Fluid Movement","Dark Shackles","Burst+1","Footwork+1","Hidden Blade","Acrobatics+1","Burst+1","Night Terror+1","CommonCold","Crippling Poison"],"relics":["Ring of the Snake","Membership Card","Blood Vial","MerchantsRug","Replay:Towering Pillar of Hats","TungstenRod","Anchor","Snake Skull","Painkiller Herb","TwistedFunnel","Iron Hammer","Vajra","Strawberry","Pear","Philosopher\u0027s Stone","Nunchaku","InkBottle","Bag of Preparation","Juzu Bracelet"],"acts_visited":["Exordium","TheCity","TheBeyond"],"potions_floor_usage":[16,16,30,35,50,50,50],"damage_taken":[{"damage":0,"enemies":"2 Louse","floor":1,"turns":2},{"damage":0,"enemies":"Jaw Worm","floor":2,"turns":3},{"damage":22,"enemies":"Gremlin Nob","floor":6,"turns":4},{"damage":0,"enemies":"Cultist","floor":8,"turns":2},{"damage":0,"enemies":"Red Slaver","floor":12,"turns":2},{"damage":0,"enemies":"Blue Slaver","floor":14,"turns":2},{"damage":33,"enemies":"Slime Boss","floor":16,"turns":12},{"damage":0,"enemies":"Chosen","floor":18,"turns":4},{"damage":4,"enemies":"2 Thieves","floor":19,"turns":4},{"damage":0,"enemies":"Centurion and Healer","floor":22,"turns":5},{"damage":9,"enemies":"Gremlin Leader","floor":23,"turns":4},{"damage":3,"enemies":"Sentry and Sphere","floor":24,"turns":4},{"damage":0,"enemies":"Slavers","floor":25,"turns":5},{"damage":0,"enemies":"Cultist and Chosen","floor":28,"turns":4},{"damage":0,"enemies":"Replay:Snechameleon","floor":29,"turns":5},{"damage":0,"enemies":"3 Cultists","floor":30,"turns":3},{"damage":11,"enemies":"Collector","floor":33,"turns":9},{"damage":0,"enemies":"3 Darklings","floor":35,"turns":5},{"damage":0,"enemies":"Orb Walker","floor":37,"turns":2},{"damage":2,"enemies":"Writhing Mass","floor":39,"turns":3},{"damage":0,"enemies":"Giant Head","floor":42,"turns":9},{"damage":0,"enemies":"R_Hoarder","floor":48,"turns":6},{"damage":40,"enemies":"Replay:Hell Engine","floor":50,"turns":8}],"seed_played":"6580812738265129508","potions_obtained":[{"floor":2,"key":"Fire Potion"},{"floor":8,"key":"Adrenaline Potion"},{"floor":16,"key":"Venom Potion"},{"floor":19,"key":"Weak Potion"},{"floor":23,"key":"Venom Potion"},{"floor":28,"key":"champ:CounterPotion"},{"floor":30,"key":"Languid Potion"},{"floor":35,"key":"ColorlessPotion"},{"floor":37,"key":"PowerPotion"}],"is_trial":false,"path_per_floor":["M","M","?","?","$","E","$","M","T","R","$","M","R","M","R","B",null,"?","?","T","?","?","E","?","E","T","T","?","E","?","?","T","B",null,"?","T","?","T","?","T","?","E","T","?","T","?","T","E","T","B",null],"character_chosen":"THE_SILENT","items_purchased":["Membership Card","Deadly Poison","Blood Vial","MerchantsRug","Backstab","Sneak Up","Guide Book","TwistedFunnel","Crippling Poison","Fluid Movement","Hidden Blade"],"campfire_rested":1,"item_purchase_floors":[0,0,0,0,0,0,5,20,20,27,36],"current_hp_per_floor":[70,70,70,65,65,59,59,61,61,61,61,63,63,65,65,34,72,74,72,72,72,74,67,66,68,75,75,77,89,91,81,101,90,98,100,100,101,101,99,99,60,62,62,62,62,62,62,64,94,56],"gold":188,"neow_bonus":"","is_daily":false,"chose_seed":false,"campfire_upgraded":5,"win_rate":0.0,"timestamp":1611966460,"path_taken":["M","M","?","?","$","E","?","M","T","R","$","M","R","M","R","BOSS","?","?","T","?","?","E","?","E","T","?","?","E","?","?","T","BOSS","?","T","?","T","?","T","?","E","T","?","T","?","T","E","T","BOSS"],"items_purchased_type":["Relic","Card","Relic","Relic","Card","Card","Relic","Relic","Card","Card","Card"],"build_version":"2020-12-22","purchased_purges":7,"victory":true,"max_hp_per_floor":[70,70,70,70,70,84,84,84,84,84,84,84,84,84,84,84,84,84,84,84,84,84,84,84,84,91,91,91,101,101,101,101,101,101,101,101,101,101,101,101,101,101,101,101,101,101,101,101,101,101],"relic_stats":{"Blood Vial":37,"Nunchaku":[2],"counters":[32,132],"Snake Skull":[144],"Bag of Preparation":[4],"Juzu Bracelet":0,"obtain_stats":[{"TwistedFunnel":20,"MerchantsRug":0,"bronze:BronzeCore":0,"Pear":29,"Replay:Towering Pillar of Hats":0,"Guide Book":5,"Vajra":25,"Mango":6,"Painkiller Herb":17,"Snake Skull":9,"Juzu Bracelet":11,"Bag of Preparation":43,"Blood Vial":0,"Anchor":4,"Nunchaku":41,"Strawberry":26,"Philosopher\u0027s Stone":34,"Iron Hammer":23,"foxEvents:LuckyCharm":3,"Membership Card":0,"TungstenRod":0,"InkBottle":42,"Ring of the Snake":7},{"TwistedFunnel":18,"MerchantsRug":9,"bronze:BronzeCore":0,"Pear":24,"Replay:Towering Pillar of Hats":9,"Guide Book":11,"Vajra":22,"Mango":12,"Painkiller Herb":16,"Snake Skull":13,"Juzu Bracelet":7,"Bag of Preparation":30,"Blood Vial":9,"Anchor":11,"Nunchaku":29,"Strawberry":22,"Philosopher\u0027s Stone":26,"Iron Hammer":20,"foxEvents:LuckyCharm":2,"Membership Card":9,"TungstenRod":9,"InkBottle":30,"Ring of the Snake":12},{"TwistedFunnel":60,"MerchantsRug":25,"bronze:BronzeCore":0,"Pear":87,"Replay:Towering Pillar of Hats":25,"Guide Book":30,"Vajra":78,"Mango":34,"Painkiller Herb":52,"Snake Skull":36,"Juzu Bracelet":19,"Bag of Preparation":118,"Blood Vial":25,"Anchor":30,"Nunchaku":109,"Strawberry":78,"Philosopher\u0027s Stone":99,"Iron Hammer":69,"foxEvents:LuckyCharm":5,"Membership Card":25,"TungstenRod":25,"InkBottle":118,"Ring of the Snake":34}],"TungstenRod":27,"InkBottle":[8],"Ring of the Snake":[46]},"card_choices":[{"not_picked":["Slice","Well Laid Plans"],"picked":"Draining Mist","floor":1},{"not_picked":["Blade Dance","Dagger Spray","Slice"],"picked":"SKIP","floor":2},{"not_picked":["Expertise","Blade Dance"],"picked":"Poisoned Stab","floor":6},{"not_picked":["Bane","Dodge and Roll"],"picked":"Backflip","floor":8},{"not_picked":["A Thousand Cuts","Underhanded Strike","Cloak And Dagger"],"picked":"SKIP","floor":12},{"not_picked":["Cloak And Dagger","Acrobatics"],"picked":"Blur","floor":14},{"not_picked":["ReplayTheSpireMod:Necrosis","Atom Bomb"],"picked":"Burst","floor":16},{"not_picked":["PiercingWail","ReplayTheSpireMod:Exploit Weakness"],"picked":"Footwork+1","floor":18},{"not_picked":["Flying Knee","Caltrops+1","Deflect+1"],"picked":"SKIP","floor":19},{"not_picked":["Slice","Prepared"],"picked":"Leg Sweep","floor":22},{"not_picked":["Poisoned Stab","Hidden Blade","Outmaneuver"],"picked":"SKIP","floor":23},{"not_picked":["Choke","ReplayTheSpireMod:Tripwire","Sucker Punch+1"],"picked":"SKIP","floor":24},{"not_picked":["Hidden Blade","Sucker Punch","Underhanded Strike+1"],"picked":"SKIP","floor":25},{"not_picked":["Prepared","Escape Plan","Predator"],"picked":"SKIP","floor":28},{"not_picked":["Blade Dance","Dagger Spray","Backflip"],"picked":"SKIP","floor":29},{"not_picked":["Deflect","Poisoned Stab+1","Outmaneuver"],"picked":"SKIP","floor":30},{"not_picked":["Unload","Venomology"],"picked":"Burst","floor":33},{"not_picked":["Dagger Throw","Quick Slash+1"],"picked":"Footwork+1","floor":35},{"not_picked":["Dagger Throw","Outmaneuver+1"],"picked":"Acrobatics+1","floor":37},{"not_picked":["Hidden Blade+1","Blade Dance","Deflect+1"],"picked":"SKIP","floor":39},{"not_picked":["Poisoned Stab","Sucker Punch"],"picked":"Burst","floor":41},{"not_picked":["Deadly Poison","Cloak And Dagger"],"picked":"Night Terror","floor":42},{"not_picked":["Slice","Concentrate+1"],"picked":"Crippling Poison","floor":48}],"player_experience":146255,"relics_obtained":[{"floor":6,"key":"Mango"},{"floor":9,"key":"Snake Skull"},{"floor":23,"key":"Iron Hammer"},{"floor":25,"key":"Vajra"},{"floor":26,"key":"Strawberry"},{"floor":29,"key":"Pear"},{"floor":41,"key":"Nunchaku"},{"floor":42,"key":"InkBottle"},{"floor":43,"key":"Bag of Preparation"},{"floor":48,"key":"Juzu Bracelet"}],"event_choices":[{"damage_healed":0,"gold_gain":0,"player_choice":"Relic ","damage_taken":7,"max_hp_gain":0,"max_hp_loss":0,"event_name":"betterThird:BetterScrap","floor":4,"gold_loss":0,"cards_obtained":["Bludgeon"]},{"damage_healed":0,"gold_gain":0,"cards_transformed":["Defend_G"],"player_choice":"Transformed","damage_taken":0,"max_hp_gain":0,"max_hp_loss":0,"event_name":"Transmorgrifier","floor":21,"gold_loss":0,"cards_obtained":["Tools of the Trade"]},{"damage_healed":0,"gold_gain":0,"player_choice":"CARD ","damage_taken":12,"max_hp_gain":0,"max_hp_loss":0,"event_name":"Knowing Skull","floor":31,"potions_obtained":[],"gold_loss":0,"cards_obtained":["Dark Shackles"]},{"damage_healed":0,"gold_gain":0,"player_choice":"Ignored","damage_taken":0,"max_hp_gain":0,"max_hp_loss":0,"event_name":"Tomb of Lord Red Mask","floor":46,"gold_loss":0}],"is_beta":false,"boss_relics":[{"not_picked":["Replay:Bronze Core","HoveringKite"],"picked":"Painkiller Herb"},{"not_picked":["Replay:Grab Bag","Snecko Scales"],"picked":"Philosopher\u0027s Stone"}],"items_purged_floors":[0,0,7,11,20,27,36],"is_endless":false,"potions_floor_spawned":[2,8,16,19,23,25,28,30,35,37,39],"ascension_level":5}}