{"host":"j0e3xzyxe6w4yncp","time":1611966625,"event":{"mods":["2.2 Compatiblity","BaseMod","Colored Map","Colored Powertips","Downfall","Minty Spire (QoL Compilation)","Quick Restart","Shop Mod","StSLib"],"gold_per_floor":[99,99,99,199,199,228,228,241,251,51,51,69,69,84,98,197,197,97,28,28,28,43,63,89,140,175,17,17,31,31,63,77,77,77,77],"floor_reached":33,"language":"ENG","playtime":2340,"items_purged":[],"score":358,"play_id":"77bd75e8-9e40-441b-93c9-65e6316b5ca5","local_time":"20210129193025","is_ascension_mode":false,"campfire_choices":[{"floor":1.0,"key":"RECALL"},{"data":"1","floor":10.0,"key":"LIFT"},{"data":"2","floor":13.0,"key":"LIFT"},{"data":"3","floor":18.0,"key":"LIFT"},{"floor":28.0,"key":"DIG"},{"data":"bronze:Terminator","floor":30.0,"key":"SMITH"}],"circlet_count":0,"master_deck":["bronze:Strike","bronze:Strike","bronze:Strike","bronze:Strike","bronze:Defend","bronze:Defend","bronze:Defend","bronze:Defend","bronze:Replicate","bronze:Goto","bronze:ClassDefault","bronze:Iterate","bronze:Overheat","bronze:Frontload","Regret","bronze:OilSpill","bronze:WhirlingStrike","bronze:Flail","bronze:Assembly","bronze:DelayedGuard+1","bronze:BuggyMess","bronze:Fortify","downfall:Bewildered","bronze:Separator+1","bronze:Terminator+1","bronze:MaxOutput","bronze:DarkDash+1","bronze:Repair"],"relics":["bronze:BronzeCore","downfall:HeartsMalice","Girya","downfall:HeartBlessingRed","downfall:HeartBlessingGreen","Pear","Black Star","downfall:HeartBlessingBlue","sneckomod:BabySnecko","Vajra","Bag of Preparation","Shovel","Boot","Lee\u0027s Waffle","Centennial Puzzle","Juzu Bracelet","Strawberry"],"acts_visited":["Exordium","TheCity"],"potions_floor_usage":[31],"damage_taken":[{"damage":0.0,"enemies":"Jaw Worm","floor":2.0,"turns":1.0},{"damage":0.0,"enemies":"2 Louse","floor":5.0,"turns":1.0},{"damage":0.0,"enemies":"Gremlin Nob","floor":6.0,"turns":1.0},{"damage":5.0,"enemies":"Small Slimes","floor":8.0,"turns":5.0},{"damage":8.0,"enemies":"3 Louse","floor":9.0,"turns":4.0},{"damage":15.0,"enemies":"Blue Slaver","floor":12.0,"turns":4.0},{"damage":8.0,"enemies":"Red Slaver","floor":14.0,"turns":2.0},{"damage":1.0,"enemies":"3 Louse","floor":15.0,"turns":2.0},{"damage":21.0,"enemies":"IC_STATUS_ARCHETYPE","floor":16.0,"turns":7.0},{"damage":8.0,"enemies":"downfall:FleeingMerchant","floor":19.0,"turns":4.0},{"damage":21.0,"enemies":"Shell Parasite","floor":22.0,"turns":5.0},{"damage":7.0,"enemies":"Cultist and Chosen","floor":23.0,"turns":4.0},{"damage":36.0,"enemies":"Slavers","floor":26.0,"turns":2.0},{"damage":11.0,"enemies":"downfall:FleeingMerchant","floor":27.0,"turns":4.0},{"damage":19.0,"enemies":"Snecko","floor":29.0,"turns":6.0},{"damage":37,"enemies":"Book of Stabbing","floor":31,"turns":4},{"damage":10,"enemies":"Snake Plant","floor":32,"turns":2},{"damage":84,"enemies":"SI_MIRROR_ARCHETYPE","floor":33,"turns":6}],"seed_played":"-3916070229183353562","potions_obtained":[{"floor":6.0,"key":"DistilledChaos"},{"floor":9.0,"key":"sneckomod:MuddlingPotion"},{"floor":15.0,"key":"Block Potion"},{"floor":22.0,"key":"FairyPotion"},{"floor":23.0,"key":"bronze:FreeFunctionsPotion"},{"floor":26.0,"key":"BlessingOfTheForge"}],"is_trial":false,"path_per_floor":["R","M","?","?","M","E","T","M","M","R","?","M","R","M","M","B",null,"R","$","?","?","M","M","T","T","E","$","R","M","R","E","M","B"],"character_chosen":"THE_AUTOMATON","items_purchased":["bronze:BuggyMess","Lee\u0027s Waffle"],"campfire_rested":0,"item_purchase_floors":[19,27],"current_hp_per_floor":[70,70,70,70,70,70,70,65,57,57,67,52,52,44,43,22,80,90,82,82,82,61,54,54,54,18,97,97,78,78,48,38,0,0,0],"gold":77,"neow_bonus":"THREE_ENEMY_KILL","is_daily":false,"chose_seed":false,"campfire_upgraded":1,"win_rate":0.0,"timestamp":1611966625,"path_taken":["R","M","?","?","M","E","T","M","M","R","?","M","R","M","M","BOSS","R","$","?","?","M","M","T","?","E","$","R","M","R","E","M","BOSS"],"items_purchased_type":["Card","Relic"],"build_version":"2020-12-22","purchased_purges":0,"victory":false,"max_hp_per_floor":[70,70,70,70,70,70,70,70,70,70,80,80,80,80,80,80,80,90,90,90,90,90,90,90,90,90,97,97,97,97,104,104,104,104,104],"card_choices":[{"not_picked":["bronze:DelayedSlice","bronze:BugBarrage"],"picked":"bronze:ClassDefault","floor":2.0},{"not_picked":["bronze:ClassDefault","bronze:DigitalCarnage"],"picked":"bronze:Iterate","floor":5.0},{"not_picked":["bronze:Allocate","bronze:Shield"],"picked":"bronze:ClassDefault","floor":6.0},{"not_picked":["bronze:DelayedGuard","bronze:ShipIt"],"picked":"bronze:Overheat","floor":8.0},{"not_picked":["bronze:Overload","bronze:ForLoop"],"picked":"bronze:Frontload","floor":9.0},{"not_picked":["bronze:Philosophize","bronze:Branch"],"picked":"bronze:OilSpill","floor":12.0},{"not_picked":["bronze:Backtrace","bronze:Overheat"],"picked":"bronze:WhirlingStrike","floor":14.0},{"not_picked":["bronze:OilSpill","bronze:ForceShield"],"picked":"bronze:Flail","floor":15.0},{"not_picked":["bronze:BurnOut","bronze:AlphaBuild"],"picked":"bronze:Assembly","floor":16.0},{"not_picked":["bronze:BitShift","bronze:DarkDash"],"picked":"bronze:DelayedGuard+1","floor":19.0},{"not_picked":["bronze:BugBarrage","bronze:Deprecate"],"picked":"bronze:Separator+1","floor":22.0},{"not_picked":["bronze:Break","bronze:Shield+1"],"picked":"bronze:Terminator","floor":23.0},{"not_picked":["bronze:BuggyMess","bronze:ChosenStrike","bronze:Overload"],"picked":"SKIP","floor":26.0},{"not_picked":["bronze:Separator","bronze:BitShift+1","bronze:HyperBeam"],"picked":"SKIP","floor":27.0},{"not_picked":["bronze:DelayedSlice","bronze:DelayedGuard"],"picked":"bronze:MaxOutput","floor":29.0},{"not_picked":["bronze:Mutator","bronze:Frontload"],"picked":"bronze:DarkDash+1","floor":31},{"not_picked":["bronze:BugBarrage+1","bronze:BuggyMess"],"picked":"bronze:Repair","floor":32}],"player_experience":680878,"relics_obtained":[{"floor":6.0,"key":"Girya"},{"floor":24.0,"key":"Vajra"},{"floor":25.0,"key":"Bag of Preparation"},{"floor":26.0,"key":"Shovel"},{"floor":26.0,"key":"Boot"},{"floor":28.0,"key":"Centennial Puzzle"},{"floor":31,"key":"Juzu Bracelet"},{"floor":31,"key":"Strawberry"}],"event_choices":[{"damage_healed":0.0,"max_hp_gain":0.0,"max_hp_loss":0.0,"gold_gain":0.0,"event_name":"Big Fish","player_choice":"Box","floor":11.0,"gold_loss":0.0,"damage_taken":0.0,"relics_obtained":["Pear"],"cards_obtained":["Regret"]}],"is_beta":false,"boss_relics":[{"not_picked":["Runic Pyramid","SacredBark"],"picked":"Black Star"}],"items_purged_floors":[],"is_endless":false,"potions_floor_spawned":[6,9,15,22,23,26],"killed_by":"SI_MIRROR_ARCHETYPE","ascension_level":0}}