{"host":"r7z4an43h95gvocz","time":1611975086,"event":{"mods":["AchievementEnabler","BaseMod","Colored Map","Colored Powertips","Downfall","Minty Spire (QoL Compilation)","StSLib"],"gold_per_floor":[99,113,133,133,148,148,148,166,7,7,7,44,44,72,93,93,93],"floor_reached":16,"language":"ENG","playtime":818,"items_purged":[],"score":102,"play_id":"a69147e4-3847-47d7-a852-89712d92a24e","local_time":"20210129185126","is_ascension_mode":false,"campfire_choices":[{"data":"sneckomod:SnekBite","floor":1,"key":"SMITH"},{"data":"sneckomod:WideSting","floor":10,"key":"SMITH"},{"data":"sneckomod:UnlimitedRolls","floor":13,"key":"SMITH"}],"circlet_count":0,"master_deck":["sneckomod:Strike","sneckomod:Defend","sneckomod:Defend","sneckomod:Defend","sneckomod:TailWhip","sneckomod:SnekBite+1","sneckomod:Unknown","sneckomod:Unknown","sneckomod:UnknownDraw","sneckomod:UnknownBlock","sneckomod:WideSting+1","sneckomod:SnekBite+1","sneckomod:UnlimitedRolls+1","sneckomod:SlitherStrike","sneckomod:SerpentMind","sneckomod:Nope","sneckomod:Unknown1Cost"],"relics":["sneckomod:SneckoSoul","Blue Candle","Tiny Chest","Juzu Bracelet","CeramicFish"],"acts_visited":["Exordium"],"potions_floor_usage":[16,16,16],"damage_taken":[{"damage":3,"enemies":"Small Slimes","floor":2,"turns":3},{"damage":0,"enemies":"Jaw Worm","floor":3,"turns":3},{"damage":0,"enemies":"Cultist","floor":5,"turns":4},{"damage":6,"enemies":"2 Fungi Beasts","floor":8,"turns":3},{"damage":0,"enemies":"downfall:FleeingMerchant","floor":9,"turns":4},{"damage":26,"enemies":"3 Sentries","floor":12,"turns":4},{"damage":6,"enemies":"3 Louse","floor":14,"turns":3},{"damage":10,"enemies":"Large Slime","floor":15,"turns":3},{"damage":33,"enemies":"IC_STATUS_ARCHETYPE","floor":16,"turns":8}],"seed_played":"-5799578368463503978","potions_obtained":[{"floor":8,"key":"ColorlessPotion"},{"floor":12,"key":"DistilledChaos"},{"floor":14,"key":"sneckomod:DiceRollPotion"}],"is_trial":false,"path_per_floor":["R","M","M","?","M","?","T","M","$","R","?","E","R","M","M","B"],"character_chosen":"THE_SNECKO","items_purchased":["Tiny Chest"],"campfire_rested":0,"item_purchase_floors":[9],"current_hp_per_floor":[90,87,87,87,87,87,87,81,81,81,74,48,48,42,32,0,0,0],"gold":93,"neow_bonus":"REMOVE_CARD","is_daily":false,"chose_seed":false,"campfire_upgraded":3,"win_rate":0.0,"timestamp":1611975086,"path_taken":["R","M","M","?","M","?","T","?","$","R","?","E","R","M","M","BOSS"],"items_purchased_type":["Relic"],"build_version":"2020-12-22","purchased_purges":0,"victory":false,"max_hp_per_floor":[90,90,90,90,90,90,90,90,90,90,90,90,90,90,90,90,90,90],"card_choices":[{"not_picked":["sneckomod:UnknownCommonAttack","sneckomod:UnendingSupply"],"picked":"sneckomod:UnknownDraw","floor":2},{"not_picked":["sneckomod:SoulRoll","sneckomod:UnknownCommonAttack"],"picked":"sneckomod:UnknownBlock","floor":3},{"not_picked":["sneckomod:RainOfDice","sneckomod:DiceBlock"],"picked":"sneckomod:WideSting","floor":5},{"not_picked":["sneckomod:UnknownCommonSkill","sneckomod:UnknownCommonAttack"],"picked":"sneckomod:UnlimitedRolls","floor":8},{"not_picked":["sneckomod:DiceCrush","sneckomod:UnknownBlock"],"picked":"sneckomod:SlitherStrike","floor":9},{"not_picked":["sneckomod:IronFang","sneckomod:CheapStock"],"picked":"sneckomod:SerpentMind","floor":12},{"not_picked":["sneckomod:UnknownDraw","sneckomod:Cheat"],"picked":"sneckomod:Nope","floor":14},{"not_picked":["sneckomod:SoulRoll","sneckomod:MasterEye"],"picked":"sneckomod:Unknown1Cost","floor":15}],"player_experience":443924,"relics_obtained":[{"floor":7,"key":"Blue Candle"},{"floor":12,"key":"CeramicFish"}],"event_choices":[{"damage_healed":0,"gold_gain":0,"player_choice":"Success","damage_taken":7,"relics_obtained":["Juzu Bracelet"],"max_hp_gain":0,"max_hp_loss":0,"event_name":"Scrap Ooze","floor":11,"gold_loss":0}],"is_beta":false,"boss_relics":[],"items_purged_floors":[],"is_endless":false,"potions_floor_spawned":[8,12,14],"killed_by":"IC_STATUS_ARCHETYPE","ascension_level":0}}