{"host":"hqxy2g3i5ker09hc","time":1611971674,"event":{"mods":["2.2 Compatiblity","AlwaysNeverKeys","Aspiration","BaseMod","Beaked The Cultist","Better Match","Better Note","Better Sensory Stone","Better Silent Start","Better Third Choice","Better-Laid Plans","CCEM2","CatGirl Mod","Chen","Conspire","Downfall","Fireblade Mod","GifTheSpireLib","Gold Saver","Hubris","Ironclad Rager","Jorbs\u0027s Wanderer Trilogy","Magitek Elite","Minty Spire (QoL Compilation)","MostiFishMod","Permanent Neow","Prisma Mod","Quarter Circle Forward PUNCH!","Quick Restart","Replay The Spire","Shop Mod","Small Relic Pack","Spikes Relics","StSLib","Stuff the Spire","The Animator","The Bug Knight","The Forsaken","The Wild Card"],"gold_per_floor":[802,802,825,840,840,861,908,930,930,930,955,237,268,268,288,305,305,413,413,434,359,374,38,55,55,80,80,80,95,95,95,95,115,115,120,120],"floor_reached":35,"language":"ENG","playtime":2903,"items_purged":["stsjorbsmod:Strike_Wanderer"],"score":271,"play_id":"b796a653-bf15-42f0-86b1-a5b12454fa3f","local_time":"20210130025434","is_ascension_mode":false,"campfire_choices":[{"floor":25,"key":"REST"},{"data":"Armaments","floor":27,"key":"SMITH"},{"floor":34,"key":"DIG"}],"circlet_count":0,"master_deck":["stsjorbsmod:ForbiddenGrimoire+1","stsjorbsmod:Strike_Wanderer","stsjorbsmod:Strike_Wanderer","stsjorbsmod:Defend_Wanderer","stsjorbsmod:Defend_Wanderer","stsjorbsmod:Defend_Wanderer","stsjorbsmod:Defend_Wanderer+1","stsjorbsmod:FreshAdventure","stsjorbsmod:EyeOfTheStorm","stsjorbsmod:OldPocket","stsjorbsmod:Firebolt","stsjorbsmod:ScorchingRay","stsjorbsmod:TollTheDead","stsjorbsmod:FracturedMind","stsjorbsmod:Determination+1","stsjorbsmod:FranticSearch","stsjorbsmod:WanderingMind+1","stsjorbsmod:Aid","stsjorbsmod:Pyromancy+1","stsjorbsmod:Rest","stsjorbsmod:Rediscovery","stsjorbsmod:HedgeWizard","stsjorbsmod:GatherPower","stsjorbsmod:RefuseToForget","stsjorbsmod:Entangle+1","stsjorbsmod:Rediscovery+1","MostiFishMod:KnuckleDown+1","Pommel Strike+1","stsjorbsmod:ArcaneWeapon","Armaments+1","conspire:ExplosiveBarrier","stsjorbsmod:TollTheDead","stsjorbsmod:Mending+1"],"relics":["stsjorbsmod:GrimoireRelic","DaveBox","ArrowTower","aspiration:Nostalgia","theForsaken:JudgementScales","SynthV:TestCard","CCEMRelics:SelfSharpeningBlade","StuffTheSpire:Barrel","CCEMRelics:EnergeticInfuser","Lee\u0027s Waffle","hubris:AstralHammer","aspiration:IroncladSkillbook","PreservedInsect","Replay:Bottled Snecko","Bag of Marbles"],"acts_visited":["Exordium","TheCity"],"potions_floor_usage":[35],"damage_taken":[{"damage":0.0,"enemies":"Small Slimes","floor":1.0,"turns":3.0},{"damage":0.0,"enemies":"Cultist","floor":3.0,"turns":2.0},{"damage":0.0,"enemies":"Jaw Worm","floor":4.0,"turns":2.0},{"damage":3.0,"enemies":"Red Slaver","floor":6.0,"turns":3.0},{"damage":2.0,"enemies":"3 Sentries","floor":7.0,"turns":4.0},{"damage":0.0,"enemies":"Exordium Wildlife","floor":8.0,"turns":3.0},{"damage":34.0,"enemies":"Gremlin Nob","floor":13.0,"turns":4.0},{"damage":4.0,"enemies":"2 Fungi Beasts","floor":15.0,"turns":3.0},{"damage":2.0,"enemies":"Looter","floor":16.0,"turns":3.0},{"damage":16.0,"enemies":"Fading Forest","floor":18.0,"turns":11.0},{"damage":23.0,"enemies":"Spheric Guardian","floor":20.0,"turns":4.0},{"damage":12,"enemies":"Shell Parasite","floor":22,"turns":4},{"damage":31,"enemies":"Sentry and Sphere","floor":24,"turns":5},{"damage":18,"enemies":"Chosen and Byrds","floor":26,"turns":5},{"damage":31,"enemies":"Centurion and Healer","floor":29,"turns":5},{"damage":20,"enemies":"Snake Plant","floor":33,"turns":4},{"damage":18,"enemies":"Champ","floor":35,"turns":7}],"seed_played":"4541444252295026371","potions_obtained":[{"floor":1.0,"key":"GamblersBrew"},{"floor":6.0,"key":"EssenceOfSteel"},{"floor":7.0,"key":"LiquidBronze"},{"floor":15.0,"key":"Adrenaline Potion"},{"floor":24,"key":"SpeedPotion"},{"floor":26,"key":"BlessingOfTheForge"}],"is_trial":false,"path_per_floor":["M","?","M","M","?","M","E","M","PTL","PTL","T","$","E","?","M","M","R","B",null,"M","?","M","$","M","R","M","R","T","M","$","?","?","M","R","B"],"character_chosen":"WANDERER","items_purchased":["stsjorbsmod:WanderingMind","stsjorbsmod:Aid","stsjorbsmod:Pyromancy","CCEMRelics:EnergeticInfuser","Lee\u0027s Waffle","PreservedInsect","stsjorbsmod:ArcaneWeapon","Armaments"],"campfire_rested":1,"item_purchase_floors":[12,12,12,12,12,23,23,23],"current_hp_per_floor":[68,62,62,63,63,61,60,61,61,61,61,75,42,42,39,39,61,55,75,58,58,54,54,39,62,51,51,51,25,25,25,25,10,10,0,0],"gold":120,"neow_bonus":"NOSTALGIA","is_daily":false,"chose_seed":false,"campfire_upgraded":1,"win_rate":0.0,"timestamp":1611971674,"path_taken":["M","?","?","M","?","M","E","?","PTL","PTL","T","$","E","?","?","M","R","BOSS","M","?","M","$","?","R","M","R","T","M","$","?","?","M","R","BOSS"],"items_purchased_type":["Card","Card","Card","Relic","Relic","Relic","Card","Card"],"build_version":"2020-12-22","purchased_purges":1,"victory":false,"max_hp_per_floor":[68,68,68,68,68,68,68,68,68,68,68,75,75,75,75,75,75,75,75,75,75,77,77,79,79,79,79,79,79,79,79,79,79,79,79,79],"card_choices":[{"not_picked":["stsjorbsmod:Patron","stsjorbsmod:ChainLightning"],"picked":"stsjorbsmod:OldPocket","floor":1.0},{"not_picked":["stsjorbsmod:Index","stsjorbsmod:BlackTentacles","stsjorbsmod:ChatteringStrike","stsjorbsmod:ChainLightning"],"picked":"stsjorbsmod:Firebolt","floor":3.0},{"not_picked":["stsjorbsmod:TrueStrike","stsjorbsmod:DisguiseSelf","stsjorbsmod:MagicMissiles","stsjorbsmod:Hibernate"],"picked":"stsjorbsmod:ScorchingRay","floor":4.0},{"not_picked":["stsjorbsmod:BlackTentacles","stsjorbsmod:BurningFlask","stsjorbsmod:Firebolt","stsjorbsmod:Index"],"picked":"stsjorbsmod:FracturedMind","floor":6.0},{"not_picked":["stsjorbsmod:Mending","stsjorbsmod:WeightOfMemory","stsjorbsmod:Introspection","stsjorbsmod:TinyHut"],"picked":"stsjorbsmod:Determination","floor":7.0},{"not_picked":["stsjorbsmod:Firebolt","stsjorbsmod:ChatteringStrike","stsjorbsmod:WeightOfMemory","stsjorbsmod:UnseenServant"],"picked":"stsjorbsmod:FranticSearch","floor":8.0},{"not_picked":["stsjorbsmod:ChainLightning","stsjorbsmod:ArcaneWeapon","stsjorbsmod:Prepare","stsjorbsmod:Will"],"picked":"stsjorbsmod:Rest","floor":13.0},{"not_picked":["stsjorbsmod:Firebolt","stsjorbsmod:Hurt","stsjorbsmod:TrueStrike","stsjorbsmod:Prestidigitation"],"picked":"stsjorbsmod:Rediscovery","floor":15.0},{"not_picked":["stsjorbsmod:ScorchingRay","stsjorbsmod:Thorns","stsjorbsmod:MistyStep","stsjorbsmod:DisguiseSelf"],"picked":"stsjorbsmod:HedgeWizard","floor":16.0},{"not_picked":["stsjorbsmod:PurgeMind","stsjorbsmod:DeathThroes","stsjorbsmod:Banish","stsjorbsmod:IvoryTower"],"picked":"stsjorbsmod:GatherPower","floor":18.0},{"not_picked":["Body Slam+1","stsjorbsmod:TrueStrike","Twin Strike","Clothesline","stsjorbsmod:ParryingBlow"],"picked":"stsjorbsmod:RefuseToForget","floor":20.0},{"not_picked":["Berserk+1","MostiFishMod:RacingGame+1","conspire:Purge+1","Immolate+1","stsjorbsmod:IvoryTower+1"],"picked":"stsjorbsmod:Entangle+1","floor":21},{"not_picked":["Reaper+1","stsjorbsmod:Trauma+1","stsjorbsmod:Banish+1","Brutality+1","Demon Form+1"],"picked":"stsjorbsmod:Rediscovery+1","floor":21},{"not_picked":["stsjorbsmod:Feast+1","Demon Form+1","stsjorbsmod:Determination+1","MostiFishMod:ChineseTea+1","stsjorbsmod:IvoryTower+1"],"picked":"MostiFishMod:KnuckleDown+1","floor":21},{"not_picked":["StuffTheSpire:Slingshot","stsjorbsmod:Firebolt","hubris:CleavingFinish+1","stsjorbsmod:Banish","StuffTheSpire:Incineration"],"picked":"Pommel Strike+1","floor":22},{"not_picked":["stsjorbsmod:Mindworm","hubris:CleavingFinish","StuffTheSpire:Pyroclast","stsjorbsmod:Prestidigitation","stsjorbsmod:Counterspell"],"picked":"conspire:ExplosiveBarrier","floor":24},{"not_picked":["stsjorbsmod:LocateObject","StuffTheSpire:Slingshot+1","Second Wind","Replay:Undeath\u0027s Touch+1","ReplayTheSpireMod:Strike From Hell"],"picked":"stsjorbsmod:TollTheDead","floor":26},{"not_picked":["stsjorbsmod:ChainLightning","Body Slam","Havoc+1","ReplayTheSpireMod:Limb From Limb","Replay:Undeath\u0027s Touch","Twin Strike"],"picked":"SKIP","floor":29},{"not_picked":["Shrug It Off","Clash","stsjorbsmod:Firebolt","Dropkick+1","stsjorbsmod:WanderingMind+1"],"picked":"stsjorbsmod:Mending+1","floor":33}],"player_experience":738642,"relics_obtained":[{"floor":1.0,"key":"SynthV:TestCard"},{"floor":7.0,"key":"CCEMRelics:SelfSharpeningBlade"},{"floor":11.0,"key":"StuffTheSpire:Barrel"},{"floor":13.0,"key":"hubris:AstralHammer"},{"floor":28,"key":"Replay:Bottled Snecko"},{"floor":34,"key":"Bag of Marbles"}],"event_choices":[{"damage_healed":0.0,"max_hp_gain":0.0,"max_hp_loss":0.0,"gold_gain":0.0,"event_name":"Wheel of Change","player_choice":"Damaged","floor":2.0,"gold_loss":0.0,"damage_taken":6.0},{"damage_healed":0.0,"max_hp_gain":0.0,"max_hp_loss":0.0,"gold_gain":0.0,"cards_transformed":["stsjorbsmod:Strike_Wanderer"],"event_name":"Transmorgrifier","player_choice":"Transformed","floor":5.0,"gold_loss":0.0,"damage_taken":0.0,"cards_obtained":["stsjorbsmod:TollTheDead"]},{"damage_healed":0.0,"max_hp_gain":0.0,"max_hp_loss":0.0,"gold_gain":0.0,"event_name":"Accursed Blacksmith","player_choice":"Forge","floor":14.0,"gold_loss":0.0,"damage_taken":0.0,"cards_upgraded":["stsjorbsmod:Determination"]},{"damage_healed":0,"gold_gain":0,"player_choice":"3","damage_taken":0,"max_hp_gain":0,"max_hp_loss":0,"event_name":"betterMatch:BetterMatch","floor":21,"gold_loss":0,"cards_obtained":["betterMatch:RareCard"]},{"damage_healed":0,"gold_gain":0,"player_choice":"Ignored","damage_taken":0,"max_hp_gain":0,"max_hp_loss":0,"event_name":"betterNote:BetterNote","floor":31,"gold_loss":0,"cards_obtained":["Defend_G"]}],"is_beta":false,"boss_relics":[{"not_picked":["ChiXiaoBlade","hubris:HollowSoul"],"picked":"aspiration:IroncladSkillbook"}],"items_purged_floors":[23],"is_endless":false,"potions_floor_spawned":[1,6,7,13,15,24,26],"killed_by":"Champ","ascension_level":0}}