{"host":"9n6i2vl93jt4o42q","time":1611995203,"event":{"mods":["BaseMod","Minty Spire (QoL Compilation)","Relic Stats"],"gold_per_floor":[110,128,138,138,153,153,153,153],"floor_reached":7,"language":"ENG","playtime":385,"items_purged":[],"score":86,"play_id":"e1ecf240-7816-491f-a882-07034b12c1bd","local_time":"20210130092643","is_ascension_mode":true,"campfire_choices":[{"data":"Cloak And Dagger","floor":6,"key":"SMITH"}],"circlet_count":0,"master_deck":["AscendersBane","Strike_G","Strike_G","Strike_G","Strike_G","Defend_G","Defend_G","Defend_G","Defend_G","Defend_G","Survivor","Neutralize","Cloak And Dagger+1","Flying Knee","Leg Sweep","Deflect","After Image","Crippling Poison"],"relics":["Ring of the Snake"],"acts_visited":["Exordium"],"potions_floor_usage":[7],"damage_taken":[{"damage":1,"enemies":"Jaw Worm","floor":1,"turns":4},{"damage":6,"enemies":"Small Slimes","floor":2,"turns":3},{"damage":2,"enemies":"2 Louse","floor":3,"turns":4},{"damage":0,"enemies":"Blue Slaver","floor":5,"turns":5},{"damage":51,"enemies":"Lagavulin","floor":7,"turns":12}],"seed_played":"-7808091909288400410","potions_obtained":[{"floor":2,"key":"Energy Potion"},{"floor":3,"key":"Weak Potion"},{"floor":5,"key":"CunningPotion"}],"is_trial":false,"path_per_floor":["M","M","M","?","M","R","E"],"character_chosen":"THE_SILENT","items_purchased":[],"campfire_rested":0,"item_purchase_floors":[],"current_hp_per_floor":[58,52,50,50,50,50,0,0],"gold":153,"neow_bonus":"THREE_CARDS","is_daily":false,"chose_seed":false,"campfire_upgraded":1,"win_rate":0.0,"timestamp":1611995203,"path_taken":["M","M","M","?","M","R","E"],"items_purchased_type":[],"build_version":"2020-12-22","purchased_purges":0,"victory":false,"max_hp_per_floor":[66,66,66,66,66,66,66,66],"relic_stats":{"counters":[5,28],"obtain_stats":[{"Ring of the Snake":0},{"Ring of the Snake":0},{"Ring of the Snake":0}],"Ring of the Snake":[10]},"card_choices":[{"not_picked":["Deflect","Outmaneuver"],"picked":"Cloak And Dagger","floor":0},{"not_picked":["Poisoned Stab","Reflex"],"picked":"Flying Knee","floor":1},{"not_picked":["Quick Slash","Accuracy"],"picked":"Leg Sweep","floor":2},{"not_picked":["Calculated Gamble","Concentrate"],"picked":"Deflect","floor":3},{"not_picked":["Escape Plan","Flying Knee"],"picked":"Crippling Poison","floor":5}],"player_experience":2336050,"relics_obtained":[],"event_choices":[{"damage_healed":0,"gold_gain":0,"cards_transformed":["Strike_G"],"player_choice":"Change","damage_taken":0,"max_hp_gain":0,"max_hp_loss":0,"event_name":"Living Wall","floor":4,"gold_loss":0,"cards_obtained":["After Image"]}],"is_beta":false,"boss_relics":[],"items_purged_floors":[],"is_endless":false,"potions_floor_spawned":[2,3,5],"killed_by":"Lagavulin","ascension_level":20}}