{"host":"bht7q8dqip9du99t","time":1611965576,"event":{"mods":["BaseMod","Colored Map","Colored Powertips","Highlight Path","Minty Spire (QoL Compilation)","Permanent Neow","Quick Restart","StSLib"],"gold_per_floor":[14,29,29,39,59,93,93,127,127,158,176,176,176,192,192,267,267,287,287,287,300,140,170,170,199,199,224,224,224,174,174,174,252,252,268,313,330,330,342,370,370,370,370,388,388,407,432,432,432,432],"floor_reached":51,"language":"ENG","playtime":2942,"items_purged":["Writhe","Defend_P"],"score":1402,"play_id":"aea6fc99-4a47-42a0-a0c7-dabaa112cb29","local_time":"20210129191256","is_ascension_mode":true,"campfire_choices":[{"floor":7.0,"key":"REST"},{"floor":12.0,"key":"REST"},{"data":"DevaForm","floor":15.0,"key":"SMITH"},{"floor":24.0,"key":"REST"},{"floor":28.0,"key":"REST"},{"data":"Protect","floor":32.0,"key":"SMITH"},{"data":"DeusExMachina","floor":41.0,"key":"SMITH"},{"floor":49.0,"key":"DIG"}],"circlet_count":0,"master_deck":["AscendersBane","Defend_P+1","Defend_P+1","Defend_P+1","Eruption+1","Vigilance+1","LessonLearned+1","FollowUp+1","WheelKick+1","Protect+1","DevaForm+1","WindmillStrike+1","Establishment+1","WindmillStrike+1","Bite+1","Bite+1","Bite+1","Bite+1","DeusExMachina+1","CurseOfTheBell","Omniscience"],"relics":["PureWater","Bird Faced Urn","Pear","Molten Egg 2","Strawberry","Snecko Eye","Enchiridion","Blue Candle","Shuriken","Smiling Mask","Orichalcum","Mummified Hand","Calling Bell","Bronze Scales","Darkstone Periapt","FossilizedHelix","StoneCalendar","Sundial","Shovel","Mango","HornCleat"],"acts_visited":["Exordium","TheCity","TheBeyond"],"potions_floor_usage":[50,50],"damage_taken":[{"damage":4.0,"enemies":"Jaw Worm","floor":1.0,"turns":7.0},{"damage":1.0,"enemies":"2 Louse","floor":2.0,"turns":4.0},{"damage":0.0,"enemies":"Small Slimes","floor":4.0,"turns":3.0},{"damage":19.0,"enemies":"3 Louse","floor":5.0,"turns":5.0},{"damage":7.0,"enemies":"Gremlin Nob","floor":6.0,"turns":3.0},{"damage":0.0,"enemies":"Lagavulin","floor":8.0,"turns":3.0},{"damage":32.0,"enemies":"Gremlin Nob","floor":10.0,"turns":4.0},{"damage":14.0,"enemies":"Looter","floor":11.0,"turns":5.0},{"damage":9.0,"enemies":"Blue Slaver","floor":14.0,"turns":8.0},{"damage":35.0,"enemies":"The Guardian","floor":16.0,"turns":8.0},{"damage":4.0,"enemies":"3 Byrds","floor":18.0,"turns":5.0},{"damage":0.0,"enemies":"Shell Parasite","floor":21.0,"turns":5.0},{"damage":15.0,"enemies":"Slavers","floor":23.0,"turns":3.0},{"damage":23.0,"enemies":"Gremlin Leader","floor":25.0,"turns":4.0},{"damage":39.0,"enemies":"Slavers","floor":27.0,"turns":5.0},{"damage":20.0,"enemies":"Champ","floor":33.0,"turns":6.0},{"damage":0.0,"enemies":"3 Shapes","floor":35.0,"turns":3.0},{"damage":54.0,"enemies":"2 Orb Walkers","floor":36.0,"turns":4.0},{"damage":12.0,"enemies":"3 Darklings","floor":37.0,"turns":5.0},{"damage":0.0,"enemies":"Transient","floor":39.0,"turns":5.0},{"damage":0.0,"enemies":"Giant Head","floor":40.0,"turns":6.0},{"damage":16.0,"enemies":"Jaw Worm Horde","floor":44.0,"turns":4.0},{"damage":25.0,"enemies":"Maw","floor":46.0,"turns":7.0},{"damage":2.0,"enemies":"Mind Bloom Boss Battle","floor":47.0,"turns":5.0},{"damage":83,"enemies":"Awakened One","floor":50,"turns":7}],"seed_played":"2266479287154669535","potions_obtained":[{"floor":5.0,"key":"LiquidMemories"},{"floor":6.0,"key":"DuplicationPotion"},{"floor":16.0,"key":"Weak Potion"},{"floor":21.0,"key":"Weak Potion"},{"floor":23.0,"key":"DuplicationPotion"},{"floor":27.0,"key":"Dexterity Potion"},{"floor":37.0,"key":"FearPotion"},{"floor":44.0,"key":"StancePotion"},{"floor":46.0,"key":"BlessingOfTheForge"},{"floor":47.0,"key":"DistilledChaos"}],"is_trial":false,"path_per_floor":["M","M","$","M","M","E","R","E","T","E","M","R","?","M","R","B",null,"M","?","?","M","$","E","R","E","T","E","R","?","$","?","R","B",null,"M","?","M","?","M","E","R","?","T","M","?","M","?","?","R","B",null],"character_chosen":"WATCHER","items_purchased":["WindmillStrike+1"],"campfire_rested":4,"item_purchase_floors":[22],"current_hp_per_floor":[57,56,56,56,37,30,50,60,60,37,23,48,76,69,69,36,73,71,50,50,54,54,43,68,51,51,16,41,58,58,58,58,59,59,59,13,37,37,59,59,59,56,56,54,54,56,70,70,70,10],"gold":432,"neow_bonus":"THREE_RARE_CARDS","is_daily":false,"chose_seed":false,"campfire_upgraded":3,"win_rate":0.0,"timestamp":1611965576,"path_taken":["M","M","$","M","M","E","R","E","T","E","M","R","?","M","R","BOSS","M","?","?","M","$","E","R","E","T","E","R","?","?","?","R","BOSS","M","?","M","?","M","E","R","?","T","M","?","?","?","?","R","BOSS"],"items_purchased_type":["Card"],"build_version":"2020-12-22","purchased_purges":2,"victory":true,"max_hp_per_floor":[68,68,68,68,68,68,68,78,78,85,85,85,85,85,85,85,85,85,85,85,85,85,85,85,85,85,85,85,85,85,59,59,59,59,59,59,59,59,59,59,59,56,56,56,56,56,70,70,70,70],"card_choices":[{"not_picked":["SpiritShield","Vault"],"picked":"LessonLearned","floor":0.0},{"not_picked":["JustLucky","BattleHymn","SashWhip"],"picked":"SKIP","floor":1.0},{"not_picked":["EmptyBody","FlurryOfBlows","Crescendo"],"picked":"SKIP","floor":2.0},{"not_picked":["Tantrum","Evaluate"],"picked":"FollowUp","floor":4.0},{"not_picked":["Establishment","Prostrate"],"picked":"WheelKick","floor":5.0},{"not_picked":["EmptyFist","Wireheading"],"picked":"Protect","floor":6.0},{"not_picked":["FlyingSleeves","ClearTheMind"],"picked":"DevaForm","floor":8.0},{"not_picked":["CarveReality+1","FollowUp+1","ClearTheMind"],"picked":"SKIP","floor":10.0},{"not_picked":["EmptyFist+1","PathToVictory"],"picked":"WindmillStrike+1","floor":11.0},{"not_picked":["Crescendo","CrushJoints+1","EmptyBody"],"picked":"SKIP","floor":14.0},{"not_picked":["Devotion","Blasphemy"],"picked":"Establishment","floor":16.0},{"not_picked":["Wireheading","CutThroughFate+1","EmptyBody"],"picked":"SKIP","floor":18.0},{"not_picked":["Meditate","Consecrate+1","FlyingSleeves+1"],"picked":"SKIP","floor":21.0},{"not_picked":["CrushJoints+1","Sanctity+1","Tantrum+1"],"picked":"SKIP","floor":23.0},{"not_picked":["PathToVictory","Crescendo","LessonLearned+1"],"picked":"SKIP","floor":25.0},{"not_picked":["DeceiveReality+1","Vengeance+1","Protect"],"picked":"SKIP","floor":27.0},{"not_picked":["MasterReality","Scrawl"],"picked":"DeusExMachina","floor":33.0},{"not_picked":["FollowUp+1","ReachHeaven+1","FlurryOfBlows+1"],"picked":"SKIP","floor":35.0},{"not_picked":["Vengeance+1","FollowUp+1","FlurryOfBlows+1"],"picked":"SKIP","floor":37.0},{"not_picked":["EmptyBody","Swivel","CarveReality+1"],"picked":"SKIP","floor":39.0},{"not_picked":["EmptyBody","Swivel","CarveReality+1"],"picked":"SKIP","floor":39.0},{"not_picked":["Collect","DeceiveReality+1","Protect+1"],"picked":"SKIP","floor":40.0},{"not_picked":["Worship","Indignation+1","TalkToTheHand+1"],"picked":"SKIP","floor":44.0},{"not_picked":["JustLucky+1","PathToVictory","SandsOfTime+1"],"picked":"SKIP","floor":46.0},{"not_picked":["Meditate","Wallop+1"],"picked":"Omniscience","floor":47.0}],"player_experience":689047,"relics_obtained":[{"floor":6.0,"key":"Bird Faced Urn"},{"floor":8.0,"key":"Pear"},{"floor":9.0,"key":"Molten Egg 2"},{"floor":10.0,"key":"Strawberry"},{"floor":19.0,"key":"Enchiridion"},{"floor":23.0,"key":"Shuriken"},{"floor":25.0,"key":"Smiling Mask"},{"floor":26.0,"key":"Orichalcum"},{"floor":27.0,"key":"Mummified Hand"},{"floor":34.0,"key":"Bronze Scales"},{"floor":34.0,"key":"Darkstone Periapt"},{"floor":34.0,"key":"FossilizedHelix"},{"floor":36.0,"key":"StoneCalendar"},{"floor":40.0,"key":"Sundial"},{"floor":43.0,"key":"Shovel"},{"floor":47.0,"key":"Mango"},{"floor":49.0,"key":"HornCleat"}],"event_choices":[{"damage_healed":28.0,"max_hp_gain":0.0,"max_hp_loss":0.0,"gold_gain":0.0,"event_name":"Big Fish","player_choice":"Banana","floor":13.0,"gold_loss":0.0,"damage_taken":0.0},{"damage_healed":0.0,"max_hp_gain":0.0,"max_hp_loss":0.0,"gold_gain":0.0,"event_name":"Cursed Tome","player_choice":"Obtained Book","floor":19.0,"gold_loss":0.0,"damage_taken":21.0},{"damage_healed":0.0,"max_hp_gain":0.0,"max_hp_loss":0.0,"gold_gain":0.0,"event_name":"The Mausoleum","player_choice":"Opened","floor":20.0,"gold_loss":0.0,"damage_taken":0.0,"relics_obtained":["Blue Candle"],"cards_obtained":["Writhe"]},{"damage_healed":17.0,"max_hp_gain":0.0,"max_hp_loss":0.0,"gold_gain":0.0,"event_name":"The Library","player_choice":"Heal","floor":29.0,"gold_loss":0.0,"damage_taken":0.0},{"damage_healed":0.0,"max_hp_gain":0.0,"max_hp_loss":26.0,"gold_gain":0.0,"event_name":"Vampires","player_choice":"Became a vampire","floor":31.0,"gold_loss":0.0,"damage_taken":0.0,"cards_obtained":["Bite","Bite","Bite","Bite","Bite"]},{"damage_healed":0.0,"max_hp_gain":0.0,"max_hp_loss":0.0,"gold_gain":0.0,"event_name":"Mysterious Sphere","player_choice":"Fight","floor":36.0,"gold_loss":0.0,"damage_taken":0.0},{"cards_removed":["Bite"],"damage_healed":0.0,"max_hp_gain":0.0,"max_hp_loss":0.0,"gold_gain":0.0,"event_name":"Falling","player_choice":"Removed Attack","floor":38.0,"gold_loss":0.0,"damage_taken":0.0},{"damage_healed":0.0,"max_hp_gain":0.0,"max_hp_loss":3.0,"gold_gain":0.0,"event_name":"Winding Halls","player_choice":"Max HP","floor":42.0,"gold_loss":0.0,"damage_taken":0.0},{"damage_healed":0.0,"max_hp_gain":0.0,"max_hp_loss":0.0,"gold_gain":0.0,"event_name":"Tomb of Lord Red Mask","player_choice":"Ignored","floor":45.0,"gold_loss":0.0,"damage_taken":0.0},{"damage_healed":0.0,"max_hp_gain":0.0,"max_hp_loss":0.0,"gold_gain":0.0,"event_name":"MindBloom","player_choice":"Fight","floor":47.0,"gold_loss":0.0,"damage_taken":0.0},{"damage_healed":0.0,"max_hp_gain":0.0,"max_hp_loss":0.0,"gold_gain":0.0,"event_name":"SensoryStone","player_choice":"Memory 1","floor":48.0,"gold_loss":0.0,"damage_taken":0.0}],"is_beta":false,"boss_relics":[{"not_picked":["SacredBark","Runic Pyramid"],"picked":"Snecko Eye"},{"not_picked":["Tiny House","Velvet Choker"],"picked":"Calling Bell"}],"items_purged_floors":[22,30],"is_endless":false,"potions_floor_spawned":[5,6,16,21,23,27,37,44,46,47],"ascension_level":16}}