{"host":"gf8hyl7jhl0is674","time":1611968951,"event":{"mods":["2.2 Compatiblity","Act Like it!","BaseMod","Chen","Colored Map","Gensokyo","KinomotoSakuraMod(????)","Koishi","Marisa????????","Minty Spire (QoL Compilation)","Remilia_Scarlet Moed?????·?????3.3.5","StSLib","Waifu the Spire"],"gold_per_floor":[112,112,125,125,135,135,164,164,164,183,211,28,61,79,79,177,177,194,211,227,243,260,260,286,296,296,296,296,324,324,284,284,379,379,394,414,53,64,64,89,89,89,89,89,89,89,89,102,102,102],"floor_reached":51,"language":"ENG","playtime":6634,"items_purged":["Koishi:BasicStrike"],"score":744,"play_id":"13d147a2-793e-446d-8a21-0d201807a63f","local_time":"20210129180911","is_ascension_mode":false,"campfire_choices":[{"data":"Koishi:HauntingSlash","floor":6,"key":"SMITH"},{"data":"Koishi:Catatonia","floor":8,"key":"SMITH"},{"floor":15,"key":"REST"},{"floor":23,"key":"REST"},{"data":"Koishi:RuptureMind","floor":28,"key":"SMITH"},{"data":"Koishi:Provoke","floor":30,"key":"SMITH"},{"data":"Koishi:BasicDefend","floor":32,"key":"SMITH"},{"data":"Koishi:Heartbroken","floor":41,"key":"SMITH"},{"data":"Gensokyo:UnlikelyAid","floor":46,"key":"SMITH"},{"data":"Koishi:BramblyRoseGarden","floor":49,"key":"SMITH"}],"circlet_count":0,"master_deck":["Koishi:BasicDefend","Koishi:BasicDefend","Koishi:BasicDefend","Koishi:BasicDefend+1","Koishi:Provoke+1","Koishi:HauntingSlash+1","Koishi:Catatonia+1","Koishi:JumpScare+1","Koishi:UnansweredLove+1","Koishi:UnansweredLove+1","Koishi:DanmakuParanoia+1","Koishi:TremblingHands","Koishi:UnansweredLove+1","Koishi:RuptureMind+1","Koishi:JumpScare+1","Koishi:UnconsciousUprising+1","Koishi:FleetingPhantom+1","Koishi:ParalyzingFear+1","Koishi:ConditionedTeleport+1","Koishi:HeartfeltFancy+1","Koishi:Heartbroken+1","Koishi:BramblyRoseGarden+1","Koishi:DreadfulBlow","Koishi:PerfectMindControl+1","Gensokyo:UnlikelyAid+1","Koishi:VengefulSpirit+1"],"relics":["Koishi:ImaginaryFriend","InkBottle","White Beast Statue","Toxic Egg 2","Bronze Scales","Dream Catcher","Matryoshka","Koishi:ColorfulDays","StoneCalendar","Mummified Hand","Mercury Hourglass","Gremlin Horn","Empty Cage","Koishi:EchoesOfADeadGirl","Orichalcum","Frozen Egg 2","Koishi:TeethAndClaws"],"acts_visited":["Gensokyo:Gensokyo","Gensokyo:Gensokyoer","Gensokyo:Gensokyoest"],"potions_floor_usage":[7,11,16,16,16,18,20,21,22,24,24,29,33,33,42],"damage_taken":[{"damage":1,"enemies":"Gensokyo:3_Fairies","floor":1,"turns":5},{"damage":2,"enemies":"Gensokyo:2_Kodama","floor":3,"turns":5},{"damage":1,"enemies":"Gensokyo:Gryphon","floor":5,"turns":4},{"damage":16,"enemies":"Gensokyo:Aya","floor":7,"turns":6},{"damage":7,"enemies":"Gensokyo:Python_and_Kodama","floor":10,"turns":4},{"damage":9,"enemies":"Gensokyo:Mamizou","floor":11,"turns":9},{"damage":23,"enemies":"Gensokyo:Aya","floor":13,"turns":6},{"damage":13,"enemies":"Gensokyo:Gryphon_and_Rabbit","floor":14,"turns":5},{"damage":31,"enemies":"Gensokyo:Yukari","floor":16,"turns":16},{"damage":18,"enemies":"Gensokyo:2_Gloops","floor":18,"turns":6},{"damage":5,"enemies":"Gensokyo:Chomper","floor":19,"turns":5},{"damage":9,"enemies":"Gensokyo:Slime_Group","floor":20,"turns":4},{"damage":12,"enemies":"Gensokyo:Swordslinger","floor":21,"turns":5},{"damage":18,"enemies":"Gensokyo:Mirror_and_Dog","floor":22,"turns":5},{"damage":30,"enemies":"Gensokyo:Reisen","floor":24,"turns":9},{"damage":16,"enemies":"Gensokyo:Wraith","floor":25,"turns":3},{"damage":11,"enemies":"Gensokyo:Tenshi","floor":29,"turns":6},{"damage":40,"enemies":"Gensokyo:Kaguya","floor":33,"turns":11},{"damage":15,"enemies":"Gensokyo:3_Boulders","floor":35,"turns":6},{"damage":8,"enemies":"Gensokyo:3_Bats","floor":36,"turns":5},{"damage":5,"enemies":"Gensokyo:Rafflesia","floor":38,"turns":8},{"damage":0,"enemies":"Gensokyo:Dusk_and_Dawn","floor":39,"turns":1},{"damage":9,"enemies":"Gensokyo:Marisa","floor":40,"turns":6},{"damage":0,"enemies":"Gensokyo:Kasen","floor":42,"turns":2},{"damage":34,"enemies":"Gensokyo:Kasen","floor":44,"turns":10},{"damage":0,"enemies":"Gensokyo:SeedOfUnknown","floor":45,"turns":2},{"damage":0,"enemies":"Gensokyo:Rafflesia","floor":48,"turns":7},{"damage":14,"enemies":"Gensokyo:Scarlet_Devils","floor":50,"turns":8}],"seed_played":"-1943005960972316331","potions_obtained":[{"floor":3,"key":"Fire Potion"},{"floor":10,"key":"SkillPotion"},{"floor":11,"key":"Ancient Potion"},{"floor":13,"key":"Dexterity Potion"},{"floor":14,"key":"Dexterity Potion"},{"floor":16,"key":"EssenceOfSteel"},{"floor":18,"key":"SneckoOil"},{"floor":19,"key":"AttackPotion"},{"floor":20,"key":"FearPotion"},{"floor":21,"key":"Dexterity Potion"},{"floor":22,"key":"Strength Potion"},{"floor":24,"key":"LiquidBronze"},{"floor":25,"key":"SpeedPotion"},{"floor":29,"key":"AttackPotion"},{"floor":33,"key":"BlessingOfTheForge"},{"floor":35,"key":"Energy Potion"},{"floor":36,"key":"Regen Potion"},{"floor":38,"key":"DuplicationPotion"},{"floor":40,"key":"PowerPotion"},{"floor":48,"key":"BlessingOfTheForge"}],"is_trial":false,"path_per_floor":["M","?","M","?","M","R","E","R","T","M","E","COS","E","M","R","B",null,"M","M","M","M","M","R","E","M","T","?","R","E","R","?","R","B",null,"M","M","$","M","M","E","R","E","T","?","M","R","?","M","R","B",null],"character_chosen":"KOISHI","items_purchased":["Koishi:EchoesOfADeadGirl"],"campfire_rested":2,"item_purchase_floors":[37],"current_hp_per_floor":[66,66,66,53,54,54,46,46,46,43,42,42,23,14,33,16,66,56,59,52,48,38,57,37,29,29,49,49,50,50,50,50,32,66,62,66,66,66,66,66,66,66,66,66,66,66,66,66,66,66],"gold":102,"neow_bonus":"TEN_PERCENT_HP_BONUS","is_daily":false,"chose_seed":false,"campfire_upgraded":8,"win_rate":0.0,"timestamp":1611968951,"path_taken":["M","?","M","?","M","R","E","R","T","M","E","COS","E","M","R","BOSS","M","M","M","M","M","R","E","?","T","?","R","E","R","?","R","BOSS","M","M","$","M","M","E","R","E","T","?","M","R","?","M","R","BOSS"],"items_purchased_type":["Relic"],"build_version":"2020-12-22","purchased_purges":1,"victory":true,"max_hp_per_floor":[66,66,66,66,66,66,66,66,66,66,66,66,66,66,66,66,66,66,66,66,66,66,66,66,66,66,66,66,66,66,66,66,66,66,66,66,66,66,66,66,66,66,66,66,66,66,66,66,66,66],"card_choices":[{"not_picked":["Koishi:CatchAndRose","Koishi:JumpScare"],"picked":"Koishi:Jaunt","floor":1},{"not_picked":["Koishi:CatchAndRose","Koishi:SubconsciousSweep"],"picked":"Koishi:Catatonia","floor":3},{"not_picked":["Koishi:YoukaiPolygraph","Koishi:EmbryosDream"],"picked":"Koishi:JumpScare","floor":5},{"not_picked":["Koishi:MassHysteria","Koishi:HeartfeltFancy","Koishi:PhantomStrike"],"picked":"SKIP","floor":7},{"not_picked":["Koishi:RacingHeart","Koishi:SubconsciousSweep"],"picked":"Koishi:UnansweredLove+1","floor":10},{"not_picked":["Koishi:CatchAndRose+1","Koishi:DreadfulBlow"],"picked":"Koishi:UnansweredLove+1","floor":11},{"not_picked":["Koishi:GhostParty+1","Koishi:FidgetySnatcher"],"picked":"Koishi:DanmakuParanoia+1","floor":13},{"not_picked":["Koishi:Jaunt","Koishi:SpiritedAway"],"picked":"Koishi:TremblingHands","floor":14},{"not_picked":["Koishi:SubconsciousSweep","Koishi:TraumaticStroke"],"picked":"Koishi:UnansweredLove+1","floor":15},{"not_picked":["Koishi:GrowingPain","Koishi:MindStellarRelief+1"],"picked":"Koishi:RuptureMind","floor":16},{"not_picked":["Koishi:StingingMind+1","Koishi:SubconsciousSweep+1","Koishi:StrangeCloudFist"],"picked":"SKIP","floor":18},{"not_picked":["Koishi:ReflexRadar+1","Koishi:Bloodlust+1"],"picked":"Koishi:JumpScare+1","floor":19},{"not_picked":["Koishi:HeartAttack","Koishi:YoukaiPolygraph","Koishi:StingingMind"],"picked":"SKIP","floor":20},{"not_picked":["Koishi:FidgetySnatcher+1","Koishi:HeartfeltFancy+1"],"picked":"Koishi:UnconsciousUprising+1","floor":21},{"not_picked":["Koishi:SubconsciousSweep","Koishi:RacingHeart"],"picked":"Koishi:FleetingPhantom+1","floor":22},{"not_picked":["Koishi:MindNumbingTerror","Koishi:VengefulSpirit"],"picked":"Koishi:ParalyzingFear+1","floor":23},{"not_picked":["Koishi:SubterraneanRose+1","Koishi:FleetingPhantom+1","Koishi:ReleaseOfTheId+1"],"picked":"SKIP","floor":24},{"not_picked":["Koishi:SpiritedAway","Koishi:ParalyzingFear"],"picked":"Koishi:ConditionedTeleport+1","floor":25},{"not_picked":["Koishi:LastRemote","Koishi:ParalyzingFear"],"picked":"Koishi:HeartfeltFancy+1","floor":29},{"not_picked":["Koishi:MentalBreakdown","Koishi:ConfinedInnocent"],"picked":"Koishi:Heartbroken","floor":33},{"not_picked":["Koishi:Prune","Koishi:SpiritedAway"],"picked":"Koishi:BramblyRoseGarden","floor":35},{"not_picked":["Koishi:SpiritedAway","Koishi:SubterraneanRose+1","Koishi:Jaunt+1"],"picked":"SKIP","floor":36},{"not_picked":["Koishi:HeartfeltFancy+1","Koishi:PhantomStrike"],"picked":"Koishi:DreadfulBlow","floor":38},{"not_picked":["Koishi:EmbryosDream+1","Koishi:JumpScare+1"],"picked":"Koishi:PerfectMindControl+1","floor":40},{"not_picked":["Gensokyo:MorningStar","Gensokyo:Dawn"],"picked":"Gensokyo:UnlikelyAid","floor":44},{"not_picked":["Koishi:SpiritedAway","Koishi:EmbryosDream+1"],"picked":"Koishi:VengefulSpirit+1","floor":48}],"player_experience":317690,"relics_obtained":[{"floor":7,"key":"White Beast Statue"},{"floor":9,"key":"Toxic Egg 2"},{"floor":11,"key":"Bronze Scales"},{"floor":13,"key":"Dream Catcher"},{"floor":24,"key":"Centennial Puzzle"},{"floor":26,"key":"Mummified Hand"},{"floor":26,"key":"Mercury Hourglass"},{"floor":29,"key":"Gremlin Horn"},{"floor":40,"key":"Orichalcum"},{"floor":43,"key":"Frozen Egg 2"},{"floor":43,"key":"Koishi:TeethAndClaws"}],"event_choices":[],"is_beta":false,"boss_relics":[{"not_picked":["Philosopher\u0027s Stone","SacredBark"],"picked":"Koishi:ColorfulDays"},{"not_picked":["Fusion Hammer","Pandora\u0027s Box"],"picked":"Empty Cage"}],"items_purged_floors":[37],"is_endless":false,"potions_floor_spawned":[3,10,11,13,14,16,18,19,20,21,22,24,25,29,33,35,36,38,39,40,42,45,48],"ascension_level":0}}