{"host":"nnmmiiw4bez2c8ei","time":1611981975,"event":{"mods":["AchievementEnabler","BaseMod","Colored Map","Colored Powertips","Minty Spire (QoL Compilation)","Rare Cards Sparkle","StSLib"],"gold_per_floor":[115,115,37,37,52,52,85,85,85,85,10,30,40,52,52,157,157,124,399,416,341,357,72,72,72,72],"floor_reached":25,"language":"KOR","playtime":646,"items_purged":["Defend_R","Strike_R"],"score":280,"play_id":"bd3d3d1e-8b57-4bbc-9d55-80243eef1cf8","local_time":"20210130134615","is_ascension_mode":true,"campfire_choices":[{"data":"Evolve","floor":6.0,"key":"SMITH"},{"data":"Clash","floor":10.0,"key":"SMITH"},{"data":"Entrench","floor":15.0,"key":"SMITH"},{"floor":24,"key":"REST"}],"circlet_count":0,"master_deck":["Strike_R","Strike_R","Defend_R","Defend_R+1","Defend_R","Bash","Thunderclap","Evolve+1","Ghostly Armor","Sword Boomerang+1","Clash+1","Entrench+1","Feel No Pain","Demon Form","Metallicize","Apotheosis"],"relics":["Burning Blood","NeowsBlessing","Happy Flower","Thread and Needle","Odd Mushroom","SacredBark"],"acts_visited":["Exordium","TheCity"],"potions_floor_usage":[],"damage_taken":[{"damage":0.0,"enemies":"2 Louse","floor":1.0,"turns":1.0},{"damage":0.0,"enemies":"Small Slimes","floor":5.0,"turns":1.0},{"damage":0.0,"enemies":"Gremlin Nob","floor":7.0,"turns":1.0},{"damage":1.0,"enemies":"The Mushroom Lair","floor":12.0,"turns":3.0},{"damage":0.0,"enemies":"Jaw Worm","floor":13.0,"turns":2.0},{"damage":0.0,"enemies":"Large Slime","floor":14.0,"turns":3.0},{"damage":44.0,"enemies":"Slime Boss","floor":16.0,"turns":7.0},{"damage":10.0,"enemies":"2 Thieves","floor":18.0,"turns":5.0},{"damage":29.0,"enemies":"Spheric Guardian","floor":20.0,"turns":6.0},{"damage":59.0,"enemies":"Centurion and Healer","floor":22.0,"turns":7.0},{"damage":36,"enemies":"Slavers","floor":25,"turns":2}],"seed_played":"1972317426703470266","potions_obtained":[{"floor":1.0,"key":"Energy Potion"},{"floor":5.0,"key":"Fire Potion"},{"floor":12.0,"key":"Swift Potion"},{"floor":14.0,"key":"Regen Potion"},{"floor":16.0,"key":"SneckoOil"}],"is_trial":false,"path_per_floor":["M","?","$","?","M","R","E","?","T","R","$","?","M","M","R","B",null,"M","?","M","?","M","$","R","E"],"character_chosen":"IRONCLAD","items_purchased":["Evolve","Apotheosis"],"campfire_rested":1,"item_purchase_floors":[3,23],"current_hp_per_floor":[80,73,73,73,79,79,80,64,64,64,64,69,75,80,80,42,71,67,67,63,63,10,10,34,0,0],"gold":72,"neow_bonus":"THREE_ENEMY_KILL","is_daily":false,"chose_seed":false,"campfire_upgraded":3,"win_rate":0.0,"timestamp":1611981975,"path_taken":["M","?","$","?","M","R","E","?","T","R","?","?","M","M","R","BOSS","M","?","?","?","M","$","R","E"],"items_purchased_type":["Card","Card"],"build_version":"2020-12-22","purchased_purges":2,"victory":false,"max_hp_per_floor":[80,80,80,80,80,80,80,80,80,80,80,80,80,80,80,80,80,80,80,80,80,80,80,80,80,80],"card_choices":[{"not_picked":["Fire Breathing","Cleave"],"picked":"Thunderclap","floor":1.0},{"not_picked":["Headbutt","Reckless Charge"],"picked":"Sword Boomerang","floor":5.0},{"not_picked":["True Grit","Fiend Fire"],"picked":"Clash","floor":7.0},{"not_picked":["Sever Soul","Anger"],"picked":"Entrench","floor":13.0},{"not_picked":["Pummel","Entrench"],"picked":"Feel No Pain","floor":14.0},{"not_picked":["Corruption","Double Tap"],"picked":"Demon Form","floor":16.0},{"not_picked":["Pummel","Clothesline"],"picked":"Metallicize","floor":18.0},{"not_picked":["Pommel Strike","Perfected Strike","Infernal Blade"],"picked":"SKIP","floor":20.0},{"not_picked":["Clash","Rage","Havoc+1"],"picked":"SKIP","floor":22.0}],"player_experience":480333,"relics_obtained":[{"floor":7.0,"key":"Happy Flower"},{"floor":9.0,"key":"Thread and Needle"},{"floor":12.0,"key":"Odd Mushroom"}],"event_choices":[{"cards_removed":["Strike_R"],"damage_healed":0.0,"max_hp_gain":0.0,"max_hp_loss":0.0,"gold_gain":0.0,"event_name":"Golden Wing","player_choice":"Card Removal","floor":2.0,"gold_loss":0.0,"damage_taken":7.0},{"damage_healed":0.0,"max_hp_gain":0.0,"max_hp_loss":0.0,"gold_gain":0.0,"cards_transformed":["Strike_R"],"event_name":"Living Wall","player_choice":"Change","floor":4.0,"gold_loss":0.0,"damage_taken":0.0,"cards_obtained":["Ghostly Armor"]},{"damage_healed":0.0,"max_hp_gain":0.0,"max_hp_loss":0.0,"gold_gain":0.0,"event_name":"Shining Light","player_choice":"Entered Light","floor":8.0,"gold_loss":0.0,"damage_taken":16.0,"cards_upgraded":["Defend_R","Sword Boomerang"]},{"damage_healed":0.0,"max_hp_gain":0.0,"max_hp_loss":0.0,"gold_gain":0.0,"event_name":"Mushrooms","player_choice":"Fought Mushrooms","floor":12.0,"gold_loss":0.0,"damage_taken":0.0},{"damage_healed":0.0,"max_hp_gain":0.0,"max_hp_loss":0.0,"gold_gain":275.0,"event_name":"Golden Shrine","player_choice":"Desecrate","floor":19.0,"gold_loss":0.0,"damage_taken":0.0,"cards_obtained":["Regret"]},{"cards_removed":["Regret"],"damage_healed":0.0,"max_hp_gain":0.0,"max_hp_loss":0.0,"gold_gain":0.0,"event_name":"Beggar","player_choice":"Gave Gold","floor":21.0,"gold_loss":75.0,"damage_taken":0.0}],"is_beta":false,"boss_relics":[{"not_picked":["Philosopher\u0027s Stone","Runic Pyramid"],"picked":"SacredBark"}],"items_purged_floors":[11,23],"is_endless":false,"potions_floor_spawned":[1,5,12,14,16],"killed_by":"Slavers","ascension_level":5}}