{"host":"49pjgf1q9ev52n8z","time":1611997049,"event":{"mods":["BaseMod","Bestiary","Colored Map","Minty Spire (QoL Compilation)","Relic Stats","StSLib"],"gold_per_floor":[111,121,140,155,44,74,38,58,58,69,69,31,31,43,43,43,43],"floor_reached":16,"language":"ENG","playtime":1396,"items_purged":[],"score":203,"play_id":"b2d8e5b6-b2bc-4e4e-9e0f-8b251d6823c0","local_time":"20210130005729","is_ascension_mode":true,"campfire_choices":[{"floor":11,"key":"REST"},{"data":"Blade Dance","floor":13,"key":"SMITH"},{"floor":15,"key":"REST"}],"circlet_count":0,"master_deck":["AscendersBane","Strike_G","Strike_G","Strike_G","Strike_G","Strike_G","Defend_G","Defend_G","Defend_G","Defend_G","Defend_G","Survivor","Neutralize","Slice","Poisoned Stab","Flying Knee","Predator","Noxious Fumes","Blade Dance+1"],"relics":["Ring of the Snake","Lizard Tail","InkBottle","Sundial"],"acts_visited":["Exordium"],"potions_floor_usage":[3,6,6,10],"damage_taken":[{"damage":11,"enemies":"Cultist","floor":1,"turns":5},{"damage":8,"enemies":"2 Louse","floor":2,"turns":3},{"damage":0,"enemies":"Jaw Worm","floor":3,"turns":2},{"damage":10,"enemies":"Large Slime","floor":4,"turns":6},{"damage":36,"enemies":"Lagavulin","floor":6,"turns":10},{"damage":6,"enemies":"Looter","floor":8,"turns":4},{"damage":1,"enemies":"2 Fungi Beasts","floor":10,"turns":3},{"damage":10,"enemies":"Large Slime","floor":14,"turns":4},{"damage":41,"enemies":"Hexaghost","floor":16,"turns":9}],"seed_played":"172829749707481629","potions_obtained":[{"floor":2,"key":"SteroidPotion"},{"floor":6,"key":"LiquidBronze"}],"is_trial":false,"path_per_floor":["M","M","M","M","$","E","$","M","T","M","R","?","R","M","R","B"],"character_chosen":"THE_SILENT","items_purchased":["PowerPotion","Dexterity Potion","Noxious Fumes"],"campfire_rested":2,"item_purchase_floors":[5,5,7],"current_hp_per_floor":[33,25,25,15,15,17,17,11,11,10,29,29,29,19,38,0,0],"gold":43,"neow_bonus":"ONE_RARE_RELIC","is_daily":false,"chose_seed":false,"campfire_upgraded":1,"win_rate":0.0,"timestamp":1611997049,"path_taken":["M","M","M","M","?","E","$","M","T","?","R","?","R","M","R","BOSS"],"items_purchased_type":["Potion","Potion","Card"],"build_version":"2020-12-22","purchased_purges":0,"victory":false,"max_hp_per_floor":[66,66,66,66,66,66,66,66,66,66,66,66,66,66,66,66,66],"relic_stats":{"Lizard Tail":33,"counters":[9,46],"Sundial":[2],"obtain_stats":[{"Lizard Tail":0,"Sundial":9,"InkBottle":6,"Ring of the Snake":0},{"Lizard Tail":0,"Sundial":6,"InkBottle":5,"Ring of the Snake":0},{"Lizard Tail":0,"Sundial":30,"InkBottle":26,"Ring of the Snake":0}],"InkBottle":[9],"Ring of the Snake":[18]},"card_choices":[{"not_picked":["Deflect","Blade Dance"],"picked":"Slice","floor":1},{"not_picked":["Expertise","Backflip","Slice"],"picked":"SKIP","floor":2},{"not_picked":["Underhanded Strike","Blade Dance"],"picked":"Poisoned Stab","floor":3},{"not_picked":["Dodge and Roll","Deflect"],"picked":"Flying Knee","floor":4},{"not_picked":["Cloak And Dagger","Dagger Spray"],"picked":"Predator","floor":6},{"not_picked":["Calculated Gamble","Slice","Expertise"],"picked":"SKIP","floor":8},{"not_picked":["Backflip","Sucker Punch"],"picked":"Blade Dance","floor":10},{"not_picked":["Predator","Burst","Underhanded Strike"],"picked":"SKIP","floor":14},{"not_picked":["Predator","Burst","Underhanded Strike"],"picked":"SKIP","floor":14}],"player_experience":647646,"relics_obtained":[{"floor":6,"key":"InkBottle"},{"floor":9,"key":"Sundial"}],"event_choices":[{"damage_healed":0,"gold_gain":0,"player_choice":"Left Gold","damage_taken":0,"max_hp_gain":0,"max_hp_loss":0,"event_name":"World of Goop","floor":12,"gold_loss":38}],"is_beta":false,"boss_relics":[],"items_purged_floors":[],"is_endless":false,"potions_floor_spawned":[2,6],"killed_by":"Hexaghost","ascension_level":19}}