{"host":"9j472d1lqxyi8fmj","time":1611975290,"event":{"mods":["AchievementEnabler","Aspiration","BaseMod","Better Note","BetterRewards","Block Reminder","Colored Powertips","Downfall","Hermit","Hubris","Infinite Spire","Minty Spire (QoL Compilation)","Potion Indicator Mod","Rare Cards Sparkle","Relic Filter","Reliquary","Spicy Shops","StSLib","The Runesmith","Virulent Crown"],"gold_per_floor":[109,17,37,51,102,136,149,149,199,199,20,36,50,50,50,50,50],"floor_reached":16,"language":"ENG","playtime":506,"items_purged":[],"score":152,"play_id":"e77673c0-7bb7-47a8-a760-2079d3d05ffc","local_time":"20210129215450","is_ascension_mode":false,"campfire_choices":[{"floor":15,"key":"REST"}],"circlet_count":0,"master_deck":["hermit:Strike_Hermit","hermit:Strike_Hermit+1","hermit:Strike_Hermit","hermit:Strike_Hermit+1","hermit:Defend_Hermit","hermit:Defend_Hermit","hermit:Defend_Hermit","hermit:Defend_Hermit","hermit:Snapshot","hermit:Covet","hermit:Snipe","hermit:Determination","hermit:Roulette","hermit:TrackingShot","hermit:EyeOfTheStorm","hermit:Desperado","hermit:WideOpen","hermit:EternalForm","hermit:Combo","hermit:HighCaliber","hermit:Shortfuse","hermit:Deadeye"],"relics":["hermit:Momento","reliquary:RoseTintedGlasses","infinitespire:Satchel","Runesmith:AutoHammer","Whetstone","aspiration:ChemicalBlood"],"acts_visited":["Exordium"],"potions_floor_usage":[],"damage_taken":[{"damage":7,"enemies":"2 Louse","floor":1,"turns":3},{"damage":1,"enemies":"Cultist","floor":3,"turns":3},{"damage":0,"enemies":"Small Slimes","floor":4,"turns":2},{"damage":32,"enemies":"3 Sentries","floor":6,"turns":6},{"damage":0,"enemies":"Exordium Wildlife","floor":7,"turns":2},{"damage":13,"enemies":"Gremlin Gang","floor":12,"turns":4},{"damage":10,"enemies":"Lots of Slimes","floor":13,"turns":4},{"damage":32,"enemies":"The Guardian","floor":16,"turns":2}],"seed_played":"-7064620192593909839","potions_obtained":[{"floor":3,"key":"Strength Potion"},{"floor":6,"key":"hexamod:SoulburnPotion"}],"is_trial":false,"path_per_floor":["M","?","M","M","?","E","M","?","T","$","$","M","M","?","R","B"],"character_chosen":"HERMIT","items_purchased":["reliquary:RoseTintedGlasses","hermit:Snipe","hermit:Determination","hermit:Roulette","hermit:Combo","aspiration:ChemicalBlood","hermit:HighCaliber"],"campfire_rested":1,"item_purchase_floors":[0,0,0,0,11,11,11],"current_hp_per_floor":[57,57,56,56,56,24,24,24,24,24,24,11,1,1,23,0,0],"gold":50,"neow_bonus":"","is_daily":false,"chose_seed":false,"campfire_upgraded":0,"win_rate":0.0,"timestamp":1611975290,"path_taken":["M","?","?","M","?","E","M","?","T","?","$","M","?","?","R","BOSS"],"items_purchased_type":["Relic","Card","Card","Card","Card","Relic","Card"],"build_version":"2020-12-22","purchased_purges":0,"victory":false,"max_hp_per_floor":[75,75,75,75,75,75,75,75,75,75,75,75,75,75,75,75,75],"card_choices":[{"not_picked":["hermit:Midnight","hermit:Manifest"],"picked":"hermit:TrackingShot","floor":1},{"not_picked":["hermit:HighCaliber","hermit:HoleUp"],"picked":"hermit:EyeOfTheStorm","floor":3},{"not_picked":["hermit:PistolWhip","hermit:Showdown"],"picked":"hermit:Desperado","floor":4},{"not_picked":["hermit:Feint","hermit:Desperado"],"picked":"hermit:WideOpen","floor":6},{"not_picked":["hermit:Spite","hermit:Scavenge"],"picked":"hermit:EternalForm","floor":7},{"not_picked":["hermit:Roulette","hermit:Feint"],"picked":"hermit:Shortfuse","floor":12},{"not_picked":["hermit:ItchyTrigger","hermit:Shortfuse"],"picked":"hermit:Deadeye","floor":13}],"player_experience":371418,"relics_obtained":[{"floor":6,"key":"Runesmith:AutoHammer"},{"floor":9,"key":"Whetstone"}],"event_choices":[{"damage_healed":0,"gold_gain":0,"player_choice":"Paid Gold","damage_taken":0,"relics_obtained":["infinitespire:Satchel"],"max_hp_gain":0,"max_hp_loss":0,"event_name":"WeMeetAgain","floor":2,"gold_loss":92},{"damage_healed":0,"gold_gain":51,"player_choice":"Gained Gold","damage_taken":0,"max_hp_gain":0,"max_hp_loss":0,"event_name":"Golden Wing","floor":5,"gold_loss":0},{"damage_healed":0,"gold_gain":0,"player_choice":"Ignored","damage_taken":0,"max_hp_gain":0,"max_hp_loss":0,"event_name":"Golden Idol","floor":14,"gold_loss":0}],"is_beta":false,"boss_relics":[],"items_purged_floors":[],"is_endless":false,"potions_floor_spawned":[3,6,13],"killed_by":"The Guardian","ascension_level":0}}