{"host":"zsnmfqgcm92hlreo","time":1611971243,"event":{"mods":["AchievementEnabler","BaseMod","Bestiary","Block Reminder","Colored Powertips","Minty Spire (QoL Compilation)","Permanent Neow","Quick Restart","Relic Stats","Weighted Paths"],"gold_per_floor":[362,362,375,172,137,147,147,158,238,238,251,251,267,277,277,382,382,394,394,394,309,35,35,63,333,333,333,111,123,123,123,123,227,227,238,238,238,248,24,56,56,56,56,56,70,70,90,90,90,90],"floor_reached":51,"language":"ENG","playtime":883,"items_purged":[],"score":756,"play_id":"9ae9db79-bfc1-4a52-97f8-bb0f92896547","local_time":"20210129194723","is_ascension_mode":false,"campfire_choices":[{"data":"Bash","floor":7.0,"key":"SMITH"},{"data":"Heavy Blade","floor":10.0,"key":"SMITH"},{"data":"Demon Form","floor":12.0,"key":"SMITH"},{"data":"Clothesline","floor":15.0,"key":"SMITH"},{"data":"Heavy Blade","floor":23.0,"key":"SMITH"},{"floor":27.0,"key":"REST"},{"data":"Inflame","floor":30.0,"key":"SMITH"},{"data":"Limit Break","floor":32.0,"key":"SMITH"},{"floor":41,"key":"REST"},{"floor":46,"key":"REST"},{"floor":49,"key":"REST"}],"circlet_count":0,"master_deck":["Strike_R","Strike_R","Strike_R","Defend_R+1","Defend_R+1","Defend_R","Defend_R","Bash+1","Twin Strike","Heavy Blade+1","Demon Form+1","Ghostly Armor","Clothesline+1","Twin Strike","Twin Strike","Limit Break+1","Heavy Blade+1","Clothesline+1","Inflame+1","Heavy Blade+1","Cleave+1","Offering","Inflame","Perfected Strike+1","Uppercut+1","Heavy Blade+1"],"relics":["Burning Blood","InkBottle","Snecko Eye","Dream Catcher","Shuriken","Molten Egg 2","StrikeDummy","DollysMirror","Fusion Hammer","Vajra","Strawberry","Self Forming Clay","FossilizedHelix"],"acts_visited":["Exordium","TheCity","TheBeyond"],"potions_floor_usage":[40,50,50,50],"damage_taken":[{"damage":6.0,"enemies":"2 Louse","floor":1.0,"turns":3.0},{"damage":0.0,"enemies":"Small Slimes","floor":3.0,"turns":4.0},{"damage":11.0,"enemies":"Jaw Worm","floor":6.0,"turns":2.0},{"damage":16.0,"enemies":"Blue Slaver","floor":8.0,"turns":3.0},{"damage":2.0,"enemies":"3 Louse","floor":11.0,"turns":4.0},{"damage":23.0,"enemies":"Exordium Thugs","floor":13.0,"turns":4.0},{"damage":14.0,"enemies":"2 Fungi Beasts","floor":14.0,"turns":4.0},{"damage":8.0,"enemies":"Slime Boss","floor":16.0,"turns":6.0},{"damage":0.0,"enemies":"Spheric Guardian","floor":18.0,"turns":3.0},{"damage":13.0,"enemies":"Gremlin Leader","floor":24.0,"turns":5.0},{"damage":5.0,"enemies":"Shell Parasite","floor":29.0,"turns":3.0},{"damage":3.0,"enemies":"Champ","floor":33.0,"turns":4.0},{"damage":10.0,"enemies":"3 Shapes","floor":35.0,"turns":3.0},{"damage":28.0,"enemies":"3 Darklings","floor":38.0,"turns":3.0},{"damage":37,"enemies":"Reptomancer","floor":40,"turns":3},{"damage":16,"enemies":"Jaw Worm Horde","floor":45,"turns":2},{"damage":3,"enemies":"Maw","floor":47,"turns":3},{"damage":40,"enemies":"Time Eater","floor":50,"turns":4}],"seed_played":"-5786365490140276544","potions_obtained":[{"floor":6.0,"key":"ElixirPotion"},{"floor":13.0,"key":"LiquidBronze"},{"floor":14.0,"key":"Weak Potion"},{"floor":16.0,"key":"FearPotion"},{"floor":18.0,"key":"BlessingOfTheForge"},{"floor":40,"key":"Ancient Potion"},{"floor":47,"key":"Fire Potion"}],"is_trial":false,"path_per_floor":["M","?","M","$","?","M","R","M","T","R","M","R","M","M","R","B",null,"M","?","?","?","$","R","E","?","T","R","$","M","R","$","R","B",null,"M","?","?","M","$","E","R","$","T","?","M","R","M","T","R","B",null],"character_chosen":"IRONCLAD","items_purchased":["Heavy Blade","Demon Form","Shuriken","Heavy Blade","Inflame","DollysMirror","Vajra","Inflame"],"campfire_rested":4,"item_purchase_floors":[4,4,22,22,28,28,39,39],"current_hp_per_floor":[56,40,46,46,66,61,61,51,51,51,55,55,38,30,30,28,80,80,80,80,80,80,80,73,46,46,70,70,71,71,71,71,74,80,76,76,76,54,54,30,56,56,56,56,46,72,75,75,87,53],"gold":90,"neow_bonus":"TWO_FIFTY_GOLD","is_daily":false,"chose_seed":false,"campfire_upgraded":7,"win_rate":0.0,"timestamp":1611971243,"path_taken":["M","?","M","$","?","M","R","M","T","R","M","R","M","M","R","BOSS","M","?","?","?","?","R","E","?","T","R","$","M","R","$","R","BOSS","M","?","?","M","?","E","R","$","T","?","?","R","M","?","R","BOSS"],"items_purchased_type":["Card","Card","Relic","Card","Card","Relic","Relic","Card"],"build_version":"2020-12-22","purchased_purges":0,"victory":true,"max_hp_per_floor":[80,80,80,80,80,80,80,80,80,80,80,80,80,80,80,80,80,80,80,80,80,80,80,80,80,80,80,80,80,80,80,80,80,80,80,80,80,80,80,87,87,87,87,87,87,87,87,87,87,87],"relic_stats":{"Dream Catcher":4,"counters":[18,63],"Shuriken":[14],"Self Forming Clay":[18],"Snecko Eye":[64,66,64,60],"obtain_stats":[{"Self Forming Clay":43,"Vajra":39,"Burning Blood":0,"Dream Catcher":21,"Shuriken":22,"DollysMirror":28,"Strawberry":40,"Snecko Eye":17,"Molten Egg 2":24,"Fusion Hammer":34,"StrikeDummy":26,"InkBottle":9,"FossilizedHelix":48},{"Self Forming Clay":15,"Vajra":14,"Burning Blood":0,"Dream Catcher":9,"Shuriken":9,"DollysMirror":10,"Strawberry":15,"Snecko Eye":8,"Molten Egg 2":10,"Fusion Hammer":12,"StrikeDummy":10,"InkBottle":4,"FossilizedHelix":17},{"Self Forming Clay":54,"Vajra":51,"Burning Blood":0,"Dream Catcher":33,"Shuriken":33,"DollysMirror":38,"Strawberry":54,"Snecko Eye":30,"Molten Egg 2":38,"Fusion Hammer":45,"StrikeDummy":38,"InkBottle":12,"FossilizedHelix":59}],"Burning Blood":102,"InkBottle":[15]},"card_choices":[{"not_picked":["True Grit","Battle Trance","Iron Wave"],"picked":"SKIP","floor":1.0},{"not_picked":["Pommel Strike","Anger"],"picked":"Twin Strike","floor":3.0},{"not_picked":["Havoc","Wild Strike"],"picked":"Ghostly Armor","floor":6.0},{"not_picked":["Wild Strike","Pommel Strike","Anger"],"picked":"SKIP","floor":8.0},{"not_picked":["Shrug It Off","Clash"],"picked":"Clothesline","floor":11.0},{"not_picked":["Body Slam","Brutality"],"picked":"Twin Strike","floor":13.0},{"not_picked":["Headbutt","True Grit","Iron Wave"],"picked":"SKIP","floor":14.0},{"not_picked":["Juggernaut","Feed"],"picked":"Brutality","floor":16.0},{"not_picked":["Headbutt+1","Iron Wave","Clash"],"picked":"SKIP","floor":18.0},{"not_picked":["Perfected Strike+1","Headbutt+1"],"picked":"Clothesline+1","floor":24.0},{"not_picked":["Shrug It Off","Havoc"],"picked":"Cleave+1","floor":29.0},{"not_picked":["Fiend Fire+1","Feed+1"],"picked":"Offering","floor":33.0},{"not_picked":["Wild Strike+1","Flex+1","Fire Breathing"],"picked":"SKIP","floor":35.0},{"not_picked":["Dark Embrace","Clash+1","Twin Strike+1"],"picked":"SKIP","floor":38.0},{"not_picked":["Blood for Blood+1","Barricade","Infernal Blade"],"picked":"SKIP","floor":40},{"not_picked":["Hemokinesis+1","Havoc"],"picked":"Perfected Strike+1","floor":41},{"not_picked":["Thunderclap+1","Flex","Exhume"],"picked":"SKIP","floor":45},{"not_picked":["Clash+1","Thunderclap+1"],"picked":"Uppercut+1","floor":46},{"not_picked":["Disarm","Dropkick+1"],"picked":"Heavy Blade+1","floor":47}],"player_experience":946259,"relics_obtained":[{"floor":9.0,"key":"InkBottle"},{"floor":24.0,"key":"Molten Egg 2"},{"floor":26.0,"key":"StrikeDummy"},{"floor":40,"key":"Strawberry"},{"floor":43,"key":"Self Forming Clay"},{"floor":48,"key":"FossilizedHelix"}],"event_choices":[{"damage_healed":0.0,"max_hp_gain":0.0,"max_hp_loss":0.0,"gold_gain":0.0,"event_name":"Shining Light","player_choice":"Entered Light","floor":2.0,"gold_loss":0.0,"damage_taken":16.0,"cards_upgraded":["Defend_R","Defend_R"]},{"damage_healed":20.0,"max_hp_gain":0.0,"max_hp_loss":0.0,"gold_gain":0.0,"event_name":"The Cleric","player_choice":"Healed","floor":5.0,"gold_loss":35.0,"damage_taken":0.0},{"damage_healed":0.0,"max_hp_gain":0.0,"max_hp_loss":0.0,"gold_gain":0.0,"event_name":"Cursed Tome","player_choice":"Ignored","floor":19.0,"gold_loss":0.0,"damage_taken":0.0},{"damage_healed":0.0,"max_hp_gain":0.0,"max_hp_loss":0.0,"gold_gain":0.0,"cards_transformed":["Strike_R","Strike_R"],"event_name":"Drug Dealer","player_choice":"Became Test Subject","floor":20.0,"gold_loss":0.0,"damage_taken":0.0,"cards_obtained":["Twin Strike","Limit Break"]},{"damage_healed":0.0,"max_hp_gain":0.0,"max_hp_loss":0.0,"gold_gain":0.0,"event_name":"Addict","player_choice":"Obtained Relic","floor":21.0,"gold_loss":85.0,"damage_taken":0.0,"relics_obtained":["Dream Catcher"]},{"damage_healed":0.0,"max_hp_gain":0.0,"max_hp_loss":0.0,"gold_gain":270.0,"event_name":"Knowing Skull","player_choice":"GOLD GOLD GOLD ","floor":25.0,"potions_obtained":[],"gold_loss":0.0,"damage_taken":27.0,"cards_obtained":[]},{"damage_healed":0.0,"max_hp_gain":0.0,"max_hp_loss":0.0,"gold_gain":0.0,"event_name":"Mysterious Sphere","player_choice":"Ignored","floor":36.0,"gold_loss":0.0,"damage_taken":0.0},{"cards_removed":["Brutality"],"damage_healed":0.0,"max_hp_gain":0.0,"max_hp_loss":0.0,"gold_gain":0.0,"event_name":"Falling","player_choice":"Removed Power","floor":37.0,"gold_loss":0.0,"damage_taken":0.0},{"damage_healed":0,"gold_gain":0,"player_choice":"Ignored","damage_taken":0,"max_hp_gain":0,"max_hp_loss":0,"event_name":"NoteForYourself","floor":44,"gold_loss":0}],"is_beta":false,"boss_relics":[{"not_picked":["Velvet Choker","Black Blood"],"picked":"Snecko Eye"},{"not_picked":["Busted Crown","Astrolabe"],"picked":"Fusion Hammer"}],"items_purged_floors":[],"is_endless":false,"potions_floor_spawned":[6,13,14,16,18,40,47],"ascension_level":0}}