{"host":"xv6tnu9e6lzjd13s","time":1611988552,"event":{"mods":["BaseMod","Colored Powertips","Downfall","Googly Eyes","Hermit","Minty Spire (QoL Compilation)","StSLib","The Animator","The Cursed","The Servant 0.9.4"],"gold_per_floor":[114,132,132,82,93,93,103,178,178,178,178,158,172,192,192,296,296,314,331,366,381,392,392,392,403,403,56,72,72,86,118,118,217,217,232,75,95,106,123,123,169,169,169],"floor_reached":42,"language":"ENG","playtime":2819,"items_purged":["TheCursedMod:Defend_TheCursed"],"score":414,"play_id":"5fb08dce-39bd-4fed-91e7-12f68929b76a","local_time":"20210129233552","is_ascension_mode":false,"campfire_choices":[{"floor":10,"key":"REST"},{"data":"TheCursedMod:VoidForm","floor":15,"key":"SMITH"},{"floor":23,"key":"REST"},{"floor":29,"key":"REST"},{"floor":32,"key":"REST"},{"floor":40,"key":"REST"}],"circlet_count":0,"master_deck":["TheCursedMod:Strike_TheCursed","TheCursedMod:Strike_TheCursed","TheCursedMod:Strike_TheCursed","TheCursedMod:Strike_TheCursed","TheCursedMod:Defend_TheCursed","TheCursedMod:Defend_TheCursed","TheCursedMod:Defend_TheCursed","TheCursedMod:CursedWand","TheCursedMod:CleanUpWorkshop+1","TheCursedMod:Dregs","TheCursedMod:CursedBoomerang","TheCursedMod:Grudge+1","TheCursedMod:CursedShiv","TheCursedMod:WearCloak","TheCursedMod:WearCloak","TheCursedMod:VoidForm+1","TheCursedMod:CollectTribute+1","TheCursedMod:Wield","TheCursedMod:SpitefulPlan","TheCursedMod:EmpowerCircles","TheCursedMod:OutForBlood","TheCursedMod:SurpriseAttack","TheCursedMod:HellfireBreathing","Apotheosis","TheCursedMod:CircleOfFlame+1","TheCursedMod:HellsGateOpen","TheCursedMod:ReleasedKnowledge","TheCursedMod:NeowsMight","TheCursedMod:CursedShiv+1","Parasite","TheCursedMod:FleshFromBone"],"relics":["TheCursedMod:BlackMagic101","Meat on the Bone","HornCleat","Fusion Hammer","Red Mask","Ancient Tea Set","Blood Vial","Busted Crown","Lantern","TheCursedMod:SoulVessel"],"acts_visited":["Exordium","TheCity","TheBeyond"],"potions_floor_usage":[16,16,16,20,22,33,33,42,42,42],"damage_taken":[{"damage":2,"enemies":"Jaw Worm","floor":1,"turns":4},{"damage":0,"enemies":"2 Louse","floor":2,"turns":2},{"damage":0,"enemies":"Cultist","floor":5,"turns":3},{"damage":18,"enemies":"3 Louse","floor":7,"turns":4},{"damage":7,"enemies":"Large Slime","floor":13,"turns":7},{"damage":1,"enemies":"Lots of Slimes","floor":14,"turns":5},{"damage":8,"enemies":"Hexaghost","floor":16,"turns":4},{"damage":14,"enemies":"Chosen","floor":18,"turns":5},{"damage":8,"enemies":"Spheric Guardian","floor":19,"turns":4},{"damage":46,"enemies":"Masked Bandits","floor":20,"turns":4},{"damage":7,"enemies":"Snecko","floor":21,"turns":5},{"damage":17,"enemies":"Centurion and Healer","floor":22,"turns":6},{"damage":20,"enemies":"Snake Plant","floor":25,"turns":4},{"damage":20,"enemies":"Sentry and Sphere","floor":28,"turns":5},{"damage":20,"enemies":"Cultist and Chosen","floor":30,"turns":6},{"damage":24,"enemies":"Slavers","floor":31,"turns":4},{"damage":23,"enemies":"Collector","floor":33,"turns":5},{"damage":29,"enemies":"3 Darklings","floor":35,"turns":5},{"damage":6,"enemies":"3 Shapes","floor":37,"turns":5},{"damage":23,"enemies":"Writhing Mass","floor":38,"turns":4},{"damage":20,"enemies":"Maw","floor":39,"turns":6},{"damage":46,"enemies":"2 Orb Walkers","floor":41,"turns":5},{"damage":24,"enemies":"Reptomancer","floor":42,"turns":2}],"seed_played":"7834821683529237588","potions_obtained":[{"floor":1,"key":"Guardian:BlockOnCardUsePotion"},{"floor":7,"key":"ColorlessPotion"},{"floor":12,"key":"PowerPotion"},{"floor":16,"key":"bronze:BurnAndBuffPotion"},{"floor":19,"key":"Fire Potion"},{"floor":21,"key":"Regen Potion"},{"floor":22,"key":"GamblersBrew"},{"floor":28,"key":"EssenceOfSteel"},{"floor":30,"key":"LiquidBronze"},{"floor":33,"key":"ColorlessPotion"},{"floor":35,"key":"Dexterity Potion"}],"is_trial":false,"path_per_floor":["M","M","?","?","M","?","M","?","T","R","?","?","M","M","R","B",null,"M","M","?","M","M","R","?","M","T","$","M","R","M","E","R","B",null,"M","$","M","M","M","R","?","E"],"character_chosen":"THE_CURSED","items_purchased":["TheCursedMod:HellfireBreathing","Apotheosis","Lantern"],"campfire_rested":5,"item_purchase_floors":[27,27,36],"current_hp_per_floor":[73,73,73,73,73,73,55,44,44,66,66,66,59,58,58,50,75,61,53,19,24,34,56,56,48,48,48,40,62,42,30,52,43,75,46,46,42,33,27,49,17,0,0],"gold":169,"neow_bonus":"UPGRADE_CARD","is_daily":false,"chose_seed":false,"campfire_upgraded":1,"win_rate":0.0,"timestamp":1611988552,"path_taken":["M","M","?","?","M","?","?","?","T","R","?","?","M","?","R","BOSS","M","M","?","M","M","R","?","?","T","$","M","R","M","E","R","BOSS","M","$","M","M","?","R","?","E"],"items_purchased_type":["Card","Card","Relic"],"build_version":"2020-12-22","purchased_purges":1,"victory":false,"max_hp_per_floor":[75,75,75,75,75,75,75,75,75,75,75,75,75,75,75,75,75,75,75,75,75,75,75,75,75,75,75,75,75,75,75,75,75,75,75,75,75,75,75,75,75,75,75],"card_choices":[{"not_picked":["TheCursedMod:Mangle","TheCursedMod:Torture"],"picked":"TheCursedMod:CursedBoomerang","floor":1},{"not_picked":["TheCursedMod:TacticalStrike","TheCursedMod:RapidMovement"],"picked":"TheCursedMod:Grudge","floor":2},{"not_picked":["TheCursedMod:Mangle","TheCursedMod:DoubleShield"],"picked":"TheCursedMod:CursedShiv","floor":5},{"not_picked":["TheCursedMod:TacticalStrike","TheCursedMod:CursedBlade"],"picked":"TheCursedMod:WearCloak","floor":7},{"not_picked":["TheCursedMod:RavingStaff","TheCursedMod:Torture"],"picked":"TheCursedMod:WearCloak","floor":13},{"not_picked":["TheCursedMod:RapidMovement","TheCursedMod:AshesToAshes"],"picked":"TheCursedMod:VoidForm","floor":14},{"not_picked":["TheCursedMod:DemonSword","TheCursedMod:CircleOfAbyss"],"picked":"TheCursedMod:CollectTribute","floor":16},{"not_picked":["TheCursedMod:CursedShiv+1","TheCursedMod:FuryStrike"],"picked":"TheCursedMod:Wield","floor":18},{"not_picked":["TheCursedMod:WearCloak","TheCursedMod:BlessingInDisguise"],"picked":"TheCursedMod:SpitefulPlan","floor":19},{"not_picked":["TheCursedMod:Stretching+1","TheCursedMod:CircleOfAmplification"],"picked":"TheCursedMod:EmpowerCircles","floor":20},{"not_picked":["TheCursedMod:VitalStrike","TheCursedMod:SmokeScreen"],"picked":"TheCursedMod:OutForBlood","floor":21},{"not_picked":["TheCursedMod:SmokeScreen","TheCursedMod:CircleOfFlame+1"],"picked":"TheCursedMod:SurpriseAttack","floor":22},{"not_picked":["TheCursedMod:RavingStaff","TheCursedMod:CursedShiv","TheCursedMod:BloodBarrier"],"picked":"SKIP","floor":25},{"not_picked":["TheCursedMod:DoubleShield","TheCursedMod:AntiAging"],"picked":"TheCursedMod:CircleOfFlame+1","floor":28},{"not_picked":["TheCursedMod:Wield+1","TheCursedMod:RavingStaff"],"picked":"TheCursedMod:HellsGateOpen","floor":30},{"not_picked":["TheCursedMod:VitalStrike+1","TheCursedMod:BloodBarrier"],"picked":"TheCursedMod:ReleasedKnowledge","floor":31},{"not_picked":["TheCursedMod:DemonicPact","TheCursedMod:OutForBlood"],"picked":"TheCursedMod:NeowsMight","floor":33},{"not_picked":["TheCursedMod:Obscuration"],"picked":"SKIP","floor":35},{"not_picked":[],"picked":"TheCursedMod:CursedShiv+1","floor":37},{"not_picked":["TheCursedMod:DoubleShield"],"picked":"SKIP","floor":38},{"not_picked":["TheCursedMod:SmokeScreen+1"],"picked":"SKIP","floor":39},{"not_picked":[],"picked":"TheCursedMod:FleshFromBone","floor":41}],"player_experience":87019,"relics_obtained":[{"floor":9,"key":"HornCleat"},{"floor":20,"key":"Red Mask"},{"floor":26,"key":"Ancient Tea Set"},{"floor":31,"key":"Blood Vial"},{"floor":41,"key":"TheCursedMod:SoulVessel"}],"event_choices":[{"damage_healed":0,"gold_gain":0,"player_choice":"Box","damage_taken":0,"relics_obtained":["Meat on the Bone"],"max_hp_gain":0,"max_hp_loss":0,"event_name":"Big Fish","floor":3,"gold_loss":0,"cards_obtained":["Regret"]},{"cards_removed":["Regret"],"damage_healed":0,"gold_gain":0,"player_choice":"Card Removal","damage_taken":0,"max_hp_gain":0,"max_hp_loss":0,"event_name":"The Cleric","floor":4,"gold_loss":50},{"damage_healed":0,"gold_gain":0,"player_choice":"Ignored","damage_taken":0,"max_hp_gain":0,"max_hp_loss":0,"event_name":"NoteForYourself","floor":6,"gold_loss":0},{"damage_healed":0,"gold_gain":75,"player_choice":"Gather Gold","damage_taken":11,"max_hp_gain":0,"max_hp_loss":0,"event_name":"World of Goop","floor":8,"gold_loss":0},{"damage_healed":0,"gold_gain":0,"player_choice":"Grow","damage_taken":0,"max_hp_gain":0,"max_hp_loss":0,"event_name":"Living Wall","floor":11,"gold_loss":0,"cards_upgraded":["TheCursedMod:Grudge"]},{"damage_healed":0,"gold_gain":0,"player_choice":"Bought 1 Potion","damage_taken":0,"max_hp_gain":0,"max_hp_loss":0,"event_name":"The Woman in Blue","floor":12,"gold_loss":0},{"damage_healed":0,"gold_gain":0,"player_choice":"Fought Bandits","damage_taken":0,"max_hp_gain":0,"max_hp_loss":0,"event_name":"Masked Bandits","floor":20,"gold_loss":0},{"damage_healed":0,"gold_gain":0,"player_choice":"Upgraded","damage_taken":0,"max_hp_gain":0,"max_hp_loss":0,"event_name":"Upgrade Shrine","floor":24,"gold_loss":0,"cards_upgraded":["TheCursedMod:CollectTribute"]},{"damage_healed":0,"gold_gain":0,"player_choice":"Fight","damage_taken":0,"max_hp_gain":0,"max_hp_loss":0,"event_name":"Mysterious Sphere","floor":41,"gold_loss":0}],"is_beta":false,"boss_relics":[{"not_picked":["Velvet Choker","Coffee Dripper"],"picked":"Fusion Hammer"},{"not_picked":["Empty Cage","SlaversCollar"],"picked":"Busted Crown"}],"items_purged_floors":[27],"is_endless":false,"potions_floor_spawned":[1,7,16,19,21,22,28,30,33,35,39],"killed_by":"Reptomancer","ascension_level":0}}