{"host":"ifd7sfhtlbe34qll","time":1611965665,"event":{"mods":["2.2 Compatiblity","Act Like it!","BaseMod","Block Reminder","Colored Map","Curses Come First","Highlight Path","Minty Spire (QoL Compilation)","Potion Indicator Mod","Quick Restart","Random Character Button","Relic Stats","StSLib","SuperFastMode"],"gold_per_floor":[119,132,143,153,226,226,226,226],"floor_reached":7,"language":"ENG","playtime":220,"items_purged":[],"score":86,"play_id":"ccb1646e-8533-4202-8759-690a08782fae","local_time":"20210129181425","is_ascension_mode":true,"campfire_choices":[{"data":"Bash","floor":6,"key":"SMITH"}],"circlet_count":0,"master_deck":["AscendersBane","Strike_R","Strike_R","Strike_R","Strike_R","Defend_R","Defend_R","Defend_R","Bash+1","Cleave","Sword Boomerang","Anger","Disarm"],"relics":["Empty Cage","Question Card"],"acts_visited":["Exordium"],"potions_floor_usage":[7],"damage_taken":[{"damage":6,"enemies":"Cultist","floor":1,"turns":3},{"damage":8,"enemies":"2 Louse","floor":2,"turns":3},{"damage":7,"enemies":"Jaw Worm","floor":3,"turns":3},{"damage":5,"enemies":"3 Louse","floor":4,"turns":3},{"damage":46,"enemies":"3 Sentries","floor":7,"turns":5}],"seed_played":"-3271025443855150553","potions_obtained":[{"floor":3,"key":"SteroidPotion"},{"floor":4,"key":"Dexterity Potion"}],"is_trial":false,"path_per_floor":["M","M","M","M","T","R","E"],"character_chosen":"IRONCLAD","items_purchased":[],"campfire_rested":0,"item_purchase_floors":[],"current_hp_per_floor":[62,54,47,42,42,42,0,0],"gold":226,"neow_bonus":"BOSS_RELIC","is_daily":false,"chose_seed":false,"campfire_upgraded":1,"win_rate":0.0,"timestamp":1611965665,"path_taken":["M","M","M","?","?","R","E"],"items_purchased_type":[],"build_version":"2020-12-22","purchased_purges":0,"victory":false,"max_hp_per_floor":[75,75,75,75,75,75,75,75],"relic_stats":{"counters":[5,17],"Question Card":0,"obtain_stats":[{"Empty Cage":0,"Question Card":5,"Burning Blood":0},{"Empty Cage":0,"Question Card":4,"Burning Blood":0},{"Empty Cage":0,"Question Card":12,"Burning Blood":0}]},"card_choices":[{"not_picked":["Twin Strike","Evolve"],"picked":"Cleave","floor":1},{"not_picked":["Clash","Second Wind"],"picked":"Sword Boomerang","floor":2},{"not_picked":["Havoc","Sword Boomerang"],"picked":"Anger","floor":3},{"not_picked":["Perfected Strike","Twin Strike"],"picked":"Disarm","floor":4}],"player_experience":1464507,"relics_obtained":[{"floor":5,"key":"Question Card"}],"event_choices":[],"is_beta":false,"boss_relics":[],"items_purged_floors":[],"is_endless":false,"potions_floor_spawned":[3,4],"killed_by":"3 Sentries","ascension_level":20}}