{"host":"49pjgf1q9ev52n8z","time":1611975046,"event":{"mods":["BaseMod","Bestiary","Colored Map","Minty Spire (QoL Compilation)","Relic Stats","StSLib"],"gold_per_floor":[12,29,45,59,72,72,72,72],"floor_reached":7,"language":"ENG","playtime":643,"items_purged":[],"score":86,"play_id":"bf23718e-ef85-4a23-a8cd-f26e39c541c6","local_time":"20210129185046","is_ascension_mode":true,"campfire_choices":[{"data":"Malaise","floor":6,"key":"SMITH"}],"circlet_count":0,"master_deck":["AscendersBane","Strike_G","Strike_G","Strike_G","Strike_G","Strike_G","Defend_G","Defend_G","Defend_G","Defend_G","Defend_G","Survivor","Neutralize","Flechettes","Infinite Blades","Sucker Punch","Blur","Malaise+1"],"relics":["Ring of the Snake"],"acts_visited":["Exordium"],"potions_floor_usage":[7,7],"damage_taken":[{"damage":1,"enemies":"Small Slimes","floor":1,"turns":4},{"damage":4,"enemies":"Jaw Worm","floor":2,"turns":6},{"damage":6,"enemies":"2 Louse","floor":3,"turns":4},{"damage":2,"enemies":"Blue Slaver","floor":4,"turns":4},{"damage":7,"enemies":"Large Slime","floor":5,"turns":6},{"damage":38,"enemies":"Lagavulin","floor":7,"turns":13}],"seed_played":"548109879789254528","potions_obtained":[{"floor":2,"key":"Block Potion"},{"floor":5,"key":"Regen Potion"}],"is_trial":false,"path_per_floor":["M","M","M","M","M","R","E"],"character_chosen":"THE_SILENT","items_purchased":[],"campfire_rested":0,"item_purchase_floors":[],"current_hp_per_floor":[70,66,60,58,51,51,28,28],"gold":72,"neow_bonus":"TWENTY_PERCENT_HP_BONUS","is_daily":false,"chose_seed":false,"campfire_upgraded":1,"win_rate":0.0,"timestamp":1611975046,"path_taken":["M","M","M","M","M","R","E"],"items_purchased_type":[],"build_version":"2020-12-22","purchased_purges":0,"victory":false,"max_hp_per_floor":[78,78,78,78,78,78,78,78],"relic_stats":{"counters":[6,37],"obtain_stats":[{"Ring of the Snake":0},{"Ring of the Snake":0},{"Ring of the Snake":0}],"Ring of the Snake":[12]},"card_choices":[{"not_picked":["Backflip","Leg Sweep"],"picked":"Flechettes","floor":1},{"not_picked":["Outmaneuver","Backflip"],"picked":"Infinite Blades","floor":2},{"not_picked":["Acrobatics","Dagger Throw"],"picked":"Sucker Punch","floor":3},{"not_picked":["Dagger Throw","Flechettes"],"picked":"Blur","floor":4},{"not_picked":["Dodge and Roll","PiercingWail"],"picked":"Malaise","floor":5}],"player_experience":629164,"relics_obtained":[],"event_choices":[],"is_beta":false,"boss_relics":[],"items_purged_floors":[],"is_endless":false,"potions_floor_spawned":[2,5],"killed_by":"Lagavulin","ascension_level":18}}