{"host":"zrwwt1jjq0fpdjej","time":1611979365,"event":{"mods":["AchievementEnabler","BaseMod","Colored Map","Minty Spire (QoL Compilation)","StSLib","SuperFastMode"],"gold_per_floor":[113,113,126,141,141,141,167,167,194,204,217,236,236,271,271,375,375,394,319,234,254,254,289,134,134,134],"floor_reached":25,"language":"KOR","playtime":1596,"items_purged":["Strike_B"],"score":294,"play_id":"f18e333e-f760-40ac-acd4-a2c092e9323c","local_time":"20210130130245","is_ascension_mode":true,"campfire_choices":[{"data":"Dualcast","floor":6.0,"key":"SMITH"},{"data":"Sunder","floor":8,"key":"SMITH"},{"data":"Hello World","floor":15,"key":"SMITH"}],"circlet_count":0,"master_deck":["Defend_B+1","Defend_B+1","Defend_B+1","Defend_B+1","Zap+1","Dualcast+1","Chill","Glacier","Melter","Discovery","Tempest","Thunder Strike","Zap","Sunder+1","Ball Lightning","Conserve Battery","Hello World+1","Core Surge","Rebound+1","BootSequence","Capacitor","Bandage Up"],"relics":["Cracked Core","Oddly Smooth Stone","Toy Ornithopter","Akabeko","War Paint","Empty Cage","Ice Cream","Molten Egg 2"],"acts_visited":["Exordium","TheCity"],"potions_floor_usage":[14,14,21,23,25],"damage_taken":[{"damage":2.0,"enemies":"2 Louse","floor":1.0,"turns":2.0},{"damage":4.0,"enemies":"Jaw Worm","floor":3.0,"turns":3.0},{"damage":0.0,"enemies":"Cultist","floor":4.0,"turns":3.0},{"damage":24.0,"enemies":"3 Sentries","floor":7.0,"turns":5.0},{"damage":13,"enemies":"3 Louse","floor":10,"turns":2},{"damage":0,"enemies":"Looter","floor":11,"turns":1},{"damage":0,"enemies":"2 Fungi Beasts","floor":12,"turns":3},{"damage":0,"enemies":"Gremlin Nob","floor":14,"turns":2},{"damage":6,"enemies":"The Guardian","floor":16,"turns":11},{"damage":0,"enemies":"Chosen","floor":18,"turns":4},{"damage":10,"enemies":"2 Thieves","floor":21,"turns":4},{"damage":28,"enemies":"Book of Stabbing","floor":23,"turns":8},{"damage":14,"enemies":"Slavers","floor":25,"turns":2}],"seed_played":"-7381537008224553695","potions_obtained":[{"floor":3.0,"key":"AttackPotion"},{"floor":4.0,"key":"Swift Potion"},{"floor":11,"key":"Explosive Potion"},{"floor":16,"key":"SkillPotion"},{"floor":18,"key":"GamblersBrew"},{"floor":21,"key":"Fruit Juice"}],"is_trial":false,"path_per_floor":["M","?","M","M","?","R","E","R","T","M","M","M","?","E","R","B",null,"M","$","?","M","?","E","$","E"],"character_chosen":"DEFECT","items_purchased":["Capacitor","Bandage Up"],"campfire_rested":0,"item_purchase_floors":[24,24],"current_hp_per_floor":[73,70,66,66,66,66,47,47,47,34,34,34,27,37,37,31,75,75,75,75,65,65,47,47,38,38],"gold":134,"neow_bonus":"RANDOM_COMMON_RELIC","is_daily":false,"chose_seed":false,"campfire_upgraded":3,"win_rate":0.0,"timestamp":1611979365,"path_taken":["M","?","M","M","?","R","E","R","T","?","M","M","?","E","R","BOSS","M","$","?","M","?","E","$","E"],"items_purchased_type":["Card","Card"],"build_version":"2020-12-22","purchased_purges":1,"victory":false,"max_hp_per_floor":[75,75,75,75,75,75,75,75,75,75,75,75,75,75,75,75,75,75,75,75,75,75,80,80,80,80],"card_choices":[{"not_picked":["Coolheaded","Storm"],"picked":"Chill","floor":1.0},{"not_picked":["Streamline","Barrage"],"picked":"Glacier","floor":3.0},{"not_picked":["Turbo","Compile Driver"],"picked":"Melter","floor":4.0},{"not_picked":["Cold Snap","Fission"],"picked":"Sunder","floor":7},{"not_picked":["Turbo","Coolheaded"],"picked":"Ball Lightning","floor":10},{"not_picked":["Redo","Tempest"],"picked":"Conserve Battery","floor":11},{"not_picked":["Rebound","Streamline"],"picked":"Hello World","floor":12},{"not_picked":["Hyperbeam","Gash","Rainbow"],"picked":"SKIP","floor":14},{"not_picked":["Meteor Strike","Machine Learning"],"picked":"Core Surge","floor":16},{"not_picked":["Gash","Stack"],"picked":"Rebound+1","floor":18},{"not_picked":["Redo","Hologram"],"picked":"BootSequence","floor":21},{"not_picked":["White Noise","Redo","Turbo"],"picked":"SKIP","floor":23}],"player_experience":243873,"relics_obtained":[{"floor":7,"key":"Akabeko"},{"floor":14,"key":"War Paint"},{"floor":23,"key":"Molten Egg 2"}],"event_choices":[{"damage_healed":0.0,"max_hp_gain":0.0,"max_hp_loss":0.0,"gold_gain":0.0,"event_name":"Scrap Ooze","player_choice":"Success","floor":2.0,"gold_loss":0.0,"damage_taken":3.0,"relics_obtained":["Toy Ornithopter"]},{"damage_healed":0.0,"max_hp_gain":0.0,"max_hp_loss":0.0,"gold_gain":0.0,"event_name":"Match and Keep!","player_choice":"4 cards matched","floor":5.0,"gold_loss":0.0,"damage_taken":0.0,"cards_obtained":["Discovery","Tempest","Thunder Strike","Zap"]},{"cards_removed":["Strike_B"],"damage_healed":0,"gold_gain":0,"player_choice":"Card Removal","damage_taken":7,"max_hp_gain":0,"max_hp_loss":0,"event_name":"Golden Wing","floor":13,"gold_loss":0},{"damage_healed":0,"gold_gain":0,"player_choice":"Obtained Relic","damage_taken":0,"relics_obtained":["Ice Cream"],"max_hp_gain":0,"max_hp_loss":0,"event_name":"Addict","floor":20,"gold_loss":85},{"damage_healed":0,"gold_gain":0,"player_choice":"Simplicity","damage_taken":0,"max_hp_gain":0,"max_hp_loss":0,"event_name":"Back to Basics","floor":22,"gold_loss":0,"cards_upgraded":["Defend_B","Defend_B","Defend_B"]}],"is_beta":false,"boss_relics":[{"not_picked":["Velvet Choker","SacredBark"],"picked":"Empty Cage"}],"items_purged_floors":[19],"is_endless":false,"potions_floor_spawned":[3,4,11,16,18,21],"killed_by":"Slavers","ascension_level":3}}