{"host":"6xsbn6ynqlzwllfm","time":1611972758,"event":{"mods":["2.2 Compatiblity","BaseMod","Bestiary","Colored Map","Colored Powertips","Curses Come First","Highlight Path","Keyboard Shortcuts","Minty Spire (QoL Compilation)","Relic Stats","Slay the Relics Exporter","StSLib","SuperFastMode"],"gold_per_floor":[114,114,114,129,229,229,259,274,324,324,354,369,168,198,198,298,298,313,313,328,343,343,373,57,57,82,82,112,127,177,177,177,277,277,292,9,61,76,91,121,136,136,136,136,166,166,12,27,27,27,27],"floor_reached":50,"language":"ENG","playtime":1858,"items_purged":["Strike_R","Defend_R","Defend_R","Defend_R"],"score":781,"play_id":"9a17e9fa-6e84-401a-af11-dcafc44ba61e","local_time":"20210129211238","daily_mods":["Specialized","Colorless Cards","Terminal"],"is_ascension_mode":false,"campfire_choices":[{"data":"Bash","floor":6,"key":"SMITH"},{"data":"Uppercut","floor":10,"key":"SMITH"},{"data":"Combust","floor":15,"key":"SMITH"},{"data":"Dramatic Entrance","floor":25,"key":"SMITH"},{"data":"Dramatic Entrance","floor":27,"key":"SMITH"},{"data":"Evolve","floor":32,"key":"SMITH"},{"data":"Corruption","floor":42,"key":"SMITH"},{"data":"Whirlwind","floor":46,"key":"SMITH"},{"data":"HandOfGreed","floor":49,"key":"SMITH"}],"circlet_count":0,"master_deck":["Bash+1","Flame Barrier","Flame Barrier","Flame Barrier","Flame Barrier","Uppercut+1","Bloodletting","Body Slam","Evolve+1","Combust+1","Dramatic Entrance+1","Hemokinesis","Corruption+1","CurseOfTheBell","Bite","Bite","Bite","Bite","Bite","Necronomicurse","Whirlwind+1","Dramatic Entrance+1","Feel No Pain+1","HandOfGreed+1","Impatience+1","Whirlwind+1","Feel No Pain+1"],"relics":["Burning Blood","Potion Belt","Smiling Mask","Juzu Bracelet","HornCleat","PreservedInsect","Calling Bell","Pear","Charon\u0027s Ashes","Bag of Preparation","Necronomicon","Gambling Chip","Membership Card","Bronze Scales","Strawberry","Frozen Egg 2","Tiny Chest","Vajra","SacredBark","Lantern","Art of War","Peace Pipe","Bottled Flame","CeramicFish","Akabeko","ClockworkSouvenir"],"acts_visited":["Exordium","TheCity","TheBeyond"],"potions_floor_usage":[7,14,14,14,14,16,16,16,23,33,39,39,39,50,50],"damage_taken":[{"damage":0,"enemies":"Cultist","floor":1,"turns":4},{"damage":0,"enemies":"Jaw Worm","floor":4,"turns":4},{"damage":9,"enemies":"3 Sentries","floor":7,"turns":12},{"damage":0,"enemies":"Small Slimes","floor":8,"turns":3},{"damage":11,"enemies":"Lagavulin","floor":11,"turns":8},{"damage":7,"enemies":"Exordium Wildlife","floor":12,"turns":5},{"damage":5,"enemies":"Gremlin Nob","floor":14,"turns":5},{"damage":18,"enemies":"Hexaghost","floor":16,"turns":9},{"damage":0,"enemies":"3 Byrds","floor":18,"turns":1},{"damage":4,"enemies":"Shell Parasite","floor":20,"turns":5},{"damage":6,"enemies":"Cultist and Chosen","floor":21,"turns":5},{"damage":8,"enemies":"Book of Stabbing","floor":23,"turns":4},{"damage":0,"enemies":"Gremlin Leader","floor":28,"turns":2},{"damage":0,"enemies":"Sentry and Sphere","floor":29,"turns":1},{"damage":22,"enemies":"Champ","floor":33,"turns":7},{"damage":0,"enemies":"3 Shapes","floor":35,"turns":2},{"damage":12,"enemies":"2 Orb Walkers","floor":37,"turns":4},{"damage":0,"enemies":"3 Darklings","floor":38,"turns":1},{"damage":39,"enemies":"Maw","floor":39,"turns":6},{"damage":0,"enemies":"Reptomancer","floor":40,"turns":2},{"damage":5,"enemies":"Writhing Mass","floor":41,"turns":4},{"damage":9,"enemies":"Nemesis","floor":45,"turns":5},{"damage":3,"enemies":"4 Shapes","floor":48,"turns":1},{"damage":93,"enemies":"Awakened One","floor":50,"turns":7}],"seed_played":"-828330817948855686","potions_obtained":[{"floor":4,"key":"AttackPotion"},{"floor":11,"key":"CultistPotion"},{"floor":12,"key":"EntropicBrew"},{"floor":14,"key":"SteroidPotion"},{"floor":16,"key":"PowerPotion"},{"floor":28,"key":"ColorlessPotion"},{"floor":29,"key":"FearPotion"},{"floor":33,"key":"BloodPotion"},{"floor":37,"key":"SpeedPotion"},{"floor":40,"key":"Fruit Juice"},{"floor":41,"key":"Ancient Potion"},{"floor":45,"key":"Explosive Potion"}],"is_trial":false,"path_per_floor":["M","?","?","M","?","R","E","M","T","R","E","M","$","E","R","B",null,"M","?","M","M","?","E","$","R","T","R","E","M","T","?","R","B",null,"M","$","?","M","M","E","M","R","T","?","E","R","$","M","R","B"],"character_chosen":"IRONCLAD","items_purchased":["Combust","Dramatic Entrance","Membership Card","Bronze Scales","Dramatic Entrance","Lantern","Art of War","Whirlwind","LiquidMemories","Swift Potion","Feel No Pain+1","ClockworkSouvenir"],"campfire_rested":0,"item_purchase_floors":[13,13,24,24,24,36,36,36,36,36,47,47],"current_hp_per_floor":[78,82,81,80,79,78,75,76,75,74,69,68,68,69,69,57,77,76,52,51,50,34,36,36,36,43,43,49,49,48,47,46,35,44,43,42,41,40,13,19,24,24,24,24,27,27,27,30,29,0,0],"gold":27,"neow_bonus":"","is_daily":true,"chose_seed":false,"campfire_upgraded":9,"win_rate":0.0,"timestamp":1611972758,"path_taken":["M","?","?","?","?","R","E","?","T","R","E","M","?","E","R","BOSS","M","?","M","M","?","E","?","R","T","R","E","M","?","?","R","BOSS","M","$","?","M","M","E","M","R","T","?","E","R","$","M","R","BOSS"],"items_purchased_type":["Card","Card","Relic","Relic","Card","Relic","Relic","Card","Potion","Potion","Card","Relic"],"build_version":"2020-12-22","purchased_purges":4,"victory":false,"max_hp_per_floor":[78,82,81,80,79,78,77,76,75,74,73,72,71,70,69,68,77,76,52,51,50,49,48,47,46,52,51,50,49,48,47,46,45,44,43,42,41,40,39,38,37,36,35,34,33,32,31,30,29,39,39],"relic_stats":{"counters":[24,107],"CeramicFish":9,"PreservedInsect":191,"Charon\u0027s Ashes":[322],"Juzu Bracelet":0,"Bag of Preparation":[32],"Smiling Mask":63,"Burning Blood":89,"Peace Pipe":0,"Gambling Chip":[40],"Bronze Scales":[88],"Tiny Chest":0,"Necronomicon":[27],"Art of War":[1],"obtain_stats":[{"Lantern":36,"SacredBark":34,"CeramicFish":43,"Vajra":31,"Juzu Bracelet":9,"Bag of Preparation":17,"Smiling Mask":7,"Burning Blood":0,"ClockworkSouvenir":47,"HornCleat":11,"Gambling Chip":23,"Strawberry":26,"Tiny Chest":30,"Necronomicon":22,"Potion Belt":3,"Pear":17,"PreservedInsect":14,"Charon\u0027s Ashes":17,"Frozen Egg 2":28,"Akabeko":45,"Calling Bell":17,"Peace Pipe":37,"Bottled Flame":40,"Bronze Scales":24,"Art of War":36,"Membership Card":24},{"Lantern":16,"SacredBark":15,"CeramicFish":21,"Vajra":14,"Juzu Bracelet":4,"Bag of Preparation":8,"Smiling Mask":3,"Burning Blood":0,"ClockworkSouvenir":22,"HornCleat":5,"Gambling Chip":12,"Strawberry":12,"Tiny Chest":14,"Necronomicon":11,"Potion Belt":1,"Pear":8,"PreservedInsect":7,"Charon\u0027s Ashes":8,"Frozen Egg 2":13,"Akabeko":22,"Calling Bell":8,"Peace Pipe":17,"Bottled Flame":20,"Bronze Scales":12,"Art of War":16,"Membership Card":12},{"Lantern":77,"SacredBark":75,"CeramicFish":94,"Vajra":68,"Juzu Bracelet":23,"Bag of Preparation":50,"Smiling Mask":20,"Burning Blood":0,"ClockworkSouvenir":99,"HornCleat":31,"Gambling Chip":65,"Strawberry":65,"Tiny Chest":68,"Necronomicon":61,"Potion Belt":4,"Pear":50,"PreservedInsect":41,"Charon\u0027s Ashes":50,"Frozen Egg 2":67,"Akabeko":99,"Calling Bell":50,"Peace Pipe":81,"Bottled Flame":90,"Bronze Scales":65,"Art of War":77,"Membership Card":65}]},"card_choices":[{"not_picked":["Pommel Strike","Flex"],"picked":"Uppercut","floor":1},{"not_picked":["Dramatic Entrance","Wild Strike"],"picked":"Bloodletting","floor":8},{"not_picked":["Madness","Clothesline"],"picked":"Body Slam","floor":11},{"not_picked":["Perfected Strike","Sword Boomerang"],"picked":"Evolve","floor":12},{"not_picked":["True Grit","Shrug It Off"],"picked":"Hemokinesis","floor":14},{"not_picked":["The Bomb","Master of Strategy"],"picked":"Corruption","floor":16},{"not_picked":["Inflame","Warcry","Clothesline"],"picked":"SKIP","floor":18},{"not_picked":["Juggernaut","Uppercut+1"],"picked":"Whirlwind+1","floor":23},{"not_picked":["Shrug It Off","Jack Of All Trades"],"picked":"Feel No Pain+1","floor":28},{"not_picked":["Chrysalis","Transmutation"],"picked":"HandOfGreed","floor":33},{"not_picked":["Body Slam","Warcry+1"],"picked":"Impatience+1","floor":35},{"not_picked":["Armaments+1","Panache+1","Rampage"],"picked":"SKIP","floor":40}],"player_experience":1241613,"relics_obtained":[{"floor":7,"key":"Smiling Mask"},{"floor":9,"key":"Juzu Bracelet"},{"floor":11,"key":"HornCleat"},{"floor":14,"key":"PreservedInsect"},{"floor":17,"key":"Pear"},{"floor":17,"key":"Charon\u0027s Ashes"},{"floor":17,"key":"Bag of Preparation"},{"floor":22,"key":"Necronomicon"},{"floor":23,"key":"Gambling Chip"},{"floor":26,"key":"Strawberry"},{"floor":28,"key":"Frozen Egg 2"},{"floor":30,"key":"Tiny Chest"},{"floor":37,"key":"Peace Pipe"},{"floor":40,"key":"Bottled Flame"},{"floor":43,"key":"CeramicFish"},{"floor":45,"key":"Akabeko"}],"event_choices":[{"damage_healed":0,"gold_gain":0,"player_choice":"Donut","damage_taken":0,"max_hp_gain":5,"max_hp_loss":0,"event_name":"Big Fish","floor":2,"gold_loss":0},{"cards_removed":["Flame Barrier"],"damage_healed":0,"gold_gain":0,"player_choice":"Gave Card","damage_taken":0,"relics_obtained":["Potion Belt"],"max_hp_gain":0,"max_hp_loss":0,"event_name":"WeMeetAgain","floor":3,"gold_loss":0},{"damage_healed":0,"gold_gain":100,"player_choice":"Pray","damage_taken":0,"max_hp_gain":0,"max_hp_loss":0,"event_name":"Golden Shrine","floor":5,"gold_loss":0},{"damage_healed":0,"gold_gain":0,"player_choice":"Became a vampire","damage_taken":0,"max_hp_gain":0,"max_hp_loss":23,"event_name":"Vampires","floor":19,"gold_loss":0,"cards_obtained":["Bite","Bite","Bite","Bite","Bite"]},{"damage_healed":0,"gold_gain":0,"player_choice":"Obtained Book","damage_taken":16,"max_hp_gain":0,"max_hp_loss":0,"event_name":"Cursed Tome","floor":22,"gold_loss":0},{"damage_healed":0,"gold_gain":0,"player_choice":"Opened","damage_taken":0,"relics_obtained":["Vajra"],"max_hp_gain":0,"max_hp_loss":0,"event_name":"The Mausoleum","floor":31,"gold_loss":0},{"damage_healed":0,"gold_gain":0,"player_choice":"Fight","damage_taken":0,"max_hp_gain":0,"max_hp_loss":0,"event_name":"Mysterious Sphere","floor":37,"gold_loss":0},{"cards_removed":["Defend_R"],"damage_healed":0,"gold_gain":0,"player_choice":"Removed Skill","damage_taken":0,"max_hp_gain":0,"max_hp_loss":0,"event_name":"Falling","floor":44,"gold_loss":0}],"is_beta":false,"boss_relics":[{"not_picked":["Coffee Dripper","Runic Dome"],"picked":"Calling Bell"},{"not_picked":["Tiny House","Busted Crown"],"picked":"SacredBark"}],"items_purged_floors":[13,24,36,47],"is_endless":false,"potions_floor_spawned":[4,11,12,14,16,28,29,33,37,38,40,41,45],"killed_by":"Awakened One","ascension_level":0}}