{"host":"0rxdudjy6rylha1k","time":1611967966,"event":{"mods":["Aspiration","BaseMod","Colored Map","Colored Powertips","Downfall","Highlight Path","Hubris","Minty Spire (QoL Compilation)","StSLib"],"gold_per_floor":[99,99,99,99,113,142,442,452,470,495,3,3,3,3,15,120,120,120,138,150,168,168,168,191,191,211,211,211,211,228,259,275,380,380,380,393,413,423,42,42,42,74,88,122,146,166,66,76,90,90],"floor_reached":51,"language":"ENG","playtime":16178,"items_purged":[],"score":1122,"play_id":"64b17b1f-8300-4b56-b7cc-3771db490718","local_time":"20210129175246","is_ascension_mode":true,"campfire_choices":[{"data":"Slimebound:Split","floor":1.0,"key":"SMITH"},{"data":"Slimebound:TagTeam","floor":18.0,"key":"SMITH"},{"floor":25,"key":"REST"},{"data":"Slimebound:MassFeed","floor":29,"key":"SMITH"},{"data":"Slimebound:SplitSpecialist","floor":35,"key":"SMITH"}],"circlet_count":0,"master_deck":["Slimebound:Strike_Slimebound","Slimebound:Strike_Slimebound","Slimebound:Tackle","Slimebound:Defend_Slimebound","Slimebound:Defend_Slimebound","Slimebound:Defend_Slimebound+1","Slimebound:Defend_Slimebound","Slimebound:Split+1","Slimebound:CorrosiveSpit","Slimebound:Repurpose","Slimebound:LeadByExample","Slimebound:SplitMire+1","Slimebound:SplitSpecialist+1","Slimebound:LevelUp","Slimebound:RejuvenatingLick+1","Slimebound:SlimeSpikes+1","Slimebound:MassRepurpose+1","Slimebound:Schlurp+1","Slimebound:OneTwoCombo+1","Slimebound:GoopSpray+1","Slimebound:RollThrough","Slimebound:TagTeam+1","Slimebound:SpikyOuterGoop+1","Slimebound:SamplingLick+1","Slimebound:SplitLeeching+1","Slimebound:MassFeed+1","J.A.X.+1","Slimebound:SplitSpecialist+1","Slimebound:LeechEnergy+1","Slimebound:SplitAcid+1","Slimebound:MinionMaster+1","Slimebound:OozeBath+1","Slimebound:Recollect+1","downfall:Icky","Slimebound:MassFeed","Slimebound:Nibble+1","hubris:Wrath","Slimebound:RallyTheTroops"],"relics":["Slimebound:AbsorbEndCombat","Toxic Egg 2","Old Coin","Omamori","ClockworkSouvenir","Bronze Scales","Frozen Egg 2","Cursed Key","hubris:Towel","Lantern","Nloth\u0027s Gift","Mummified Hand","SacredBark","PreservedInsect","aspiration:ArtOfWarUpgrade","Gremlin Horn","War Paint","sneckomod:BlankCard","Nunchaku","downfall:HeartBlessingGreen"],"acts_visited":["Exordium","TheCity","TheBeyond"],"potions_floor_usage":[21,26,36,37,44,50,50,50],"damage_taken":[{"damage":0.0,"enemies":"Cultist","floor":2.0,"turns":1.0},{"damage":0.0,"enemies":"Small Slimes","floor":3.0,"turns":1.0},{"damage":0.0,"enemies":"2 Louse","floor":4.0,"turns":1.0},{"damage":0.0,"enemies":"Large Slime","floor":5.0,"turns":4.0},{"damage":24.0,"enemies":"Gremlin Nob","floor":6.0,"turns":4.0},{"damage":13.0,"enemies":"3 Louse","floor":8.0,"turns":4.0},{"damage":9.0,"enemies":"Blue Slaver","floor":9.0,"turns":3.0},{"damage":13.0,"enemies":"3 Sentries","floor":10.0,"turns":5.0},{"damage":5.0,"enemies":"downfall:FleeingMerchant","floor":11.0,"turns":4.0},{"damage":0.0,"enemies":"Large Slime","floor":15.0,"turns":3.0},{"damage":0.0,"enemies":"IC_STATUS_ARCHETYPE","floor":16.0,"turns":8.0},{"damage":6.0,"enemies":"3 Byrds","floor":19.0,"turns":2.0},{"damage":24.0,"enemies":"Shelled Parasite and Fungi","floor":20.0,"turns":4.0},{"damage":17,"enemies":"Centurion and Healer","floor":21,"turns":4},{"damage":0,"enemies":"Snake Plant","floor":26,"turns":3},{"damage":2,"enemies":"Sentry and Sphere","floor":30,"turns":4},{"damage":34,"enemies":"Slavers","floor":31,"turns":4},{"damage":0,"enemies":"Centurion and Healer","floor":32,"turns":4},{"damage":8,"enemies":"SI_MIRROR_ARCHETYPE","floor":33,"turns":7},{"damage":0,"enemies":"3 Darklings","floor":36,"turns":3},{"damage":6,"enemies":"3 Shapes","floor":37,"turns":3},{"damage":3,"enemies":"Jaw Worm Horde","floor":38,"turns":3},{"damage":9,"enemies":"downfall:FleeingMerchant","floor":39,"turns":4},{"damage":4,"enemies":"Reptomancer","floor":42,"turns":4},{"damage":16,"enemies":"Spire Growth","floor":43,"turns":5},{"damage":10,"enemies":"Giant Head","floor":44,"turns":6},{"damage":27,"enemies":"Writhing Mass","floor":46,"turns":3},{"damage":6,"enemies":"Sphere and 2 Shapes","floor":48,"turns":5},{"damage":2,"enemies":"4 Shapes","floor":49,"turns":2},{"damage":54,"enemies":"DF_ARCHETYPE_ORBS","floor":50,"turns":8}],"seed_played":"4203820678942822897","potions_obtained":[{"floor":6.0,"key":"SpeedPotion"},{"floor":9.0,"key":"ColorlessPotion"},{"floor":10.0,"key":"ColorlessPotion"},{"floor":15.0,"key":"FearPotion"},{"floor":19.0,"key":"Energy Potion"},{"floor":20.0,"key":"AttackPotion"},{"floor":33,"key":"DuplicationPotion"},{"floor":36,"key":"hexamod:SoulburnPotion"},{"floor":43,"key":"Weak Potion"},{"floor":46,"key":"SpeedPotion"},{"floor":48,"key":"PowerPotion"},{"floor":49,"key":"bronze:BurnAndBuffPotion"}],"is_trial":false,"path_per_floor":["R","M","M","M","M","E","T","M","M","E","$","?","?","?","M","B",null,"R","M","M","M","?","?","T","R","M","?","?","R","M","E","M","B",null,"R","M","M","M","$","R","T","E","M","E","?","M","R","M","M","B",null],"character_chosen":"SLIMEBOUND","items_purchased":["ClockworkSouvenir","Slimebound:OneTwoCombo","Bronze Scales","Slimebound:GoopSpray+1","PreservedInsect","Art of War","Slimebound:Recollect+1"],"campfire_rested":1,"item_purchase_floors":[11,11,11,11,39,39,39],"current_hp_per_floor":[59,59,59,59,65,47,47,36,31,24,27,27,27,27,33,41,59,59,55,39,30,30,30,30,49,51,51,51,51,57,43,51,51,74,74,80,79,89,86,86,86,89,81,79,79,58,58,60,62,16],"gold":90,"neow_bonus":"THREE_ENEMY_KILL","is_daily":false,"chose_seed":false,"campfire_upgraded":4,"win_rate":0.0,"timestamp":1611967966,"path_taken":["R","M","M","M","M","E","T","M","?","E","$","?","?","?","M","BOSS","R","M","M","M","?","?","T","R","M","?","?","R","M","E","M","BOSS","R","M","M","M","$","R","T","E","M","E","?","M","R","M","M","BOSS"],"items_purchased_type":["Relic","Card","Relic","Card","Relic","Relic","Card"],"build_version":"2020-12-22","purchased_purges":0,"victory":true,"max_hp_per_floor":[65,65,65,65,65,65,65,65,65,65,65,65,65,65,65,65,65,65,65,65,65,65,65,65,65,65,65,65,65,69,81,81,81,81,81,81,81,89,89,89,89,89,89,89,89,89,89,89,89,89],"card_choices":[{"not_picked":["Slimebound:LeechingTouch","Slimebound:Schlurp"],"picked":"Slimebound:Repurpose","floor":2.0},{"not_picked":["Slimebound:SlimeBrawl","Slimebound:SlimeTap"],"picked":"Slimebound:LeadByExample","floor":3.0},{"not_picked":["Slimebound:SpikyOuterGoop","Slimebound:HauntingLick"],"picked":"Slimebound:SplitMire","floor":4.0},{"not_picked":["Slimebound:SplitLeeching","Slimebound:ServeAndProtect"],"picked":"Slimebound:SplitSpecialist","floor":5.0},{"not_picked":["Slimebound:SlimeBrawl+1","Slimebound:SplitLeeching+1"],"picked":"Slimebound:LevelUp","floor":6.0},{"not_picked":["Slimebound:LivingWall+1","Slimebound:LeechingTouch"],"picked":"Slimebound:RejuvenatingLick+1","floor":8.0},{"not_picked":["Slimebound:ForwardTackle","Slimebound:FlameTackle"],"picked":"Slimebound:SlimeSpikes+1","floor":9.0},{"not_picked":["Slimebound:AcidTongue","Slimebound:LivingWall+1"],"picked":"Slimebound:MassRepurpose+1","floor":10.0},{"not_picked":["Slimebound:HungryTackle","Slimebound:SplitBruiser+1"],"picked":"Slimebound:Schlurp+1","floor":11.0},{"not_picked":["Slimebound:LivingWall+1","Slimebound:ComboTackle"],"picked":"Slimebound:RollThrough","floor":15.0},{"not_picked":["Slimebound:MassRepurpose+1","Slimebound:SlimeSlap"],"picked":"Slimebound:TagTeam","floor":16.0},{"not_picked":["Slimebound:Prepare+1","Slimebound:SplitMire+1"],"picked":"Slimebound:SpikyOuterGoop+1","floor":19.0},{"not_picked":["Slimebound:HungryTackle","Slimebound:PressTheAttack"],"picked":"Slimebound:SamplingLick+1","floor":20.0},{"not_picked":["Slimebound:Nibble+1","Slimebound:BestDefense+1"],"picked":"Slimebound:SplitLeeching+1","floor":21},{"not_picked":["Slimebound:GoopSpray+1","Slimebound:Gluttony+1"],"picked":"Slimebound:MassFeed","floor":26},{"not_picked":["Slimebound:GrowthPunch","Slimebound:Nibble"],"picked":"Slimebound:SplitSpecialist+1","floor":30},{"not_picked":["Slimebound:FinishingTackle","Slimebound:FlameTackle"],"picked":"Slimebound:LeechEnergy+1","floor":31},{"not_picked":["Slimebound:RollThrough","Slimebound:RainOfGoop+1"],"picked":"Slimebound:SplitAcid+1","floor":32},{"not_picked":["Slimebound:PrepareCrush+1","Slimebound:WasteNot+1"],"picked":"Slimebound:MinionMaster+1","floor":33},{"not_picked":["Slimebound:ItLooksTasty","Slimebound:Schlurp+1","Slimebound:PressTheAttack+1"],"picked":"SKIP","floor":36},{"not_picked":["Slimebound:LeechEnergy+1","Slimebound:Gluttony+1"],"picked":"Slimebound:OozeBath+1","floor":37},{"not_picked":["Slimebound:ItLooksTasty+1","Slimebound:AcidTongue+1","Slimebound:TagTeam"],"picked":"SKIP","floor":38},{"not_picked":["Slimebound:Dissolve+1","Slimebound:RollThrough+1","Slimebound:FinishingTackle+1"],"picked":"SKIP","floor":39},{"not_picked":["Slimebound:SlimeSpikes+1","Slimebound:BestDefense+1"],"picked":"Slimebound:MassFeed","floor":42},{"not_picked":["Slimebound:GoopTackle+1","Slimebound:Schlurp+1","Slimebound:SpikyOuterGoop+1"],"picked":"SKIP","floor":43},{"not_picked":["Slimebound:Overexert+1","Slimebound:Dissolve+1"],"picked":"Slimebound:Nibble+1","floor":44},{"not_picked":["Slimebound:MassRepurpose+1","Slimebound:ServeAndProtect+1","Slimebound:SlimeBrawl+1"],"picked":"SKIP","floor":46},{"not_picked":["Slimebound:GoopTackle","Slimebound:ForwardTackle","Slimebound:LeechingTouch"],"picked":"SKIP","floor":48},{"not_picked":["Slimebound:FlameTackle","Slimebound:HauntingLick+1"],"picked":"Slimebound:RallyTheTroops","floor":49}],"player_experience":2722948,"relics_obtained":[{"floor":6.0,"key":"Toxic Egg 2"},{"floor":7.0,"key":"Old Coin"},{"floor":10.0,"key":"Omamori"},{"floor":24,"key":"Lantern"},{"floor":31,"key":"Mummified Hand"},{"floor":41,"key":"Gremlin Horn"},{"floor":42,"key":"War Paint"},{"floor":44,"key":"sneckomod:BlankCard"},{"floor":45,"key":"Nunchaku"}],"event_choices":[{"damage_healed":0.0,"max_hp_gain":0.0,"max_hp_loss":0.0,"gold_gain":0.0,"event_name":"Living Wall","player_choice":"Grow","floor":12.0,"gold_loss":0.0,"damage_taken":0.0,"cards_upgraded":["Slimebound:OneTwoCombo"]},{"damage_healed":0,"gold_gain":0,"player_choice":"Obtain J.A.X.","damage_taken":0,"max_hp_gain":0,"max_hp_loss":0,"event_name":"Drug Dealer","floor":27,"gold_loss":0,"cards_obtained":["J.A.X."]}],"is_beta":false,"boss_relics":[{"not_picked":["hubris:VirtuousBlindfold","hubris:Stopwatch"],"picked":"Cursed Key"},{"not_picked":["Fusion Hammer","hubris:GrandSneckoEye"],"picked":"SacredBark"}],"items_purged_floors":[],"is_endless":false,"potions_floor_spawned":[6,9,10,15,19,20,33,36,43,46,48,49],"ascension_level":9}}