{"host":"62ml2u9p5u2np5kb","time":1611977517,"event":{"mods":["BaseMod","Colored Map","Friendly Minions","Kiyohime（清姬）","Marisa（F雨　魔理沙）","Minty Spire (QoL Compilation)","Quick Restart","StSLib","Waifu the Spire","WarShipGirlsR/战舰少女R mod","Youmu（魂魄妖梦）","[功能]功能增强和修复MOD","noobMod"],"gold_per_floor":[14,34,34,24,37,37,37],"floor_reached":6,"language":"ZHS","playtime":487,"items_purged":[],"score":36,"play_id":"961437f5-fbe0-4aa7-a588-afa17c3a9410","local_time":"20210130113157","is_ascension_mode":false,"campfire_choices":[],"circlet_count":0,"master_deck":["Strike_YM","Strike_YM","Strike_YM","Strike_YM","Defend_YM","Defend_YM+1","Defend_YM","Defend_YM","SlashOfPresentWorld","WheelOfPainOfLivingAndDead","AsuraSword","LightFlashOfTheNetherworld","CherryBlossomFlashing+1","TurningAngelCut"],"relics":["HalfPhantom","ice"],"acts_visited":["Exordium"],"potions_floor_usage":[2,5,5,6],"damage_taken":[{"damage":12,"enemies":"Jaw Worm","floor":1,"turns":4},{"damage":3,"enemies":"2 Louse","floor":2,"turns":3},{"damage":1,"enemies":"Small Slimes","floor":5,"turns":3},{"damage":10,"enemies":"Lagavulin","floor":6,"turns":6}],"seed_played":"2783280830626861908","potions_obtained":[{"floor":1,"key":"Fruit Juice"},{"floor":1,"key":"PhantomPosion"},{"floor":2,"key":"Strength Potion"},{"floor":5,"key":"SpeedPotion"}],"is_trial":false,"path_per_floor":["M","M","?","?","M","E"],"character_chosen":"YOUMU","items_purchased":[],"campfire_rested":0,"item_purchase_floors":[],"current_hp_per_floor":[63,60,45,45,49,39,39],"gold":37,"neow_bonus":"THREE_RARE_CARDS","is_daily":false,"chose_seed":false,"campfire_upgraded":0,"win_rate":0.0,"timestamp":1611977517,"path_taken":["M","M","?","?","M","E"],"items_purchased_type":[],"build_version":"2020-12-22","purchased_purges":0,"victory":false,"max_hp_per_floor":[75,75,75,75,80,80,80],"card_choices":[{"not_picked":["SuddenDivineSeveringOfKarmicWind","MatsuyoiReflectingSatelliteSlash"],"picked":"AsuraSword","floor":0},{"not_picked":["CherryBlossomFlashing","ObsessionWithThePresentWorld"],"picked":"LightFlashOfTheNetherworld","floor":1},{"not_picked":["PretaSword","FlashingScatteredFlowers"],"picked":"CherryBlossomFlashing","floor":2},{"not_picked":["DispleasureOfTheSevenHakus","FlashingScatteredFlowers"],"picked":"TurningAngelCut","floor":5}],"player_experience":65184,"relics_obtained":[],"event_choices":[{"damage_healed":0,"gold_gain":0,"player_choice":"Entered Light","damage_taken":15,"max_hp_gain":0,"max_hp_loss":0,"event_name":"Shining Light","floor":3,"gold_loss":0,"cards_upgraded":["CherryBlossomFlashing","Defend_YM"]}],"is_beta":false,"boss_relics":[],"items_purged_floors":[],"is_endless":false,"potions_floor_spawned":[1,1,2,5],"killed_by":"Lagavulin","ascension_level":0}}