{"host":"bgyhjzqafgkxdxsh","time":1611993548,"event":{"mods":["BaseMod","Colored Map","Downfall","Minty Spire (QoL Compilation)","Relic Stats","StSLib","everything is the same but u backflip on backflip"],"gold_per_floor":[99,112,129,140,140,140,210,240,265,1,20,39,75,100,111,224,224,124,135,135,157,177,77,77,77,19,19,12,12,12,12,40,152,152,152,152,62,72,23,23,23,60,60,60,71,71,112,138,163,163,163,163],"floor_reached":50,"language":"ENG","playtime":4004,"items_purged":["Pain","hexamod:Defend"],"score":610,"play_id":"2b8c5ca5-d4f0-4440-a896-d9d909132f15","local_time":"20210130175908","is_ascension_mode":false,"campfire_choices":[{"data":"hexamod:Float","floor":1,"key":"SMITH"},{"floor":18,"key":"RECALL"},{"data":"hexamod:TimeOfNeed","floor":23,"key":"SMITH"},{"data":"hexamod:InspiringFlames","floor":25,"key":"SMITH"},{"data":"hexamod:RecurringNightmare","floor":27,"key":"SMITH"},{"data":"hexamod:GhostflameInferno","floor":29,"key":"SMITH"},{"data":"1","floor":35,"key":"LIFT"},{"data":"2","floor":40,"key":"LIFT"},{"data":"3","floor":44,"key":"LIFT"},{"data":"hexamod:EtherealExpedition","floor":46,"key":"SMITH"}],"circlet_count":0,"master_deck":["hexamod:Defend","hexamod:Defend+1","hexamod:Defend","hexamod:Sear","hexamod:Float+1","hexamod:GhostflameInferno+1","hexamod:ThirdSeal","hexamod:FastForward+1","hexamod:SpectersWail+1","hexamod:FastForward","hexamod:RadiantFlame","hexamod:GhostShield+1","hexamod:FastForward","hexamod:TimeWarp","hexamod:SecondSeal","hexamod:InspiringFlames+1","hexamod:Hexaguard+1","hexamod:HauntingEcho","hexamod:FastForward","hexamod:FastForward","hexamod:VolcanoVisage","hexamod:TimeOfNeed+1","hexamod:TimeWarp","hexamod:RecurringNightmare+1","hexamod:GhostOfSpireFuture+1","hexamod:Hexaguard","Bite","Bite","Bite+1","Bite","Bite+1","hexamod:EtherealExpedition+1","hexamod:TimeWarp+1","hexamod:SixthSeal","CurseOfTheBell","expansioncontent:Chronoboost+1","hexamod:FastForward+1","hexamod:EmpoweredFlame+1","hexamod:FirstSeal","hexamod:Haunt+1","Parasite"],"relics":["hexamod:SpiritBrand","Question Card","Pear","Lantern","Mango","Pantograph","WingedGreaves","SlaversCollar","downfall:HeartBlessingBlue","downfall:HeartBlessingRed","Blue Candle","WarpedTongs","Calling Bell","Boot","Eternal Feather","Girya","Lee\u0027s Waffle","Toxic Egg 2","Blood Vial","Centennial Puzzle"],"acts_visited":["Exordium","TheCity","TheBeyond"],"potions_floor_usage":[26,39,39,49,50],"damage_taken":[{"damage":0,"enemies":"Cultist","floor":2,"turns":3},{"damage":0,"enemies":"Jaw Worm","floor":3,"turns":4},{"damage":0,"enemies":"2 Louse","floor":4,"turns":2},{"damage":8,"enemies":"Gremlin Nob","floor":9,"turns":3},{"damage":0,"enemies":"downfall:FleeingMerchant","floor":10,"turns":4},{"damage":6,"enemies":"Lots of Slimes","floor":11,"turns":3},{"damage":0,"enemies":"Gremlin Gang","floor":12,"turns":3},{"damage":11,"enemies":"Lagavulin","floor":13,"turns":6},{"damage":4,"enemies":"Exordium Thugs","floor":14,"turns":6},{"damage":0,"enemies":"3 Louse","floor":15,"turns":2},{"damage":48,"enemies":"WA_ARCHETYPE_RETAIN","floor":16,"turns":8},{"damage":3,"enemies":"Shell Parasite","floor":19,"turns":6},{"damage":18,"enemies":"3 Byrds","floor":21,"turns":5},{"damage":10,"enemies":"Snecko","floor":22,"turns":5},{"damage":5,"enemies":"downfall:FleeingMerchant","floor":26,"turns":4},{"damage":10,"enemies":"downfall:FleeingMerchant","floor":28,"turns":4},{"damage":7,"enemies":"Chosen and Byrds","floor":32,"turns":5},{"damage":42,"enemies":"SI_MIRROR_ARCHETYPE","floor":33,"turns":9},{"damage":0,"enemies":"downfall:FleeingMerchant","floor":37,"turns":4},{"damage":61,"enemies":"3 Darklings","floor":38,"turns":6},{"damage":6,"enemies":"downfall:FleeingMerchant","floor":39,"turns":4},{"damage":32,"enemies":"Nemesis","floor":42,"turns":5},{"damage":2,"enemies":"Orb Walker","floor":45,"turns":4},{"damage":44,"enemies":"Reptomancer","floor":47,"turns":6},{"damage":19,"enemies":"Writhing Mass","floor":48,"turns":6},{"damage":2,"enemies":"Maw","floor":49,"turns":6},{"damage":91,"enemies":"DF_ARCHETYPE_ORBS","floor":50,"turns":6}],"seed_played":"-5717331639779157506","potions_obtained":[{"floor":4,"key":"LiquidBronze"},{"floor":9,"key":"Block Potion"},{"floor":15,"key":"GamblersBrew"},{"floor":19,"key":"Dexterity Potion"},{"floor":21,"key":"LiquidMemories"},{"floor":45,"key":"SmokeBomb"}],"is_trial":false,"path_per_floor":["R","M","M","M","T","T","T","?","E","$","M","M","E","M","M","B",null,"R","M","?","M","M","R","T","R","$","R","$","R","?","?","M","B",null,"R","?","$","M","$","R","T","E","?","R","M","R","E","M","M","B"],"character_chosen":"THE_SPIRIT","items_purchased":["Pantograph","PowerPotion","Lee\u0027s Waffle","hexamod:FirstSeal","Fruit Juice"],"campfire_rested":0,"item_purchase_floors":[10,26,39,39,39],"current_hp_per_floor":[70,70,70,70,70,70,80,80,86,86,80,80,69,65,65,42,94,104,101,101,83,73,73,73,73,68,68,58,58,58,58,60,46,72,72,72,72,18,79,79,79,57,57,78,79,79,50,43,63,0,0,0],"gold":163,"neow_bonus":"ONE_RANDOM_RARE_CARD","is_daily":false,"chose_seed":false,"campfire_upgraded":6,"win_rate":0.0,"timestamp":1611993548,"path_taken":["R","M","M","M","?","?","T","?","E","$","M","M","E","M","M","BOSS","R","M","?","?","?","R","T","R","$","R","?","R","?","?","M","BOSS","R","?","$","M","$","R","T","E","?","R","M","R","E","?","M","BOSS"],"items_purchased_type":["Relic","Potion","Relic","Card","Potion"],"build_version":"2020-12-22","purchased_purges":2,"victory":false,"max_hp_per_floor":[70,70,70,70,70,70,80,80,94,94,94,94,94,94,94,94,94,104,104,104,104,104,104,104,104,104,104,104,104,72,72,72,72,72,72,72,72,72,79,79,79,79,79,79,79,79,79,79,84,84,84,84],"relic_stats":{"Blood Vial":7,"Lee\u0027s Waffle":62,"Centennial Puzzle":[9],"counters":[27,129],"Pantograph":56,"Blue Candle":[5],"Eternal Feather":21,"Question Card":42,"Boot":[20],"obtain_stats":[{"Girya":34,"Lantern":8,"Lee\u0027s Waffle":39,"Pear":7,"downfall:HeartBlessingRed":23,"Blue Candle":24,"Mango":9,"Eternal Feather":34,"Question Card":5,"Boot":34,"WarpedTongs":31,"Calling Bell":34,"Blood Vial":42,"SlaversCollar":17,"Centennial Puzzle":47,"downfall:HeartBlessingBlue":18,"Pantograph":10,"WingedGreaves":13,"Toxic Egg 2":41,"hexamod:SpiritBrand":0},{"Girya":18,"Lantern":3,"Lee\u0027s Waffle":21,"Pear":3,"downfall:HeartBlessingRed":14,"Blue Candle":14,"Mango":4,"Eternal Feather":18,"Question Card":3,"Boot":18,"WarpedTongs":16,"Calling Bell":18,"Blood Vial":22,"SlaversCollar":11,"Centennial Puzzle":24,"downfall:HeartBlessingBlue":11,"Pantograph":5,"WingedGreaves":8,"Toxic Egg 2":21,"hexamod:SpiritBrand":0},{"Girya":82,"Lantern":9,"Lee\u0027s Waffle":96,"Pear":9,"downfall:HeartBlessingRed":60,"Blue Candle":60,"Mango":12,"Eternal Feather":82,"Question Card":9,"Boot":82,"WarpedTongs":68,"Calling Bell":82,"Blood Vial":101,"SlaversCollar":44,"Centennial Puzzle":111,"downfall:HeartBlessingBlue":44,"Pantograph":16,"WingedGreaves":28,"Toxic Egg 2":96,"hexamod:SpiritBrand":0}],"WarpedTongs":[60]},"card_choices":[{"not_picked":["hexamod:HauntingEcho","hexamod:BurningTouch"],"picked":"hexamod:ThirdSeal","floor":2},{"not_picked":["hexamod:RetreatToShadows","hexamod:ExtraCrispy"],"picked":"hexamod:FastForward","floor":3},{"not_picked":["hexamod:Hexaguard","hexamod:GhostflameBarrier"],"picked":"hexamod:SpectersWail","floor":3},{"not_picked":["hexamod:BurningTouch","hexamod:NightmareGuise"],"picked":"hexamod:FastForward","floor":4},{"not_picked":["hexamod:NightmareStrike","hexamod:SoulSteal"],"picked":"hexamod:RadiantFlame","floor":4},{"not_picked":["hexamod:HexaLevel","hexamod:HauntingEcho","hexamod:Again"],"picked":"hexamod:GhostShield","floor":9},{"not_picked":["hexamod:ThermalTransfer","hexamod:SpectralAdrenaline","hexamod:NightmareStrike"],"picked":"hexamod:FastForward","floor":9},{"not_picked":["hexamod:SwordOfDarkness","hexamod:HauntingEcho","hexamod:Hexaguard"],"picked":"hexamod:TimeWarp","floor":10},{"not_picked":["hexamod:NightmareGuise","hexamod:Firestarter","hexamod:NightmareStrike","hexamod:ExtraCrispy"],"picked":"SKIP","floor":10},{"not_picked":["hexamod:GhostLash","hexamod:HeatMetal","hexamod:HeatCrush"],"picked":"hexamod:SecondSeal","floor":11},{"not_picked":["hexamod:ShieldOfDarkness","hexamod:GhostShield","hexamod:NightmareStrike"],"picked":"hexamod:InspiringFlames","floor":11},{"not_picked":["hexamod:ShieldOfDarkness","hexamod:SpectralAdrenaline","hexamod:NightmareGuise"],"picked":"hexamod:Hexaguard","floor":12},{"not_picked":["hexamod:NecessarySacrifice","hexamod:BacktrackSmack","hexamod:HeatCrush"],"picked":"hexamod:HauntingEcho","floor":13},{"not_picked":["hexamod:RainOfEmbers","hexamod:SecondSeal","hexamod:Firestarter","hexamod:GhostOfSpirePresent"],"picked":"SKIP","floor":13},{"not_picked":["hexamod:GhostShield","hexamod:Firestarter","hexamod:Hexaguard"],"picked":"hexamod:FastForward","floor":14},{"not_picked":["hexamod:NightmareStrike","hexamod:HeatCrush","hexamod:HeatMetal","hexamod:Rewind"],"picked":"SKIP","floor":14},{"not_picked":["hexamod:CatchUp","hexamod:AdvancingGuard","hexamod:GhostShield"],"picked":"hexamod:FastForward","floor":15},{"not_picked":["hexamod:HeatCrush","hexamod:RainOfEmbers","hexamod:HauntingEcho","hexamod:HeatMetal"],"picked":"SKIP","floor":15},{"not_picked":["hexamod:WildfireWeapon","hexamod:SearingWound","hexamod:UnlimitedPower"],"picked":"hexamod:VolcanoVisage","floor":16},{"not_picked":["hexamod:TurnItUp","hexamod:GhostflameInferno","hexamod:UnlimitedPower"],"picked":"hexamod:TimeOfNeed","floor":16},{"not_picked":["hexamod:FastForward+1","hexamod:ChargedBarrage+1","hexamod:GhostflameBarrier+1","hexamod:AdvancingGuard"],"picked":"SKIP","floor":19},{"not_picked":["hexamod:AdvancingGuard+1","hexamod:GhostShield","hexamod:NightmareGuise","hexamod:ExtraCrispy"],"picked":"SKIP","floor":19},{"not_picked":["hexamod:SecondSeal","hexamod:BurningTouch","hexamod:NightmareStrike","hexamod:HexaLevel"],"picked":"SKIP","floor":21},{"not_picked":["hexamod:AdvancingGuard","hexamod:ShieldOfDarkness","hexamod:SpectersWail"],"picked":"hexamod:TimeWarp","floor":22},{"not_picked":["hexamod:ThermalTransfer","hexamod:Firestarter+1","hexamod:AdvancingGuard","hexamod:HeatMetal+1"],"picked":"SKIP","floor":22},{"not_picked":["hexamod:ThermalTransfer","hexamod:PhantomFireball","hexamod:GhostShield"],"picked":"hexamod:RecurringNightmare","floor":26},{"not_picked":["hexamod:HauntingEcho","hexamod:SkipABeat","hexamod:Firestarter"],"picked":"hexamod:GhostOfSpireFuture+1","floor":26},{"not_picked":["hexamod:RadiantFlame","hexamod:BacktrackSmack+1","hexamod:NightmareStrike"],"picked":"hexamod:Hexaguard","floor":28},{"not_picked":["hexamod:Rewind+1","hexamod:SearingWound","hexamod:AdvancingGuard","hexamod:ShieldOfDarkness"],"picked":"SKIP","floor":28},{"not_picked":["hexamod:GhostOfSpireFuture","hexamod:FastForward","hexamod:BurningTouch"],"picked":"hexamod:EtherealExpedition","floor":32},{"not_picked":["hexamod:SearingWound","hexamod:HexaLevel","hexamod:VolcanoVisage"],"picked":"hexamod:TimeWarp","floor":33},{"not_picked":["hexamod:ForkedFlame","hexamod:VolcanoVisage","hexamod:TimeOfNeed"],"picked":"hexamod:SixthSeal","floor":33},{"not_picked":["expansioncontent:LastStand","expansioncontent:DecaShield"],"picked":"expansioncontent:Chronoboost","floor":36},{"not_picked":["hexamod:SkipABeat","hexamod:Firestarter","hexamod:NightmareStrike+1"],"picked":"hexamod:FastForward+1","floor":37},{"not_picked":["hexamod:Firestarter","hexamod:InspiringFlames+1","hexamod:ShieldOfDarkness"],"picked":"hexamod:EmpoweredFlame+1","floor":37},{"not_picked":["hexamod:HeatMetal","hexamod:RecurringNightmare+1","hexamod:HexaLevel","hexamod:AdvancingGuard"],"picked":"SKIP","floor":38},{"not_picked":["hexamod:NightmareGuise+1","hexamod:RecurringNightmare+1","hexamod:ThermalTransfer+1","hexamod:SpectersWail+1"],"picked":"SKIP","floor":38},{"not_picked":["hexamod:GhostOfSpirePast+1","hexamod:RadiantFlame","hexamod:GhostLash+1","hexamod:InspiringFlames+1"],"picked":"SKIP","floor":39},{"not_picked":["hexamod:HeatMetal+1","hexamod:SpectersWail+1","hexamod:ThermalTransfer+1","hexamod:SwordOfDarkness+1"],"picked":"SKIP","floor":42},{"not_picked":["hexamod:FastForward+1","hexamod:GhostOfSpirePast+1","hexamod:Hexaguard+1","hexamod:ChargedBarrage+1"],"picked":"SKIP","floor":42},{"not_picked":["hexamod:ChargedBarrage+1","hexamod:SpectersWail","hexamod:GhostLash+1"],"picked":"hexamod:Haunt+1","floor":45},{"not_picked":["hexamod:TurnItUp+1","hexamod:FourthSeal","hexamod:ThermalTransfer","hexamod:NightmareStrike"],"picked":"SKIP","floor":47},{"not_picked":["hexamod:Hexaguard+1","hexamod:GhostShield+1","hexamod:HeatCrush","hexamod:Firestarter"],"picked":"SKIP","floor":47},{"not_picked":["hexamod:HeatMetal","hexamod:GhostLash","hexamod:CatchUp+1","hexamod:Hexaguard+1"],"picked":"SKIP","floor":48},{"not_picked":["hexamod:NightmareStrike+1","hexamod:HeatMetal","hexamod:GhostShield+1","hexamod:HeatCrush"],"picked":"SKIP","floor":48},{"not_picked":["hexamod:HeatCrush","hexamod:BurningTouch+1","hexamod:GhostLash","hexamod:AdvancingGuard+1"],"picked":"SKIP","floor":49}],"player_experience":484945,"relics_obtained":[{"floor":5,"key":"Question Card"},{"floor":7,"key":"Pear"},{"floor":9,"key":"Mango"},{"floor":13,"key":"WingedGreaves"},{"floor":24,"key":"Blue Candle"},{"floor":34,"key":"Boot"},{"floor":34,"key":"Eternal Feather"},{"floor":34,"key":"Girya"},{"floor":41,"key":"Toxic Egg 2"},{"floor":42,"key":"Blood Vial"},{"floor":47,"key":"Centennial Puzzle"}],"event_choices":[{"damage_healed":0,"gold_gain":0,"player_choice":"Ignored","damage_taken":0,"max_hp_gain":0,"max_hp_loss":0,"event_name":"NoteForYourself","floor":20,"gold_loss":0},{"damage_healed":0,"gold_gain":0,"player_choice":"Became a vampire","damage_taken":0,"max_hp_gain":0,"max_hp_loss":32,"event_name":"Vampires","floor":30,"gold_loss":0,"cards_obtained":["Bite","Bite","Bite","Bite","Bite"]},{"damage_healed":0,"gold_gain":0,"player_choice":"Rummage","damage_taken":0,"relics_obtained":["WarpedTongs"],"max_hp_gain":0,"max_hp_loss":0,"event_name":"Accursed Blacksmith","floor":31,"gold_loss":0,"cards_obtained":["Pain"]}],"is_beta":false,"boss_relics":[{"not_picked":["SacredBark","Fusion Hammer"],"picked":"SlaversCollar"},{"not_picked":["Black Star","Velvet Choker"],"picked":"Calling Bell"}],"items_purged_floors":[37,39],"is_endless":false,"potions_floor_spawned":[4,9,15,16,19,21,33,38,45],"killed_by":"DF_ARCHETYPE_ORBS","ascension_level":0}}