{"host":"684z1xpuwaoqmmh1","time":1611982480,"event":{"mods":["BaseMod","Downfall","Hermit","Jorbs\u0027s Wanderer Trilogy","Marisa????????","Minty Spire (QoL Compilation)","Robot Space Explorer","Shade Mod","StSLib","The Bug Knight","The Cursed","The Dragon Tamer","The Hayseed","The Hierophant","The Marked","The Mystic","The Runesmith","The Senshi"],"gold_per_floor":[112,131,131,146,146,173,173,208,277,277,277,304,304,315,315,413,413,424,436,450,141,160,160,193,193,193,223,223,253,263,298,298,397,397,417,105,117,117,117,117,127,158,181,236,236,236,265,265,265,265,265,265,33,60,60],"floor_reached":56,"language":"ENG","playtime":3417,"items_purged":["Runesmith:Strike_RS","Runesmith:Defend_RS"],"score":1574,"play_id":"9eb7eef8-5b82-479e-a808-2993210b1130","local_time":"20210130065440","is_ascension_mode":true,"campfire_choices":[{"data":"Runesmith:PoweredAnvil","floor":7,"key":"SMITH"},{"data":"Runesmith:Fortify","floor":10,"key":"SMITH"},{"data":"Runesmith:Firewall","floor":13,"key":"SMITH"},{"data":"Runesmith:CraftFirestone","floor":15,"key":"SMITH"},{"floor":23,"key":"RECALL"},{"floor":25,"key":"REST"},{"floor":32,"key":"REST"},{"floor":40,"key":"REST"},{"floor":45,"key":"REST"},{"floor":49,"key":"REST"},{"floor":52,"key":"REST"}],"circlet_count":0,"master_deck":["Runesmith:Strike_RS","Runesmith:Strike_RS","Runesmith:Defend_RS","Runesmith:Defend_RS","Runesmith:Defend_RS","Runesmith:CraftFirestone+1","Runesmith:Fortify+1","Runesmith:ChiselStab","Runesmith:PoweredAnvil+1","Runesmith:Firewall+1","Runesmith:RuneHurl","Runesmith:Duplicate+1","Runesmith:Accelerate+1","Runesmith:CraftMedicinae+1","Runesmith:CraftProtectio+1","Runesmith:Reinforce+1","Runesmith:BackupBattery+2","Runesmith:FissionHammer","Runesmith:GenerateForcefield+1","Runesmith:BackupBattery+1","Runesmith:Firestorm+1","Runesmith:GoWithTheFlow","Runesmith:CreatorForm","Runesmith:Augment+1","Runesmith:LithiumIon","Runesmith:Reinforce+1","Runesmith:GoWithTheFlow","Runesmith:DoubleUp+1","Runesmith:EnergizedChisel"],"relics":["Runesmith:BrokenRuby","Blood Vial","theSenshi:SpiralHeartMoonRodRelic","Bag of Preparation","Singing Bowl","Toxic Egg 2","Fusion Hammer","Oddly Smooth Stone","Bottled Lightning","Juzu Bracelet","MutagenicStrength","Akabeko","StrikeDummy","sneckomod:SneckoTalon","Happy Flower","Runesmith:MiniCore","HollowMod:PaleOreRelic","CatCart","bronze:DecasWashers","Anchor","Guardian:PocketSentry","Lizard Tail"],"acts_visited":["Exordium","TheCity","TheBeyond","TheEnding"],"potions_floor_usage":[8,18,35,44,47,55],"damage_taken":[{"damage":0,"enemies":"Jaw Worm","floor":1,"turns":4},{"damage":0,"enemies":"Small Slimes","floor":2,"turns":4},{"damage":0,"enemies":"Cultist","floor":4,"turns":4},{"damage":11,"enemies":"3 Sentries","floor":6,"turns":10},{"damage":10,"enemies":"Gremlin Nob","floor":8,"turns":3},{"damage":2,"enemies":"Lagavulin","floor":12,"turns":6},{"damage":0,"enemies":"2 Fungi Beasts","floor":14,"turns":4},{"damage":24,"enemies":"Slime Boss","floor":16,"turns":9},{"damage":4,"enemies":"3 Byrds","floor":18,"turns":4},{"damage":9,"enemies":"Shell Parasite","floor":19,"turns":8},{"damage":3,"enemies":"Snake Plant","floor":20,"turns":7},{"damage":0,"enemies":"3 Cultists","floor":22,"turns":5},{"damage":31,"enemies":"Slavers","floor":24,"turns":6},{"damage":6,"enemies":"Book of Stabbing","floor":27,"turns":5},{"damage":6,"enemies":"Slavers","floor":29,"turns":4},{"damage":6,"enemies":"Chosen and Byrds","floor":30,"turns":5},{"damage":9,"enemies":"Book of Stabbing","floor":31,"turns":7},{"damage":24,"enemies":"Champ","floor":33,"turns":11},{"damage":28,"enemies":"3 Darklings","floor":35,"turns":7},{"damage":0,"enemies":"Orb Walker","floor":37,"turns":3},{"damage":0,"enemies":"Sphere and 2 Shapes","floor":41,"turns":4},{"damage":12,"enemies":"Nemesis","floor":42,"turns":7},{"damage":46,"enemies":"Orin","floor":44,"turns":8},{"damage":0,"enemies":"Reptomancer","floor":47,"turns":5},{"damage":71,"enemies":"Awakened One","floor":50,"turns":10},{"damage":39,"enemies":"Shield and Spear","floor":54,"turns":7},{"damage":9,"enemies":"The Heart","floor":55,"turns":8}],"seed_played":"-571274724747724210","potions_obtained":[{"floor":1,"key":"FairyPotion"},{"floor":2,"key":"hexamod:SoulburnPotion"},{"floor":4,"key":"bronze:BurnAndBuffPotion"},{"floor":14,"key":"Fire Potion"},{"floor":24,"key":"Strength Potion"},{"floor":31,"key":"Explosive Potion"},{"floor":35,"key":"Dexterity Potion"},{"floor":41,"key":"DistilledChaos"}],"is_trial":false,"path_per_floor":["M","M","?","M","?","E","R","E","T","R","?","E","R","M","R","B",null,"M","M","M","$","M","R","E","R","T","E","?","E","M","E","R","B",null,"M","$","M","?","?","R","M","E","T","?","R","T","E","$","R","B",null,"R","$","E","B",null],"character_chosen":"RUNESMITH_CLASS","items_purchased":["Oddly Smooth Stone","Runesmith:FissionHammer","Happy Flower","Runesmith:LithiumIon","Guardian:PocketSentry","Runesmith:EnergizedChisel","Swift Potion"],"campfire_rested":6,"item_purchase_floors":[21,21,36,36,53,53,53],"current_hp_per_floor":[65,67,60,62,62,53,53,47,47,47,47,51,51,57,57,43,65,69,64,65,65,72,72,47,68,68,72,72,74,74,76,76,54,71,73,73,78,78,78,78,80,79,79,82,82,82,82,82,82,41,72,82,82,67,73],"gold":60,"neow_bonus":"RANDOM_COMMON_RELIC","is_daily":false,"chose_seed":false,"campfire_upgraded":4,"win_rate":0.0,"timestamp":1611982480,"path_taken":["M","M","?","M","?","E","R","E","T","R","?","E","R","M","R","BOSS","M","?","M","$","M","R","E","R","T","E","?","E","M","E","R","BOSS","M","$","M","?","?","R","M","E","T","?","R","?","E","$","R","BOSS","R","$","E","BOSS"],"items_purchased_type":["Relic","Card","Relic","Card","Relic","Card","Potion"],"build_version":"2020-12-22","purchased_purges":2,"victory":true,"max_hp_per_floor":[70,70,70,70,70,70,70,70,70,70,70,72,72,72,72,72,72,72,72,72,72,72,72,72,72,72,72,72,74,74,76,76,76,76,76,76,78,78,78,78,80,82,82,82,82,82,82,82,82,82,82,82,82,84,84],"card_choices":[{"not_picked":["Runesmith:Prism","Runesmith:HeatedChisel"],"picked":"Runesmith:ChiselStab","floor":1},{"not_picked":["Runesmith:Prism","Runesmith:Repurpose"],"picked":"Runesmith:PoweredAnvil","floor":2},{"not_picked":["Runesmith:HeatExchange","Runesmith:RuneHurl"],"picked":"Runesmith:Firewall","floor":4},{"not_picked":["Runesmith:CraftVitae","Runesmith:HammerThrow"],"picked":"Runesmith:RuneHurl","floor":6},{"not_picked":["Runesmith:HeatExchange","Runesmith:Overpower"],"picked":"Runesmith:Duplicate","floor":8},{"not_picked":["Runesmith:FieryHammer","Runesmith:ElementalConversion+1","Runesmith:Superposition"],"picked":"Singing Bowl","floor":12},{"not_picked":["Runesmith:EarthShield+1","Runesmith:ChaoticBlast"],"picked":"Runesmith:Accelerate+1","floor":14},{"not_picked":["Runesmith:LastStand+1","Runesmith:GenerateForcefield+1"],"picked":"Runesmith:CraftMedicinae+1","floor":16},{"not_picked":["Runesmith:CraftSpiculum+1","Runesmith:EnergizedChisel+1"],"picked":"Runesmith:CraftProtectio+1","floor":18},{"not_picked":["Runesmith:CraftProtectio+1","Runesmith:Overpower"],"picked":"Runesmith:Reinforce+1","floor":19},{"not_picked":["Runesmith:HammerThrow+1","Runesmith:Electrocute"],"picked":"Runesmith:BackupBattery+1","floor":20},{"not_picked":["Runesmith:EarthShield+1","Runesmith:NanitesCloud+1"],"picked":"Runesmith:GenerateForcefield+1","floor":22},{"not_picked":["Runesmith:EnergizedChisel","Runesmith:PoweredAnvil+1"],"picked":"Runesmith:BackupBattery+1","floor":24},{"not_picked":["Runesmith:ShiftingStrike","Runesmith:WhiteBalance"],"picked":"Runesmith:Firestorm+1","floor":27},{"not_picked":["Runesmith:HammerAndChisel+1","Runesmith:ElementalConversion+1","Runesmith:Grindstone+1"],"picked":"Singing Bowl","floor":29},{"not_picked":["Runesmith:RunicBlueprint+1","Runesmith:Repurpose+1"],"picked":"Runesmith:GoWithTheFlow","floor":30},{"not_picked":["Runesmith:RuneHurl+1","Runesmith:MakeshiftArmor+1","Runesmith:WhiteBalance"],"picked":"Singing Bowl","floor":31},{"not_picked":["Runesmith:Duplicate+1","Runesmith:UnlimitedPower"],"picked":"Runesmith:CreatorForm","floor":33},{"not_picked":["Runesmith:ElementalConversion+1","Runesmith:EnergizedChisel"],"picked":"Runesmith:Augment+1","floor":35},{"not_picked":["Runesmith:Firewall+1","Runesmith:Grindstone+1","Runesmith:Empowerment+1"],"picked":"Singing Bowl","floor":37},{"not_picked":["Runesmith:PoweredAnvil+1","Runesmith:StaticCage+1","Runesmith:HammerThrow+1"],"picked":"Singing Bowl","floor":41},{"not_picked":["Runesmith:HammerThrow","Runesmith:ChiselStab+1","Runesmith:BackupBattery+1"],"picked":"Singing Bowl","floor":42},{"not_picked":["Runesmith:ChaoticBlast+1","Runesmith:EnergizedChisel"],"picked":"Runesmith:GoWithTheFlow","floor":44},{"not_picked":["Runesmith:RunicBlueprint+1","Runesmith:WhiteBalance+1"],"picked":"Runesmith:DoubleUp+1","floor":47},{"not_picked":["Runesmith:Repurpose+1","Runesmith:CraftProtectio+1","Runesmith:EarthShield+1"],"picked":"Singing Bowl","floor":54}],"player_experience":2997059,"relics_obtained":[{"floor":6,"key":"theSenshi:SpiralHeartMoonRodRelic"},{"floor":8,"key":"Bag of Preparation"},{"floor":9,"key":"Singing Bowl"},{"floor":12,"key":"Toxic Egg 2"},{"floor":24,"key":"Bottled Lightning"},{"floor":27,"key":"Juzu Bracelet"},{"floor":29,"key":"Akabeko"},{"floor":31,"key":"StrikeDummy"},{"floor":42,"key":"Runesmith:MiniCore"},{"floor":43,"key":"HollowMod:PaleOreRelic"},{"floor":44,"key":"CatCart"},{"floor":46,"key":"bronze:DecasWashers"},{"floor":47,"key":"Anchor"},{"floor":54,"key":"Lizard Tail"}],"event_choices":[{"cards_removed":["Runesmith:Strike_RS"],"damage_healed":0,"gold_gain":0,"player_choice":"Card Removal","damage_taken":7,"max_hp_gain":0,"max_hp_loss":0,"event_name":"Golden Wing","floor":3,"gold_loss":0},{"damage_healed":0,"gold_gain":0,"player_choice":"Ignored","damage_taken":0,"max_hp_gain":0,"max_hp_loss":0,"event_name":"Liars Game","floor":5,"gold_loss":0},{"damage_healed":0,"gold_gain":0,"player_choice":"Upgraded","damage_taken":0,"max_hp_gain":0,"max_hp_loss":0,"event_name":"Upgrade Shrine","floor":11,"gold_loss":0,"cards_upgraded":["Runesmith:Duplicate"]},{"damage_healed":0,"gold_gain":0,"player_choice":"Inject Mutagens","damage_taken":0,"relics_obtained":["MutagenicStrength"],"max_hp_gain":0,"max_hp_loss":0,"event_name":"Drug Dealer","floor":28,"gold_loss":0},{"damage_healed":0,"gold_gain":0,"player_choice":"Copied","damage_taken":0,"max_hp_gain":0,"max_hp_loss":0,"event_name":"Duplicator","floor":38,"gold_loss":0,"cards_obtained":["Runesmith:Reinforce"]},{"damage_healed":0,"gold_gain":0,"player_choice":"Forge","damage_taken":0,"max_hp_gain":0,"max_hp_loss":0,"event_name":"Accursed Blacksmith","floor":39,"gold_loss":0,"cards_upgraded":["Runesmith:BackupBattery"]},{"damage_healed":0,"gold_gain":0,"player_choice":"Fight","damage_taken":0,"max_hp_gain":0,"max_hp_loss":0,"event_name":"OrinTheCat","floor":44,"gold_loss":0}],"is_beta":false,"boss_relics":[{"not_picked":["Runesmith:CoreCrystal","Runesmith:UraniumAnvil"],"picked":"Fusion Hammer"},{"not_picked":["bronze:MakeshiftBattery","SacredBark"],"picked":"sneckomod:SneckoTalon"}],"items_purged_floors":[21,36],"is_endless":false,"potions_floor_spawned":[1,2,4,14,24,27,29,31,33,35,41],"ascension_level":6}}