{"host":"bgyhjzqafgkxdxsh","time":1611983835,"event":{"mods":["BaseMod","Colored Map","Downfall","Minty Spire (QoL Compilation)","Relic Stats","StSLib","everything is the same but u backflip on backflip"],"gold_per_floor":[99,99,99,99,99,99,99,117,144,44,44,69,69,81,100,198,198,98,115,115,115,25,51,51,63,63,63,63],"floor_reached":26,"language":"ENG","playtime":1121,"items_purged":["bronze:Defend"],"score":255,"play_id":"207c00be-700a-47d9-ba9e-7c0c86140e2a","local_time":"20210130151715","is_ascension_mode":false,"campfire_choices":[{"floor":1,"key":"RECALL"},{"data":"bronze:MaxOutput","floor":6,"key":"SMITH"},{"data":"bronze:Goto","floor":10,"key":"SMITH"},{"floor":13,"key":"REST"},{"data":"bronze:BugBarrage","floor":18,"key":"SMITH"}],"circlet_count":0,"master_deck":["bronze:Strike","bronze:Strike","bronze:Strike","bronze:Defend","bronze:Defend","bronze:Defend","bronze:Replicate","bronze:Goto+1","bronze:MaxOutput+1","bronze:Iterate","bronze:ItsAFeature","bronze:DigitalCarnage","bronze:WildBeam","bronze:ChosenStrike","bronze:Shield","bronze:BugBarrage+1","bronze:Repair","bronze:BurnOut","bronze:GetLatest+1","Ghostly","Ghostly","Ghostly","Ghostly","Ghostly","bronze:OilSpill+1","bronze:Return"],"relics":["bronze:BronzeCore","downfall:HeartsMalice","WingedGreaves","Mango","downfall:HeartBlessingRed","Question Card","Pen Nib","Black Star","downfall:HeartBlessingGreen","Toy Ornithopter","Bird Faced Urn","Gambling Chip"],"acts_visited":["Exordium","TheCity"],"potions_floor_usage":[22,26],"damage_taken":[{"damage":0,"enemies":"Cultist","floor":2,"turns":1},{"damage":0,"enemies":"Jaw Worm","floor":3,"turns":1},{"damage":0,"enemies":"2 Louse","floor":4,"turns":1},{"damage":7,"enemies":"Blue Slaver","floor":8,"turns":3},{"damage":27,"enemies":"3 Sentries","floor":9,"turns":8},{"damage":18,"enemies":"Lagavulin","floor":12,"turns":4},{"damage":15,"enemies":"Exordium Thugs","floor":14,"turns":3},{"damage":0,"enemies":"3 Louse","floor":15,"turns":2},{"damage":27,"enemies":"SI_SHIV_ARCHETYPE","floor":16,"turns":6},{"damage":5,"enemies":"3 Byrds","floor":19,"turns":4},{"damage":4,"enemies":"downfall:FleeingMerchant","floor":22,"turns":4},{"damage":5,"enemies":"Slavers","floor":23,"turns":5},{"damage":3,"enemies":"Shell Parasite","floor":25,"turns":4},{"damage":52,"enemies":"Gremlin Leader","floor":26,"turns":6}],"seed_played":"525323263103570620","potions_obtained":[{"floor":8,"key":"Ancient Potion"},{"floor":12,"key":"SteroidPotion"},{"floor":16,"key":"LiquidBronze"},{"floor":23,"key":"Swift Potion"}],"is_trial":false,"path_per_floor":["R","M","M","M","?","R","T","M","E","R","?","E","R","M","M","B",null,"R","M","?","?","$","E","T","M","E"],"character_chosen":"THE_AUTOMATON","items_purchased":[],"campfire_rested":1,"item_purchase_floors":[],"current_hp_per_floor":[70,70,70,70,70,70,70,63,50,50,38,20,45,30,30,10,84,84,84,84,42,38,40,40,40,0,0,0],"gold":63,"neow_bonus":"THREE_ENEMY_KILL","is_daily":false,"chose_seed":false,"campfire_upgraded":3,"win_rate":0.0,"timestamp":1611983835,"path_taken":["R","M","M","?","?","R","T","M","E","R","?","E","R","M","M","BOSS","R","M","?","?","$","E","T","?","E"],"items_purchased_type":[],"build_version":"2020-12-22","purchased_purges":1,"victory":false,"max_hp_per_floor":[70,70,70,70,70,70,70,70,84,84,84,84,84,84,84,84,84,84,84,84,42,42,42,42,42,42,42,42],"relic_stats":{"counters":[14,49],"Bird Faced Urn":[4],"Gambling Chip":[6],"Pen Nib":[6],"Black Star":1,"Question Card":8,"obtain_stats":[{"bronze:BronzeCore":0,"downfall:HeartBlessingRed":10,"Bird Faced Urn":23,"Gambling Chip":24,"downfall:HeartsMalice":0,"Mango":9,"downfall:HeartBlessingGreen":18,"WingedGreaves":7,"Pen Nib":12,"Black Star":17,"Question Card":11,"Toy Ornithopter":23},{"bronze:BronzeCore":0,"downfall:HeartBlessingRed":5,"Bird Faced Urn":12,"Gambling Chip":12,"downfall:HeartsMalice":0,"Mango":5,"downfall:HeartBlessingGreen":9,"WingedGreaves":3,"Pen Nib":6,"Black Star":9,"Question Card":5,"Toy Ornithopter":12},{"bronze:BronzeCore":0,"downfall:HeartBlessingRed":11,"Bird Faced Urn":39,"Gambling Chip":39,"downfall:HeartsMalice":0,"Mango":11,"downfall:HeartBlessingGreen":26,"WingedGreaves":0,"Pen Nib":15,"Black Star":26,"Question Card":11,"Toy Ornithopter":39}],"Toy Ornithopter":5},"card_choices":[{"not_picked":["bronze:BuggyMess","bronze:Turbo"],"picked":"bronze:MaxOutput","floor":2},{"not_picked":["bronze:BuggyMess","bronze:DelayedGuard"],"picked":"bronze:Iterate","floor":3},{"not_picked":["bronze:DelayedGuard","bronze:CloningBeam"],"picked":"bronze:ItsAFeature","floor":4},{"not_picked":["bronze:Shield","bronze:FollowUp"],"picked":"bronze:WildBeam","floor":8},{"not_picked":["bronze:Safeguard","bronze:Mutator"],"picked":"bronze:ChosenStrike","floor":9},{"not_picked":["bronze:CutThrough","bronze:BuggyMess","bronze:DigitalCarnage"],"picked":"bronze:Shield","floor":12},{"not_picked":["bronze:Branch","bronze:BuggyMess","bronze:Frontload"],"picked":"bronze:BugBarrage","floor":14},{"not_picked":["bronze:Philosophize","bronze:CutThrough","bronze:Overheat"],"picked":"bronze:Repair","floor":15},{"not_picked":["bronze:Assembly","bronze:Format","bronze:HyperBeam"],"picked":"bronze:BurnOut","floor":16},{"not_picked":["bronze:Branch","bronze:Overload","bronze:CutThrough"],"picked":"bronze:GetLatest+1","floor":19},{"not_picked":["bronze:BugBarrage","bronze:BitShift","bronze:Shield"],"picked":"bronze:OilSpill+1","floor":22},{"not_picked":["bronze:Frontload","bronze:Safeguard","bronze:Invalidate"],"picked":"bronze:Return","floor":23},{"not_picked":["bronze:WhirlingStrike","bronze:OilSpill","bronze:ChosenStrike+1","bronze:Invalidate"],"picked":"SKIP","floor":25}],"player_experience":478328,"relics_obtained":[{"floor":7,"key":"WingedGreaves"},{"floor":9,"key":"Mango"},{"floor":12,"key":"Pen Nib"},{"floor":23,"key":"Toy Ornithopter"},{"floor":23,"key":"Bird Faced Urn"},{"floor":24,"key":"Gambling Chip"}],"event_choices":[{"damage_healed":0,"gold_gain":0,"player_choice":"Success","damage_taken":12,"relics_obtained":["Question Card"],"max_hp_gain":0,"max_hp_loss":0,"event_name":"Scrap Ooze","floor":11,"gold_loss":0},{"damage_healed":0,"gold_gain":0,"player_choice":"Ignored","damage_taken":0,"max_hp_gain":0,"max_hp_loss":0,"event_name":"Vampires","floor":20,"gold_loss":0},{"damage_healed":0,"gold_gain":0,"player_choice":"Became a Ghost","damage_taken":0,"max_hp_gain":0,"max_hp_loss":42,"event_name":"Ghosts","floor":21,"gold_loss":0,"cards_obtained":["Ghostly","Ghostly","Ghostly","Ghostly","Ghostly"]}],"is_beta":false,"boss_relics":[{"not_picked":["Tiny House","Coffee Dripper"],"picked":"Black Star"}],"items_purged_floors":[22],"is_endless":false,"potions_floor_spawned":[8,12,16,23,25],"killed_by":"Gremlin Leader","ascension_level":0}}