{"host":"nwd160me4iqdtr8u","time":1611990322,"event":{"mods":["AchievementEnabler","Act Like it!","BaseMod","Colored Map","DeckTracker","Keyboard Shortcuts","Minty Spire (QoL Compilation)","Quick Restart","Rare Cards Sparkle","StSLib","SuperFastMode","everything is the same but u backflip on backflip"],"gold_per_floor":[110,127,147,161,161,161,161,161,161,161,174,174,174,212,212,341,341,361,361,382,232,232,271,285,285,311,56,56,80,101,125,125,125,125],"floor_reached":33,"language":"KOR","playtime":1120,"items_purged":["Strike_P+1","Strike_P+1"],"score":360,"play_id":"6c38c24c-2fd7-4374-8098-3dce6ba20d29","local_time":"20210130160522","is_ascension_mode":true,"campfire_choices":[{"data":"Eruption","floor":6.0,"key":"SMITH"},{"data":"Fasting2","floor":8.0,"key":"SMITH"},{"data":"Adaptation","floor":10.0,"key":"SMITH"},{"data":"Wallop","floor":13.0,"key":"SMITH"},{"floor":15.0,"key":"REST"},{"floor":25,"key":"REST"},{"data":"Judgement","floor":28,"key":"SMITH"},{"floor":32,"key":"REST"}],"circlet_count":0,"master_deck":["Strike_P+1","Strike_P+1","Defend_P+1","Defend_P+1","Defend_P+1","Eruption+1","Vigilance","Devotion","Adaptation+1","Fasting2+1","Wallop+1","EmptyFist","FollowUp","Crescendo","Prostrate","Judgement+1","Consecrate+1","MentalFortress","Halt"],"relics":["PureWater","Pear","Golden Idol","Dream Catcher","Busted Crown","MutagenicStrength","Happy Flower","Toy Ornithopter","Juzu Bracelet"],"acts_visited":["Exordium","TheCity"],"potions_floor_usage":[23,31,33,33,33],"damage_taken":[{"damage":2.0,"enemies":"Cultist","floor":1.0,"turns":3.0},{"damage":10.0,"enemies":"2 Louse","floor":2.0,"turns":4.0},{"damage":0.0,"enemies":"Small Slimes","floor":3.0,"turns":3.0},{"damage":3.0,"enemies":"Looter","floor":4.0,"turns":3.0},{"damage":0.0,"enemies":"Gremlin Nob","floor":7.0,"turns":2.0},{"damage":21.0,"enemies":"Exordium Thugs","floor":11.0,"turns":5.0},{"damage":37.0,"enemies":"3 Sentries","floor":14.0,"turns":14.0},{"damage":9.0,"enemies":"Hexaghost","floor":16.0,"turns":7.0},{"damage":0.0,"enemies":"Spheric Guardian","floor":18.0,"turns":1.0},{"damage":14.0,"enemies":"Shell Parasite","floor":20.0,"turns":2.0},{"damage":37,"enemies":"Book of Stabbing","floor":23,"turns":5},{"damage":0,"enemies":"Snecko","floor":24,"turns":4},{"damage":18,"enemies":"Cultist and Chosen","floor":29,"turns":5},{"damage":0,"enemies":"3 Cultists","floor":30,"turns":2},{"damage":0,"enemies":"Snecko","floor":31,"turns":3},{"damage":87,"enemies":"Champ","floor":33,"turns":9}],"seed_played":"-8698554189353812477","potions_obtained":[{"floor":3.0,"key":"Regen Potion"},{"floor":4.0,"key":"SmokeBomb"},{"floor":11.0,"key":"Fire Potion"},{"floor":14.0,"key":"Fire Potion"},{"floor":23,"key":"Swift Potion"},{"floor":29,"key":"BottledMiracle"},{"floor":30,"key":"SpeedPotion"},{"floor":31,"key":"Regen Potion"}],"is_trial":false,"path_per_floor":["M","M","M","M","?","R","E","R","T","R","M","?","R","E","R","B",null,"M","?","M","$","?","E","M","R","T","$","R","M","M","M","R","B"],"character_chosen":"WATCHER","items_purchased":["MentalFortress","Juzu Bracelet"],"campfire_rested":3,"item_purchase_floors":[21,27],"current_hp_per_floor":[63,53,53,50,43,43,43,43,53,53,32,32,32,10,32,23,63,63,63,49,49,49,12,12,34,34,34,34,16,16,21,43,0,0],"gold":125,"neow_bonus":"TRANSFORM_CARD","is_daily":false,"chose_seed":false,"campfire_upgraded":5,"win_rate":0.0,"timestamp":1611990322,"path_taken":["M","M","?","M","?","R","E","R","T","R","?","?","R","E","R","BOSS","M","?","M","$","?","E","M","R","T","?","R","M","M","M","R","BOSS"],"items_purchased_type":["Card","Relic"],"build_version":"2020-12-22","purchased_purges":2,"victory":false,"max_hp_per_floor":[72,72,72,72,72,72,72,72,82,82,82,76,76,76,76,76,76,76,76,76,76,76,76,76,76,76,76,76,76,76,76,76,76,76],"card_choices":[{"not_picked":["FollowUp","Perseverance"],"picked":"Adaptation","floor":1.0},{"not_picked":["CrushJoints","SandsOfTime"],"picked":"Fasting2","floor":2.0},{"not_picked":["Vengeance","Meditate"],"picked":"Wallop","floor":3.0},{"not_picked":["Evaluate","WindmillStrike"],"picked":"EmptyFist","floor":4.0},{"not_picked":["JustLucky","FearNoEvil"],"picked":"FollowUp","floor":11.0},{"not_picked":["PathToVictory","Wallop"],"picked":"Crescendo","floor":14.0},{"not_picked":["CrushJoints","BowlingBash"],"picked":"Prostrate","floor":15.0},{"not_picked":["DeusExMachina","Devotion"],"picked":"Judgement","floor":16.0},{"not_picked":["JustLucky"],"picked":"SKIP","floor":18.0},{"not_picked":[],"picked":"Consecrate+1","floor":20.0},{"not_picked":["Sanctity+1"],"picked":"SKIP","floor":23},{"not_picked":["ClearTheMind"],"picked":"SKIP","floor":24},{"not_picked":["WaveOfTheHand+1"],"picked":"SKIP","floor":29},{"not_picked":["WindmillStrike"],"picked":"SKIP","floor":30},{"not_picked":[],"picked":"Halt","floor":31}],"player_experience":330342,"relics_obtained":[{"floor":9.0,"key":"Pear"},{"floor":14.0,"key":"Dream Catcher"},{"floor":23,"key":"Happy Flower"},{"floor":26,"key":"Toy Ornithopter"}],"event_choices":[{"damage_healed":0.0,"max_hp_gain":0.0,"max_hp_loss":0.0,"gold_gain":0.0,"event_name":"Wheel of Change","player_choice":"Damaged","floor":5.0,"gold_loss":0.0,"damage_taken":7.0},{"damage_healed":0.0,"max_hp_gain":0.0,"max_hp_loss":6.0,"gold_gain":0.0,"event_name":"Golden Idol","player_choice":"Lose Max HP","floor":12.0,"gold_loss":0.0,"damage_taken":0.0,"relics_obtained":["Golden Idol"]},{"damage_healed":0.0,"max_hp_gain":0.0,"max_hp_loss":0.0,"gold_gain":0.0,"event_name":"Back to Basics","player_choice":"Simplicity","floor":19.0,"gold_loss":0.0,"damage_taken":0.0,"cards_upgraded":["Strike_P","Strike_P","Strike_P","Strike_P","Defend_P","Defend_P","Defend_P"]},{"damage_healed":0.0,"max_hp_gain":0.0,"max_hp_loss":0.0,"gold_gain":0.0,"event_name":"Drug Dealer","player_choice":"Inject Mutagens","floor":22.0,"gold_loss":0.0,"damage_taken":0.0,"relics_obtained":["MutagenicStrength"]}],"is_beta":false,"boss_relics":[{"not_picked":["Fusion Hammer","HolyWater"],"picked":"Busted Crown"}],"items_purged_floors":[21,27],"is_endless":false,"potions_floor_spawned":[3,4,11,14,23,29,30,31],"killed_by":"Champ","ascension_level":6}}