{"host":"4rvakrj1idbgia3f","time":1611990108,"event":{"mods":["BaseMod","Colored Map","Colored Powertips","DeckTracker","Highlight Path","Minty Spire (QoL Compilation)","Random Character Button","StSLib"],"gold_per_floor":[109,126,126,126,51,80,80,106,106,117,152,163,163,180,180,252,252,272,472,483,499,499,499,510,510,510,510,543,643,643,659,659,731,731,745,755,755,770,770,770,787,787,787,787,797,797,221,248,248,248,248],"floor_reached":50,"language":"JPN","playtime":4129,"items_purged":["Strike_G","Normality"],"score":1170,"play_id":"c75e6488-b655-437c-aabf-8a212dda45c9","local_time":"20210130160148","is_ascension_mode":true,"campfire_choices":[{"data":"Flying Knee","floor":7.0,"key":"SMITH"},{"data":"Well Laid Plans","floor":13.0,"key":"SMITH"},{"data":"Malaise","floor":15.0,"key":"SMITH"},{"data":"Storm of Steel","floor":23.0,"key":"SMITH"},{"data":"Footwork","floor":30,"key":"SMITH"},{"data":"Expertise","floor":32,"key":"SMITH"},{"data":"Setup","floor":40,"key":"SMITH"},{"data":"Blur","floor":44,"key":"SMITH"},{"data":"Bullet Time","floor":46,"key":"SMITH"},{"floor":49,"key":"RECALL"}],"circlet_count":0,"master_deck":["AscendersBane","Defend_G+1","Defend_G+1","Defend_G+1","Defend_G+1","Defend_G+1","Survivor","Neutralize+1","Backstab","Predator+1","Flying Knee+1","Footwork+1","Acrobatics","Escape Plan","Well Laid Plans+1","Malaise+1","Storm of Steel+1","Quick Slash+1","Expertise+1","Dagger Throw+1","Writhe","Escape Plan","Bite+1","Bite+1","Bite+1","Bite+1","Bite+1","Parasite","Setup+1","Reflex","Escape Plan","Bullet Time+1","CurseOfTheBell","Blur+1","Corpse Explosion","Caltrops+1","Caltrops","Footwork+1","Blur","Blur"],"relics":["Ring of the Snake","NeowsBlessing","Matryoshka","Molten Egg 2","Pear","Tough Bandages","Strawberry","Cursed Key","Art of War","Orichalcum","Bottled Tornado","Lantern","Gambling Chip","Bottled Flame","Calling Bell","Bag of Preparation","Blue Candle","Bird Faced Urn","DollysMirror","Potion Belt","Anchor"],"acts_visited":["Exordium","TheCity","TheBeyond"],"potions_floor_usage":[48],"damage_taken":[{"damage":0.0,"enemies":"2 Louse","floor":1.0,"turns":1.0},{"damage":0.0,"enemies":"Small Slimes","floor":2.0,"turns":1.0},{"damage":0.0,"enemies":"Gremlin Nob","floor":6.0,"turns":1.0},{"damage":13.0,"enemies":"3 Sentries","floor":8.0,"turns":12.0},{"damage":0.0,"enemies":"Cultist","floor":10.0,"turns":2.0},{"damage":6.0,"enemies":"Gremlin Nob","floor":11.0,"turns":3.0},{"damage":0.0,"enemies":"2 Fungi Beasts","floor":12.0,"turns":3.0},{"damage":0.0,"enemies":"Large Slime","floor":14.0,"turns":4.0},{"damage":33.0,"enemies":"Hexaghost","floor":16.0,"turns":16.0},{"damage":0.0,"enemies":"Chosen","floor":18.0,"turns":8.0},{"damage":7.0,"enemies":"3 Byrds","floor":20.0,"turns":9.0},{"damage":0.0,"enemies":"Centurion and Healer","floor":21.0,"turns":8.0},{"damage":1.0,"enemies":"Snake Plant","floor":24.0,"turns":5.0},{"damage":0.0,"enemies":"Gremlin Leader","floor":28.0,"turns":10.0},{"damage":11,"enemies":"Colosseum Slavers","floor":29,"turns":4},{"damage":43,"enemies":"Colosseum Nobs","floor":29,"turns":9},{"damage":7,"enemies":"3 Cultists","floor":31,"turns":6},{"damage":51,"enemies":"Champ","floor":33,"turns":18},{"damage":3,"enemies":"3 Shapes","floor":35,"turns":8},{"damage":1,"enemies":"Orb Walker","floor":36,"turns":2},{"damage":15,"enemies":"Jaw Worm Horde","floor":38,"turns":6},{"damage":0,"enemies":"4 Shapes","floor":41,"turns":3},{"damage":19,"enemies":"Spire Growth","floor":45,"turns":6},{"damage":27,"enemies":"Reptomancer","floor":48,"turns":8},{"damage":81,"enemies":"Donu and Deca","floor":50,"turns":9}],"seed_played":"-8677546018831001888","potions_obtained":[{"floor":1.0,"key":"AttackPotion"},{"floor":6.0,"key":"SneckoOil"},{"floor":12.0,"key":"Regen Potion"},{"floor":20.0,"key":"LiquidMemories"},{"floor":21.0,"key":"Strength Potion"},{"floor":28.0,"key":"Ancient Potion"}],"is_trial":false,"path_per_floor":["M","M","?","?","$","E","R","E","T","M","E","M","R","M","R","B",null,"M","?","M","M","?","R","M","?","T","?","E","?","R","M","R","B",null,"M","M","?","M","?","R","M","?","T","R","M","R","$","E","R","B"],"character_chosen":"THE_SILENT","items_purchased":["DollysMirror","Blur","Potion Belt","LiquidMemories"],"campfire_rested":0,"item_purchase_floors":[47,47,47,47],"current_hp_per_floor":[59,59,39,39,39,39,39,26,36,36,37,37,37,37,37,4,63,63,63,56,56,56,56,55,55,55,55,58,30,30,38,38,21,49,58,58,55,55,55,55,55,55,55,55,47,47,47,55,55,0,0],"gold":248,"neow_bonus":"THREE_ENEMY_KILL","is_daily":false,"chose_seed":false,"campfire_upgraded":9,"win_rate":0.0,"timestamp":1611990108,"path_taken":["M","M","?","?","$","E","R","E","T","M","E","M","R","M","R","BOSS","M","?","M","?","?","R","M","?","T","?","E","?","R","M","R","BOSS","M","M","?","M","?","R","M","?","T","R","M","R","$","E","R","BOSS"],"items_purchased_type":["Relic","Card","Relic","Potion"],"build_version":"2020-12-22","purchased_purges":2,"victory":false,"max_hp_per_floor":[66,66,66,66,66,66,66,66,76,76,83,83,83,83,83,83,83,83,83,83,83,83,83,83,58,58,58,58,58,58,58,58,58,58,58,58,55,55,55,55,55,55,55,55,55,55,55,55,55,55,55],"card_choices":[{"not_picked":["Blur","Cloak And Dagger"],"picked":"Backstab","floor":1.0},{"not_picked":["Sucker Punch","Expertise"],"picked":"Predator","floor":2.0},{"not_picked":["PiercingWail","Dodge and Roll"],"picked":"Flying Knee","floor":6.0},{"not_picked":["Cloak And Dagger","Deadly Poison"],"picked":"Footwork","floor":8.0},{"not_picked":["Setup","Deflect"],"picked":"Acrobatics","floor":10.0},{"not_picked":["Deflect","Deadly Poison"],"picked":"Escape Plan","floor":11.0},{"not_picked":["Tactician","Dagger Spray+1"],"picked":"Well Laid Plans","floor":12.0},{"not_picked":["Caltrops","Slice+1"],"picked":"Malaise","floor":14.0},{"not_picked":["A Thousand Cuts","Wraith Form v2"],"picked":"Storm of Steel","floor":16.0},{"not_picked":["Noxious Fumes","Acrobatics"],"picked":"Quick Slash+1","floor":18.0},{"not_picked":["Outmaneuver+1","Endless Agony+1"],"picked":"Expertise","floor":20.0},{"not_picked":["PiercingWail","Catalyst"],"picked":"Dagger Throw+1","floor":21.0},{"not_picked":["Outmaneuver+1","Dagger Spray+1"],"picked":"Escape Plan","floor":24.0},{"not_picked":["Deadly Poison+1","Outmaneuver"],"picked":"Setup","floor":28.0},{"not_picked":["Poisoned Stab+1","Acrobatics"],"picked":"Reflex","floor":29},{"not_picked":["Acrobatics","Dagger Spray+1"],"picked":"Escape Plan","floor":31},{"not_picked":["Corpse Explosion","Unload+1"],"picked":"Bullet Time","floor":33},{"not_picked":["Flying Knee+1","Blade Dance"],"picked":"Blur","floor":35},{"not_picked":["Expertise","Infinite Blades+1","Deflect"],"picked":"SKIP","floor":36},{"not_picked":["Slice+1","Underhanded Strike+1"],"picked":"Corpse Explosion","floor":38},{"not_picked":["Slice+1","Footwork"],"picked":"Caltrops+1","floor":41},{"not_picked":["Acrobatics","Riddle With Holes+1"],"picked":"Caltrops","floor":45},{"not_picked":["Outmaneuver+1","Dagger Spray+1"],"picked":"Blur","floor":48}],"player_experience":2131426,"relics_obtained":[{"floor":6.0,"key":"Matryoshka"},{"floor":8.0,"key":"Molten Egg 2"},{"floor":9.0,"key":"Pear"},{"floor":9.0,"key":"Tough Bandages"},{"floor":11.0,"key":"Strawberry"},{"floor":26.0,"key":"Orichalcum"},{"floor":26.0,"key":"Bottled Tornado"},{"floor":28.0,"key":"Lantern"},{"floor":29,"key":"Gambling Chip"},{"floor":29,"key":"Bottled Flame"},{"floor":34,"key":"Bag of Preparation"},{"floor":34,"key":"Blue Candle"},{"floor":34,"key":"Bird Faced Urn"},{"floor":48,"key":"Anchor"}],"event_choices":[{"damage_healed":0.0,"max_hp_gain":0.0,"max_hp_loss":0.0,"gold_gain":0.0,"event_name":"Shining Light","player_choice":"Entered Light","floor":3.0,"gold_loss":0.0,"damage_taken":20.0,"cards_upgraded":["Defend_G","Neutralize"]},{"damage_healed":0.0,"max_hp_gain":0.0,"max_hp_loss":0.0,"gold_gain":0.0,"event_name":"Living Wall","player_choice":"Grow","floor":4.0,"gold_loss":0.0,"damage_taken":0.0,"cards_upgraded":["Predator"]},{"damage_healed":0.0,"max_hp_gain":0.0,"max_hp_loss":0.0,"gold_gain":250.0,"event_name":"The Joust","player_choice":"Bet on Owner","floor":19.0,"gold_loss":50.0,"damage_taken":0.0},{"damage_healed":0.0,"max_hp_gain":0.0,"max_hp_loss":0.0,"gold_gain":0.0,"event_name":"The Mausoleum","player_choice":"Opened","floor":22.0,"gold_loss":0.0,"damage_taken":0.0,"relics_obtained":["Art of War"],"cards_obtained":["Writhe"]},{"damage_healed":0.0,"max_hp_gain":0.0,"max_hp_loss":25.0,"gold_gain":0.0,"event_name":"Vampires","player_choice":"Became a vampire","floor":25.0,"gold_loss":0.0,"damage_taken":0.0,"cards_obtained":["Bite","Bite","Bite","Bite","Bite"]},{"damage_healed":0.0,"max_hp_gain":0.0,"max_hp_loss":0.0,"gold_gain":0.0,"event_name":"Back to Basics","player_choice":"Simplicity","floor":27.0,"gold_loss":0.0,"damage_taken":0.0,"cards_upgraded":["Defend_G","Defend_G","Defend_G","Defend_G"]},{"damage_healed":0,"gold_gain":0,"player_choice":"Fight","damage_taken":0,"max_hp_gain":0,"max_hp_loss":0,"event_name":"Colosseum","floor":29,"gold_loss":0},{"damage_healed":0,"gold_gain":0,"player_choice":"Fought Nobs","damage_taken":0,"max_hp_gain":0,"max_hp_loss":0,"event_name":"Colosseum","floor":29,"gold_loss":0},{"damage_healed":0,"gold_gain":0,"player_choice":"Max HP","damage_taken":0,"max_hp_gain":0,"max_hp_loss":3,"event_name":"Winding Halls","floor":37,"gold_loss":0},{"damage_healed":0,"gold_gain":0,"player_choice":"Ignored","damage_taken":0,"max_hp_gain":0,"max_hp_loss":0,"event_name":"Tomb of Lord Red Mask","floor":39,"gold_loss":0},{"damage_healed":0,"gold_gain":0,"player_choice":"Ignored","damage_taken":0,"max_hp_gain":0,"max_hp_loss":0,"event_name":"Mysterious Sphere","floor":42,"gold_loss":0}],"is_beta":false,"boss_relics":[{"not_picked":["Black Star","Astrolabe"],"picked":"Cursed Key"},{"not_picked":["SacredBark","Fusion Hammer"],"picked":"Calling Bell"}],"items_purged_floors":[5,47],"is_endless":false,"potions_floor_spawned":[1,6,12,20,21,28,31,33,35,38,41],"killed_by":"Donu and Deca","ascension_level":20}}