{"host":"2pffx5rqbod9ds0c","time":1611987006,"event":{"mods":["BaseMod","Better Altar","Better Match","Better Note","Better Sensory Stone","Better Skull","Better Third Choice","Custom Start","Hubris","Minty Spire (QoL Compilation)","Quick Restart","Relic Stats","Robot Space Explorer","Spicy Shops","StSLib"],"gold_per_floor":[113,113,125,175,193,219,219,219,219],"floor_reached":8,"language":"ENG","playtime":431,"items_purged":[],"score":112,"play_id":"8285cd94-ae9e-4583-9579-3e5bd9d138f9","local_time":"20210129221006","is_ascension_mode":true,"campfire_choices":[{"floor":7,"key":"REST"}],"circlet_count":0,"master_deck":["AscendersBane","Strike_G","Strike_G","Strike_G","Strike_G","Strike_G","Defend_G","Defend_G","Defend_G","Defend_G","Defend_G","Survivor","Neutralize","Blade Dance","Poisoned Stab+1","Leg Sweep","PiercingWail","Adrenaline"],"relics":["Ring of the Snake","Omamori"],"acts_visited":["Exordium"],"potions_floor_usage":[],"damage_taken":[{"damage":2,"enemies":"Jaw Worm","floor":1,"turns":5},{"damage":1,"enemies":"Cultist","floor":3,"turns":3},{"damage":2,"enemies":"2 Louse","floor":5,"turns":4},{"damage":44,"enemies":"3 Sentries","floor":6,"turns":13},{"damage":59,"enemies":"Lagavulin","floor":8,"turns":9}],"seed_played":"2031491730466865035","potions_obtained":[{"floor":3,"key":"LiquidBronze"},{"floor":6,"key":"FairyPotion"}],"is_trial":false,"path_per_floor":["M","?","M","?","M","E","R","E"],"character_chosen":"THE_SILENT","items_purchased":[],"campfire_rested":1,"item_purchase_floors":[],"current_hp_per_floor":[57,57,56,56,54,10,29,0,0],"gold":219,"neow_bonus":"THREE_CARDS","is_daily":false,"chose_seed":false,"campfire_upgraded":0,"win_rate":0.0,"timestamp":1611987006,"path_taken":["M","?","?","?","?","E","R","E"],"items_purchased_type":[],"build_version":"2020-12-22","purchased_purges":0,"victory":false,"max_hp_per_floor":[66,66,66,66,66,66,66,66,66],"relic_stats":{"counters":[5,34],"obtain_stats":[{"Omamori":6,"Ring of the Snake":0},{"Omamori":4,"Ring of the Snake":0},{"Omamori":25,"Ring of the Snake":0}],"Ring of the Snake":[10]},"card_choices":[{"not_picked":["Backflip","Endless Agony"],"picked":"Blade Dance","floor":0},{"not_picked":["Dodge and Roll","Slice"],"picked":"Poisoned Stab","floor":1},{"not_picked":["Outmaneuver","Blade Dance"],"picked":"Leg Sweep","floor":3},{"not_picked":["Quick Slash","Acrobatics"],"picked":"PiercingWail","floor":5},{"not_picked":["All Out Attack","Caltrops"],"picked":"Adrenaline","floor":6}],"player_experience":799159,"relics_obtained":[{"floor":6,"key":"Omamori"}],"event_choices":[{"damage_healed":0,"gold_gain":0,"player_choice":"Upgraded","damage_taken":0,"max_hp_gain":0,"max_hp_loss":0,"event_name":"Upgrade Shrine","floor":2,"gold_loss":0,"cards_upgraded":["Poisoned Stab"]},{"damage_healed":0,"gold_gain":50,"player_choice":"Pray","damage_taken":0,"max_hp_gain":0,"max_hp_loss":0,"event_name":"Golden Shrine","floor":4,"gold_loss":0}],"is_beta":false,"boss_relics":[],"items_purged_floors":[],"is_endless":false,"potions_floor_spawned":[3,6],"killed_by":"Lagavulin","ascension_level":20}}