{"host":"2wp95sdfrgw3k439","time":1611965539,"event":{"mods":["BaseMod","Better Altar","Better Skull","Better Third Choice","Curses Come First","Minty Spire (QoL Compilation)","Permanent Neow","StSLib"],"gold_per_floor":[10,10,10,26,38,38,53,79,134,134,146,71,101,115,115,220,220,236,236,248,264,189,189,215,215,215,215,250,250,250,268,268,268,268],"floor_reached":33,"language":"ENG","playtime":995,"items_purged":["Strike_B"],"score":413,"play_id":"253e194f-0833-48ac-a7a9-817a259428e4","local_time":"20210129171219","is_ascension_mode":true,"campfire_choices":[{"data":"Melter","floor":6,"key":"SMITH"},{"floor":10,"key":"REST"},{"floor":15,"key":"REST"},{"floor":23,"key":"REST"},{"floor":25,"key":"REST"},{"floor":32,"key":"REST"}],"circlet_count":0,"master_deck":["Strike_B","Defend_B","Defend_B","Defend_B","Defend_B","Zap","Dualcast","Electrodynamics","Conserve Battery","BootSequence","Melter+1","Ball Lightning","Loop","Rip and Tear","Go for the Eyes","All For One","Defragment","RitualDagger","Capacitor+1","Beam Cell","Stack+1","Decay","Parasite","RitualDagger","Hologram+1"],"relics":["Cracked Core","Mercury Hourglass","Akabeko","Tiny Chest","Cursed Key","Blood Vial","Meat on the Bone","CultistMask","Prayer Wheel","Gremlin Horn"],"acts_visited":["Exordium","TheCity"],"potions_floor_usage":[13,13,16,24,33],"damage_taken":[{"damage":7,"enemies":"Small Slimes","floor":1,"turns":3},{"damage":2,"enemies":"2 Louse","floor":4,"turns":2},{"damage":1,"enemies":"Cultist","floor":5,"turns":4},{"damage":7,"enemies":"Large Slime","floor":7,"turns":5},{"damage":32,"enemies":"Gremlin Nob","floor":8,"turns":4},{"damage":0,"enemies":"Gremlin Gang","floor":11,"turns":2},{"damage":1,"enemies":"Lagavulin","floor":13,"turns":4},{"damage":0,"enemies":"2 Fungi Beasts","floor":14,"turns":2},{"damage":16,"enemies":"The Guardian","floor":16,"turns":7},{"damage":0,"enemies":"Spheric Guardian","floor":18,"turns":2},{"damage":5,"enemies":"Shell Parasite","floor":20,"turns":3},{"damage":32,"enemies":"Snake Plant","floor":21,"turns":3},{"damage":38,"enemies":"Book of Stabbing","floor":24,"turns":5},{"damage":29,"enemies":"Slavers","floor":28,"turns":4},{"damage":7,"enemies":"Centurion and Healer","floor":31,"turns":5},{"damage":59,"enemies":"Automaton","floor":33,"turns":6}],"seed_played":"-2829250200891044890","potions_obtained":[{"floor":4,"key":"SpeedPotion"},{"floor":8,"key":"Block Potion"},{"floor":14,"key":"DistilledChaos"},{"floor":20,"key":"Ancient Potion"},{"floor":21,"key":"SteroidPotion"}],"is_trial":false,"path_per_floor":["M","?","?","M","M","R","M","E","T","R","M","$","E","M","R","B",null,"M","?","M","M","?","R","E","R","T","?","E","T","?","M","R","B"],"character_chosen":"DEFECT","items_purchased":[],"campfire_rested":5,"item_purchase_floors":[],"current_hp_per_floor":[61,61,61,59,58,58,51,19,19,41,41,41,40,40,62,46,68,68,62,57,25,25,47,9,31,31,31,16,16,16,23,45,0,0],"gold":268,"neow_bonus":"THREE_RARE_CARDS","is_daily":false,"chose_seed":false,"campfire_upgraded":1,"win_rate":0.0,"timestamp":1611965539,"path_taken":["M","?","?","?","M","R","M","E","T","R","M","$","E","M","R","BOSS","M","?","M","M","?","R","E","R","T","?","E","?","?","M","R","BOSS"],"items_purchased_type":[],"build_version":"2020-12-22","purchased_purges":1,"victory":false,"max_hp_per_floor":[75,75,75,75,75,75,75,75,75,75,75,75,75,75,75,75,75,75,75,75,75,75,75,75,75,75,75,75,75,75,75,75,75,75],"card_choices":[{"not_picked":["Hyperbeam","Seek"],"picked":"Electrodynamics","floor":0},{"not_picked":["Coolheaded","Hologram"],"picked":"Conserve Battery","floor":1},{"not_picked":["Stack","Gash"],"picked":"BootSequence","floor":4},{"not_picked":["Coolheaded","Rebound"],"picked":"Melter","floor":5},{"not_picked":["Blizzard","Turbo"],"picked":"Ball Lightning","floor":7},{"not_picked":["Compile Driver","Rebound"],"picked":"Loop","floor":8},{"not_picked":["Turbo","Tempest","Streamline"],"picked":"SKIP","floor":11},{"not_picked":["Stack","Glacier"],"picked":"Rip and Tear","floor":13},{"not_picked":["Biased Cognition","Steam"],"picked":"Go for the Eyes","floor":14},{"not_picked":["Rainbow","Meteor Strike"],"picked":"All For One","floor":16},{"not_picked":["Coolheaded+1","Rebound"],"picked":"Defragment","floor":18},{"not_picked":["White Noise","Conserve Battery"],"picked":"Capacitor+1","floor":20},{"not_picked":["Force Field+1","Reinforced Body"],"picked":"Beam Cell","floor":21},{"not_picked":["Reinforced Body","Rainbow"],"picked":"Stack+1","floor":24},{"not_picked":["Turbo","Compile Driver","Gash"],"picked":"SKIP","floor":28},{"not_picked":["Melter","Chaos"],"picked":"Hologram+1","floor":31},{"not_picked":["Stack","Cold Snap","Genetic Algorithm"],"picked":"SKIP","floor":31}],"player_experience":508055,"relics_obtained":[{"floor":8,"key":"Mercury Hourglass"},{"floor":9,"key":"Akabeko"},{"floor":13,"key":"Tiny Chest"},{"floor":24,"key":"Blood Vial"},{"floor":26,"key":"Meat on the Bone"},{"floor":28,"key":"Prayer Wheel"},{"floor":29,"key":"Gremlin Horn"}],"event_choices":[{"damage_healed":0,"gold_gain":0,"cards_transformed":["Strike_B"],"player_choice":"Change","damage_taken":0,"max_hp_gain":0,"max_hp_loss":0,"event_name":"Living Wall","floor":2,"gold_loss":0,"cards_obtained":["Force Field"]},{"cards_removed":["Force Field"],"damage_healed":0,"gold_gain":0,"player_choice":"Purged","damage_taken":0,"max_hp_gain":0,"max_hp_loss":0,"event_name":"Purifier","floor":3,"gold_loss":0},{"damage_healed":0,"gold_gain":0,"player_choice":"Dagger","damage_taken":6,"max_hp_gain":0,"max_hp_loss":0,"event_name":"betterThird:BetterNest","floor":19,"gold_loss":0,"cards_obtained":["RitualDagger"]},{"cards_removed":["Strike_B"],"damage_healed":0,"gold_gain":0,"player_choice":"Gave Gold","damage_taken":0,"max_hp_gain":0,"max_hp_loss":0,"event_name":"Beggar","floor":22,"gold_loss":75},{"damage_healed":0,"gold_gain":0,"player_choice":"Trade","damage_taken":0,"relics_obtained":["CultistMask"],"max_hp_gain":0,"max_hp_loss":0,"event_name":"FaceTrader","floor":27,"gold_loss":0},{"damage_healed":0,"gold_gain":0,"player_choice":"Copied","damage_taken":0,"max_hp_gain":0,"max_hp_loss":0,"event_name":"Duplicator","floor":30,"gold_loss":0,"cards_obtained":["RitualDagger"]}],"is_beta":false,"boss_relics":[{"not_picked":["Astrolabe","Calling Bell"],"picked":"Cursed Key"}],"items_purged_floors":[12],"is_endless":false,"potions_floor_spawned":[4,8,14,20,21],"killed_by":"Automaton","ascension_level":8}}