{"host":"w0r0bzsul0vy4upc","time":1611974473,"event":{"mods":["AchievementEnabler","Aspiration","BaseMod","Better Altar","Better Third Choice","BetterRewards","Colored Map","Colored Powertips","Downfall","Gold Saver","Minty Spire (QoL Compilation)","Quick Restart","Rare Cards Sparkle","Relic Stats","Shop Mod","Spicy Shops","StSLib","The Blue Laboratory","The Mystic","The Necromancer","The Poker Player"],"gold_per_floor":[665,684,358,326,344,344,344,344,344,354,383,383,383,406,406,535,535,550,575,595,595,171,194,194,45,45,45,58,72,72,72,72,72,72],"floor_reached":33,"language":"FRA","playtime":5744,"items_purged":[],"score":272,"play_id":"6b13a54d-54fd-417c-aa3e-59394638c2e4","local_time":"20210129214113","is_ascension_mode":false,"campfire_choices":[{"data":"Eruption","floor":6.0,"key":"SMITH"},{"floor":8.0,"key":"REST"},{"floor":13.0,"key":"REST"},{"floor":15.0,"key":"REST"},{"floor":24.0,"key":"REST"},{"floor":30.0,"key":"REST"},{"data":"Defend_P","floor":32.0,"key":"SMITH"}],"circlet_count":0,"master_deck":["Strike_P","Strike_P","Strike_P","Defend_P","Defend_P","Defend_P","Defend_P+1","Eruption+1","Vigilance","EmptyBody","ThirdEye","Metamorphosis","ReachHeaven","Conclude","Meditate","Consecrate","Scrawl","WaveOfTheHand","WindmillStrike","PathToVictory","Vengeance","Injury","Protect","Ragnarok","FlurryOfBlows+1","ClearTheMind","Crescendo+1","Writhe","Trip","Halt","DeceiveReality","FlurryOfBlows","Secret Weapon","Study","Collect","LikeWater","FollowUp+1"],"relics":["PureWater","Orrery","betterThird:SlimedRelic","Meat on the Bone","Pocketwatch","Golden Idol","Runic Pyramid","Mummified Hand","Membership Card","Eternal Feather","Sundial"],"acts_visited":[],"potions_floor_usage":[],"damage_taken":[{"damage":1.0,"enemies":"Jaw Worm","floor":1.0,"turns":3.0},{"damage":0.0,"enemies":"Cultist","floor":2.0,"turns":3.0},{"damage":0.0,"enemies":"Small Slimes","floor":5.0,"turns":3.0},{"damage":0.0,"enemies":"3 Louse","floor":10.0,"turns":1.0},{"damage":63.0,"enemies":"Gremlin Nob","floor":11.0,"turns":4.0},{"damage":4.0,"enemies":"Large Slime","floor":14.0,"turns":3.0},{"damage":24.0,"enemies":"The Guardian","floor":16.0,"turns":11.0},{"damage":0.0,"enemies":"Chosen","floor":18.0,"turns":4.0},{"damage":28.0,"enemies":"2 Thieves","floor":19.0,"turns":3.0},{"damage":22.0,"enemies":"Cultist and Chosen","floor":20.0,"turns":6.0},{"damage":21.0,"enemies":"Shelled Parasite and Fungi","floor":23.0,"turns":3.0},{"damage":12.0,"enemies":"3 Cultists","floor":28.0,"turns":4.0},{"damage":43.0,"enemies":"Sentry and Sphere","floor":29.0,"turns":6.0},{"damage":82,"enemies":"Champ","floor":33,"turns":17}],"seed_played":"2842642946637730786","potions_obtained":[{"floor":2.0,"key":"LiquidMemories"},{"floor":10.0,"key":"GamblersBrew"},{"floor":11.0,"key":"PowerPotion"},{"floor":16.0,"key":"DuplicationPotion"},{"floor":18.0,"key":"BlessingOfTheForge"},{"floor":28.0,"key":"AttackPotion"}],"is_trial":false,"path_per_floor":["M","M","$","?","M","R","?","R","T","M","E","?","R","M","R","B",null,"M","M","M","?","$","M","R","$","T","?","M","M","R","$","R","B"],"character_chosen":"WATCHER","items_purchased":["Metamorphosis","Orrery","Trip","Halt","Membership Card","Eternal Feather","FlurryOfBlows","Secret Weapon","Study"],"campfire_rested":5,"item_purchase_floors":[3,3,22,22,22,22,25,25,25],"current_hp_per_floor":[78,78,78,67,67,67,67,79,79,79,28,28,51,47,70,46,79,79,51,41,41,41,32,73,73,73,73,61,30,74,74,79,0,0],"gold":72,"neow_bonus":"TEN_PERCENT_HP_BONUS","is_daily":false,"chose_seed":false,"campfire_upgraded":2,"win_rate":0.0,"timestamp":1611974473,"path_taken":["M","M","$","?","M","R","?","R","T","?","E","?","R","M","R","BOSS","M","M","M","?","$","M","R","$","T","?","M","M","R","?","R","BOSS"],"items_purchased_type":["Card","Relic","Card","Card","Relic","Relic","Card","Card","Card"],"build_version":"2020-12-22","purchased_purges":0,"victory":false,"max_hp_per_floor":[79,79,79,79,79,79,79,79,79,79,79,79,79,79,79,79,79,79,79,79,79,79,79,79,79,79,79,79,79,79,79,79,79,79],"relic_stats":{"counters":[38,134],"Golden Idol":54,"Mummified Hand":[7],"Sundial":[0],"Eternal Feather":44,"obtain_stats":[{"Golden Idol":12,"Mummified Hand":21,"Sundial":26,"betterThird:SlimedRelic":4,"Orrery":3,"Eternal Feather":22,"Membership Card":22,"PureWater":0,"Meat on the Bone":9,"Pocketwatch":11,"Runic Pyramid":17},{"Golden Idol":29,"Mummified Hand":34,"Sundial":35,"betterThird:SlimedRelic":26,"Orrery":26,"Eternal Feather":34,"Membership Card":34,"PureWater":0,"Meat on the Bone":27,"Pocketwatch":29,"Runic Pyramid":31},{"Golden Idol":77,"Mummified Hand":104,"Sundial":107,"betterThird:SlimedRelic":69,"Orrery":69,"Eternal Feather":104,"Membership Card":104,"PureWater":0,"Meat on the Bone":72,"Pocketwatch":77,"Runic Pyramid":91}],"Meat on the Bone":48,"Pocketwatch":[27]},"card_choices":[{"not_picked":["PathToVictory","Halt"],"picked":"EmptyBody","floor":1.0},{"not_picked":["Weave","WheelKick"],"picked":"ThirdEye","floor":2.0},{"not_picked":["SignatureMove","Meditate"],"picked":"ReachHeaven","floor":3.0},{"not_picked":["ThirdEye","CrushJoints"],"picked":"Conclude","floor":3.0},{"not_picked":["FollowUp","ThirdEye"],"picked":"Meditate","floor":3.0},{"not_picked":["Nirvana","FlurryOfBlows"],"picked":"Consecrate","floor":3.0},{"not_picked":["BowlingBash","Meditate"],"picked":"Scrawl","floor":3.0},{"not_picked":["SashWhip","ClearTheMind"],"picked":"WaveOfTheHand","floor":5.0},{"not_picked":["CrushJoints","Wallop"],"picked":"PathToVictory","floor":10.0},{"not_picked":["Crescendo","Omniscience"],"picked":"Vengeance","floor":11.0},{"not_picked":["EmptyBody","ThirdEye"],"picked":"Protect","floor":14.0},{"not_picked":["ConjureBlade","Scrawl"],"picked":"Ragnarok","floor":16.0},{"not_picked":["Protect","FollowUp"],"picked":"FlurryOfBlows+1","floor":18.0},{"not_picked":["BowlingBash","CarveReality"],"picked":"ClearTheMind","floor":19.0},{"not_picked":["Wallop","PathToVictory+1"],"picked":"Crescendo+1","floor":20.0},{"not_picked":["Ragnarok","WreathOfFlame"],"picked":"DeceiveReality","floor":23.0},{"not_picked":["PathToVictory","Crescendo"],"picked":"LikeWater","floor":28.0},{"not_picked":["Adaptation","EmptyFist+1"],"picked":"FollowUp+1","floor":29.0}],"player_experience":125709,"relics_obtained":[{"floor":9.0,"key":"Meat on the Bone"},{"floor":11.0,"key":"Pocketwatch"},{"floor":26.0,"key":"Sundial"}],"event_choices":[{"damage_healed":0.0,"max_hp_gain":0.0,"max_hp_loss":0.0,"gold_gain":0.0,"event_name":"betterThird:BetterGoop","player_choice":"Slimed","floor":4.0,"gold_loss":32.0,"damage_taken":11.0},{"damage_healed":0.0,"max_hp_gain":0.0,"max_hp_loss":0.0,"gold_gain":0.0,"cards_transformed":["Strike_P"],"event_name":"Transmorgrifier","player_choice":"Transformed","floor":7.0,"gold_loss":0.0,"damage_taken":0.0,"cards_obtained":["WindmillStrike"]},{"damage_healed":0.0,"max_hp_gain":0.0,"max_hp_loss":0.0,"gold_gain":0.0,"event_name":"Golden Idol","player_choice":"Take Wound","floor":12.0,"gold_loss":0.0,"damage_taken":0.0,"relics_obtained":["Golden Idol"],"cards_obtained":["Injury"]},{"damage_healed":0.0,"max_hp_gain":0.0,"max_hp_loss":0.0,"gold_gain":0.0,"event_name":"The Mausoleum","player_choice":"Opened","floor":21.0,"gold_loss":0.0,"damage_taken":0.0,"relics_obtained":["Mummified Hand"],"cards_obtained":["Writhe"]},{"damage_healed":0.0,"max_hp_gain":0.0,"max_hp_loss":0.0,"gold_gain":0.0,"event_name":"The Library","player_choice":"Read","floor":27.0,"gold_loss":0.0,"damage_taken":0.0,"cards_obtained":["Collect"]}],"is_beta":false,"boss_relics":[{"not_picked":["Coffee Dripper","SacredBark"],"picked":"Runic Pyramid"}],"items_purged_floors":[],"is_endless":false,"potions_floor_spawned":[2,10,11,16,18,28],"killed_by":"Champ","ascension_level":0}}