{"host":"juoup3p5tvzzktl5","time":1611988439,"event":{"mods":["ATMod(∞¢Ë™Mod)","Aspiration","BaseMod","Better Vampires","BetterRewards","Colored Map","Colored Powertips","Downfall","Friendly Minions","GifTheSpireLib","Hermit","Hubris","Infinite Spire","KinomotoSakuraMod(ƒæ÷Æ±æ”£)","Koishi","KomeijiMod","Marisa£®ÏF”Í°°ƒß¿Ì…≥£©","Minty Spire (QoL Compilation)","Quick Restart","Reimu£®≤©¿ˆ¡È√Œ£©","Relic Filter Mod","Reliquary","Replay The Spire","Shop Mod","StSLib","The Administrix","The Alterego","The Bug Knight","The Construct","The Cursed","The Jungle","The Mystic","The Runesmith","The Senshi","Youmu£®ªÍ∆«—˝√Œ£©","Yuyuko"],"gold_per_floor":[99,119,131,150,162,190,241,254,254,268,472,472,372,26,43,148,148,148,158,169,169,169,169,169,169,169,190,190,210,134,176,176,205,234,345,345,345,345,372,372,472,491,525,550,560,585,607,621,453,465,496,518,630,657,657,686,706,727,727,727,727,727,727,742,765,778,778,798,817,932,932,932,954,970,970,970,987,1024,1043,1055,1066,1078,335,335,367,382,486,486,486,508,519,541,541,64,98,107,216,225,225,235,235,264,283,394,394,420,220,220,220,220,220],"floor_reached":109,"language":"ZHS","playtime":5091,"items_purged":["Guardian:Strike_Guardian","Guardian:Strike_Guardian","Guardian:Strike_Guardian","Guardian:Defend_Guardian","Guardian:Defend_Guardian","Guardian:ChargeCore","Guardian:ShieldCharger"],"score":3091,"play_id":"ba01bc7d-a6f9-42ef-9760-17f5272136ba","local_time":"20210130153359","is_ascension_mode":false,"campfire_choices":[{"data":"Guardian:TwinSlam","floor":1.0,"key":"SMITH"},{"floor":13.0,"key":"REST"},{"data":"Guardian:GemFire","floor":28.0,"key":"SMITH"},{"data":"AT_EmpoweredMortalDraw","floor":32.0,"key":"SMITH"},{"data":"Guardian:TemporalStrike","floor":55.0,"key":"SMITH"},{"data":"Guardian:RefractedBeam+1","floor":60.0,"key":"SMITH"},{"data":"Guardian:RefractedBeam+2","floor":67.0,"key":"SMITH"},{"data":"infinitespire:Punishment","floor":72.0,"key":"SMITH"},{"data":"Guardian:BronzeOrb","floor":84.0,"key":"SMITH"},{"data":"Guardian:BronzeOrb","floor":89.0,"key":"SMITH"},{"floor":98.0,"key":"REST"},{"data":"Guardian:TemporalStrike","floor":101.0,"key":"SMITH"},{"data":"Guardian:RefractedBeam+3","floor":108.0,"key":"SMITH"}],"circlet_count":0,"master_deck":["Guardian:CurlUp","Guardian:TwinSlam+1","AT_BodySlamDance+1","Guardian:TemporalShield","Guardian:PrimingBeam","Guardian:BodySlam+1","Guardian:Incinerate","Guardian:GemFire+1","AT_EmpoweredMortalDraw+1","Guardian:Recover+1","Guardian:Suspension+1","Guardian:TimeCapacitor","Guardian:SentryBeam+1","Guardian:TemporalStrike+1","Guardian:Suspension","Guardian:RevengeProtocol","Guardian:ChargeUp+1","Guardian:ChargeCore+1","Guardian:Gem_Crimson","Guardian:BronzeOrb+1","Guardian:BronzeOrb+1","Guardian:RefractedBeam+4","Guardian:DonusPower+1","Guardian:HyperBeam_Guardian+1","Guardian:Gem_Cyan","Guardian:Incinerate","Guardian:BronzeOrb+1","Guardian:TimeSifter","infinitespire:Punishment+1","Guardian:TemporalStrike+1","infinitespire:Punishment","hubris:Fate+1","Guardian:TemporalStrike+1","Guardian:Gem_Red","Guardian:ConstructionForm"],"relics":["AT_ATBox","Ring of Chaos","Bag of Preparation","downfall:HeartBlessingGreen","Gremlin Horn","AT_MortalBlade","downfall:RedIOU","CeramicFish","infinitespire:Beetle Shell","theSenshi:SailorFukuRelic","bronze:BronzeIdol","hubris:ScarierMask","aspiration:StickyExplosives","reliquary:PartyBalloon","reliquary:PrincelyHelmet","Astrolabe","Dream Catcher","infinitespire:Cubic Diamond","Bronze Scales","AT_TrinityForce","Toy Ornithopter","Lizard Tail","reliquary:BrokenClock","MerchantsRug","Replay:Grab Bag","ChewingGum","Sozu","aspiration:PoetsPen","Oddly Smooth Stone","infinitespire:Lucky Rock","NitorisBag","hubris:Zylophone","RedLine:ReiMu"],"acts_visited":["Exordium","TheCity","TheBeyond","Exordium","TheCity","TheBeyond","TheEnding"],"potions_floor_usage":[],"damage_taken":[{"damage":0.0,"enemies":"Cultist","floor":2.0,"turns":4.0},{"damage":11.0,"enemies":"Jaw Worm","floor":3.0,"turns":3.0},{"damage":1.0,"enemies":"2 Louse","floor":4.0,"turns":3.0},{"damage":4.0,"enemies":"2 Fungi Beasts","floor":5.0,"turns":3.0},{"damage":51.0,"enemies":"Gremlin Nob","floor":6.0,"turns":5.0},{"damage":0.0,"enemies":"Large Slime","floor":8.0,"turns":4.0},{"damage":11.0,"enemies":"Blue Slaver","floor":10.0,"turns":4.0},{"damage":0.0,"enemies":"downfall:FleeingMerchant","floor":14.0,"turns":4.0},{"damage":0.0,"enemies":"2 Fungi Beasts","floor":15.0,"turns":2.0},{"damage":8.0,"enemies":"IC_STATUS_ARCHETYPE","floor":16.0,"turns":4.0},{"damage":3.0,"enemies":"Shell Parasite","floor":19.0,"turns":2.0},{"damage":6.0,"enemies":"Chosen","floor":20.0,"turns":2.0},{"damage":0.0,"enemies":"3 Cultists","floor":27.0,"turns":2.0},{"damage":0.0,"enemies":"Centurion and Healer","floor":29.0,"turns":1.0},{"damage":15.0,"enemies":"downfall:FleeingMerchant","floor":30.0,"turns":4.0},{"damage":11.0,"enemies":"Nightmare","floor":31.0,"turns":4.0},{"damage":0.0,"enemies":"Snake Plant","floor":33.0,"turns":2.0},{"damage":0.0,"enemies":"Cultist and Chosen","floor":34.0,"turns":3.0},{"damage":7.0,"enemies":"WA_ARCHETYPE_CALM","floor":35.0,"turns":4.0},{"damage":0.0,"enemies":"3 Darklings","floor":39.0,"turns":1.0},{"damage":0.0,"enemies":"3 Shapes","floor":42.0,"turns":1.0},{"damage":9.0,"enemies":"Giant Head","floor":43.0,"turns":5.0},{"damage":0.0,"enemies":"Writhing Mass","floor":45.0,"turns":1.0},{"damage":17.0,"enemies":"Maw","floor":46.0,"turns":4.0},{"damage":0.0,"enemies":"4 Shapes","floor":47.0,"turns":1.0},{"damage":0.0,"enemies":"Spire Growth","floor":48.0,"turns":1.0},{"damage":1.0,"enemies":"Writhing Mass","floor":50.0,"turns":3.0},{"damage":0.0,"enemies":"Reptomancer","floor":51.0,"turns":1.0},{"damage":0.0,"enemies":"Maw","floor":52.0,"turns":3.0},{"damage":21.0,"enemies":"SI_POISON_ARCHETYPE","floor":53.0,"turns":3.0},{"damage":0.0,"enemies":"Small Slimes","floor":56.0,"turns":1.0},{"damage":0.0,"enemies":"Jaw Worm","floor":57.0,"turns":1.0},{"damage":0.0,"enemies":"Cultist","floor":58.0,"turns":1.0},{"damage":0.0,"enemies":"Blue Slaver","floor":64.0,"turns":1.0},{"damage":0.0,"enemies":"Red Slaver","floor":65.0,"turns":1.0},{"damage":0.0,"enemies":"Exordium Wildlife","floor":66.0,"turns":1.0},{"damage":0.0,"enemies":"3 Louse","floor":68.0,"turns":1.0},{"damage":0.0,"enemies":"Lots of Slimes","floor":69.0,"turns":1.0},{"damage":21.0,"enemies":"The Guardian","floor":70.0,"turns":3.0},{"damage":0.0,"enemies":"Shell Parasite","floor":73.0,"turns":1.0},{"damage":0.0,"enemies":"Cultist and Chosen","floor":74.0,"turns":2.0},{"damage":0.0,"enemies":"Snecko","floor":77.0,"turns":1.0},{"damage":0.0,"enemies":"Book of Stabbing","floor":78.0,"turns":2.0},{"damage":0.0,"enemies":"Centurion and Healer","floor":79.0,"turns":1.0},{"damage":0.0,"enemies":"Sentry and Sphere","floor":80.0,"turns":1.0},{"damage":0.0,"enemies":"3 Cultists","floor":81.0,"turns":2.0},{"damage":0.0,"enemies":"Centurion and Healer","floor":82.0,"turns":1.0},{"damage":0.0,"enemies":"Gremlin Leader","floor":85.0,"turns":1.0},{"damage":0.0,"enemies":"Snecko","floor":86.0,"turns":2.0},{"damage":0.0,"enemies":"Collector","floor":87.0,"turns":2.0},{"damage":0.0,"enemies":"Orb Walker","floor":90.0,"turns":1.0},{"damage":0.0,"enemies":"3 Shapes","floor":91.0,"turns":1.0},{"damage":0.0,"enemies":"Spire Growth","floor":92.0,"turns":1.0},{"damage":0.0,"enemies":"Reptomancer","floor":95.0,"turns":1.0},{"damage":0.0,"enemies":"infinitespire:Three Voidlings","floor":97.0,"turns":1.0},{"damage":60.0,"enemies":"Nightmare_Alpha","floor":97.0,"turns":4.0},{"damage":0.0,"enemies":"Jaw Worm Horde","floor":100.0,"turns":1.0},{"damage":0.0,"enemies":"Spire Growth","floor":102.0,"turns":1.0},{"damage":0.0,"enemies":"4 Shapes","floor":103.0,"turns":1.0},{"damage":0.0,"enemies":"hubris:GrandSnecko","floor":104.0,"turns":1.0},{"damage":0.0,"enemies":"ME_ARCHETYPE_MERCHANT","floor":106.0,"turns":1.0},{"damage":0,"enemies":"IC_STATUS_ARCHETYPE","floor":109,"turns":7}],"seed_played":"567904377591991606","potions_obtained":[{"floor":3.0,"key":"LifebloodPotion"},{"floor":4.0,"key":"Ancient Potion"},{"floor":5.0,"key":"SkillPotion"},{"floor":15.0,"key":"MagicPotion:ReiMu"},{"floor":16.0,"key":"GrandPatriotsElixir:ReiMu"},{"floor":27.0,"key":"Toxic Potion"},{"floor":29.0,"key":"Energy Potion"},{"floor":31.0,"key":"GamblersBrew"},{"floor":39.0,"key":"BlessingOfTheForge"},{"floor":65.0,"key":"Regen Potion"},{"floor":69.0,"key":"SpeedPotion"}],"is_trial":false,"path_per_floor":["R","M","M","M","M","E","T","M","?","M","?","?","R","$","M","B",null,"R_BF","M","M","?","?","?","PTL","PTL","T","M","R","M","$","NM","R","M","M","B",null,"PTL","PTL","M","?","?","M","E","T","M","M","M","M","$","M","E","M","B",null,"R","M","M","M","?","R","T","?","$","M","M","M","R","M","M","B",null,"R","M","M","?","?","M","E","M","M","M","M","$","R","E","M","B",null,"R","M","M","M","?","$","E","AVR","?","R","?","M","R","M","M","B",null,"E","$","R","B"],"character_chosen":"GUARDIAN","items_purchased":["Gremlin Horn","infinitespire:Beetle Shell","theSenshi:SailorFukuRelic","Guardian:BronzeOrb+1","Bronze Scales","Lizard Tail","reliquary:BrokenClock","MerchantsRug","Oddly Smooth Stone","infinitespire:Lucky Rock"],"campfire_rested":2,"item_purchase_floors":[14,30,30,49,63,83,83,83,94,94],"current_hp_per_floor":[80,80,69,68,64,13,13,13,13,2,2,2,26,26,26,18,80,80,77,71,80,80,80,80,80,80,80,80,80,65,54,54,54,54,47,80,80,80,80,80,80,80,71,71,71,54,54,54,54,53,53,53,32,80,80,80,80,80,80,80,80,80,70,70,70,70,70,70,70,49,80,80,80,80,80,80,80,80,80,80,80,80,80,80,80,80,80,80,80,80,80,80,80,80,80,80,20,44,44,44,44,44,44,44,80,80,80,80,80,80,80],"gold":220,"neow_bonus":"BOSS_RELIC","is_daily":false,"chose_seed":false,"campfire_upgraded":11,"win_rate":0.0,"timestamp":1611988439,"path_taken":["R","M","?","M","M","E","T","M","?","?","?","?","R","$","M","BOSS","R_BF","M","M","?","?","?","PTL","PTL","T","M","R","M","?","NM","R","M","M","BOSS","PTL","PTL","M","?","?","M","E","T","M","M","M","M","$","?","E","M","BOSS","R","M","M","M","?","R","T","?","?","?","?","M","R","M","M","BOSS","BOSS","R","M","M","?","?","M","E","?","M","M","M","$","R","?","M","BOSS","R","M","M","?","?","?","E","AVR","?","R","?","M","R","M","M","BOSS","E","$","R","BOSS"],"items_purchased_type":["Relic","Relic","Relic","Card","Relic","Relic","Relic","Relic","Relic","Relic"],"build_version":"2020-12-22","purchased_purges":7,"victory":false,"max_hp_per_floor":[80,80,80,80,80,80,80,80,80,80,80,80,80,80,80,80,80,80,80,80,80,80,80,80,80,80,80,80,80,80,80,80,80,80,80,80,80,80,80,80,80,80,80,80,80,80,80,80,80,80,80,80,80,80,80,80,80,80,80,80,80,80,80,80,80,80,80,80,80,80,80,80,80,80,80,80,80,80,80,80,80,80,80,80,80,80,80,80,80,80,80,80,80,80,80,80,80,80,80,80,80,80,80,80,80,80,80,80,80,80,80],"card_choices":[{"not_picked":["Guardian:FuturePlans","Guardian:TemporalStrike"],"picked":"Guardian:Planning","floor":2.0},{"not_picked":["Guardian:Reroute","Guardian:CrystalBeam"],"picked":"Guardian:Gem_White","floor":3.0},{"not_picked":["Guardian:Gem_Blue","Guardian:Suspension"],"picked":"Guardian:ChargeCore","floor":4.0},{"not_picked":["Guardian:ArmoredProtocol","Guardian:Gem_Cyan"],"picked":"Guardian:ShieldCharger","floor":5.0},{"not_picked":["Guardian:Gem_Lightblue","Guardian:SentryBeam"],"picked":"Guardian:Gem_Red","floor":6.0},{"not_picked":["Guardian:Gem_Red","Guardian:StasisEngine"],"picked":"Guardian:GuardianWhirl","floor":8.0},{"not_picked":["Guardian:CrystalBeam","Guardian:Gem_Cyan"],"picked":"Guardian:TemporalShield","floor":10.0},{"not_picked":["Guardian:Reroute","Guardian:FloatingOrbs"],"picked":"Guardian:PrimingBeam","floor":11.0},{"not_picked":["Guardian:PiercingHide","Guardian:CompilePackage"],"picked":"Guardian:Gem_Cyan","floor":14.0},{"not_picked":["Guardian:ChargeCore","Guardian:WalkerClaw"],"picked":"Guardian:Incinerate","floor":15.0},{"not_picked":["Guardian:AncientConstruct","Guardian:FastForward"],"picked":"Guardian:GemFire","floor":16.0},{"not_picked":["Guardian:Gem_Cyan","Guardian:ChargeCore+1"],"picked":"Guardian:Gem_Lightblue","floor":19.0},{"not_picked":["Guardian:MultiBeam","Guardian:Preprogram"],"picked":"Guardian:Recover+1","floor":20.0},{"not_picked":["Guardian:BronzeArmor","Guardian:Harden+1"],"picked":"Guardian:Suspension+1","floor":27.0},{"not_picked":["Guardian:Preprogram+1","Guardian:Gem_Green","Guardian:PrimingBeam"],"picked":"SKIP","floor":29.0},{"not_picked":["Guardian:Reroute+1","Guardian:MultiBeam"],"picked":"Guardian:TimeCapacitor","floor":30.0},{"not_picked":["Guardian:Gem_Green","Guardian:Incinerate"],"picked":"Guardian:SentryBeam+1","floor":31.0},{"not_picked":["Guardian:Incinerate","Guardian:Recover"],"picked":"Guardian:TemporalStrike","floor":33.0},{"not_picked":["Guardian:FuturePlans","Guardian:BronzeArmor"],"picked":"Guardian:Suspension","floor":34.0},{"not_picked":["Guardian:FierceBash","Guardian:GemFinder"],"picked":"Guardian:RevengeProtocol","floor":35.0},{"not_picked":["Guardian:PrimingBeam","Guardian:PrismaticBarrier+1"],"picked":"Guardian:ChargeUp+1","floor":39.0},{"not_picked":["Guardian:EvasiveProtocol","Guardian:WalkerClaw+1"],"picked":"Guardian:ChargeCore+1","floor":42.0},{"not_picked":["Guardian:Gem_Red","Guardian:RollAttack"],"picked":"Guardian:Gem_Crimson","floor":43.0},{"not_picked":["Guardian:Harden+1","Guardian:Incinerate","Guardian:PiercingHide"],"picked":"SKIP","floor":45.0},{"not_picked":["Guardian:Harden+1","Guardian:Incinerate","Guardian:PiercingHide"],"picked":"SKIP","floor":45.0},{"not_picked":["Guardian:StasisEngine","Guardian:MultiBeam"],"picked":"Guardian:Gem_Red","floor":46.0},{"not_picked":["Guardian:DecasProtection","Guardian:BodySlam"],"picked":"Guardian:BronzeOrb","floor":47.0},{"not_picked":["Guardian:Gem_Lightblue","Guardian:Recover","Guardian:Incinerate"],"picked":"SKIP","floor":48.0},{"not_picked":["Guardian:Gem_Purple","Guardian:Repulse","Guardian:ChargeCore+1"],"picked":"SKIP","floor":50.0},{"not_picked":["Guardian:Incinerate+1","Guardian:PiercingHide","Guardian:PrimingBeam"],"picked":"SKIP","floor":51.0},{"not_picked":["Guardian:MultiBeam+1","Guardian:Gem_Cyan"],"picked":"Guardian:RefractedBeam+1","floor":52.0},{"not_picked":["Guardian:BaubleBeam","Guardian:StasisEngine"],"picked":"Guardian:Gem_Synthetic","floor":53.0},{"not_picked":["Guardian:RollAttack","Guardian:ArmoredProtocol"],"picked":"Guardian:Gem_Cyan","floor":56.0},{"not_picked":["Guardian:PrimingBeam","Guardian:TemporalShield","Guardian:Gem_Green"],"picked":"SKIP","floor":57.0},{"not_picked":["Guardian:Gem_Blue","Guardian:BodySlam"],"picked":"Guardian:Gem_White","floor":58.0},{"not_picked":["Guardian:Incinerate","Guardian:BronzeArmor","Guardian:TimeBomb"],"picked":"SKIP","floor":64.0},{"not_picked":["Guardian:PolyBeam","Guardian:Gem_Blue"],"picked":"Guardian:Incinerate","floor":65.0},{"not_picked":["Guardian:Suspension","Guardian:TimeBomb","Guardian:Gem_Lightblue"],"picked":"SKIP","floor":66.0},{"not_picked":["Guardian:Gem_Green","Guardian:GuardianWhirl","Guardian:Recover"],"picked":"SKIP","floor":68.0},{"not_picked":["Guardian:Gem_Yellow","Guardian:Repulse"],"picked":"Guardian:BronzeOrb","floor":69.0},{"not_picked":["Guardian:GemFinder","Guardian:StasisStrike"],"picked":"Guardian:TimeSifter","floor":70.0},{"not_picked":["infinitespire:TheBestDefense","infinitespire:SealOfDarkness+"],"picked":"infinitespire:Punishment","floor":70.0},{"not_picked":["Guardian:FuturePlans","Guardian:Gem_Lightblue"],"picked":"Guardian:Gem_Yellow","floor":73.0},{"not_picked":["Guardian:ShieldCharger","Guardian:Reroute","Guardian:Suspension+1"],"picked":"SKIP","floor":74.0},{"not_picked":["Guardian:Suspension","Guardian:TemporalShield","Guardian:ChargeCore+1"],"picked":"SKIP","floor":77.0},{"not_picked":["Guardian:Gem_Cyan","Guardian:PrismaticBeam"],"picked":"Guardian:Gem_Red","floor":78.0},{"not_picked":["Guardian:PiercingHide","Guardian:Gem_Cyan","Guardian:BronzeArmor+1"],"picked":"SKIP","floor":79.0},{"not_picked":["Guardian:Incinerate+1","Guardian:Gem_Red","Guardian:Gem_Green"],"picked":"SKIP","floor":80.0},{"not_picked":["Guardian:SentryBeam","Guardian:SpikerProtocol","Guardian:Clone"],"picked":"SKIP","floor":81.0},{"not_picked":["Guardian:SentryBeam","Guardian:SpikerProtocol","Guardian:Clone"],"picked":"SKIP","floor":81.0},{"not_picked":["Guardian:Gem_Lightblue","Guardian:WalkerClaw","Guardian:MultiBeam+1"],"picked":"SKIP","floor":82.0},{"not_picked":["Guardian:TimeBomb","Guardian:Gem_Purple","Guardian:Gem_Yellow"],"picked":"SKIP","floor":85.0},{"not_picked":["Guardian:ShieldSpikes","Guardian:Gem_Green","Guardian:Gem_Fragmented"],"picked":"SKIP","floor":86.0},{"not_picked":["Guardian:Gem_Red","Guardian:Gem_Green"],"picked":"Guardian:TemporalStrike+1","floor":90.0},{"not_picked":["Guardian:RollAttack+1","Guardian:PiercingHide+1","Guardian:PrimingBeam+1"],"picked":"SKIP","floor":91.0},{"not_picked":["Guardian:RollAttack+1","Guardian:PiercingHide+1","Guardian:PrimingBeam+1"],"picked":"SKIP","floor":91.0},{"not_picked":["Guardian:PrimingBeam","Guardian:Planning"],"picked":"Guardian:Gem_White","floor":92.0},{"not_picked":["Guardian:Gem_Lightblue","Guardian:PrismaticBeam+1","Guardian:VentSteam"],"picked":"SKIP","floor":95.0},{"not_picked":["infinitespire:UltimateForm","infinitespire:NeuralNetwork"],"picked":"hubris:Fate","floor":97.0},{"not_picked":["Guardian:RollAttack+1","Guardian:Gem_Red","Guardian:ChargeUp+1"],"picked":"SKIP","floor":97.0},{"not_picked":["Guardian:PrismaticBarrier+1","Guardian:Planning"],"picked":"Guardian:TemporalStrike","floor":98.0},{"not_picked":["Guardian:Incinerate+1","Guardian:PiercingHide+1","Guardian:VentSteam+1"],"picked":"SKIP","floor":100.0},{"not_picked":["Guardian:Incinerate+1","Guardian:Gem_Crimson"],"picked":"Guardian:Gem_Red","floor":102.0},{"not_picked":["Guardian:SphericShield","Guardian:WalkerClaw+1","Guardian:Recover"],"picked":"SKIP","floor":103.0},{"not_picked":["Guardian:AncientConstruct","Guardian:CompilePackage"],"picked":"Guardian:ConstructionForm","floor":104.0},{"not_picked":["Guardian:Repulse+1","Guardian:TemporalStrike","Guardian:Suspension+1"],"picked":"SKIP","floor":106.0}],"player_experience":1129099,"relics_obtained":[{"floor":6.0,"key":"Blue Doll"},{"floor":7.0,"key":"Bag of Preparation"},{"floor":26.0,"key":"CeramicFish"},{"floor":31.0,"key":"bronze:BronzeIdol"},{"floor":43.0,"key":"aspiration:StickyExplosives"},{"floor":44.0,"key":"reliquary:PartyBalloon"},{"floor":51.0,"key":"reliquary:PrincelyHelmet"},{"floor":61.0,"key":"Dream Catcher"},{"floor":76.0,"key":"Toy Ornithopter"},{"floor":97.0,"key":"hubris:Zylophone"}],"event_choices":[{"damage_healed":0.0,"max_hp_gain":0.0,"max_hp_loss":0.0,"gold_gain":0.0,"event_name":"NoteForYourself","player_choice":"Ignored","floor":9.0,"gold_loss":0.0,"damage_taken":0.0},{"damage_healed":0.0,"max_hp_gain":0.0,"max_hp_loss":0.0,"gold_gain":0.0,"event_name":"Wheel of Change","player_choice":"Relic","floor":76.0,"gold_loss":0.0,"damage_taken":0.0}],"is_beta":false,"boss_relics":[{"not_picked":["aspiration:FutureDiary","ReplayTheSpireMod:DimensionalGlitch"],"picked":"AT_MortalBlade"},{"not_picked":["aspiration:RunesmithSkillbook","Runic Dome"],"picked":"hubris:ScarierMask"},{"not_picked":["aspiration:RunicSpoon","Snecko Eye"],"picked":"Astrolabe"},{"not_picked":["hubris:Backtick","SacredBark"],"picked":"AT_TrinityForce"},{"not_picked":["hubris:VirtuousBlindfold","aspiration:DefectSkillbook"],"picked":"Replay:Grab Bag"},{"not_picked":["SlaversCollar","Velvet Choker"],"picked":"ChewingGum"},{"not_picked":["hubris:CrackedHourglass","Fusion Hammer"],"picked":"Sozu"},{"not_picked":["hubris:Stopwatch","expansioncontent:StudyCardRelic"],"picked":"aspiration:PoetsPen"},{"not_picked":["Runesmith:UraniumAnvil","aspiration:RunicSpoon"],"picked":"RedLine:ReiMu"}],"items_purged_floors":[14,30,49,83,94,96,107],"is_endless":true,"potions_floor_spawned":[3,4,5,15,16,27,29,31,33,39,42,46,47,48,65,66,69,70,77,78,80,82,85,90,95,97,103,104],"killed_by":"IC_STATUS_ARCHETYPE","ascension_level":0}}