{"host":"2se5dq1do2gp0x9k","time":1611997084,"event":{"mods":["AchievementEnabler","BaseMod","Block Reminder","Colored Map","Colored Powertips","Minty Spire (QoL Compilation)","Relic Stats","StSLib","SuperFastMode"],"gold_per_floor":[114,39,39,63,84,84,98,98,98,98,131,131,144,144,144,240,240,254,267,89,14,37,37,37,37],"floor_reached":24,"language":"ENG","playtime":603,"items_purged":["Defend_B","Zap"],"score":372,"play_id":"4d23ef2c-b546-4b8a-a493-93f3c594fff3","local_time":"20210130005804","is_ascension_mode":true,"campfire_choices":[{"data":"Rainbow","floor":6,"key":"SMITH"},{"data":"Hologram","floor":8,"key":"SMITH"},{"data":"Biased Cognition","floor":10,"key":"SMITH"},{"data":"Leap","floor":12,"key":"SMITH"},{"data":"Reinforced Body","floor":15,"key":"SMITH"},{"data":"Loop","floor":23,"key":"SMITH"}],"circlet_count":0,"master_deck":["AscendersBane","Rainbow+1","Lockon","Hologram+1","Leap+1","Biased Cognition+1","Conserve Battery","Reinforced Body+1","Sweeping Beam","Echo Form","Turbo","Loop","Fusion","Blizzard","Amplify","Fusion","Cold Snap","Leap+1","Loop+1","Reinforced Body"],"relics":["Cracked Core","Golden Idol","Cables","Odd Mushroom","Pandora\u0027s Box"],"acts_visited":["Exordium","TheCity"],"potions_floor_usage":[11,16,24],"damage_taken":[{"damage":0,"enemies":"2 Louse","floor":1,"turns":3},{"damage":0,"enemies":"Small Slimes","floor":4,"turns":2},{"damage":12,"enemies":"Jaw Worm","floor":5,"turns":2},{"damage":20,"enemies":"Lots of Slimes","floor":7,"turns":4},{"damage":7,"enemies":"The Mushroom Lair","floor":11,"turns":3},{"damage":5,"enemies":"Blue Slaver","floor":13,"turns":5},{"damage":11,"enemies":"Hexaghost","floor":16,"turns":8},{"damage":12,"enemies":"Chosen","floor":18,"turns":3},{"damage":4,"enemies":"Spheric Guardian","floor":19,"turns":6},{"damage":3,"enemies":"Snecko","floor":22,"turns":4},{"damage":41,"enemies":"Slavers","floor":24,"turns":3}],"seed_played":"2975128551901821392","potions_obtained":[{"floor":1,"key":"SneckoOil"},{"floor":5,"key":"SpeedPotion"},{"floor":11,"key":"Ancient Potion"},{"floor":13,"key":"LiquidBronze"},{"floor":18,"key":"Energy Potion"}],"is_trial":false,"path_per_floor":["M","$","?","M","M","R","M","R","T","R","?","R","M","?","R","B",null,"M","M","$","?","M","R","E"],"character_chosen":"DEFECT","items_purchased":["Loop"],"campfire_rested":0,"item_purchase_floors":[20],"current_hp_per_floor":[64,64,58,58,46,46,26,26,26,26,19,19,14,14,14,3,44,32,28,28,28,25,25,0,0],"gold":37,"neow_bonus":"THREE_RARE_CARDS","is_daily":false,"chose_seed":false,"campfire_upgraded":6,"win_rate":0.0,"timestamp":1611997084,"path_taken":["M","$","?","M","M","R","M","R","T","R","?","R","M","?","R","BOSS","M","M","$","?","M","R","E"],"items_purchased_type":["Card"],"build_version":"2020-12-22","purchased_purges":2,"victory":false,"max_hp_per_floor":[64,64,58,58,58,58,58,58,58,58,58,58,58,58,58,58,58,58,58,58,58,58,58,58,58],"relic_stats":{"counters":[11,43],"Golden Idol":52,"Pandora\u0027s Box":["Turbo","Loop","Fusion","Blizzard","Amplify","Fusion"],"obtain_stats":[{"Golden Idol":3,"Pandora\u0027s Box":17,"Odd Mushroom":11,"Cracked Core":0,"Cables":9},{"Golden Idol":1,"Pandora\u0027s Box":7,"Odd Mushroom":5,"Cracked Core":0,"Cables":4},{"Golden Idol":3,"Pandora\u0027s Box":27,"Odd Mushroom":14,"Cracked Core":0,"Cables":11}],"Cables":[24,17,5,0,2]},"card_choices":[{"not_picked":["Electrodynamics","Echo Form"],"picked":"Rainbow","floor":0},{"not_picked":["Redo","Beam Cell"],"picked":"Lockon","floor":1},{"not_picked":["Beam Cell","Gash"],"picked":"Hologram","floor":4},{"not_picked":["Barrage","Storm"],"picked":"Leap","floor":5},{"not_picked":["Blizzard","Leap"],"picked":"Biased Cognition","floor":7},{"not_picked":["Steam","Gash"],"picked":"Conserve Battery","floor":11},{"not_picked":["Fusion","Streamline"],"picked":"Reinforced Body","floor":13},{"not_picked":["All For One","Multi-Cast"],"picked":"Echo Form","floor":16},{"not_picked":["Coolheaded","Lockon"],"picked":"Cold Snap","floor":18},{"not_picked":["White Noise","Streamline"],"picked":"Leap+1","floor":19},{"not_picked":["Turbo","Barrage"],"picked":"Reinforced Body","floor":22}],"player_experience":3991322,"relics_obtained":[{"floor":9,"key":"Cables"},{"floor":11,"key":"Odd Mushroom"}],"event_choices":[{"damage_healed":0,"gold_gain":0,"player_choice":"Lose Max HP","damage_taken":0,"relics_obtained":["Golden Idol"],"max_hp_gain":0,"max_hp_loss":6,"event_name":"Golden Idol","floor":3,"gold_loss":0},{"damage_healed":0,"gold_gain":0,"player_choice":"Fought Mushrooms","damage_taken":0,"max_hp_gain":0,"max_hp_loss":0,"event_name":"Mushrooms","floor":11,"gold_loss":0},{"damage_healed":0,"gold_gain":0,"cards_transformed":["Strike_B"],"player_choice":"Change","damage_taken":0,"max_hp_gain":0,"max_hp_loss":0,"event_name":"Living Wall","floor":14,"gold_loss":0,"cards_obtained":["Sweeping Beam"]},{"cards_removed":["Dualcast"],"damage_healed":0,"gold_gain":0,"player_choice":"Gave Gold","damage_taken":0,"max_hp_gain":0,"max_hp_loss":0,"event_name":"Beggar","floor":21,"gold_loss":75}],"is_beta":false,"boss_relics":[{"not_picked":["SacredBark","Philosopher\u0027s Stone"],"picked":"Pandora\u0027s Box"}],"items_purged_floors":[2,20],"is_endless":false,"potions_floor_spawned":[1,5,11,13,18],"killed_by":"Slavers","ascension_level":20}}