{"host":"ztbcjri4lmj3mep7","time":1611986827,"event":{"mods":["BaseMod","Become a monster ???","Better Altar","Better Match","Better Sensory Stone","Better Skull","Better Third Choice","Challenge The Spire","Colored Map","DeckTracker","Friendly Minions","Marisa????????","Minty Spire (QoL Compilation)","Quick Restart","Random Character Button","Reliquary","Robot Space Explorer","StSLib","SuperFastMode","Synergy Search","The Marked","The Runesmith","slay the spire mod where everything is the same but ironclad has a cowboy hat"],"gold_per_floor":[117,117,67,78,6,6,6,21,21,21,41,55,55,85,85,188,188,201,201,219,219,76,76,92,92,92,108,8,8,18,18,18],"floor_reached":31,"language":"ENG","playtime":1950,"items_purged":["theMarked:Defend","theMarked:Improvise+1"],"score":260,"play_id":"b93dfcf4-3276-48ae-8fd2-38cb4b007c1b","local_time":"20210130000707","is_ascension_mode":false,"campfire_choices":[{"data":"theMarked:Improvise","floor":6,"key":"SMITH"},{"data":"theMarked:SoldierOfQuellstein","floor":10,"key":"SMITH"},{"floor":15,"key":"REST"},{"data":"theMarked:Generate","floor":23,"key":"SMITH"},{"data":"theMarked:Opportunist","floor":25,"key":"SMITH"}],"circlet_count":0,"master_deck":["theMarked:Strike+1","theMarked:Strike","theMarked:Strike","theMarked:Strike","theMarked:Defend","theMarked:Defend","theMarked:Defend","theMarked:SoldierOfQuellstein+1","theMarked:ChainLightning+1","theMarked:HeightenedSenses","theMarked:Aftermath","theMarked:Opportunist+1","theMarked:Toughness","theMarked:Electrify","Insight","theMarked:Generate+1","theMarked:Maelstrom"],"relics":["theMarked:ArtifactOfAir","Vajra","CultistMask","HornCleat","reliquary:WeakTea","Sozu","reliquary:Stiletto","betterThird:NestCultRelic"],"acts_visited":["Exordium","TheCity"],"potions_floor_usage":[27,31],"damage_taken":[{"damage":3,"enemies":"Jaw Worm","floor":1,"turns":4},{"damage":0,"enemies":"2 Louse","floor":4,"turns":3},{"damage":1,"enemies":"Cultist","floor":8,"turns":3},{"damage":0,"enemies":"Large Slime","floor":11,"turns":4},{"damage":9,"enemies":"3 Louse","floor":12,"turns":2},{"damage":0,"enemies":"3 Sentries","floor":14,"turns":5},{"damage":25,"enemies":"Slime Boss","floor":16,"turns":9},{"damage":4,"enemies":"3 Byrds","floor":18,"turns":6},{"damage":0,"enemies":"2 Thieves","floor":20,"turns":3},{"damage":3,"enemies":"Shelled Parasite and Fungi","floor":24,"turns":4},{"damage":22,"enemies":"Cultist and Chosen","floor":27,"turns":6},{"damage":26,"enemies":"Centurion and Healer","floor":30,"turns":5},{"damage":22,"enemies":"Slavers","floor":31,"turns":3}],"seed_played":"-3284642109831491180","potions_obtained":[{"floor":8,"key":"SneckoOil"},{"floor":16,"key":"Block Potion"}],"is_trial":false,"path_per_floor":["M","?","?","M","$","R","?","M","T","R","M","M","?","E","R","B",null,"M","?","M","?","$","R","M","R","T","M","$","?","M","E"],"character_chosen":"THE_DEFAULT","items_purchased":["theMarked:ChainLightning","theMarked:HeightenedSenses","theMarked:Generate"],"campfire_rested":1,"item_purchase_floors":[5,5,22],"current_hp_per_floor":[74,71,71,71,71,71,71,70,70,70,70,61,46,46,69,44,77,73,73,73,73,73,73,70,70,70,48,48,48,22,0,0],"gold":18,"neow_bonus":"TEN_PERCENT_HP_BONUS","is_daily":false,"chose_seed":false,"campfire_upgraded":4,"win_rate":0.0,"timestamp":1611986827,"path_taken":["M","?","?","M","?","R","?","M","T","R","M","?","?","E","R","BOSS","M","?","M","?","?","R","M","R","T","M","$","?","M","E"],"items_purchased_type":["Card","Card","Card"],"build_version":"2020-12-22","purchased_purges":2,"victory":false,"max_hp_per_floor":[77,77,77,77,77,77,77,77,77,77,77,77,77,77,77,77,77,77,77,77,77,77,77,77,77,77,77,77,77,77,77,77],"card_choices":[{"not_picked":["theMarked:WardOff","theMarked:TakeCover"],"picked":"theMarked:Improvise","floor":1},{"not_picked":["theMarked:Pokerface","theMarked:TakeCover","theMarked:LightningStrikesTwice"],"picked":"SKIP","floor":4},{"not_picked":["theMarked:ShockingTouch","theMarked:Electrocute","theMarked:Memento"],"picked":"SKIP","floor":8},{"not_picked":["theMarked:BanishingStrike","theMarked:MysticalArsenal"],"picked":"theMarked:Aftermath","floor":11},{"not_picked":["theMarked:HeightenedSenses","theMarked:EmpowerWeapon","theMarked:Vacuum"],"picked":"SKIP","floor":12},{"not_picked":["theMarked:Seal","theMarked:Frustration"],"picked":"theMarked:Opportunist","floor":14},{"not_picked":["theMarked:Abjuration","theMarked:Challenge"],"picked":"theMarked:Toughness","floor":16},{"not_picked":["theMarked:Frustration","theMarked:HeightenedSenses+1"],"picked":"theMarked:Electrify","floor":18},{"not_picked":["theMarked:RepellingDischarge","theMarked:Standoff","theMarked:WardOff"],"picked":"SKIP","floor":20},{"not_picked":["theMarked:ElectricStrings+1","theMarked:Electrify+1","theMarked:Frustration"],"picked":"SKIP","floor":24},{"not_picked":["theMarked:CreepingChasm","theMarked:HeightenedSenses+1"],"picked":"theMarked:Maelstrom","floor":27},{"not_picked":["theMarked:ElectricStrings","theMarked:SwordAndMagic","theMarked:BanishingStrike"],"picked":"SKIP","floor":30}],"player_experience":748147,"relics_obtained":[{"floor":9,"key":"HornCleat"},{"floor":14,"key":"reliquary:WeakTea"},{"floor":26,"key":"reliquary:Stiletto"}],"event_choices":[{"damage_healed":0,"gold_gain":0,"player_choice":"Relic ","damage_taken":3,"max_hp_gain":0,"max_hp_loss":0,"event_name":"betterThird:BetterScrap","floor":2,"gold_loss":0,"cards_obtained":["Entrench"]},{"cards_removed":["theMarked:Strike"],"damage_healed":0,"gold_gain":0,"player_choice":"Card Removal","damage_taken":0,"max_hp_gain":0,"max_hp_loss":0,"event_name":"The Cleric","floor":3,"gold_loss":50},{"damage_healed":0,"gold_gain":0,"player_choice":"Trade","damage_taken":0,"relics_obtained":["CultistMask"],"max_hp_gain":0,"max_hp_loss":0,"event_name":"FaceTrader","floor":7,"gold_loss":0},{"damage_healed":61,"gold_gain":0,"player_choice":"Upgrade","damage_taken":15,"max_hp_gain":0,"max_hp_loss":77,"event_name":"betterThird:BetterShining","floor":13,"gold_loss":0,"cards_upgraded":["theMarked:Strike","theMarked:ChainLightning"]},{"damage_healed":0,"gold_gain":0,"player_choice":"Insight","damage_taken":0,"max_hp_gain":0,"max_hp_loss":0,"event_name":"betterThird:BetterWriting","floor":19,"gold_loss":0,"cards_obtained":["Insight"]},{"damage_healed":0,"gold_gain":0,"player_choice":"Ignored","damage_taken":0,"max_hp_gain":0,"max_hp_loss":0,"event_name":"Ghosts","floor":21,"gold_loss":0},{"damage_healed":0,"gold_gain":0,"player_choice":"Madness","damage_taken":0,"relics_obtained":["betterThird:NestCultRelic"],"max_hp_gain":0,"max_hp_loss":0,"event_name":"betterThird:BetterNest","floor":29,"gold_loss":0}],"is_beta":false,"boss_relics":[{"not_picked":["reliquary:Ember","reliquary:WritOfMandamus"],"picked":"Sozu"}],"items_purged_floors":[22,28],"is_endless":false,"potions_floor_spawned":[8,16,24,30],"killed_by":"Slavers","ascension_level":0}}