{"host":"Tuck","time":1611966464,"event":{"mods":["BaseMod","Minty Spire (QoL Compilation)","StSLib"],"gold_per_floor":[364,314,314,314,330,359,379,379,379,408,428,428,428,428],"floor_reached":13,"language":"ENG","playtime":512,"items_purged":[],"score":98,"play_id":"235b63b2-d490-4e2b-a7be-7b04c80b5ba7","local_time":"20210129172744","is_ascension_mode":true,"campfire_choices":[{"data":"Corpse Explosion","floor":8,"key":"SMITH"}],"circlet_count":0,"master_deck":["Strike_G","Strike_G","Strike_G","Strike_G","Defend_G","Defend_G","Defend_G","Defend_G","Defend_G","Survivor","Neutralize","PiercingWail","Dodge and Roll","Noxious Fumes+1","Poisoned Stab+1","Corpse Explosion+1","PiercingWail","Acrobatics","Poisoned Stab"],"relics":["Ring of the Snake","Pantograph","Centennial Puzzle","Torii","Mercury Hourglass","Golden Idol"],"acts_visited":["Exordium"],"potions_floor_usage":[10,13],"damage_taken":[{"damage":0,"enemies":"2 Louse","floor":1,"turns":4},{"damage":2,"enemies":"Small Slimes","floor":5,"turns":4},{"damage":14,"enemies":"Gremlin Nob","floor":6,"turns":3},{"damage":1,"enemies":"Jaw Worm","floor":7,"turns":4},{"damage":2,"enemies":"3 Sentries","floor":10,"turns":4},{"damage":0,"enemies":"Lots of Slimes","floor":11,"turns":1},{"damage":0,"enemies":"Gremlin Nob","floor":13,"turns":2}],"seed_played":"8756294592025431927","potions_obtained":[{"floor":6,"key":"ColorlessPotion"},{"floor":7,"key":"LiquidMemories"}],"is_trial":false,"path_per_floor":["M","?","?","T","M","E","M","R","T","E","M","?","E"],"character_chosen":"THE_SILENT","items_purchased":[],"campfire_rested":0,"item_purchase_floors":[],"current_hp_per_floor":[49,49,49,49,47,33,32,32,32,30,30,13,13,13],"gold":428,"neow_bonus":"TWO_FIFTY_GOLD","is_daily":false,"chose_seed":false,"campfire_upgraded":1,"win_rate":0.0,"timestamp":1611966464,"path_taken":["M","?","?","?","M","E","?","R","T","E","M","?","E"],"items_purchased_type":[],"build_version":"2020-12-18","purchased_purges":0,"victory":false,"max_hp_per_floor":[70,70,70,70,70,70,70,70,70,70,70,70,70,70],"card_choices":[{"not_picked":["Dagger Throw","Bane"],"picked":"PiercingWail","floor":1},{"not_picked":["PiercingWail","Dagger Throw"],"picked":"Dodge and Roll","floor":5},{"not_picked":["Heel Hook","Grand Finale"],"picked":"Corpse Explosion","floor":6},{"not_picked":["Dodge and Roll","Finisher"],"picked":"PiercingWail","floor":7},{"not_picked":["Predator","Prepared"],"picked":"Acrobatics","floor":10},{"not_picked":["Underhanded Strike","Dagger Spray"],"picked":"Poisoned Stab","floor":11}],"player_experience":2295866,"relics_obtained":[{"floor":4,"key":"Pantograph"},{"floor":6,"key":"Centennial Puzzle"},{"floor":9,"key":"Torii"},{"floor":10,"key":"Mercury Hourglass"}],"event_choices":[{"cards_removed":["Strike_G"],"damage_healed":0,"gold_gain":0,"player_choice":"Card Removal","damage_taken":0,"max_hp_gain":0,"max_hp_loss":0,"event_name":"The Cleric","floor":2,"gold_loss":50},{"damage_healed":0,"gold_gain":0,"player_choice":"Ignored","damage_taken":0,"max_hp_gain":0,"max_hp_loss":0,"event_name":"Liars Game","floor":3,"gold_loss":0},{"damage_healed":0,"gold_gain":0,"player_choice":"Take Damage","damage_taken":17,"relics_obtained":["Golden Idol"],"max_hp_gain":0,"max_hp_loss":0,"event_name":"Golden Idol","floor":12,"gold_loss":0}],"is_beta":true,"boss_relics":[],"items_purged_floors":[],"is_endless":false,"potions_floor_spawned":[6,7],"killed_by":"Gremlin Nob","ascension_level":1}}