{"host":"iittsup1ixgwip8e","time":1611982254,"event":{"mods":["A Magickal Journey","Aspiration","BaseMod","Challenge The Spire","Clockwork Mod","Colored Powertips","Conspire","Downfall","Energized Spire","Exacting","GifTheSpireLib","Halation","Hermit","Hubris","Infinite Spire","Mari Mod (Legacy)","Mari\u0027s V1 Patch","Marisa????????","Mimic Mod","Minty Spire (QoL Compilation)","Quick Restart","READ ME - Guardian Mod","Replay The Spire","Shop Mod","Spikes Relics","Spire Arcade","StSLib","Stuff the Spire","The Animator","The Cursed","The Disciple","The Jungle","The Marked","The Runesmith","The Servant 0.9.4","The Valiant","The Vixen"],"gold_per_floor":[29,29,29,29,43,62,96,96,124,143,143,143,143,157,157,184,184,297,297,312,312,312,322,340,367,367,380,405,418,418,418,418],"floor_reached":31,"language":"ENG","playtime":7341,"items_purged":["Parasite"],"score":259,"play_id":"80068314-8801-491a-9914-b04acb79c202","local_time":"20210129235054","is_ascension_mode":false,"campfire_choices":[{"floor":8.0,"key":"RECALL"},{"data":"hermit:Vantage","floor":12.0,"key":"SMITH"},{"data":"hermit:WideOpen","floor":15.0,"key":"SMITH"},{"data":"hermit:WideOpen","floor":17.0,"key":"SMITH"},{"floor":26.0,"key":"REST"}],"circlet_count":0,"master_deck":["hermit:Strike_Hermit","hermit:Strike_Hermit","hermit:Strike_Hermit","hermit:Strike_Hermit","hermit:Defend_Hermit","hermit:Defend_Hermit","hermit:Defend_Hermit","hermit:Defend_Hermit","hermit:Snapshot","hermit:Covet","hermit:WideOpen+1","hermit:Vantage+1","hermit:WideOpen+1","hermit:DeadMansHand","hermit:GhostlyPresence","hermit:Ricochet","hermit:EyeOfTheStorm","hermit:Virtue","hermit:Gambit","hermit:Combo","hermit:Roulette+1","hermit:HighCaliber","hermit:HighCaliber","hermit:WideOpen+1","hermit:Horror","hermit:Snapshot"],"relics":["StuffTheSpire:OccultApparatus","hubris:GlazedTorus","hubris:Metronome","conspire:RoyalGoblet","hubris:Towel","halation:Trompette","Runesmith:Nanobots","infinitespire:Lucky Rock"],"acts_visited":["Exordium","TheCity"],"potions_floor_usage":[31],"damage_taken":[{"damage":1.0,"enemies":"2 Louse","floor":1.0,"turns":3.0},{"damage":1.0,"enemies":"Jaw Worm","floor":5.0,"turns":2.0},{"damage":0.0,"enemies":"Cultist","floor":6.0,"turns":2.0},{"damage":1.0,"enemies":"3 Louse","floor":7.0,"turns":3.0},{"damage":7.0,"enemies":"Blue Slaver","floor":9.0,"turns":3.0},{"damage":5.0,"enemies":"Exordium Wildlife","floor":10.0,"turns":4.0},{"damage":1.0,"enemies":"2 Fungi Beasts","floor":14.0,"turns":2.0},{"damage":24.0,"enemies":"Gremlin Nob","floor":16.0,"turns":4.0},{"damage":48.0,"enemies":"Slime Boss","floor":18.0,"turns":11.0},{"damage":14.0,"enemies":"Spheric Guardian","floor":20.0,"turns":5.0},{"damage":5.0,"enemies":"Chosen","floor":23.0,"turns":2.0},{"damage":1.0,"enemies":"Snecko","floor":24.0,"turns":3.0},{"damage":49.0,"enemies":"Gremlin Leader","floor":25.0,"turns":7.0},{"damage":10.0,"enemies":"Chosen and Byrds","floor":27.0,"turns":4.0},{"damage":14,"enemies":"Snake Plant","floor":29,"turns":3},{"damage":9,"enemies":"Sentry and Sphere","floor":31,"turns":2}],"seed_played":"2628512667418282123","potions_obtained":[{"floor":5.0,"key":"hexamod:SoulburnPotion"},{"floor":9.0,"key":"LiquidBronze"},{"floor":10.0,"key":"Regen Potion"},{"floor":18.0,"key":"Elixir"},{"floor":25.0,"key":"bronze:BurnAndBuffPotion"},{"floor":27.0,"key":"Fruit Juice"},{"floor":29,"key":"Swift Potion"}],"is_trial":false,"path_per_floor":["M","?","PTL","PTL","M","M","M","R","M","M","T","R","?","M","R","E","R","B",null,"M","?","AVR","M","M","E","R","M","T","M","?","M"],"character_chosen":"HERMIT","items_purchased":[],"campfire_rested":1,"item_purchase_floors":[],"current_hp_per_floor":[74,74,74,74,73,73,72,72,65,60,60,60,75,74,74,50,50,17,75,61,61,61,56,55,6,27,22,22,8,8,0,0],"gold":418,"neow_bonus":"ONE_RARE_RELIC","is_daily":false,"chose_seed":false,"campfire_upgraded":3,"win_rate":0.0,"timestamp":1611982254,"path_taken":["M","?","PTL","PTL","M","M","M","R","M","M","T","R","?","M","R","E","R","BOSS","M","?","AVR","M","M","E","R","M","T","M","?","M"],"items_purchased_type":[],"build_version":"2020-12-22","purchased_purges":1,"victory":false,"max_hp_per_floor":[75,75,75,75,75,75,75,75,75,75,75,75,75,75,75,75,75,75,75,75,75,72,72,72,72,72,77,77,77,77,77,77],"card_choices":[{"not_picked":["hermit:Vantage","hermit:Snipe"],"picked":"hermit:WideOpen","floor":1.0},{"not_picked":["hermit:BodyArmor","hermit:HighCaliber"],"picked":"hermit:Vantage","floor":5.0},{"not_picked":["hermit:Desperado","hermit:ItchyTrigger"],"picked":"hermit:WideOpen","floor":6.0},{"not_picked":["hermit:Roulette","hermit:NoHoldsBarred"],"picked":"hermit:DeadMansHand","floor":7.0},{"not_picked":["hermit:ShadowCloak","hermit:Roulette"],"picked":"hermit:GhostlyPresence","floor":9.0},{"not_picked":["hermit:ItchyTrigger","hermit:Coalescence"],"picked":"hermit:Ricochet","floor":10.0},{"not_picked":["hermit:BodyArmor","hermit:Ricochet"],"picked":"hermit:EyeOfTheStorm","floor":14.0},{"not_picked":["hermit:Snipe","hermit:GoldenBullet"],"picked":"hermit:Virtue","floor":16.0},{"not_picked":["hermit:Dissolve","hermit:DeadOrAlive"],"picked":"hermit:Gambit","floor":18.0},{"not_picked":["hermit:CursedWeapon","hermit:Feint"],"picked":"hermit:Combo","floor":20.0},{"not_picked":["hermit:Misfire","hermit:Determination"],"picked":"hermit:Roulette+1","floor":23.0},{"not_picked":["hermit:FinalCanter","hermit:TakeAim+1"],"picked":"hermit:HighCaliber","floor":24.0},{"not_picked":["hermit:Deadeye","hermit:Vantage"],"picked":"hermit:HighCaliber","floor":25.0},{"not_picked":["hermit:Combo","hermit:ShadowCloak"],"picked":"hermit:WideOpen+1","floor":27.0},{"not_picked":["hermit:Maintenance","hermit:BodyArmor"],"picked":"hermit:Horror","floor":29}],"player_experience":110573,"relics_obtained":[{"floor":16.0,"key":"hubris:Metronome"},{"floor":25.0,"key":"Runesmith:Nanobots"},{"floor":28.0,"key":"infinitespire:Lucky Rock"}],"event_choices":[{"damage_healed":18.0,"max_hp_gain":0.0,"max_hp_loss":0.0,"gold_gain":0.0,"event_name":"Mushrooms","player_choice":"Healed and dodged fight","floor":13.0,"gold_loss":0.0,"damage_taken":0.0,"cards_obtained":["Parasite"]},{"damage_healed":0,"gold_gain":0,"player_choice":"Copied","damage_taken":0,"max_hp_gain":0,"max_hp_loss":0,"event_name":"Duplicator","floor":30,"gold_loss":0,"cards_obtained":["hermit:Snapshot"]}],"is_beta":false,"boss_relics":[{"not_picked":["Runic Dome","energizedSpire:SpiderWeb"],"picked":"conspire:RoyalGoblet"}],"items_purged_floors":[22],"is_endless":false,"potions_floor_spawned":[5,9,10,18,25,27,29],"killed_by":"Sentry and Sphere","ascension_level":0}}