{"host":"mmqs5ul2bvb60kyc","time":1611968357,"event":{"mods":["AchievementEnabler","BaseMod","Colored Map","Colored Powertips","Minty Spire (QoL Compilation)","Quick Restart","StSLib"],"gold_per_floor":[15,15,15,165,183,183,183,183,183,222,222,147,147,191,191,282,282,301,317,144,164,164,207,207,245,245,284,307,182,182,206,206,299,299,318,174,190,215,236,280,280,323,350,374,405,405,405,120,120,120,120,120,48,83,83],"floor_reached":56,"language":"ZHS","playtime":3150,"items_purged":["Doubt","Strike_R","Strike_R"],"score":2205,"play_id":"43861786-58fa-43c8-b468-0c3b9247e9b9","local_time":"20210130085917","is_ascension_mode":true,"campfire_choices":[{"data":"Apotheosis","floor":6.0,"key":"SMITH"},{"floor":8.0,"key":"REST"},{"data":"Metallicize","floor":13.0,"key":"SMITH"},{"floor":15.0,"key":"RECALL"},{"floor":24.0,"key":"REST"},{"floor":32.0,"key":"REST"},{"data":"Burning Pact","floor":41.0,"key":"SMITH"},{"data":"Pommel Strike","floor":47.0,"key":"SMITH"},{"data":"Burning Pact","floor":49.0,"key":"SMITH"},{"data":"Evolve","floor":52.0,"key":"SMITH"}],"circlet_count":0,"master_deck":["AscendersBane","Strike_R","Strike_R","Strike_R","Defend_R","Defend_R","Defend_R","Bash","Apotheosis+1","Shrug It Off","Whirlwind","Metallicize+1","Fiend Fire","Barricade","Seeing Red","Flex","Burning Pact+1","Disarm","Battle Trance+1","Shockwave","Dark Embrace+1","Pommel Strike+1","Limit Break","Power Through","Juggernaut","Feel No Pain","Evolve+1","Feed","True Grit","Feel No Pain","Seeing Red","Dark Embrace","Inflame","Burning Pact+1","Second Wind","Inflame"],"relics":["Black Blood","Golden Idol","Bag of Preparation","Vajra","Mercury Hourglass","Enchiridion","Lizard Tail","Self Forming Clay","Regal Pillow","Nloth\u0027s Gift","Coffee Dripper","Orrery","Juzu Bracelet","StrikeDummy","PreservedInsect","Akabeko","OrangePellets","Happy Flower"],"acts_visited":["Exordium","TheCity","TheBeyond","TheEnding"],"potions_floor_usage":[54,55],"damage_taken":[{"damage":4.0,"enemies":"Small Slimes","floor":1.0,"turns":5.0},{"damage":2.0,"enemies":"Jaw Worm","floor":5.0,"turns":6.0},{"damage":11.0,"enemies":"3 Sentries","floor":10.0,"turns":4.0},{"damage":15.0,"enemies":"Lagavulin","floor":14.0,"turns":8.0},{"damage":0.0,"enemies":"Slime Boss","floor":16.0,"turns":7.0},{"damage":0.0,"enemies":"3 Byrds","floor":18.0,"turns":5.0},{"damage":17.0,"enemies":"Shell Parasite","floor":19.0,"turns":9.0},{"damage":19.0,"enemies":"Snecko","floor":21.0,"turns":6.0},{"damage":21.0,"enemies":"Book of Stabbing","floor":23.0,"turns":6.0},{"damage":12.0,"enemies":"Gremlin Leader","floor":25.0,"turns":5.0},{"damage":28.0,"enemies":"Book of Stabbing","floor":27.0,"turns":8.0},{"damage":17.0,"enemies":"Chosen and Byrds","floor":28.0,"turns":8.0},{"damage":11.0,"enemies":"Cultist and Chosen","floor":31.0,"turns":5.0},{"damage":29.0,"enemies":"Automaton","floor":33.0,"turns":6.0},{"damage":25.0,"enemies":"3 Darklings","floor":35.0,"turns":3.0},{"damage":4.0,"enemies":"Orb Walker","floor":37.0,"turns":7.0},{"damage":22.0,"enemies":"4 Shapes","floor":38.0,"turns":4.0},{"damage":4.0,"enemies":"Sphere and 2 Shapes","floor":39.0,"turns":8.0},{"damage":3.0,"enemies":"Nemesis","floor":40.0,"turns":12.0},{"damage":13.0,"enemies":"Reptomancer","floor":42.0,"turns":5.0},{"damage":0.0,"enemies":"Maw","floor":44.0,"turns":7.0},{"damage":0.0,"enemies":"Giant Head","floor":45.0,"turns":9.0},{"damage":17.0,"enemies":"Time Eater","floor":50.0,"turns":8.0},{"damage":47,"enemies":"Shield and Spear","floor":54,"turns":7},{"damage":14,"enemies":"The Heart","floor":55,"turns":11}],"seed_played":"-6483797773869984646","potions_obtained":[{"floor":1.0,"key":"SpeedPotion"},{"floor":10.0,"key":"SteroidPotion"},{"floor":16.0,"key":"Weak Potion"},{"floor":23.0,"key":"SkillPotion"},{"floor":28.0,"key":"PowerPotion"},{"floor":35.0,"key":"DuplicationPotion"}],"is_trial":false,"path_per_floor":["M","?","?","?","M","R","?","R","T","E","?","$","R","E","R","B",null,"M","M","$","M","?","E","R","E","T","E","M","$","?","M","R","B",null,"M","$","M","M","M","E","R","E","T","M","E","?","R","$","R","B",null,"R","$","E","B",null],"character_chosen":"IRONCLAD","items_purchased":["Burning Pact","Orrery","Inflame","Burning Pact","OrangePellets","Second Wind"],"campfire_rested":3,"item_purchase_floors":[20,36,48,48,48,53],"current_hp_per_floor":[70,44,44,44,48,48,22,44,44,39,44,44,44,35,35,41,70,80,75,75,68,47,38,62,62,62,46,41,41,41,42,80,63,76,63,63,75,65,77,90,90,89,89,96,100,100,100,100,100,95,99,99,99,64,62],"gold":83,"neow_bonus":"RANDOM_COLORLESS_2","is_daily":false,"chose_seed":false,"campfire_upgraded":6,"win_rate":0.0,"timestamp":1611968357,"path_taken":["M","?","?","?","M","R","?","R","T","E","?","?","R","E","R","BOSS","M","M","$","M","?","E","R","E","T","E","M","$","?","M","R","BOSS","M","?","?","M","M","E","R","E","T","M","E","?","R","$","R","BOSS","R","$","E","BOSS"],"items_purchased_type":["Card","Relic","Card","Card","Relic","Card"],"build_version":"2020-12-22","purchased_purges":3,"victory":true,"max_hp_per_floor":[75,75,75,75,75,75,75,75,75,75,80,80,80,80,80,80,80,80,80,80,80,80,80,80,80,80,80,80,80,80,80,80,80,80,80,80,84,84,88,92,92,92,92,96,100,100,100,100,100,100,100,100,100,100,100],"card_choices":[{"not_picked":["Thinking Ahead","The Bomb"],"picked":"Apotheosis","floor":0.0},{"not_picked":["Thunderclap","Pummel"],"picked":"Shrug It Off","floor":1.0},{"not_picked":["Armaments","Thunderclap"],"picked":"Whirlwind","floor":5.0},{"not_picked":["Warcry","Iron Wave"],"picked":"Metallicize","floor":10.0},{"not_picked":["Wild Strike","Flame Barrier"],"picked":"Fiend Fire","floor":14.0},{"not_picked":["Immolate","Double Tap"],"picked":"Barricade","floor":16.0},{"not_picked":["Heavy Blade","Searing Blow"],"picked":"Seeing Red","floor":18.0},{"not_picked":["Clothesline","Reckless Charge"],"picked":"Flex","floor":19.0},{"not_picked":["Clothesline","Sword Boomerang"],"picked":"Disarm","floor":21.0},{"not_picked":["Havoc","Flex"],"picked":"Battle Trance+1","floor":23.0},{"not_picked":["Searing Blow","Disarm"],"picked":"Shockwave","floor":25.0},{"not_picked":["Immolate","Body Slam"],"picked":"Dark Embrace+1","floor":27.0},{"not_picked":["Clothesline","Wild Strike","Dual Wield"],"picked":"SKIP","floor":28.0},{"not_picked":["Cleave","Armaments"],"picked":"Pommel Strike","floor":31.0},{"not_picked":["Double Tap","Impervious"],"picked":"Limit Break","floor":33.0},{"not_picked":["Feel No Pain","Headbutt"],"picked":"Power Through","floor":35.0},{"not_picked":["Clash","Barricade"],"picked":"Juggernaut","floor":36.0},{"not_picked":["Body Slam","Thunderclap"],"picked":"Feel No Pain","floor":36.0},{"not_picked":["Sword Boomerang","Heavy Blade+1"],"picked":"Evolve","floor":36.0},{"not_picked":["Wild Strike","Dual Wield"],"picked":"Feed","floor":36.0},{"not_picked":["Flex","Headbutt+1"],"picked":"True Grit","floor":37.0},{"not_picked":["Whirlwind","Sever Soul+1"],"picked":"Feel No Pain","floor":38.0},{"not_picked":["Fiend Fire","Uppercut+1","Twin Strike+1"],"picked":"SKIP","floor":39.0},{"not_picked":["Exhume","Clothesline","Corruption"],"picked":"SKIP","floor":40.0},{"not_picked":["Exhume","Clothesline","Corruption"],"picked":"SKIP","floor":40.0},{"not_picked":["True Grit","Shockwave"],"picked":"Seeing Red","floor":42.0},{"not_picked":["Sword Boomerang+1","Searing Blow","Twin Strike"],"picked":"SKIP","floor":44.0},{"not_picked":["Anger+1","Feel No Pain"],"picked":"Dark Embrace","floor":45.0},{"not_picked":["Searing Blow","Infernal Blade+1"],"picked":"Inflame","floor":54}],"player_experience":312443,"relics_obtained":[{"floor":10.0,"key":"Vajra"},{"floor":14.0,"key":"Mercury Hourglass"},{"floor":22.0,"key":"Enchiridion"},{"floor":23.0,"key":"Lizard Tail"},{"floor":25.0,"key":"Self Forming Clay"},{"floor":26.0,"key":"Regal Pillow"},{"floor":27.0,"key":"Frozen Egg 2"},{"floor":40.0,"key":"Juzu Bracelet"},{"floor":42.0,"key":"StrikeDummy"},{"floor":43.0,"key":"PreservedInsect"},{"floor":45.0,"key":"Akabeko"},{"floor":54,"key":"Happy Flower"}],"event_choices":[{"damage_healed":0.0,"max_hp_gain":0.0,"max_hp_loss":0.0,"gold_gain":0.0,"event_name":"Golden Idol","player_choice":"Take Damage","floor":2.0,"gold_loss":0.0,"damage_taken":26.0,"relics_obtained":["Golden Idol"]},{"damage_healed":0.0,"max_hp_gain":0.0,"max_hp_loss":0.0,"gold_gain":0.0,"event_name":"Shining Light","player_choice":"Ignored","floor":3.0,"gold_loss":0.0,"damage_taken":0.0},{"damage_healed":0.0,"max_hp_gain":0.0,"max_hp_loss":0.0,"gold_gain":150.0,"event_name":"Liars Game","player_choice":"AGREE","floor":4.0,"gold_loss":0.0,"damage_taken":0.0,"cards_obtained":["Doubt"]},{"damage_healed":0.0,"max_hp_gain":0.0,"max_hp_loss":0.0,"gold_gain":0.0,"event_name":"Scrap Ooze","player_choice":"Success","floor":7.0,"gold_loss":0.0,"damage_taken":26.0,"relics_obtained":["Bag of Preparation"]},{"damage_healed":0.0,"max_hp_gain":5.0,"max_hp_loss":0.0,"gold_gain":0.0,"event_name":"Big Fish","player_choice":"Donut","floor":11.0,"gold_loss":0.0,"damage_taken":0.0},{"damage_healed":0.0,"max_hp_gain":0.0,"max_hp_loss":0.0,"gold_gain":0.0,"event_name":"Cursed Tome","player_choice":"Obtained Book","floor":22.0,"gold_loss":0.0,"damage_taken":21.0},{"damage_healed":0.0,"max_hp_gain":0.0,"max_hp_loss":0.0,"gold_gain":0.0,"event_name":"N\u0027loth","player_choice":"Traded Relic","floor":30.0,"relics_lost":["Frozen Egg 2"],"gold_loss":0.0,"damage_taken":0.0,"relics_obtained":["Nloth\u0027s Gift"]},{"cards_removed":["Defend_R"],"damage_healed":0.0,"max_hp_gain":0.0,"max_hp_loss":0.0,"gold_gain":0.0,"event_name":"Falling","player_choice":"Removed Skill","floor":46.0,"gold_loss":0.0,"damage_taken":0.0}],"is_beta":false,"boss_relics":[{"not_picked":["Ectoplasm","Tiny House"],"picked":"Black Blood"},{"not_picked":["Busted Crown","Calling Bell"],"picked":"Coffee Dripper"}],"items_purged_floors":[12,20,29],"is_endless":false,"potions_floor_spawned":[1,10,16,19,23,27,28,31,35,37,38,39],"ascension_level":15}}