{"host":"c6xy0a74zz7y4nf6","time":1611975287,"event":{"mods":["BaseMod","Colored Map","Downfall","Minty Spire (QoL Compilation)","StSLib"],"gold_per_floor":[109,128,14,31,49,76,76,107,159,159,187,217,237,252,252,353,353,363,396,396,468,487,515,515,527,554,554,12,32,32,32,32,136,136,153,171,188,188,91,91,103,120,144,159,159,174,174,193,193,193,193,193,0,35,35,35],"floor_reached":55,"language":"ENG","playtime":3247,"items_purged":["Strike_G","downfall:Bewildered","Riddle With Holes+1"],"score":752,"play_id":"8e56dfa5-582d-4271-b68e-7792e93f5628","local_time":"20210129205447","is_ascension_mode":true,"campfire_choices":[{"floor":7,"key":"REST"},{"floor":10,"key":"REST"},{"floor":15,"key":"REST"},{"floor":27,"key":"REST"},{"floor":32,"key":"REST"},{"floor":40,"key":"RECALL"},{"floor":45,"key":"REST"},{"floor":49,"key":"REST"},{"data":"Footwork","floor":52,"key":"SMITH"}],"circlet_count":0,"master_deck":["Defend_G","Defend_G","Defend_G","Defend_G","Defend_G","Survivor","Neutralize","Backflip","Dagger Spray","Noxious Fumes","Distraction","PiercingWail","Dash","Prepared","Flying Knee","Underhanded Strike","Sucker Punch","Tools of the Trade","Blur","Reflex","Underhanded Strike","Footwork+1","Skewer","Blur+1","Flying Knee+1","Underhanded Strike","Blade Dance","Backflip+1"],"relics":["Ring of the Snake","WingedGreaves","Darkstone Periapt","Tiny Chest","Pen Nib","Ice Cream","Busted Crown","Red Mask","Incense Burner","sneckomod:BabySnecko","Smiling Mask","Bag of Marbles","Mercury Hourglass","Astrolabe","Frozen Egg 2","Oddly Smooth Stone","Lantern","Bag of Preparation"],"acts_visited":["Exordium","TheCity","TheBeyond","TheEnding"],"potions_floor_usage":[6,16,19,19,25,29,29,33,33,33,44,50,50,50,54],"damage_taken":[{"damage":0,"enemies":"Cultist","floor":1,"turns":4},{"damage":0,"enemies":"Small Slimes","floor":2,"turns":6},{"damage":0,"enemies":"Jaw Worm","floor":4,"turns":5},{"damage":22,"enemies":"Large Slime","floor":5,"turns":7},{"damage":30,"enemies":"Gremlin Nob","floor":6,"turns":7},{"damage":14,"enemies":"3 Sentries","floor":8,"turns":11},{"damage":32,"enemies":"Lagavulin","floor":11,"turns":10},{"damage":13,"enemies":"Gremlin Gang","floor":13,"turns":6},{"damage":0,"enemies":"Exordium Thugs","floor":14,"turns":5},{"damage":32,"enemies":"Hexaghost","floor":16,"turns":11},{"damage":4,"enemies":"Chosen","floor":18,"turns":6},{"damage":24,"enemies":"Masked Bandits","floor":19,"turns":6},{"damage":11,"enemies":"Shell Parasite","floor":22,"turns":7},{"damage":33,"enemies":"Book of Stabbing","floor":23,"turns":10},{"damage":5,"enemies":"3 Cultists","floor":25,"turns":5},{"damage":6,"enemies":"Cultist and Chosen","floor":29,"turns":5},{"damage":19,"enemies":"Automaton","floor":33,"turns":9},{"damage":18,"enemies":"3 Shapes","floor":35,"turns":4},{"damage":12,"enemies":"3 Darklings","floor":36,"turns":4},{"damage":18,"enemies":"Spire Growth","floor":37,"turns":5},{"damage":4,"enemies":"Transient","floor":41,"turns":5},{"damage":10,"enemies":"3 Darklings","floor":42,"turns":5},{"damage":0,"enemies":"Jaw Worm Horde","floor":44,"turns":4},{"damage":51,"enemies":"Transient","floor":46,"turns":5},{"damage":32,"enemies":"4 Shapes","floor":48,"turns":3},{"damage":56,"enemies":"Donu and Deca","floor":50,"turns":10},{"damage":51,"enemies":"Shield and Spear","floor":54,"turns":9},{"damage":39,"enemies":"The Heart","floor":55,"turns":8}],"seed_played":"7338178903778166603","potions_obtained":[{"floor":4,"key":"Ancient Potion"},{"floor":5,"key":"Block Potion"},{"floor":11,"key":"Weak Potion"},{"floor":16,"key":"SpeedPotion"},{"floor":23,"key":"PowerPotion"},{"floor":25,"key":"SmokeBomb"},{"floor":29,"key":"Fruit Juice"},{"floor":31,"key":"Swift Potion"},{"floor":31,"key":"DuplicationPotion"},{"floor":31,"key":"AttackPotion"},{"floor":37,"key":"bronze:BurnAndBuffPotion"},{"floor":41,"key":"EssenceOfSteel"},{"floor":42,"key":"Ancient Potion"},{"floor":48,"key":"Strength Potion"}],"is_trial":false,"path_per_floor":["M","M","$","M","M","E","R","E","T","R","E","?","M","M","R","B",null,"M","?","?","T","M","E","?","M","T","R","$","M","$","?","R","B",null,"M","M","M","T","$","R","M","M","T","M","R","M","?","M","R","B",null,"R","$","E","B"],"character_chosen":"THE_SILENT","items_purchased":["Noxious Fumes","Footwork","Bag of Marbles","Mercury Hourglass","Fire Potion","Underhanded Strike","Lantern","ColorlessPotion"],"campfire_rested":7,"item_purchase_floors":[3,28,28,28,28,39,53,53],"current_hp_per_floor":[77,77,77,77,55,25,48,34,34,57,25,25,12,12,35,3,77,73,49,49,49,38,5,11,6,6,30,30,29,29,29,55,36,88,70,58,40,40,40,40,36,26,26,26,52,1,88,56,82,26,88,88,88,37,0,0],"gold":35,"neow_bonus":"TEN_PERCENT_HP_BONUS","is_daily":false,"chose_seed":false,"campfire_upgraded":1,"win_rate":0.0,"timestamp":1611975287,"path_taken":["M","M","?","M","?","E","R","E","T","R","E","?","M","M","R","BOSS","M","?","?","?","?","E","?","M","T","R","$","M","$","?","R","BOSS","M","M","M","?","$","R","M","M","T","M","R","M","?","M","R","BOSS","R","$","E","BOSS"],"items_purchased_type":["Card","Card","Relic","Relic","Potion","Card","Relic","Potion"],"build_version":"2020-12-22","purchased_purges":3,"victory":false,"max_hp_per_floor":[77,77,77,77,77,77,77,77,77,77,77,77,77,77,77,77,77,77,77,77,77,77,77,83,83,83,83,83,88,88,88,88,88,88,88,88,88,88,88,88,88,88,88,88,88,88,88,88,88,88,88,88,88,88,88,88],"card_choices":[{"not_picked":["Bane","Slice"],"picked":"Backflip","floor":1},{"not_picked":["Poisoned Stab","Sucker Punch"],"picked":"Dagger Spray","floor":2},{"not_picked":["Dagger Throw","PiercingWail"],"picked":"Distraction","floor":4},{"not_picked":["Deadly Poison","Riddle With Holes"],"picked":"PiercingWail","floor":5},{"not_picked":["Deadly Poison","Calculated Gamble"],"picked":"Dash","floor":6},{"not_picked":["Distraction","Doppelganger"],"picked":"Prepared","floor":8},{"not_picked":["Escape Plan","Masterful Stab"],"picked":"Flying Knee","floor":11},{"not_picked":["PiercingWail","Endless Agony"],"picked":"Underhanded Strike","floor":13},{"not_picked":["Dagger Spray","Deflect"],"picked":"Sucker Punch","floor":14},{"not_picked":["Phantasmal Killer","Grand Finale"],"picked":"Tools of the Trade","floor":16},{"not_picked":["Cloak And Dagger"],"picked":"SKIP","floor":18},{"not_picked":[],"picked":"Blur","floor":19},{"not_picked":["PiercingWail"],"picked":"SKIP","floor":22},{"not_picked":[],"picked":"Reflex","floor":23},{"not_picked":[],"picked":"Underhanded Strike","floor":25},{"not_picked":[],"picked":"Skewer","floor":29},{"not_picked":[],"picked":"Terror+1","floor":35},{"not_picked":["Dagger Spray+1"],"picked":"SKIP","floor":36},{"not_picked":["Dagger Spray+1"],"picked":"SKIP","floor":37},{"not_picked":["Acrobatics"],"picked":"SKIP","floor":41},{"not_picked":["Cloak And Dagger"],"picked":"SKIP","floor":42},{"not_picked":[],"picked":"Blade Dance","floor":44},{"not_picked":["Accuracy+1"],"picked":"SKIP","floor":46},{"not_picked":[],"picked":"Backflip+1","floor":48},{"not_picked":["Unload"],"picked":"SKIP","floor":54}],"player_experience":83310,"relics_obtained":[{"floor":6,"key":"WingedGreaves"},{"floor":8,"key":"Darkstone Periapt"},{"floor":9,"key":"Tiny Chest"},{"floor":11,"key":"Pen Nib"},{"floor":19,"key":"Red Mask"},{"floor":23,"key":"Incense Burner"},{"floor":26,"key":"Smiling Mask"},{"floor":38,"key":"Frozen Egg 2"},{"floor":43,"key":"Oddly Smooth Stone"},{"floor":54,"key":"Bag of Preparation"}],"event_choices":[{"damage_healed":0,"gold_gain":30,"player_choice":"Searched \u00273\u0027 times","damage_taken":0,"relics_obtained":["Ice Cream"],"max_hp_gain":0,"max_hp_loss":0,"event_name":"Dead Adventurer","floor":12,"gold_loss":0},{"damage_healed":0,"gold_gain":0,"player_choice":"Fought Bandits","damage_taken":0,"max_hp_gain":0,"max_hp_loss":0,"event_name":"Masked Bandits","floor":19,"gold_loss":0},{"cards_removed":["Strike_G"],"damage_healed":0,"gold_gain":0,"player_choice":"Card Removal","damage_taken":0,"max_hp_gain":0,"max_hp_loss":0,"event_name":"Wheel of Change","floor":20,"gold_loss":0},{"damage_healed":0,"gold_gain":0,"player_choice":"Got Potions","damage_taken":0,"max_hp_gain":0,"max_hp_loss":0,"event_name":"Lab","floor":31,"gold_loss":0},{"cards_removed":["Terror"],"damage_healed":87,"gold_gain":0,"player_choice":"Offered Uncommon","damage_taken":0,"max_hp_gain":0,"max_hp_loss":0,"event_name":"Bonfire Elementals","floor":47,"gold_loss":0}],"is_beta":false,"boss_relics":[{"not_picked":["Fusion Hammer","bronze:MakeshiftBattery"],"picked":"Busted Crown"},{"not_picked":["Runic Dome","WristBlade"],"picked":"Astrolabe"}],"items_purged_floors":[3,28,39],"is_endless":false,"potions_floor_spawned":[4,5,11,16,23,25,29,37,41,42,48],"killed_by":"The Heart","ascension_level":2}}