{"host":"26y75e64s1raelh1","time":1611985088,"event":{"mods":["BaseMod","Block Reminder","Card Forge","Colored Map","Colored Powertips","Highlight Path","Minty Spire (QoL Compilation)","Quick Restart","StSLib"],"gold_per_floor":[115,132,143,22,39,39,68,68,93,128,145,145,145,159,159,257,257,267,267,283,53,53,53],"floor_reached":22,"language":"ENG","playtime":1356,"items_purged":["Strike_P"],"score":221,"play_id":"5d45db25-d761-4708-a4d3-ab5f347a194a","local_time":"20210130023808","is_ascension_mode":false,"campfire_choices":[{"data":"MentalFortress","floor":6,"key":"SMITH"},{"floor":12,"key":"REST"},{"data":"Protect","floor":15,"key":"SMITH"}],"circlet_count":0,"master_deck":["Strike_P","Defend_P","Defend_P","Eruption+1","Vigilance+1","FlurryOfBlows+1","Crescendo+1","Crescendo+1","MentalFortress+1","Protect+1","FlurryOfBlows+1","ClearTheMind+1","Blasphemy","CrushJoints+1","FollowUp+1"],"relics":["PureWater","Hammer of Thor","Seething Fire","Anvil of the Gods","Lantern","Potion Belt","Damaru","Sozu","MealTicket"],"acts_visited":["Exordium","TheCity"],"potions_floor_usage":[5,7,10,11,11,11],"damage_taken":[{"damage":0,"enemies":"Cultist","floor":1,"turns":3},{"damage":0,"enemies":"Small Slimes","floor":2,"turns":2},{"damage":0,"enemies":"Jaw Worm","floor":3,"turns":3},{"damage":4,"enemies":"3 Louse","floor":5,"turns":3},{"damage":26,"enemies":"Lagavulin","floor":7,"turns":3},{"damage":0,"enemies":"3 Sentries","floor":10,"turns":5},{"damage":10,"enemies":"Red Slaver","floor":11,"turns":4},{"damage":1,"enemies":"Lots of Slimes","floor":14,"turns":3},{"damage":33,"enemies":"Slime Boss","floor":16,"turns":10},{"damage":0,"enemies":"2 Thieves","floor":18,"turns":2},{"damage":0,"enemies":"Chosen","floor":20,"turns":3},{"damage":100012,"enemies":"Shelled Parasite and Fungi","floor":22,"turns":4}],"seed_played":"-8748087262732089157","potions_obtained":[{"floor":1,"key":"Fire Potion"},{"floor":3,"key":"Dexterity Potion"},{"floor":7,"key":"Weak Potion"},{"floor":10,"key":"Regen Potion"},{"floor":11,"key":"Fruit Juice"}],"is_trial":false,"path_per_floor":["M","M","M","$","M","R","E","?","T","E","M","R","?","M","R","B",null,"M","?","M","$","M"],"character_chosen":"WATCHER","items_purchased":["MentalFortress","Fire Potion","MealTicket"],"campfire_rested":1,"item_purchase_floors":[4,4,21],"current_hp_per_floor":[65,65,65,65,61,61,35,35,35,35,35,56,49,48,48,15,70,70,70,70,70,0,0],"gold":53,"neow_bonus":"REMOVE_TWO","is_daily":false,"chose_seed":false,"campfire_upgraded":2,"win_rate":0.0,"timestamp":1611985088,"path_taken":["M","M","M","?","M","R","E","?","T","E","M","R","?","M","R","BOSS","M","?","M","$","?"],"items_purchased_type":["Card","Potion","Relic"],"build_version":"2020-12-22","purchased_purges":1,"victory":false,"max_hp_per_floor":[65,65,65,65,65,65,65,65,65,65,70,70,70,70,70,70,70,70,70,70,70,70,70],"card_choices":[{"not_picked":["Pray","Weave"],"picked":"FlurryOfBlows","floor":1},{"not_picked":["Consecrate","TalkToTheHand"],"picked":"Crescendo","floor":2},{"not_picked":["EmptyBody","CrushJoints"],"picked":"Crescendo","floor":3},{"not_picked":["DeusExMachina","WheelKick","WaveOfTheHand"],"picked":"SKIP","floor":5},{"not_picked":["JustLucky","Collect","Establishment"],"picked":"SKIP","floor":7},{"not_picked":["Adaptation","Indignation"],"picked":"Protect","floor":10},{"not_picked":["Worship","BowlingBash","Prostrate"],"picked":"SKIP","floor":11},{"not_picked":["BowlingBash","SashWhip"],"picked":"FlurryOfBlows","floor":14},{"not_picked":["Omniscience","MasterReality"],"picked":"Blasphemy","floor":16},{"not_picked":["Prostrate","FollowUp"],"picked":"CrushJoints+1","floor":18},{"not_picked":["WreathOfFlame","Halt"],"picked":"FollowUp+1","floor":20}],"player_experience":28002,"relics_obtained":[{"floor":7,"key":"Lantern"},{"floor":9,"key":"Potion Belt"},{"floor":10,"key":"Damaru"}],"event_choices":[{"cards_removed":["Defend_P"],"damage_healed":0,"gold_gain":0,"player_choice":"Forget","damage_taken":0,"max_hp_gain":0,"max_hp_loss":0,"event_name":"Living Wall","floor":8,"gold_loss":0},{"cards_removed":["Strike_P"],"damage_healed":0,"gold_gain":0,"player_choice":"Card Removal","damage_taken":7,"max_hp_gain":0,"max_hp_loss":0,"event_name":"Golden Wing","floor":13,"gold_loss":0},{"damage_healed":0,"gold_gain":0,"player_choice":"Got Potions","damage_taken":0,"max_hp_gain":0,"max_hp_loss":0,"event_name":"Lab","floor":19,"gold_loss":0}],"is_beta":false,"boss_relics":[{"not_picked":["Ectoplasm","HolyWater"],"picked":"Sozu"}],"items_purged_floors":[21],"is_endless":false,"potions_floor_spawned":[1,3,7,10,11],"killed_by":"Shelled Parasite and Fungi","ascension_level":0}}