{"host":"06e3yyzgn8o619wl","time":1611998758,"event":{"mods":["BaseMod","Block Reminder","Colored Map","Colored Powertips","DeckTracker","Minty Spire (QoL Compilation)","Permanent Neow","Relic Stats","StSLib"],"gold_per_floor":[117,21,37,37,47,74,94,120,144,144,144,43,43,61,61,156,156,173,248,237,85,85,85,114,132,132,146,158,158,12,12,12,108,108,120,139,14,0,0,0,0],"floor_reached":40,"language":"JPN","playtime":2674,"items_purged":["Defend_P","Decay","Defend_P"],"score":596,"play_id":"8e8720d9-f518-47a0-a8e5-1bd95cb0a38c","local_time":"20210130182558","is_ascension_mode":true,"campfire_choices":[{"floor":15.0,"key":"REST"},{"data":"MentalFortress","floor":23.0,"key":"SMITH"},{"floor":32.0,"key":"REST"}],"circlet_count":0,"master_deck":["Defend_P","Defend_P","Eruption","Vigilance+1","PathToVictory+1","FollowUp+1","Tantrum","FlurryOfBlows","LikeWater+1","Consecrate","TalkToTheHand","ClearTheMind","Wish","LikeWater","FlurryOfBlows","Judgement","MentalFortress+1","Adaptation","InnerPeace+1","Adaptation","Protect+1","DevaForm","Wireheading+1","Madness+1","Madness+1"],"relics":["Astrolabe","Blood Vial","Ancient Tea Set","Damaru","Art of War","Empty Cage","Lee\u0027s Waffle","Toxic Egg 2","Mummified Hand","Centennial Puzzle","Sozu","Red Mask"],"acts_visited":["Exordium","TheCity","TheBeyond"],"potions_floor_usage":[],"damage_taken":[{"damage":0.0,"enemies":"Jaw Worm","floor":1.0,"turns":3.0},{"damage":0.0,"enemies":"Cultist","floor":3.0,"turns":3.0},{"damage":0.0,"enemies":"Small Slimes","floor":5.0,"turns":1.0},{"damage":0.0,"enemies":"Gremlin Nob","floor":6.0,"turns":3.0},{"damage":0.0,"enemies":"Blue Slaver","floor":7.0,"turns":4.0},{"damage":17.0,"enemies":"Lagavulin","floor":8.0,"turns":8.0},{"damage":13.0,"enemies":"Looter","floor":14.0,"turns":3.0},{"damage":1.0,"enemies":"Slime Boss","floor":16.0,"turns":7.0},{"damage":0.0,"enemies":"Spheric Guardian","floor":18.0,"turns":3.0},{"damage":28.0,"enemies":"2 Thieves","floor":20.0,"turns":4.0},{"damage":24.0,"enemies":"Book of Stabbing","floor":24.0,"turns":7.0},{"damage":29.0,"enemies":"Centurion and Healer","floor":25.0,"turns":6.0},{"damage":14.0,"enemies":"Snake Plant","floor":27.0,"turns":3.0},{"damage":13.0,"enemies":"Shelled Parasite and Fungi","floor":28.0,"turns":4.0},{"damage":4.0,"enemies":"Champ","floor":33.0,"turns":11.0},{"damage":8,"enemies":"3 Shapes","floor":35,"turns":6},{"damage":8,"enemies":"3 Darklings","floor":36,"turns":4},{"damage":52,"enemies":"Reptomancer","floor":40,"turns":2}],"seed_played":"5320761278435335203","potions_obtained":[{"floor":7.0,"key":"EntropicBrew"},{"floor":8.0,"key":"Fire Potion"},{"floor":16.0,"key":"Strength Potion"},{"floor":24.0,"key":"DuplicationPotion"},{"floor":33.0,"key":"DuplicationPotion"}],"is_trial":false,"path_per_floor":["M","$","M","?","M","E","M","E","T","?","?","$","?","M","R","B",null,"M","?","M","$","?","R","E","M","T","M","M","?","$","?","R","B",null,"M","M","$","?","?","E"],"character_chosen":"WATCHER","items_purchased":["FlurryOfBlows","LikeWater","FlurryOfBlows","Lee\u0027s Waffle","Protect+1"],"campfire_rested":2,"item_purchase_floors":[2,2,12,21,30],"current_hp_per_floor":[65,65,65,65,65,65,67,52,52,38,20,20,20,9,30,31,62,64,57,31,79,79,79,55,28,28,16,5,31,31,31,54,52,72,66,60,60,60,50,0,0],"gold":0,"neow_bonus":"BOSS_RELIC","is_daily":false,"chose_seed":false,"campfire_upgraded":1,"win_rate":0.0,"timestamp":1611998758,"path_taken":["M","$","M","?","?","E","M","E","T","?","?","?","?","M","R","BOSS","M","?","?","$","?","R","E","M","T","M","?","?","$","?","R","BOSS","M","?","$","?","?","E"],"items_purchased_type":["Card","Card","Card","Relic","Card"],"build_version":"2020-12-22","purchased_purges":3,"victory":false,"max_hp_per_floor":[72,72,72,72,72,72,72,72,72,72,72,72,72,72,72,72,72,72,72,72,79,79,79,79,79,79,79,79,79,79,79,79,79,79,79,79,79,79,79,79,79],"relic_stats":{"Blood Vial":26,"Sozu":1,"Lee\u0027s Waffle":48,"Centennial Puzzle":[12],"counters":[18,82],"Mummified Hand":[31],"Astrolabe":["PathToVictory","SpiritShield","FollowUp"],"Art of War":[8],"obtain_stats":[{"Lee\u0027s Waffle":21,"Astrolabe":0,"Damaru":9,"Ancient Tea Set":8,"Empty Cage":17,"Blood Vial":6,"Sozu":34,"Centennial Puzzle":31,"Mummified Hand":26,"Art of War":11,"Red Mask":38,"PureWater":0,"Toxic Egg 2":24},{"Lee\u0027s Waffle":10,"Astrolabe":0,"Damaru":6,"Ancient Tea Set":6,"Empty Cage":8,"Blood Vial":4,"Sozu":15,"Centennial Puzzle":14,"Mummified Hand":12,"Art of War":6,"Red Mask":17,"PureWater":0,"Toxic Egg 2":11},{"Lee\u0027s Waffle":39,"Astrolabe":0,"Damaru":22,"Ancient Tea Set":22,"Empty Cage":32,"Blood Vial":10,"Sozu":70,"Centennial Puzzle":59,"Mummified Hand":52,"Art of War":22,"Red Mask":80,"PureWater":0,"Toxic Egg 2":46}]},"card_choices":[{"not_picked":["FollowUp","Halt"],"picked":"Tantrum","floor":1.0},{"not_picked":["CutThroughFate","PathToVictory"],"picked":"Consecrate","floor":3.0},{"not_picked":["Prostrate","SashWhip"],"picked":"ClearTheMind","floor":5.0},{"not_picked":["CrushJoints","FlyingSleeves","PathToVictory"],"picked":"SKIP","floor":6.0},{"not_picked":["BattleHymn","ReachHeaven"],"picked":"Wish","floor":7.0},{"not_picked":["FollowUp","EmptyMind"],"picked":"LikeWater","floor":8.0},{"not_picked":["Halt","Indignation"],"picked":"Protect","floor":14.0},{"not_picked":["Alpha","ConjureBlade"],"picked":"Judgement","floor":16.0},{"not_picked":["FlurryOfBlows","Consecrate+1"],"picked":"MentalFortress","floor":18.0},{"not_picked":["Meditate","Evaluate"],"picked":"Adaptation","floor":20.0},{"not_picked":["Weave","EmptyFist+1"],"picked":"InnerPeace+1","floor":24.0},{"not_picked":["FlurryOfBlows+1","BowlingBash"],"picked":"Adaptation","floor":25.0},{"not_picked":["Halt+1","Crescendo+1","SignatureMove"],"picked":"SKIP","floor":27.0},{"not_picked":["Weave","FlurryOfBlows","FlyingSleeves"],"picked":"SKIP","floor":28.0},{"not_picked":["Wish+1","Ragnarok"],"picked":"DevaForm","floor":33.0},{"not_picked":["ClearTheMind+1","WreathOfFlame+1"],"picked":"Wireheading+1","floor":35},{"not_picked":["Wallop+1","FlurryOfBlows+1","CutThroughFate+1"],"picked":"SKIP","floor":36}],"player_experience":124575,"relics_obtained":[{"floor":6.0,"key":"Blood Vial"},{"floor":8.0,"key":"Ancient Tea Set"},{"floor":9.0,"key":"Damaru"},{"floor":24.0,"key":"Toxic Egg 2"},{"floor":26.0,"key":"Mummified Hand"}],"event_choices":[{"damage_healed":0.0,"max_hp_gain":0.0,"max_hp_loss":0.0,"gold_gain":0.0,"event_name":"Match and Keep!","player_choice":"1 cards matched","floor":4.0,"gold_loss":0.0,"damage_taken":0.0,"cards_obtained":["TalkToTheHand"]},{"damage_healed":0.0,"max_hp_gain":0.0,"max_hp_loss":0.0,"gold_gain":0.0,"event_name":"Shining Light","player_choice":"Entered Light","floor":10.0,"gold_loss":0.0,"damage_taken":14.0,"cards_upgraded":["Vigilance","LikeWater"]},{"damage_healed":0.0,"max_hp_gain":0.0,"max_hp_loss":0.0,"gold_gain":0.0,"event_name":"Scrap Ooze","player_choice":"Success","floor":11.0,"gold_loss":0.0,"damage_taken":18.0,"relics_obtained":["Art of War"]},{"damage_healed":0.0,"max_hp_gain":0.0,"max_hp_loss":0.0,"gold_gain":0.0,"cards_transformed":["Strike_P"],"event_name":"Transmorgrifier","player_choice":"Transformed","floor":13.0,"gold_loss":0.0,"damage_taken":0.0,"cards_obtained":["Vault"]},{"damage_healed":0.0,"max_hp_gain":0.0,"max_hp_loss":0.0,"gold_gain":75.0,"event_name":"FaceTrader","player_choice":"Touch","floor":19.0,"gold_loss":0.0,"damage_taken":7.0},{"damage_healed":0.0,"max_hp_gain":0.0,"max_hp_loss":0.0,"gold_gain":0.0,"event_name":"Wheel of Change","player_choice":"Cursed","floor":22.0,"gold_loss":0.0,"damage_taken":0.0,"cards_obtained":["Decay"]},{"damage_healed":26.0,"max_hp_gain":0.0,"max_hp_loss":0.0,"gold_gain":0.0,"event_name":"The Library","player_choice":"Heal","floor":29.0,"gold_loss":0.0,"damage_taken":0.0},{"cards_removed":["Protect"],"damage_healed":0.0,"max_hp_gain":0.0,"max_hp_loss":0.0,"gold_gain":0.0,"event_name":"WeMeetAgain","player_choice":"Gave Card","floor":31.0,"gold_loss":0.0,"damage_taken":0.0,"relics_obtained":["Centennial Puzzle"]},{"damage_healed":0,"gold_gain":0,"player_choice":"Paid","damage_taken":0,"relics_obtained":["Red Mask"],"max_hp_gain":0,"max_hp_loss":0,"event_name":"Tomb of Lord Red Mask","floor":38,"gold_loss":14},{"damage_healed":0,"gold_gain":0,"player_choice":"Embrace Madness","damage_taken":10,"max_hp_gain":0,"max_hp_loss":0,"event_name":"Winding Halls","floor":39,"gold_loss":0,"cards_obtained":["Madness","Madness"]}],"is_beta":false,"boss_relics":[{"not_picked":["Pandora\u0027s Box","Runic Pyramid"],"picked":"Empty Cage"},{"not_picked":["Coffee Dripper","Fusion Hammer"],"picked":"Sozu"}],"items_purged_floors":[12,30,37],"is_endless":false,"potions_floor_spawned":[7,8,16,18,24,33,36],"killed_by":"Reptomancer","ascension_level":6}}