{"host":"amvb77pwe2wp6zyc","time":1611968394,"event":{"mods":["2.2 Compatiblity","AchievementEnabler","AlwaysNeverKeys","BaseMod","BetterRewards","Downfall","GifTheSpireLib","Minty Spire (QoL Compilation)","Permanent Neow","Quick Restart","Relic Filter","Shop Mod","StSLib","SuperFastMode","Trackpad"],"gold_per_floor":[99,115,134,134,119,139,163,163,174,198,217,243,255,255,271,366,366,166,180,90,90,100,119,119,119,4,4,218,237,137,155,166,268,268,268,287,304,154,166,166,248,266,91,106,106,123,123,141,159,159,159,187,48,48,48,48,48,48],"floor_reached":56,"language":"DEU","playtime":5864,"items_purged":["hexamod:RetreatToShadows+1","hexamod:Strike","hexamod:Strike","hexamod:Defend","hexamod:Defend+1"],"score":782,"play_id":"4c1bc309-416f-4f10-9280-ab77215ec30c","local_time":"20210130015954","is_ascension_mode":false,"campfire_choices":[{"data":"hexamod:Defend","floor":1.0,"key":"SMITH"},{"data":"hexamod:Defend","floor":18.0,"key":"SMITH"},{"data":"hexamod:TimeWarp","floor":27.0,"key":"SMITH"},{"data":"hexamod:TimeWarp","floor":30.0,"key":"SMITH"},{"data":"hexamod:Sear","floor":35.0,"key":"SMITH"},{"data":"hexamod:Rewind","floor":40.0,"key":"SMITH"},{"data":"hexamod:FastForward","floor":47.0,"key":"SMITH"},{"data":"hexamod:WildfireWeapon","floor":54.0,"key":"SMITH"}],"circlet_count":0,"master_deck":["hexamod:Defend+1","hexamod:Float","hexamod:SoulSteal+1","hexamod:FastForward+1","hexamod:Rewind+1","hexamod:TimeWarp+1","hexamod:ExtraCrispy+1","hexamod:FirstSeal","hexamod:TimeWarp+1","hexamod:TimeWarp+1","hexamod:WildfireWeapon+1"],"relics":["hexamod:SpiritBrand","Unceasing Top","hexamod:MatchstickCase","Odd Mushroom","downfall:HeartBlessingGreen","downfall:HeartBlessingRed","trackpad:BottledTsunami","MutagenicStrength","MerchantsRug","downfall:HeartBlessingBlue","Sozu","trackpad:RapidFire","Empty Cage"],"acts_visited":["Exordium","TheCity","TheBeyond","TheEnding"],"potions_floor_usage":[],"damage_taken":[{"damage":0.0,"enemies":"Jaw Worm","floor":2.0,"turns":4.0},{"damage":3.0,"enemies":"2 Louse","floor":3.0,"turns":3.0},{"damage":0.0,"enemies":"downfall:FleeingMerchant","floor":5.0,"turns":4.0},{"damage":0.0,"enemies":"Cultist","floor":6.0,"turns":3.0},{"damage":3.0,"enemies":"Large Slime","floor":9.0,"turns":7.0},{"damage":8.0,"enemies":"The Mushroom Lair","floor":10.0,"turns":3.0},{"damage":2.0,"enemies":"2 Fungi Beasts","floor":11.0,"turns":3.0},{"damage":25.0,"enemies":"Lagavulin","floor":12.0,"turns":6.0},{"damage":7.0,"enemies":"Exordium Thugs","floor":13.0,"turns":3.0},{"damage":2.0,"enemies":"Blue Slaver","floor":15.0,"turns":3.0},{"damage":78.0,"enemies":"SI_SHIV_ARCHETYPE","floor":16.0,"turns":12.0},{"damage":0.0,"enemies":"Chosen","floor":19.0,"turns":3.0},{"damage":0.0,"enemies":"downfall:FleeingMerchant","floor":20.0,"turns":4.0},{"damage":3.0,"enemies":"Shell Parasite","floor":22.0,"turns":4.0},{"damage":10.0,"enemies":"Snecko","floor":23.0,"turns":6.0},{"damage":0.0,"enemies":"downfall:FleeingMerchant","floor":26.0,"turns":4.0},{"damage":11.0,"enemies":"downfall:FleeingMerchant","floor":28.0,"turns":3.0},{"damage":7.0,"enemies":"Snake Plant","floor":29.0,"turns":3.0},{"damage":0.0,"enemies":"Cultist and Chosen","floor":31.0,"turns":3.0},{"damage":0.0,"enemies":"Centurion and Healer","floor":32.0,"turns":3.0},{"damage":0.0,"enemies":"WA_ARCHETYPE_CALM","floor":33.0,"turns":3.0},{"damage":0.0,"enemies":"Orb Walker","floor":36.0,"turns":1.0},{"damage":0.0,"enemies":"3 Darklings","floor":37.0,"turns":3.0},{"damage":0.0,"enemies":"Spire Growth","floor":39.0,"turns":2.0},{"damage":0.0,"enemies":"Writhing Mass","floor":42.0,"turns":2.0},{"damage":19.0,"enemies":"4 Shapes","floor":44.0,"turns":3.0},{"damage":0.0,"enemies":"Jaw Worm Horde","floor":46.0,"turns":1.0},{"damage":0.0,"enemies":"Maw","floor":48.0,"turns":2.0},{"damage":7.0,"enemies":"Writhing Mass","floor":49.0,"turns":2.0},{"damage":3.0,"enemies":"DF_ARCHETYPE_ORBS","floor":50.0,"turns":2.0},{"damage":0.0,"enemies":"downfall:CharBossMerchant","floor":52.0,"turns":2.0},{"damage":25,"enemies":"downfall:NeowBoss","floor":55,"turns":5},{"damage":132,"enemies":"downfall:NeowBossFinal","floor":56,"turns":2}],"seed_played":"-121691351816309184","potions_obtained":[{"floor":3.0,"key":"Guardian:BlockOnCardUsePotion"},{"floor":6.0,"key":"EssenceOfSteel"},{"floor":10.0,"key":"CultistPotion"},{"floor":16.0,"key":"hexamod:EctoCoolerPotion"},{"floor":19.0,"key":"Weak Potion"},{"floor":22.0,"key":"SkillPotion"},{"floor":29.0,"key":"FairyPotion"},{"floor":31.0,"key":"Regen Potion"}],"is_trial":false,"path_per_floor":["R","M","M","?","$","M","T","?","M","?","M","E","M","?","M","B",null,"R","M","$","?","M","M","T","?","$","R","$","M","R","M","M","B",null,"R","M","M","$","M","R","T","M","$","M","?","M","R","M","M","B",null,"E","$","R","B","B"],"character_chosen":"THE_SPIRIT","items_purchased":["MerchantsRug","hexamod:WildfireWeapon"],"campfire_rested":0,"item_purchase_floors":[28,53],"current_hp_per_floor":[70,70,67,67,67,67,67,67,64,56,54,29,22,15,13,9,70,70,70,70,63,67,64,64,64,70,70,66,66,76,80,80,80,80,80,80,80,80,80,80,80,80,80,68,68,75,75,80,80,80,80,80,80,80,62,0,0,0],"gold":48,"neow_bonus":"RANDOM_COMMON_RELIC","is_daily":false,"chose_seed":false,"campfire_upgraded":8,"win_rate":0.0,"timestamp":1611968394,"path_taken":["R","M","M","?","$","M","T","?","?","?","M","E","M","?","M","BOSS","R","M","$","?","M","M","T","?","$","R","?","?","R","M","M","BOSS","R","M","M","$","M","R","T","M","$","M","?","?","R","?","M","BOSS","E","$","R","BOSS","BOSS"],"items_purchased_type":["Relic","Card"],"build_version":"2020-12-22","purchased_purges":5,"victory":false,"max_hp_per_floor":[70,70,70,70,70,70,70,70,70,70,70,70,70,70,70,70,70,70,70,70,70,70,70,70,70,70,70,70,70,80,80,80,80,80,80,80,80,80,80,80,80,80,80,80,80,80,80,80,80,80,80,80,80,80,80,80,80,80],"card_choices":[{"not_picked":["hexamod:NightmareGuise","hexamod:Hexaguard","hexamod:RecurringNightmare"],"picked":"SKIP","floor":2.0},{"not_picked":["hexamod:NecessarySacrifice","hexamod:SecondSeal","hexamod:AdvancingGuard"],"picked":"SKIP","floor":3.0},{"not_picked":["hexamod:SecondSeal","hexamod:ShieldOfDarkness"],"picked":"hexamod:SoulSteal","floor":5.0},{"not_picked":["hexamod:ChargedBarrage","hexamod:SpectersWail"],"picked":"hexamod:FastForward","floor":6.0},{"not_picked":["hexamod:InspiringFlames","hexamod:ShieldOfDarkness"],"picked":"hexamod:Rewind","floor":9.0},{"not_picked":["hexamod:EtherealExpedition","hexamod:ThirdSeal","hexamod:BacktrackSmack"],"picked":"SKIP","floor":11.0},{"not_picked":["hexamod:SpectersWail","hexamod:HeatCrush","hexamod:PhantomFireball"],"picked":"SKIP","floor":12.0},{"not_picked":["hexamod:ExtraCrispy","hexamod:SpectersWail","hexamod:ThirdSeal"],"picked":"SKIP","floor":13.0},{"not_picked":["hexamod:ThermalTransfer","hexamod:CatchUp","hexamod:SecondSeal"],"picked":"SKIP","floor":15.0},{"not_picked":["hexamod:ForkedFlame","hexamod:UnlimitedPower"],"picked":"hexamod:TimeWarp","floor":16.0},{"not_picked":["hexamod:SkipABeat","hexamod:SwordOfDarkness","hexamod:GhostShield"],"picked":"SKIP","floor":19.0},{"not_picked":["hexamod:RecurringNightmare+1","hexamod:RainOfEmbers","hexamod:BacktrackSmack"],"picked":"SKIP","floor":20.0},{"not_picked":["hexamod:SwordOfDarkness","hexamod:HeatMetal+1","hexamod:SpectersWail"],"picked":"SKIP","floor":22.0},{"not_picked":["hexamod:SkipABeat+1","hexamod:GhostShield","hexamod:Incineration+1"],"picked":"SKIP","floor":23.0},{"not_picked":["hexamod:ThermalTransfer+1","hexamod:FirstSeal","hexamod:NightmareGuise"],"picked":"SKIP","floor":26.0},{"not_picked":["hexamod:HauntingEcho","hexamod:PowerFromBeyond","hexamod:GhostLash"],"picked":"SKIP","floor":28.0},{"not_picked":["hexamod:SkipABeat","hexamod:GhostShield"],"picked":"hexamod:TimeWarp","floor":29.0},{"not_picked":["hexamod:BurningTouch+1","hexamod:HeatCrush+1","hexamod:AdvancingGuard"],"picked":"SKIP","floor":31.0},{"not_picked":["hexamod:EtherealExpedition","hexamod:HeatMetal","hexamod:FourthSeal"],"picked":"SKIP","floor":32.0},{"not_picked":["hexamod:PhantomFireball","hexamod:Firestarter","hexamod:ShieldOfDarkness+1"],"picked":"SKIP","floor":36.0},{"not_picked":["hexamod:AdvancingGuard+1","hexamod:ShieldOfDarkness+1","hexamod:DynamicBlow"],"picked":"SKIP","floor":37.0},{"not_picked":["hexamod:GhostShield+1","hexamod:EtherealExpedition","hexamod:Hexaguard"],"picked":"SKIP","floor":39.0},{"not_picked":["hexamod:DynamicBlow+1","hexamod:PhantomCloak","hexamod:BurningTouch+1"],"picked":"SKIP","floor":42.0},{"not_picked":["hexamod:Haunt+1","hexamod:BacktrackSmack+1","hexamod:SpectersWail+1"],"picked":"SKIP","floor":44.0},{"not_picked":["hexamod:PhantomFireball","hexamod:Hexaguard","hexamod:AdvancingGuard+1"],"picked":"SKIP","floor":46.0},{"not_picked":["hexamod:BurningTouch+1","hexamod:Again","hexamod:PhantomFireball"],"picked":"SKIP","floor":48.0},{"not_picked":["hexamod:Firestarter","hexamod:HeatMetal","hexamod:NightmareStrike+1"],"picked":"SKIP","floor":49.0},{"not_picked":["hexamod:NecessarySacrifice+1","hexamod:SpectersWail+1","hexamod:NightmareGuise"],"picked":"SKIP","floor":52.0}],"player_experience":243262,"relics_obtained":[{"floor":7.0,"key":"hexamod:MatchstickCase"},{"floor":10.0,"key":"Odd Mushroom"},{"floor":12.0,"key":"trackpad:GuardianSpirit"},{"floor":24.0,"key":"trackpad:BottledTsunami"},{"floor":41.0,"key":"trackpad:RapidFire"},{"floor":52.0,"key":"Empty Cage"}],"event_choices":[{"damage_healed":0.0,"max_hp_gain":0.0,"max_hp_loss":0.0,"gold_gain":0.0,"event_name":"Accursed Blacksmith","player_choice":"Forge","floor":8.0,"gold_loss":0.0,"damage_taken":0.0,"cards_upgraded":["hexamod:SoulSteal"]},{"damage_healed":0.0,"max_hp_gain":0.0,"max_hp_loss":0.0,"gold_gain":0.0,"event_name":"Mushrooms","player_choice":"Fought Mushrooms","floor":10.0,"gold_loss":0.0,"damage_taken":0.0},{"damage_healed":0.0,"max_hp_gain":0.0,"max_hp_loss":0.0,"gold_gain":0.0,"event_name":"Wheel of Change","player_choice":"Damaged","floor":14.0,"gold_loss":0.0,"damage_taken":7.0},{"damage_healed":0.0,"max_hp_gain":0.0,"max_hp_loss":0.0,"gold_gain":0.0,"event_name":"Drug Dealer","player_choice":"Inject Mutagens","floor":25.0,"gold_loss":0.0,"damage_taken":0.0,"relics_obtained":["MutagenicStrength"]}],"is_beta":false,"boss_relics":[{"not_picked":["trackpad:Coffee","Cursed Key"],"picked":"Astrolabe"},{"not_picked":["Fusion Hammer","SlaversCollar"],"picked":"Sozu"}],"items_purged_floors":[20,26,28,38,43],"is_endless":false,"potions_floor_spawned":[3,6,10,11,13,16,19,22,29,31,37,46,52],"killed_by":"downfall:NeowBossFinal","ascension_level":0}}