{"host":"b96hyfeqj1peltkw","time":1611986674,"event":{"mods":["AchievementEnabler","Act Like it!","BaseMod","Block Reminder","Gensokyo","Minty Spire (QoL Compilation)","Practice Mode","StSLib"],"gold_per_floor":[116,46,66,66,85,85,120,120,120,135,135,135,135,151,151,229,229,248,248,264,264,264,264],"floor_reached":22,"language":"ENG","playtime":397,"items_purged":[],"score":297,"play_id":"96fd755d-4914-4d20-a43a-55213ec19c8a","local_time":"20210130140434","is_ascension_mode":true,"campfire_choices":[{"data":"Defragment","floor":6,"key":"SMITH"},{"data":"Capacitor","floor":8,"key":"SMITH"},{"data":"Zap","floor":11,"key":"SMITH"},{"data":"Consume","floor":15,"key":"SMITH"}],"circlet_count":0,"master_deck":["AscendersBane","Strike_B","Strike_B","Strike_B","Strike_B","Defend_B","Defend_B+1","Defend_B","Defend_B+1","Zap+1","Dualcast","Ball Lightning","Capacitor+1","Defragment+1","Beam Cell","Loop+1","Consume+1","Fission","Leap","Reprogram"],"relics":["Cracked Core","NeowsBlessing","Peace Pipe","Frozen Egg 2","Nuclear Battery"],"acts_visited":["Gensokyo:Gensokyo","Gensokyo:Gensokyoer"],"potions_floor_usage":[14],"damage_taken":[{"damage":0,"enemies":"Gensokyo:3_Fairies","floor":1,"turns":1},{"damage":0,"enemies":"Gensokyo:2_Kodama","floor":3,"turns":1},{"damage":0,"enemies":"Gensokyo:Gryphon","floor":5,"turns":1},{"damage":26,"enemies":"Gensokyo:Cirno","floor":7,"turns":5},{"damage":0,"enemies":"Gensokyo:LivingMonolith","floor":10,"turns":3},{"damage":10,"enemies":"Gensokyo:VengefulSpirit","floor":14,"turns":3},{"damage":36,"enemies":"Gensokyo:Kokoro","floor":16,"turns":8},{"damage":16,"enemies":"Gensokyo:Chomper","floor":18,"turns":4},{"damage":29,"enemies":"Gensokyo:CosmicMonolith","floor":20,"turns":5},{"damage":0,"enemies":"Gensokyo:3_Gloops","floor":22,"turns":1}],"seed_played":"996495771561262010","potions_obtained":[{"floor":5,"key":"Block Potion"},{"floor":10,"key":"Ancient Potion"},{"floor":14,"key":"Fruit Juice"},{"floor":18,"key":"Swift Potion"}],"is_trial":false,"path_per_floor":["M","?","M","?","M","R","E","R","T","M","R","?","?","M","R","B",null,"M","?","M","?","M"],"character_chosen":"DEFECT","items_purchased":[],"campfire_rested":0,"item_purchase_floors":[],"current_hp_per_floor":[68,68,68,68,68,68,42,42,42,42,42,42,42,37,37,1,60,44,44,15,15,15,15],"gold":264,"neow_bonus":"THREE_ENEMY_KILL","is_daily":false,"chose_seed":false,"campfire_upgraded":4,"win_rate":0.0,"timestamp":1611986674,"path_taken":["M","?","M","?","?","R","E","R","T","M","R","?","?","M","R","BOSS","M","?","M","?","M"],"items_purchased_type":[],"build_version":"2020-12-22","purchased_purges":0,"victory":false,"max_hp_per_floor":[75,75,75,75,75,75,75,75,75,75,75,75,75,80,80,80,80,80,80,80,80,80,80],"card_choices":[{"not_picked":["Go for the Eyes","Aggregate"],"picked":"Ball Lightning","floor":1},{"not_picked":["Double Energy","Beam Cell"],"picked":"Capacitor","floor":3},{"not_picked":["Sweeping Beam","Barrage"],"picked":"Defragment","floor":5},{"not_picked":["Recycle","Machine Learning"],"picked":"Beam Cell","floor":7},{"not_picked":["Leap","Hologram"],"picked":"Loop+1","floor":10},{"not_picked":["Reinforced Body","Auto Shields"],"picked":"Consume","floor":14},{"not_picked":["Multi-Cast","Hyperbeam"],"picked":"Fission","floor":16},{"not_picked":["Stack","Gash","Steam Power"],"picked":"SKIP","floor":18},{"not_picked":["Turbo","Cold Snap"],"picked":"Leap","floor":20}],"player_experience":1371127,"relics_obtained":[{"floor":7,"key":"Peace Pipe"},{"floor":9,"key":"Frozen Egg 2"}],"event_choices":[],"is_beta":false,"boss_relics":[{"not_picked":["FrozenCore","Pandora\u0027s Box"],"picked":"Nuclear Battery"}],"items_purged_floors":[],"is_endless":false,"potions_floor_spawned":[5,10,14,18],"killed_by":"Gensokyo:3_Gloops","ascension_level":13}}