{"host":"sz8c8ni79nvzjmmg","time":1611980396,"event":{"mods":["AchievementEnabler","BaseMod","DeckTracker","Keyboard Shortcuts","Minty Spire (QoL Compilation)","SuperFastMode"],"gold_per_floor":[117,117,30,30,48,48,78,58,137,155,80,115,115,129,129,206,206,221,121,121,121,133,133,133,163,163,163,163,193,193,211,211,285,285,295,295,13,13,27,27,57,71,98,131,131,141,106,126,126,126,126,126,126,27,27,27],"floor_reached":55,"language":"KOR","playtime":1850,"items_purged":["Strike_R","Strike_R","Strike_R"],"score":1928,"play_id":"579a163a-f06b-42ec-b07d-dd24974fee59","local_time":"20210130131956","is_ascension_mode":true,"campfire_choices":[{"data":"Uppercut","floor":6.0,"key":"SMITH"},{"data":"Entrench","floor":13.0,"key":"SMITH"},{"data":"Body Slam","floor":15.0,"key":"SMITH"},{"data":"Barricade","floor":23.0,"key":"SMITH"},{"data":"Feel No Pain","floor":27.0,"key":"SMITH"},{"data":"Ghostly","floor":30.0,"key":"SMITH"},{"data":"Ghostly","floor":32.0,"key":"SMITH"},{"data":"Offering","floor":40,"key":"SMITH"},{"floor":49,"key":"RECALL"},{"data":"Battle Trance","floor":53,"key":"SMITH"}],"circlet_count":0,"master_deck":["AscendersBane","Strike_R","Defend_R","Defend_R","Defend_R","Bash+1","Second Wind","Feel No Pain+1","Uppercut+1","Entrench+1","Body Slam+1","Wild Strike","Barricade+1","Reckless Charge","Ghostly+1","Ghostly+1","Ghostly","Berserk+1","Shrug It Off","Offering+1","Sentinel","Battle Trance+1","Finesse"],"relics":["Burning Blood","Odd Mushroom","Meat on the Bone","Bronze Scales","Runic Pyramid","Red Mask","White Beast Statue","Frozen Egg 2","Letter Opener","Busted Crown","OrangePellets","Mercury Hourglass","Blood Vial","CeramicFish"],"acts_visited":["Exordium","TheCity","TheBeyond","TheEnding"],"potions_floor_usage":[50],"damage_taken":[{"damage":11.0,"enemies":"Jaw Worm","floor":1.0,"turns":4.0},{"damage":9.0,"enemies":"Cultist","floor":5.0,"turns":4.0},{"damage":28.0,"enemies":"The Mushroom Lair","floor":7.0,"turns":5.0},{"damage":0.0,"enemies":"2 Louse","floor":10.0,"turns":4.0},{"damage":28.0,"enemies":"Lagavulin","floor":12.0,"turns":10.0},{"damage":9.0,"enemies":"Red Slaver","floor":14.0,"turns":4.0},{"damage":36.0,"enemies":"Slime Boss","floor":16.0,"turns":11.0},{"damage":1.0,"enemies":"3 Byrds","floor":18.0,"turns":3.0},{"damage":4.0,"enemies":"Spheric Guardian","floor":22.0,"turns":8.0},{"damage":14.0,"enemies":"Masked Bandits","floor":25.0,"turns":6.0},{"damage":10.0,"enemies":"Book of Stabbing","floor":29.0,"turns":4.0},{"damage":7.0,"enemies":"Snecko","floor":31.0,"turns":6.0},{"damage":6.0,"enemies":"Collector","floor":33.0,"turns":8.0},{"damage":8.0,"enemies":"3 Darklings","floor":35.0,"turns":5.0},{"damage":1,"enemies":"3 Shapes","floor":39,"turns":5},{"damage":7,"enemies":"Reptomancer","floor":41,"turns":8},{"damage":1,"enemies":"Spire Growth","floor":42,"turns":5},{"damage":8,"enemies":"Nemesis","floor":44,"turns":5},{"damage":6,"enemies":"4 Shapes","floor":46,"turns":6},{"damage":4,"enemies":"Sphere and 2 Shapes","floor":48,"turns":4},{"damage":17,"enemies":"Awakened One","floor":50,"turns":7},{"damage":6,"enemies":"Donu and Deca","floor":51,"turns":8},{"damage":0,"enemies":"Shield and Spear","floor":55,"turns":2}],"seed_played":"-5233927590333868307","potions_obtained":[{"floor":1.0,"key":"SteroidPotion"},{"floor":7.0,"key":"Weak Potion"},{"floor":10.0,"key":"CultistPotion"},{"floor":12.0,"key":"DuplicationPotion"},{"floor":22.0,"key":"EntropicBrew"},{"floor":29.0,"key":"Block Potion"},{"floor":33.0,"key":"PowerPotion"},{"floor":35.0,"key":"SkillPotion"},{"floor":39,"key":"SneckoOil"},{"floor":41,"key":"Fire Potion"},{"floor":44,"key":"Weak Potion"}],"is_trial":false,"path_per_floor":["M","?","$","$","M","R","?","?","T","M","$","E","R","M","R","B",null,"M","$","?","?","M","R","?","?","T","R","?","E","R","M","R","B",null,"M","?","$","T","M","R","E","M","T","E","?","M","$","M","R","B","B",null,"R","$","E"],"character_chosen":"IRONCLAD","items_purchased":["Feel No Pain","OrangePellets","Battle Trance","Finesse"],"campfire_rested":0,"item_purchase_floors":[3,37,47,54],"current_hp_per_floor":[63,63,63,63,60,60,38,38,38,44,44,34,34,43,43,25,57,62,62,62,34,34,34,34,26,26,26,26,34,34,33,33,33,34,32,32,32,32,34,34,33,34,34,32,32,32,32,32,32,32,32,32,32,32,32,32],"gold":27,"neow_bonus":"REMOVE_TWO","is_daily":false,"chose_seed":false,"campfire_upgraded":9,"win_rate":0.0,"timestamp":1611980396,"path_taken":["M","?","?","$","?","R","?","?","T","M","$","E","R","M","R","BOSS","M","$","?","?","M","R","?","?","T","R","?","E","R","?","R","BOSS","BOSS","M","?","$","?","M","R","E","M","T","E","?","M","$","M","R","BOSS","BOSS","R","$","E"],"items_purchased_type":["Card","Relic","Card","Card"],"build_version":"2020-12-22","purchased_purges":3,"victory":false,"max_hp_per_floor":[68,68,68,68,68,68,68,68,68,68,68,68,68,68,68,68,68,68,68,68,34,34,34,34,34,34,34,34,34,34,34,34,34,34,34,34,34,34,34,34,34,34,34,34,32,32,32,32,32,32,32,32,32,32,32,32],"card_choices":[{"not_picked":["Cleave","Entrench"],"picked":"Second Wind","floor":1.0},{"not_picked":["Cleave","True Grit"],"picked":"Uppercut","floor":5.0},{"not_picked":["Clothesline","Iron Wave"],"picked":"Entrench","floor":7.0},{"not_picked":["Twin Strike","Armaments"],"picked":"Body Slam","floor":10.0},{"not_picked":["Anger","Pummel"],"picked":"Wild Strike","floor":12.0},{"not_picked":["Armaments","Reaper","Second Wind"],"picked":"SKIP","floor":14.0},{"not_picked":["Double Tap","Juggernaut"],"picked":"Barricade","floor":16.0},{"not_picked":["Heavy Blade","Clothesline"],"picked":"Reckless Charge","floor":18.0},{"not_picked":["Thunderclap","Twin Strike","Flex"],"picked":"SKIP","floor":22.0},{"not_picked":["Flame Barrier","Pummel"],"picked":"Berserk+1","floor":29.0},{"not_picked":["Sword Boomerang","Feel No Pain+1"],"picked":"Shrug It Off","floor":31.0},{"not_picked":["Bludgeon","Feed"],"picked":"Offering","floor":33.0},{"not_picked":["Twin Strike"],"picked":"SKIP","floor":35.0},{"not_picked":[],"picked":"Sentinel","floor":39},{"not_picked":["Flex"],"picked":"SKIP","floor":41},{"not_picked":["Armaments"],"picked":"SKIP","floor":42},{"not_picked":["Dual Wield"],"picked":"SKIP","floor":44},{"not_picked":["Perfected Strike+1"],"picked":"SKIP","floor":46},{"not_picked":["Clothesline"],"picked":"SKIP","floor":48}],"player_experience":1233733,"relics_obtained":[{"floor":7.0,"key":"Odd Mushroom"},{"floor":9.0,"key":"Meat on the Bone"},{"floor":12.0,"key":"Bronze Scales"},{"floor":25.0,"key":"Red Mask"},{"floor":26.0,"key":"White Beast Statue"},{"floor":29.0,"key":"Letter Opener"},{"floor":38,"key":"Mercury Hourglass"},{"floor":41,"key":"Blood Vial"},{"floor":44,"key":"CeramicFish"}],"event_choices":[{"damage_healed":0.0,"max_hp_gain":0.0,"max_hp_loss":0.0,"gold_gain":0.0,"event_name":"Upgrade Shrine","player_choice":"Upgraded","floor":2.0,"gold_loss":0.0,"damage_taken":0.0,"cards_upgraded":["Bash"]},{"damage_healed":0.0,"max_hp_gain":0.0,"max_hp_loss":0.0,"gold_gain":0.0,"event_name":"Mushrooms","player_choice":"Fought Mushrooms","floor":7.0,"gold_loss":0.0,"damage_taken":0.0},{"damage_healed":0.0,"max_hp_gain":0.0,"max_hp_loss":0.0,"gold_gain":0.0,"event_name":"The Woman in Blue","player_choice":"Bought 1 Potion","floor":8.0,"gold_loss":0.0,"damage_taken":0.0},{"damage_healed":0.0,"max_hp_gain":0.0,"max_hp_loss":0.0,"gold_gain":0.0,"event_name":"Cursed Tome","player_choice":"Ignored","floor":20.0,"gold_loss":0.0,"damage_taken":0.0},{"damage_healed":0.0,"max_hp_gain":0.0,"max_hp_loss":34.0,"gold_gain":0.0,"event_name":"Ghosts","player_choice":"Became a Ghost","floor":21.0,"gold_loss":0.0,"damage_taken":0.0,"cards_obtained":["Ghostly","Ghostly","Ghostly"]},{"damage_healed":0.0,"max_hp_gain":0.0,"max_hp_loss":0.0,"gold_gain":0.0,"event_name":"Vampires","player_choice":"Ignored","floor":24.0,"gold_loss":0.0,"damage_taken":0.0},{"damage_healed":0.0,"max_hp_gain":0.0,"max_hp_loss":0.0,"gold_gain":0.0,"event_name":"Masked Bandits","player_choice":"Fought Bandits","floor":25.0,"gold_loss":0.0,"damage_taken":0.0},{"damage_healed":0.0,"max_hp_gain":0.0,"max_hp_loss":0.0,"gold_gain":0.0,"event_name":"WeMeetAgain","player_choice":"Gave Potion","floor":28.0,"gold_loss":0.0,"damage_taken":0.0,"relics_obtained":["Frozen Egg 2"]},{"damage_healed":0,"gold_gain":0,"player_choice":"0 cards matched","damage_taken":0,"max_hp_gain":0,"max_hp_loss":0,"event_name":"Match and Keep!","floor":36,"gold_loss":0,"cards_obtained":[]},{"damage_healed":0,"gold_gain":0,"player_choice":"Max HP","damage_taken":0,"max_hp_gain":0,"max_hp_loss":2,"event_name":"Winding Halls","floor":45,"gold_loss":0}],"is_beta":false,"boss_relics":[{"not_picked":["Runic Dome","SlaversCollar"],"picked":"Runic Pyramid"},{"not_picked":["Pandora\u0027s Box","Empty Cage"],"picked":"Busted Crown"}],"items_purged_floors":[11,19,37],"is_endless":false,"potions_floor_spawned":[1,7,10,12,22,29,31,33,35,39,41,42,44,46,48],"killed_by":"Shield and Spear","ascension_level":20}}