{"host":"jz4ul6vrcxqkcr33","time":1611980826,"event":{"mods":["BaseMod","Minty Spire (QoL Compilation)","StSLib"],"gold_per_floor":[119,133,133,153,228,228,228,228,228,228,228,251,275,39,39,39,39],"floor_reached":16,"language":"ENG","playtime":356,"items_purged":[],"score":108,"play_id":"8834cd96-634f-4625-b514-4e270163098a","local_time":"20210129232706","is_ascension_mode":true,"campfire_choices":[{"floor":6,"key":"REST"},{"floor":8,"key":"REST"},{"data":"1","floor":11,"key":"LIFT"},{"data":"2","floor":15,"key":"LIFT"}],"circlet_count":0,"master_deck":["Strike_G","Strike_G+1","Strike_G","Strike_G","Strike_G+1","Defend_G","Defend_G","Defend_G","Defend_G","Defend_G","Survivor","Neutralize","Blade Dance","Leg Sweep","Bouncing Flask","Accuracy","Cloak And Dagger","Bandage Up"],"relics":["HoveringKite","Golden Idol","Peace Pipe","Girya","Dream Catcher"],"acts_visited":["Exordium"],"potions_floor_usage":[16],"damage_taken":[{"damage":12,"enemies":"Jaw Worm","floor":1,"turns":4},{"damage":4,"enemies":"2 Louse","floor":2,"turns":3},{"damage":0,"enemies":"Small Slimes","floor":4,"turns":4},{"damage":0,"enemies":"3 Louse","floor":12,"turns":3},{"damage":3,"enemies":"Looter","floor":13,"turns":3},{"damage":46,"enemies":"Slime Boss","floor":16,"turns":8}],"seed_played":"-2475140485856104144","potions_obtained":[{"floor":1,"key":"SpeedPotion"}],"is_trial":false,"path_per_floor":["M","M","?","M","?","R","?","R","T","?","R","M","M","$","R","B"],"character_chosen":"THE_SILENT","items_purchased":["Dream Catcher","Bandage Up"],"campfire_rested":2,"item_purchase_floors":[14,14],"current_hp_per_floor":[58,54,37,37,26,47,33,54,54,42,42,42,39,39,39,0,0],"gold":39,"neow_bonus":"BOSS_RELIC","is_daily":false,"chose_seed":false,"campfire_upgraded":0,"win_rate":0.0,"timestamp":1611980826,"path_taken":["M","M","?","M","?","R","?","R","T","?","R","M","M","$","R","BOSS"],"items_purchased_type":["Relic","Card"],"build_version":"2020-12-13","purchased_purges":0,"victory":false,"max_hp_per_floor":[70,70,70,70,70,70,70,70,70,70,70,70,70,70,70,70,70],"card_choices":[{"not_picked":["Well Laid Plans","Backflip"],"picked":"Blade Dance","floor":1},{"not_picked":["Accuracy","Dagger Throw"],"picked":"Leg Sweep","floor":2},{"not_picked":["Flying Knee","Deflect"],"picked":"Bouncing Flask","floor":4},{"not_picked":["Deadly Poison","Caltrops"],"picked":"Accuracy","floor":12},{"not_picked":["Dagger Throw","Terror"],"picked":"Cloak And Dagger","floor":13}],"player_experience":193063,"relics_obtained":[{"floor":9,"key":"Peace Pipe"}],"event_choices":[{"damage_healed":0,"gold_gain":0,"player_choice":"Take Damage","damage_taken":17,"relics_obtained":["Golden Idol"],"max_hp_gain":0,"max_hp_loss":0,"event_name":"Golden Idol","floor":3,"gold_loss":0},{"damage_healed":0,"gold_gain":75,"player_choice":"Gather Gold","damage_taken":11,"max_hp_gain":0,"max_hp_loss":0,"event_name":"World of Goop","floor":5,"gold_loss":0},{"damage_healed":0,"gold_gain":0,"player_choice":"Entered Light","damage_taken":14,"max_hp_gain":0,"max_hp_loss":0,"event_name":"Shining Light","floor":7,"gold_loss":0,"cards_upgraded":["Strike_G","Strike_G"]},{"damage_healed":0,"gold_gain":0,"player_choice":"Success","damage_taken":12,"relics_obtained":["Girya"],"max_hp_gain":0,"max_hp_loss":0,"event_name":"Scrap Ooze","floor":10,"gold_loss":0}],"is_beta":false,"boss_relics":[],"items_purged_floors":[],"is_endless":false,"potions_floor_spawned":[1],"killed_by":"Slime Boss","ascension_level":4}}