{"host":"yx5rao87132cy5xq","time":1611971291,"event":{"mods":["2.2 Compatiblity","AchievementEnabler","BaseMod","Bestiary","Colored Map","Colored Powertips","Minty Spire (QoL Compilation)","Quick Restart","Relic Stats","Slay-I","SuperFastMode"],"gold_per_floor":[113,113,113,133,144,173,173,207,233,233,248,278,297,314,314,385,385,401,415,340,355,355,355,355,355],"floor_reached":24,"language":"ENG","playtime":1255,"items_purged":["Strike_R"],"score":382,"play_id":"204c976d-4fdf-434b-a0c7-c0d689a32180","local_time":"20210130024811","is_ascension_mode":true,"campfire_choices":[{"floor":7.0,"key":"REST"},{"floor":10.0,"key":"REST"},{"data":"True Grit","floor":15.0,"key":"SMITH"},{"floor":23,"key":"REST"}],"circlet_count":0,"master_deck":["AscendersBane","Strike_R","Strike_R","Strike_R","Strike_R","Defend_R","Defend_R","Defend_R","Defend_R","Bash","Twin Strike","Armaments","Cleave","Reckless Charge","Flex","Disarm","Twin Strike","True Grit+1","Flame Barrier","Immolate","Armaments"],"relics":["Burning Blood","Toy Ornithopter","Anchor","Red Skull","Lantern","Mark of Pain"],"acts_visited":["Exordium","TheCity"],"potions_floor_usage":[21,21],"damage_taken":[{"damage":6.0,"enemies":"Jaw Worm","floor":1.0,"turns":5.0},{"damage":16.0,"enemies":"Small Slimes","floor":4.0,"turns":4.0},{"damage":0.0,"enemies":"2 Louse","floor":5.0,"turns":3.0},{"damage":54.0,"enemies":"Lagavulin","floor":6.0,"turns":9.0},{"damage":31.0,"enemies":"Gremlin Nob","floor":8.0,"turns":5.0},{"damage":0.0,"enemies":"2 Fungi Beasts","floor":11.0,"turns":3.0},{"damage":29.0,"enemies":"Lagavulin","floor":12.0,"turns":7.0},{"damage":0.0,"enemies":"Red Slaver","floor":13.0,"turns":2.0},{"damage":3.0,"enemies":"Blue Slaver","floor":14.0,"turns":4.0},{"damage":17.0,"enemies":"Hexaghost","floor":16.0,"turns":13.0},{"damage":5.0,"enemies":"Chosen","floor":18.0,"turns":4.0},{"damage":48.0,"enemies":"Spheric Guardian","floor":19.0,"turns":6.0},{"damage":15,"enemies":"Shelled Parasite and Fungi","floor":21,"turns":3},{"damage":49,"enemies":"Slavers","floor":24,"turns":4}],"seed_played":"-4298780907959194204","potions_obtained":[{"floor":5.0,"key":"DuplicationPotion"},{"floor":6.0,"key":"EssenceOfSteel"},{"floor":11.0,"key":"EssenceOfSteel"},{"floor":12.0,"key":"SneckoOil"},{"floor":14.0,"key":"Strength Potion"},{"floor":16.0,"key":"LiquidBronze"},{"floor":19.0,"key":"LiquidBronze"}],"is_trial":false,"path_per_floor":["M","?","$","M","M","E","R","E","T","R","M","E","M","M","R","B",null,"M","M","$","M","?","R","E"],"character_chosen":"IRONCLAD","items_purchased":[],"campfire_rested":3,"item_purchase_floors":[],"current_hp_per_floor":[75,75,75,65,71,23,47,27,27,51,57,39,45,48,48,42,72,73,31,31,32,32,56,7,7],"gold":355,"neow_bonus":"TEN_PERCENT_HP_BONUS","is_daily":false,"chose_seed":false,"campfire_upgraded":1,"win_rate":0.0,"timestamp":1611971291,"path_taken":["M","?","$","M","M","E","R","E","T","R","M","E","M","M","R","BOSS","M","M","$","M","?","R","E"],"items_purchased_type":[],"build_version":"2020-12-22","purchased_purges":1,"victory":false,"max_hp_per_floor":[82,82,82,82,82,82,82,82,82,82,82,82,82,82,82,82,82,82,82,82,82,82,82,82,82],"relic_stats":{"counters":[14,72],"obtain_stats":[{"Anchor":8,"Lantern":12,"Mark of Pain":17,"Burning Blood":0,"Toy Ornithopter":6,"Red Skull":9},{"Anchor":5,"Lantern":7,"Mark of Pain":10,"Burning Blood":0,"Toy Ornithopter":4,"Red Skull":5},{"Anchor":26,"Lantern":36,"Mark of Pain":55,"Burning Blood":0,"Toy Ornithopter":21,"Red Skull":26}],"Burning Blood":78,"Toy Ornithopter":25},"card_choices":[{"not_picked":["Shrug It Off","Warcry"],"picked":"Twin Strike","floor":1.0},{"not_picked":["Entrench","Heavy Blade"],"picked":"Armaments","floor":4.0},{"not_picked":["Limit Break","Intimidate"],"picked":"Cleave","floor":5.0},{"not_picked":["Rampage","Clothesline"],"picked":"Reckless Charge","floor":6.0},{"not_picked":["Sentinel","Clothesline"],"picked":"Flex","floor":8.0},{"not_picked":["Searing Blow","True Grit"],"picked":"Disarm","floor":11.0},{"not_picked":["Pommel Strike","Thunderclap"],"picked":"Twin Strike","floor":12.0},{"not_picked":["Intimidate","Battle Trance"],"picked":"True Grit","floor":13.0},{"not_picked":["True Grit","Metallicize"],"picked":"Flame Barrier","floor":14.0},{"not_picked":["Juggernaut","Limit Break"],"picked":"Immolate","floor":16.0},{"not_picked":["Thunderclap","Dark Embrace","Seeing Red"],"picked":"SKIP","floor":18.0},{"not_picked":["Cleave","Body Slam","Clothesline"],"picked":"SKIP","floor":19.0},{"not_picked":["Sever Soul+1","Twin Strike+1"],"picked":"Armaments","floor":21}],"player_experience":906578,"relics_obtained":[{"floor":6.0,"key":"Toy Ornithopter"},{"floor":8.0,"key":"Anchor"},{"floor":9.0,"key":"Red Skull"},{"floor":12.0,"key":"Lantern"}],"event_choices":[{"damage_healed":0.0,"max_hp_gain":0.0,"max_hp_loss":0.0,"gold_gain":0.0,"event_name":"The Cleric","player_choice":"Leave","floor":2.0,"gold_loss":0.0,"damage_taken":0.0},{"damage_healed":0,"gold_gain":0,"player_choice":"Ignored","damage_taken":0,"max_hp_gain":0,"max_hp_loss":0,"event_name":"Vampires","floor":22,"gold_loss":0}],"is_beta":false,"boss_relics":[{"not_picked":["SlaversCollar","Calling Bell"],"picked":"Mark of Pain"}],"items_purged_floors":[20],"is_endless":false,"potions_floor_spawned":[5,6,11,12,14,16,19],"killed_by":"Slavers","ascension_level":15}}