{"host":"hjajo0rafoe1e6c4","time":1611973523,"event":{"mods":["AchievementEnabler","BaseMod","Bestiary","Colored Map","Colored Powertips","Highlight Path","Minty Spire (QoL Compilation)","Relic Stats"],"gold_per_floor":[114,114,74,89,89,89,119,134,184,184,214,229,133,163,163,263,263,278,278,278,293,308,338,353,353,378,408,133,148,163,213,213,313,363,378,283,283,298,313,343,358,358,358,408,438,438,212,227,227,227],"floor_reached":51,"language":"ENG","playtime":3305,"items_purged":["Defend_R"],"score":840,"play_id":"30c6cbbe-0fc3-4622-bd1c-6047d904f9e0","local_time":"20210129212523","daily_mods":["Specialized","Colorless Cards","Terminal"],"is_ascension_mode":false,"campfire_choices":[{"data":"Bash","floor":6,"key":"SMITH"},{"data":"Thinking Ahead","floor":10,"key":"SMITH"},{"data":"Madness","floor":15,"key":"SMITH"},{"data":"Armaments","floor":25,"key":"SMITH"},{"data":"Searing Blow+1","floor":32,"key":"SMITH"},{"data":"Searing Blow+1","floor":42,"key":"SMITH"},{"data":"Whirlwind","floor":46,"key":"SMITH"},{"data":"Thinking Ahead","floor":49,"key":"SMITH"}],"circlet_count":0,"master_deck":["Strike_R","Strike_R","Strike_R","Strike_R","Strike_R","Defend_R+1","Defend_R","Defend_R","Bash+1","Flame Barrier","Flame Barrier","Flame Barrier","Flame Barrier","Flame Barrier+1","Pommel Strike","Pummel","Thinking Ahead+1","Dramatic Entrance","Madness+1","Sword Boomerang","Armaments+1","Shrug It Off","Inflame+1","Necronomicurse","Searing Blow+2","Heavy Blade","Uppercut+1","Searing Blow+2","Dark Shackles+1","Thinking Ahead+1","Body Slam","Whirlwind+1","Armaments+1","Clothesline+1","Headbutt+1","Pommel Strike","Headbutt+1"],"relics":["Burning Blood","Potion Belt","Smiling Mask","Juzu Bracelet","HornCleat","PreservedInsect","Coffee Dripper","Necronomicon","Charon\u0027s Ashes","Bag of Preparation","Pear","Membership Card","Bronze Scales","Strawberry","Tiny House","Lantern","War Paint","Vajra","Gambling Chip","Frozen Egg 2","Torii"],"acts_visited":["Exordium","TheCity","TheBeyond"],"potions_floor_usage":[7,11,16,16,21,21,28,33,39,39,50,50,50,50],"damage_taken":[{"damage":0,"enemies":"Cultist","floor":1,"turns":5},{"damage":2,"enemies":"Jaw Worm","floor":4,"turns":4},{"damage":7,"enemies":"3 Sentries","floor":7,"turns":15},{"damage":0,"enemies":"Small Slimes","floor":8,"turns":3},{"damage":9,"enemies":"Lagavulin","floor":11,"turns":12},{"damage":0,"enemies":"Exordium Wildlife","floor":12,"turns":5},{"damage":8,"enemies":"Gremlin Nob","floor":14,"turns":4},{"damage":18,"enemies":"Hexaghost","floor":16,"turns":10},{"damage":0,"enemies":"3 Byrds","floor":18,"turns":1},{"damage":0,"enemies":"Shell Parasite","floor":21,"turns":2},{"damage":0,"enemies":"Cultist and Chosen","floor":22,"turns":4},{"damage":7,"enemies":"Book of Stabbing","floor":23,"turns":4},{"damage":0,"enemies":"Sentry and Sphere","floor":24,"turns":3},{"damage":0,"enemies":"Gremlin Leader","floor":27,"turns":3},{"damage":0,"enemies":"Chosen and Byrds","floor":29,"turns":3},{"damage":0,"enemies":"Snake Plant","floor":30,"turns":2},{"damage":44,"enemies":"Champ","floor":33,"turns":7},{"damage":0,"enemies":"3 Shapes","floor":35,"turns":2},{"damage":0,"enemies":"3 Darklings","floor":38,"turns":3},{"damage":0,"enemies":"Maw","floor":39,"turns":5},{"damage":4,"enemies":"Reptomancer","floor":40,"turns":3},{"damage":20,"enemies":"Writhing Mass","floor":41,"turns":5},{"damage":0,"enemies":"Mind Bloom Boss Battle","floor":44,"turns":4},{"damage":0,"enemies":"Nemesis","floor":45,"turns":3},{"damage":3,"enemies":"4 Shapes","floor":48,"turns":1},{"damage":48,"enemies":"Awakened One","floor":50,"turns":13}],"seed_played":"-828330817948855686","potions_obtained":[{"floor":3,"key":"CultistPotion"},{"floor":3,"key":"Block Potion"},{"floor":3,"key":"SmokeBomb"},{"floor":7,"key":"Energy Potion"},{"floor":11,"key":"Weak Potion"},{"floor":12,"key":"SkillPotion"},{"floor":14,"key":"SteroidPotion"},{"floor":22,"key":"BloodPotion"},{"floor":23,"key":"SkillPotion"},{"floor":27,"key":"Energy Potion"},{"floor":30,"key":"DuplicationPotion"},{"floor":34,"key":"Ancient Potion"},{"floor":38,"key":"PowerPotion"},{"floor":45,"key":"Swift Potion"}],"is_trial":false,"path_per_floor":["M","?","?","M","?","R","E","M","T","R","E","M","$","E","R","B",null,"M","?","?","M","M","E","M","R","T","E","$","M","M","T","R","B",null,"M","$","?","M","M","E","M","R","T","?","E","R","$","M","R","B",null],"character_chosen":"IRONCLAD","items_purchased":["Armaments","Membership Card","Bronze Scales","Fruit Juice","Whirlwind","Lantern","Torii","Pommel Strike","Strength Potion","ColorlessPotion"],"campfire_rested":0,"item_purchase_floors":[13,28,28,28,36,36,47,47,47,47],"current_hp_per_floor":[78,77,76,75,74,73,72,71,70,69,66,67,66,64,64,52,62,61,60,44,50,56,55,55,54,53,62,66,65,64,70,69,31,72,71,70,69,68,67,66,52,52,52,58,61,60,59,58,57,26],"gold":227,"neow_bonus":"","is_daily":true,"chose_seed":false,"campfire_upgraded":8,"win_rate":0.0,"timestamp":1611973523,"path_taken":["M","?","?","?","?","R","E","?","T","R","E","M","?","E","R","BOSS","M","?","?","M","M","E","M","R","T","E","?","M","M","?","R","BOSS","M","$","?","M","M","E","M","R","T","?","E","R","$","M","R","BOSS"],"items_purchased_type":["Card","Relic","Relic","Potion","Card","Relic","Relic","Card","Potion","Potion"],"build_version":"2020-12-22","purchased_purges":1,"victory":true,"max_hp_per_floor":[78,77,76,75,74,73,72,71,70,69,68,67,66,65,64,63,62,61,60,59,58,57,56,55,54,53,62,66,65,64,70,69,68,72,71,70,69,68,67,66,65,64,63,62,61,60,59,58,57,56],"relic_stats":{"Torii":11,"counters":[26,126],"PreservedInsect":193,"Charon\u0027s Ashes":[180],"Juzu Bracelet":0,"Bag of Preparation":[26],"War Paint":["Flame Barrier","Defend_R"],"Smiling Mask":25,"Burning Blood":82,"Bronze Scales":[136],"Gambling Chip":[8],"Necronomicon":[41],"obtain_stats":[{"Potion Belt":2,"Lantern":36,"Pear":27,"Tiny House":34,"Torii":47,"Vajra":43,"PreservedInsect":14,"Charon\u0027s Ashes":23,"Juzu Bracelet":9,"Bag of Preparation":26,"War Paint":40,"Frozen Egg 2":45,"Smiling Mask":7,"Burning Blood":0,"HornCleat":11,"Bronze Scales":28,"Strawberry":31,"Gambling Chip":44,"Coffee Dripper":17,"Necronomicon":20,"Membership Card":28},{"Potion Belt":1,"Lantern":18,"Pear":14,"Tiny House":17,"Torii":24,"Vajra":22,"PreservedInsect":7,"Charon\u0027s Ashes":12,"Juzu Bracelet":4,"Bag of Preparation":13,"War Paint":21,"Frozen Egg 2":24,"Smiling Mask":3,"Burning Blood":0,"HornCleat":5,"Bronze Scales":14,"Strawberry":16,"Gambling Chip":23,"Coffee Dripper":8,"Necronomicon":9,"Membership Card":14},{"Potion Belt":5,"Lantern":89,"Pear":75,"Tiny House":87,"Torii":112,"Vajra":105,"PreservedInsect":48,"Charon\u0027s Ashes":69,"Juzu Bracelet":27,"Bag of Preparation":72,"War Paint":100,"Frozen Egg 2":112,"Smiling Mask":24,"Burning Blood":0,"HornCleat":39,"Bronze Scales":75,"Strawberry":80,"Gambling Chip":109,"Coffee Dripper":58,"Necronomicon":59,"Membership Card":75}]},"card_choices":[{"not_picked":["Uppercut","Flex"],"picked":"Pommel Strike","floor":1},{"not_picked":["Clothesline","Searing Blow"],"picked":"Pummel","floor":4},{"not_picked":["Flame Barrier","Headbutt"],"picked":"Thinking Ahead","floor":7},{"not_picked":["Bloodletting","Wild Strike"],"picked":"Dramatic Entrance","floor":8},{"not_picked":["Body Slam","Clothesline"],"picked":"Madness","floor":11},{"not_picked":["Perfected Strike","Evolve"],"picked":"Sword Boomerang","floor":12},{"not_picked":["Hemokinesis","True Grit"],"picked":"Shrug It Off","floor":14},{"not_picked":["Warcry","Clothesline"],"picked":"Inflame","floor":18},{"not_picked":["Clash","Clothesline"],"picked":"Searing Blow+1","floor":21},{"not_picked":["Armaments","Whirlwind"],"picked":"Heavy Blade","floor":22},{"not_picked":["Juggernaut","Whirlwind+1"],"picked":"Uppercut+1","floor":23},{"not_picked":["Carnage","Ghostly Armor"],"picked":"Searing Blow+1","floor":24},{"not_picked":["Warcry","Flame Barrier"],"picked":"Dark Shackles+1","floor":27},{"not_picked":["Rampage","Warcry","Twin Strike"],"picked":"SKIP","floor":29},{"not_picked":["Clash","Enlightenment","Anger"],"picked":"SKIP","floor":30},{"not_picked":["Master of Strategy","Exhume"],"picked":"Thinking Ahead","floor":33},{"not_picked":["Impatience+1","Warcry+1"],"picked":"Body Slam","floor":35},{"not_picked":["Discovery","Armaments","Perfected Strike"],"picked":"SKIP","floor":38},{"not_picked":["Combust","PanicButton","Impatience+1"],"picked":"SKIP","floor":39},{"not_picked":["Rupture+1","Pommel Strike","Anger"],"picked":"SKIP","floor":40},{"not_picked":["Panache","Rampage"],"picked":"Armaments+1","floor":41},{"not_picked":["Twin Strike+1","Havoc+1"],"picked":"Clothesline+1","floor":44},{"not_picked":["Enlightenment+1","Wild Strike"],"picked":"Headbutt+1","floor":45},{"not_picked":["Anger+1","Heavy Blade"],"picked":"Headbutt+1","floor":48}],"player_experience":195782,"relics_obtained":[{"floor":7,"key":"Smiling Mask"},{"floor":9,"key":"Juzu Bracelet"},{"floor":11,"key":"HornCleat"},{"floor":14,"key":"PreservedInsect"},{"floor":20,"key":"Necronomicon"},{"floor":23,"key":"Charon\u0027s Ashes"},{"floor":26,"key":"Bag of Preparation"},{"floor":27,"key":"Pear"},{"floor":31,"key":"Strawberry"},{"floor":40,"key":"War Paint"},{"floor":43,"key":"Vajra"},{"floor":44,"key":"Gambling Chip"},{"floor":45,"key":"Frozen Egg 2"}],"event_choices":[{"damage_healed":0,"gold_gain":0,"player_choice":"Box","damage_taken":0,"relics_obtained":["Potion Belt"],"max_hp_gain":0,"max_hp_loss":0,"event_name":"Big Fish","floor":2,"gold_loss":0,"cards_obtained":["Regret"]},{"damage_healed":0,"gold_gain":0,"player_choice":"Bought 3 Potions","damage_taken":0,"max_hp_gain":0,"max_hp_loss":0,"event_name":"The Woman in Blue","floor":3,"gold_loss":0},{"cards_removed":["Regret"],"damage_healed":0,"gold_gain":0,"player_choice":"Purged","damage_taken":0,"max_hp_gain":0,"max_hp_loss":0,"event_name":"Purifier","floor":5,"gold_loss":0},{"damage_healed":0,"gold_gain":0,"player_choice":"Ignored","damage_taken":0,"max_hp_gain":0,"max_hp_loss":0,"event_name":"Vampires","floor":19,"gold_loss":0},{"damage_healed":0,"gold_gain":0,"player_choice":"Obtained Book","damage_taken":16,"max_hp_gain":0,"max_hp_loss":0,"event_name":"Cursed Tome","floor":20,"gold_loss":0},{"damage_healed":0,"gold_gain":0,"player_choice":"Ignored","damage_taken":0,"max_hp_gain":0,"max_hp_loss":0,"event_name":"Tomb of Lord Red Mask","floor":37,"gold_loss":0},{"damage_healed":0,"gold_gain":0,"player_choice":"Fight","damage_taken":0,"max_hp_gain":0,"max_hp_loss":0,"event_name":"MindBloom","floor":44,"gold_loss":0}],"is_beta":false,"boss_relics":[{"not_picked":["Calling Bell","Runic Dome"],"picked":"Coffee Dripper"},{"not_picked":["SacredBark","Busted Crown"],"picked":"Tiny House"}],"items_purged_floors":[13],"is_endless":false,"potions_floor_spawned":[7,11,12,14,22,23,27,30,38,45,48],"ascension_level":0}}