{"host":"cmkyc3p4v2g7wnr3","time":1611996582,"event":{"mods":["2.2 Compatiblity","A Magickal Journey","AchievementEnabler","Act Like it!","AlwaysNeverKeys","BaseMod","Better Match","Better Note","BetterRewards","Block Reminder","Colored Map","Colored Powertips","DeckTracker","Gold Saver","Hermit","Highlight Path","Hubris","Infinite Spire","Jorbs\u0027s Wanderer Trilogy","Marked Mod","Minty Spire (QoL Compilation)","Potionbrewer","Prisma Mod","Quick Restart","Rare Cards Sparkle","Relic Stats","Reliquary","Replay The Spire","Shop Mod","Slay the Relics Exporter","StSLib","Synergy Search","The Administrix","The Animator","The Bug Knight","The Construct","The Cursed","The Disciple","The Hierophant","The Marked","The Mystic","The Runesmith","The Servant 0.9.4","TheBandit"],"gold_per_floor":[205,205,12,12,28,28,59,59,137,137,150,166,166,191,191,288,338,353,368,368,385,385,385,403,413,413,445,445,455,470,505,505,505,505],"floor_reached":33,"language":"ENG","playtime":3895,"items_purged":[],"score":322,"play_id":"b63b3b4a-55d6-4bf2-ad18-b087e1cf6056","local_time":"20210130094942","is_ascension_mode":false,"campfire_choices":[{"data":"AdministrixMod:CrackingPangu","floor":6.0,"key":"SMITH"},{"data":"AdministrixMod:PassageOfAges","floor":8.0,"key":"SMITH"},{"data":"AdministrixMod:PlateOfAntiquity","floor":10.0,"key":"SMITH"},{"data":"AdministrixMod:FeastOfDew","floor":15.0,"key":"SMITH"},{"data":"AdministrixMod:ImmortalClarity","floor":23.0,"key":"SMITH"},{"data":"AdministrixMod:TouchOfCinnabar","floor":28.0,"key":"SMITH"},{"data":"AdministrixMod:BloodBargain","floor":32,"key":"SMITH"}],"circlet_count":0,"master_deck":["AdministrixMod:Strike_Administrix","AdministrixMod:Strike_Administrix","AdministrixMod:Strike_Administrix","AdministrixMod:RedCloak","AdministrixMod:Defend_Administrix","AdministrixMod:Defend_Administrix","AdministrixMod:Defend_Administrix","AdministrixMod:Defend_Administrix","AdministrixMod:BlueCloak","AdministrixMod:GuanyinBlessing+1","AdministrixMod:PassageOfAges+1","AdministrixMod:PassageOfAges+1","AdministrixMod:CrackingPangu+1","AdministrixMod:PlateOfAntiquity+1","AdministrixMod:ShadowPlay","AdministrixMod:FeastOfDew+1","AdministrixMod:ExtolVirtue","AdministrixMod:ImmortalClarity+1","AdministrixMod:SeventeenArticleLaser","AdministrixMod:SealAway","AdministrixMod:RegentEdict+1","AdministrixMod:TouchOfCinnabar+1","AdministrixMod:FuneraryRites+1","AdministrixMod:HiddenPower+1","AdministrixMod:ChooseYourEnd","AdministrixMod:BloodBargain+1"],"relics":["AdministrixMod:ConductorRitualBaton","NeowsBlessing","MerchantsRug","Lantern","potionbrewer:BottledElixir","Toy Ornithopter","Tiny House","infinitespire:Lychee Nut","construct:ClawGrip","Replay:Wax Seal","hubris:TenFootPole","Tiny Chest"],"acts_visited":["Exordium","TheCity"],"potions_floor_usage":[29,29,31,31],"damage_taken":[{"damage":0.0,"enemies":"2 Louse","floor":1.0,"turns":1.0},{"damage":0.0,"enemies":"Small Slimes","floor":5.0,"turns":1.0},{"damage":0.0,"enemies":"3 Sentries","floor":7.0,"turns":1.0},{"damage":0.0,"enemies":"Cultist","floor":11.0,"turns":2.0},{"damage":0.0,"enemies":"3 Louse","floor":12.0,"turns":2.0},{"damage":2.0,"enemies":"Lagavulin","floor":14.0,"turns":4.0},{"damage":20.0,"enemies":"The Guardian","floor":16.0,"turns":10.0},{"damage":4.0,"enemies":"Chosen","floor":18.0,"turns":4.0},{"damage":0.0,"enemies":"3 Byrds","floor":19.0,"turns":2.0},{"damage":7.0,"enemies":"Cultist and Chosen","floor":21.0,"turns":3.0},{"damage":15.0,"enemies":"Snake Plant","floor":24.0,"turns":4.0},{"damage":2.0,"enemies":"Chosen and Byrds","floor":25.0,"turns":5.0},{"damage":17.0,"enemies":"HollowMod:Nosk","floor":27.0,"turns":6.0},{"damage":8,"enemies":"Centurion and Healer","floor":29,"turns":6},{"damage":4,"enemies":"3 Cultists","floor":30,"turns":3},{"damage":13,"enemies":"Book of Stabbing","floor":31,"turns":4},{"damage":55,"enemies":"hubris:MusketHawk","floor":33,"turns":6}],"seed_played":"-7510072059465265242","potions_obtained":[{"floor":7.0,"key":"ColorlessPotion"},{"floor":11.0,"key":"Strength Potion"},{"floor":14.0,"key":"Fire Potion"},{"floor":16.0,"key":"Strength Potion"},{"floor":17.0,"key":"Regen Potion"},{"floor":24.0,"key":"ColorlessPotion"},{"floor":27.0,"key":"SteroidPotion"},{"floor":29,"key":"Flashbang"}],"is_trial":false,"path_per_floor":["M","?","$","?","M","R","E","R","T","R","M","M","?","E","R","B",null,"M","M","AVR","M","?","R","M","M","T","E","R","M","M","E","R","B"],"character_chosen":"TheAdministrix","items_purchased":["AdministrixMod:PassageOfAges","MerchantsRug"],"campfire_rested":0,"item_purchase_floors":[3,3],"current_hp_per_floor":[65,65,65,65,65,65,65,65,65,65,65,65,65,63,63,45,70,66,66,52,47,47,47,43,47,47,41,41,49,48,39,39,0,0],"gold":505,"neow_bonus":"THREE_ENEMY_KILL","is_daily":false,"chose_seed":false,"campfire_upgraded":7,"win_rate":0.0,"timestamp":1611996582,"path_taken":["M","?","$","?","M","R","E","R","T","R","M","M","?","E","R","BOSS","M","M","AVR","?","?","R","M","M","T","E","R","M","M","E","R","BOSS"],"items_purchased_type":["Card","Relic"],"build_version":"2020-12-22","purchased_purges":0,"victory":false,"max_hp_per_floor":[65,65,65,65,65,65,65,65,65,65,65,65,65,65,65,65,70,70,70,52,52,52,52,52,52,52,52,52,52,52,52,52,52,52],"relic_stats":{"counters":[17,64],"Tiny Chest":0,"obtain_stats":[{"MerchantsRug":3,"Lantern":7,"construct:ClawGrip":20,"Tiny House":17,"NeowsBlessing":0,"infinitespire:Lychee Nut":20,"Tiny Chest":31,"AdministrixMod:ConductorRitualBaton":0,"hubris:TenFootPole":27,"potionbrewer:BottledElixir":9,"Replay:Wax Seal":26,"Toy Ornithopter":14},{"MerchantsRug":1,"Lantern":3,"construct:ClawGrip":9,"Tiny House":7,"NeowsBlessing":0,"infinitespire:Lychee Nut":9,"Tiny Chest":16,"AdministrixMod:ConductorRitualBaton":0,"hubris:TenFootPole":13,"potionbrewer:BottledElixir":3,"Replay:Wax Seal":12,"Toy Ornithopter":6},{"MerchantsRug":1,"Lantern":3,"construct:ClawGrip":27,"Tiny House":21,"NeowsBlessing":0,"infinitespire:Lychee Nut":27,"Tiny Chest":58,"AdministrixMod:ConductorRitualBaton":0,"hubris:TenFootPole":45,"potionbrewer:BottledElixir":3,"Replay:Wax Seal":39,"Toy Ornithopter":11}],"Toy Ornithopter":23},"card_choices":[{"not_picked":["AdministrixMod:ImmortalPurity","AdministrixMod:RisingSunPrince"],"picked":"AdministrixMod:GuanyinBlessing","floor":1.0},{"not_picked":["AdministrixMod:NoblePath","AdministrixMod:PassageOfAges"],"picked":"AdministrixMod:CrackingPangu","floor":5.0},{"not_picked":["AdministrixMod:GuanyinBlessing","AdministrixMod:QuietConspiracy"],"picked":"AdministrixMod:PlateOfAntiquity","floor":7.0},{"not_picked":["AdministrixMod:ExtolVirtue","AdministrixMod:BishamonBlessing"],"picked":"AdministrixMod:ShadowPlay","floor":11.0},{"not_picked":["AdministrixMod:NoblePath","AdministrixMod:RebukeDesires"],"picked":"AdministrixMod:FeastOfDew","floor":12.0},{"not_picked":["AdministrixMod:NoblePath","AdministrixMod:PlateOfAntiquity"],"picked":"AdministrixMod:ExtolVirtue","floor":14.0},{"not_picked":["AdministrixMod:TenDesires","AdministrixMod:Mastermind"],"picked":"AdministrixMod:ImmortalClarity","floor":16.0},{"not_picked":["AdministrixMod:PassageOfAges","AdministrixMod:Convergence"],"picked":"AdministrixMod:SeventeenArticleLaser","floor":17.0},{"not_picked":["AdministrixMod:ImmortalGrace","AdministrixMod:Untouchable"],"picked":"AdministrixMod:SealAway","floor":18.0},{"not_picked":["AdministrixMod:QuietConspiracy+1","AdministrixMod:MixOfMercury"],"picked":"AdministrixMod:RegentEdict+1","floor":19.0},{"not_picked":["AdministrixMod:Overdrive","AdministrixMod:PlateOfAntiquity"],"picked":"AdministrixMod:TouchOfCinnabar","floor":21.0},{"not_picked":["AdministrixMod:RebukeDesires+1","AdministrixMod:Katabasis"],"picked":"AdministrixMod:FuneraryRites+1","floor":24.0},{"not_picked":["AdministrixMod:PassageOfAges","AdministrixMod:ShadowPlay","AdministrixMod:TrickOfTheLight"],"picked":"SKIP","floor":25.0},{"not_picked":["AdministrixMod:FeastOfDew","AdministrixMod:DiversionaryTactic","AdministrixMod:NoblePath+1"],"picked":"SKIP","floor":27.0},{"not_picked":["AdministrixMod:FiendishCrimson+1","AdministrixMod:DreamsMausoleum+1"],"picked":"AdministrixMod:HiddenPower+1","floor":29},{"not_picked":["AdministrixMod:NoblePath+1","AdministrixMod:UnstableVigor"],"picked":"AdministrixMod:ChooseYourEnd","floor":30},{"not_picked":["AdministrixMod:HiddenPower","AdministrixMod:CrackingPangu"],"picked":"AdministrixMod:BloodBargain","floor":31}],"player_experience":311095,"relics_obtained":[{"floor":7.0,"key":"Lantern"},{"floor":9.0,"key":"potionbrewer:BottledElixir"},{"floor":14.0,"key":"Toy Ornithopter"},{"floor":26.0,"key":"Replay:Wax Seal"},{"floor":27.0,"key":"hubris:TenFootPole"},{"floor":31,"key":"Tiny Chest"}],"event_choices":[{"damage_healed":0.0,"max_hp_gain":0.0,"max_hp_loss":0.0,"gold_gain":0.0,"event_name":"Living Wall","player_choice":"Grow","floor":4.0,"gold_loss":0.0,"damage_taken":0.0,"cards_upgraded":["AdministrixMod:GuanyinBlessing"]},{"cards_removed":["AdministrixMod:Strike_Administrix"],"damage_healed":0.0,"max_hp_gain":0.0,"max_hp_loss":0.0,"gold_gain":0.0,"event_name":"Purifier","player_choice":"Purged","floor":13.0,"gold_loss":0.0,"damage_taken":0.0},{"damage_healed":0.0,"max_hp_gain":0.0,"max_hp_loss":0.0,"gold_gain":0.0,"event_name":"The Woman in Blue","player_choice":"Bought 0 Potions","floor":22.0,"gold_loss":0.0,"damage_taken":0.0}],"is_beta":false,"boss_relics":[{"not_picked":["infinitespire:Cupcake","Astrolabe"],"picked":"Tiny House"}],"items_purged_floors":[],"is_endless":false,"potions_floor_spawned":[7,11,14,16,24,25,27,29],"killed_by":"hubris:MusketHawk","ascension_level":0}}