{"host":"avjwtc49fhlk6kym","time":1611969836,"event":{"mods":["AchievementEnabler","BaseMod","Better Match","Better Note","Better Third Choice","Colored Map","Colored Powertips","Displayed Cursed Tome","Highlight Path","Minty Spire (QoL Compilation)","Permanent Neow","Quick Restart","StSLib"],"gold_per_floor":[109,79,96,110,110,110,35,35,60,75,105,105,21,40,40,137,137,157,173,20,95,95,95,123,135,160,11,11,30,45,65,65,163,163,174,22,33,83,23,23,40,51,77,77,92,92,0,16,16,16,16],"floor_reached":50,"language":"ENG","playtime":2269,"items_purged":[],"score":464,"play_id":"37edd9d6-d7ae-4100-bf5b-21db2a826e0b","local_time":"20210129202356","is_ascension_mode":false,"campfire_choices":[{"data":"Eruption","floor":6.0,"key":"SMITH"},{"data":"Establishment","floor":8.0,"key":"SMITH"},{"data":"ReachHeaven","floor":12.0,"key":"SMITH"},{"data":"BattleHymn","floor":15.0,"key":"SMITH"},{"data":"CutThroughFate","floor":23.0,"key":"SMITH"},{"floor":28.0,"key":"REST"},{"floor":32.0,"key":"REST"},{"floor":40.0,"key":"REST"},{"floor":46,"key":"REST"},{"floor":49,"key":"REST"}],"circlet_count":0,"master_deck":["Strike_P+1","Strike_P+1","Defend_P+1","Defend_P","Eruption+1","Evaluate+1","ReachHeaven+1","CutThroughFate+1","Establishment+1","BowlingBash","Meditate","Madness","BattleHymn+1","ConjureBlade","Wireheading","PathToVictory","Protect","CrushJoints+1","WheelKick+1","Judgement","Protect+1","Sanctity+1","SignatureMove","FearNoEvil","Wallop+1","LikeWater+1"],"relics":["PureWater","Happy Flower","War Paint","Bag of Marbles","Empty Cage","Lee\u0027s Waffle","Incense Burner","PreservedInsect","Orichalcum","Sozu","Juzu Bracelet","Dead Branch","Red Mask"],"acts_visited":["Exordium","TheCity","TheBeyond"],"potions_floor_usage":[],"damage_taken":[{"damage":1.0,"enemies":"Jaw Worm","floor":1.0,"turns":3.0},{"damage":0.0,"enemies":"Cultist","floor":3.0,"turns":2.0},{"damage":1.0,"enemies":"Small Slimes","floor":4.0,"turns":3.0},{"damage":2.0,"enemies":"Looter","floor":10.0,"turns":3.0},{"damage":4.0,"enemies":"3 Sentries","floor":11.0,"turns":4.0},{"damage":0.0,"enemies":"Blue Slaver","floor":14.0,"turns":3.0},{"damage":43.0,"enemies":"Hexaghost","floor":16.0,"turns":6.0},{"damage":19.0,"enemies":"2 Thieves","floor":18.0,"turns":4.0},{"damage":21.0,"enemies":"3 Byrds","floor":19.0,"turns":4.0},{"damage":28.0,"enemies":"Book of Stabbing","floor":24.0,"turns":4.0},{"damage":30.0,"enemies":"Snake Plant","floor":25.0,"turns":3.0},{"damage":10.0,"enemies":"Centurion and Healer","floor":29.0,"turns":6.0},{"damage":1.0,"enemies":"Cultist and Chosen","floor":30.0,"turns":5.0},{"damage":16.0,"enemies":"Snecko","floor":31.0,"turns":4.0},{"damage":29.0,"enemies":"Champ","floor":33.0,"turns":9.0},{"damage":11.0,"enemies":"Orb Walker","floor":35.0,"turns":3.0},{"damage":21.0,"enemies":"3 Shapes","floor":37.0,"turns":6.0},{"damage":19.0,"enemies":"Mind Bloom Boss Battle","floor":38.0,"turns":6.0},{"damage":7,"enemies":"Sphere and 2 Shapes","floor":41,"turns":4},{"damage":3,"enemies":"3 Darklings","floor":42,"turns":4},{"damage":10,"enemies":"Spire Growth","floor":45,"turns":4},{"damage":5,"enemies":"4 Shapes","floor":48,"turns":6},{"damage":89,"enemies":"Awakened One","floor":50,"turns":9}],"seed_played":"-6679549424806034295","potions_obtained":[{"floor":1.0,"key":"PowerPotion"},{"floor":2.0,"key":"Weak Potion"},{"floor":2.0,"key":"SteroidPotion"},{"floor":11.0,"key":"Fire Potion"},{"floor":14.0,"key":"DistilledChaos"},{"floor":16.0,"key":"DuplicationPotion"},{"floor":19.0,"key":"SkillPotion"},{"floor":24.0,"key":"DuplicationPotion"},{"floor":29.0,"key":"Weak Potion"},{"floor":33.0,"key":"SmokeBomb"}],"is_trial":false,"path_per_floor":["M","?","M","M","?","R","$","R","T","M","E","R","$","M","R","B",null,"M","M","$","?","?","R","E","M","T","$","R","M","M","M","R","B",null,"M","$","M","?","?","R","M","M","T","?","M","R","?","M","R","B"],"character_chosen":"WATCHER","items_purchased":["Establishment","Madness","Lee\u0027s Waffle","Orichalcum","Juzu Bracelet"],"campfire_rested":5,"item_purchase_floors":[7,13,20,27,36],"current_hp_per_floor":[71,71,71,70,56,56,56,56,56,54,50,50,50,50,50,7,72,53,32,79,72,72,72,44,14,14,14,37,27,26,10,33,4,79,68,68,47,28,28,51,44,41,41,41,31,54,54,49,72,0,0],"gold":16,"neow_bonus":"RANDOM_COMMON_RELIC","is_daily":false,"chose_seed":false,"campfire_upgraded":5,"win_rate":0.0,"timestamp":1611969836,"path_taken":["M","?","?","M","?","R","$","R","T","M","E","R","$","M","R","BOSS","M","M","$","?","?","R","E","M","T","$","R","M","?","M","R","BOSS","M","$","M","?","?","R","M","M","T","?","M","R","?","M","R","BOSS"],"items_purchased_type":["Card","Card","Relic","Relic","Relic"],"build_version":"2020-12-22","purchased_purges":0,"victory":false,"max_hp_per_floor":[72,72,72,72,72,72,72,72,72,72,72,72,72,72,72,72,72,72,72,79,79,79,79,79,79,79,79,79,79,79,79,79,79,79,79,79,79,79,79,79,79,79,79,79,79,79,79,79,79,79,79],"card_choices":[{"not_picked":["Adaptation","SashWhip"],"picked":"Evaluate","floor":1.0},{"not_picked":["CutThroughFate","EmptyBody"],"picked":"ReachHeaven","floor":3.0},{"not_picked":["Pray","EmptyBody"],"picked":"CutThroughFate","floor":4.0},{"not_picked":["WaveOfTheHand","JustLucky"],"picked":"BowlingBash","floor":10.0},{"not_picked":["FollowUp","SashWhip"],"picked":"Meditate","floor":11.0},{"not_picked":["Blasphemy","Consecrate"],"picked":"BattleHymn","floor":14.0},{"not_picked":["SpiritShield","Vault"],"picked":"ConjureBlade","floor":16.0},{"not_picked":["Evaluate","Halt"],"picked":"Wireheading","floor":18.0},{"not_picked":["Evaluate+1","WreathOfFlame"],"picked":"PathToVictory","floor":19.0},{"not_picked":["FlyingSleeves","Vault"],"picked":"Protect","floor":24.0},{"not_picked":["JustLucky","BowlingBash+1"],"picked":"CrushJoints+1","floor":25.0},{"not_picked":["EmptyFist","ClearTheMind+1"],"picked":"WheelKick+1","floor":29.0},{"not_picked":["Meditate","EmptyFist+1","EmptyBody"],"picked":"SKIP","floor":30.0},{"not_picked":["CutThroughFate","SashWhip","Adaptation+1"],"picked":"SKIP","floor":31.0},{"not_picked":["Scrawl","Wish"],"picked":"Judgement","floor":33.0},{"not_picked":["FlyingSleeves+1","InnerPeace","JustLucky+1"],"picked":"SKIP","floor":35.0},{"not_picked":["BowlingBash","ClearTheMind"],"picked":"Protect+1","floor":37.0},{"not_picked":["FlurryOfBlows+1","WindmillStrike+1"],"picked":"Sanctity+1","floor":38.0},{"not_picked":["BattleHymn+1","WindmillStrike+1"],"picked":"Wallop+1","floor":41},{"not_picked":["FlurryOfBlows","Omniscience","CutThroughFate+1"],"picked":"SKIP","floor":42},{"not_picked":["Worship","WaveOfTheHand+1"],"picked":"LikeWater+1","floor":45},{"not_picked":["Evaluate","DeceiveReality+1","FlurryOfBlows+1"],"picked":"SKIP","floor":48}],"player_experience":418454,"relics_obtained":[{"floor":9.0,"key":"War Paint"},{"floor":11.0,"key":"Bag of Marbles"},{"floor":24.0,"key":"Incense Burner"},{"floor":26.0,"key":"PreservedInsect"},{"floor":38.0,"key":"Dead Branch"}],"event_choices":[{"damage_healed":0.0,"max_hp_gain":0.0,"max_hp_loss":0.0,"gold_gain":0.0,"event_name":"The Woman in Blue","player_choice":"Bought 2 Potions","floor":2.0,"gold_loss":0.0,"damage_taken":0.0},{"damage_healed":70.0,"max_hp_gain":0.0,"max_hp_loss":72.0,"gold_gain":0.0,"event_name":"betterThird:BetterShining","player_choice":"Upgrade","floor":5.0,"gold_loss":0.0,"damage_taken":14.0,"cards_upgraded":["Strike_P","Strike_P"]},{"damage_healed":0.0,"max_hp_gain":0.0,"max_hp_loss":0.0,"gold_gain":75.0,"event_name":"FaceTrader","player_choice":"Touch","floor":21.0,"gold_loss":0.0,"damage_taken":7.0},{"cards_removed":["Strike_P"],"damage_healed":0.0,"max_hp_gain":0.0,"max_hp_loss":0.0,"gold_gain":0.0,"event_name":"betterNote:BetterNote","player_choice":"Give","floor":22.0,"gold_loss":0.0,"damage_taken":0.0,"cards_obtained":["Defend_P"]},{"damage_healed":0.0,"max_hp_gain":0.0,"max_hp_loss":0.0,"gold_gain":0.0,"event_name":"MindBloom","player_choice":"Fight","floor":38.0,"gold_loss":0.0,"damage_taken":0.0},{"damage_healed":0.0,"max_hp_gain":0.0,"max_hp_loss":0.0,"gold_gain":0.0,"cards_transformed":["Strike_P","Defend_P"],"event_name":"Designer","player_choice":"Transformed Cards","floor":39.0,"gold_loss":60.0,"damage_taken":0.0,"cards_obtained":["SignatureMove","FearNoEvil"]},{"cards_removed":["Vigilance"],"damage_healed":0,"gold_gain":0,"player_choice":"Removed Skill","damage_taken":0,"max_hp_gain":0,"max_hp_loss":0,"event_name":"Falling","floor":44,"gold_loss":0},{"damage_healed":0,"gold_gain":0,"player_choice":"Paid","damage_taken":0,"relics_obtained":["Red Mask"],"max_hp_gain":0,"max_hp_loss":0,"event_name":"Tomb of Lord Red Mask","floor":47,"gold_loss":92}],"is_beta":false,"boss_relics":[{"not_picked":["Tiny House","Ectoplasm"],"picked":"Empty Cage"},{"not_picked":["Busted Crown","VioletLotus"],"picked":"Sozu"}],"items_purged_floors":[],"is_endless":false,"potions_floor_spawned":[1,11,14,16,19,24,29,33,41,42],"killed_by":"Awakened One","ascension_level":0}}