{"host":"6xsbn6ynqlzwllfm","time":1611996960,"event":{"mods":["2.2 Compatiblity","BaseMod","Bestiary","Colored Map","Colored Powertips","Curses Come First","Highlight Path","Keyboard Shortcuts","Minty Spire (QoL Compilation)","Relic Stats","Slay the Relics Exporter","StSLib","SuperFastMode"],"gold_per_floor":[110,110,110,21,39,65,65,65,65],"floor_reached":8,"language":"ENG","playtime":230,"items_purged":[],"score":105,"play_id":"16a1dfc1-0c99-4e53-b957-aa6ea4896832","local_time":"20210130035600","is_ascension_mode":true,"campfire_choices":[{"data":"BattleHymn","floor":7,"key":"SMITH"}],"circlet_count":0,"master_deck":["AscendersBane","Strike_P","Strike_P","Strike_P","Defend_P","Defend_P","Defend_P","Defend_P","Eruption","Vigilance","EmptyFist","BattleHymn+1","Fasting2","Wallop"],"relics":["SacredBark","Oddly Smooth Stone"],"acts_visited":["Exordium"],"potions_floor_usage":[8],"damage_taken":[{"damage":0,"enemies":"Jaw Worm","floor":1,"turns":2},{"damage":7,"enemies":"Small Slimes","floor":5,"turns":3},{"damage":45,"enemies":"3 Sentries","floor":6,"turns":11},{"damage":16,"enemies":"Gremlin Nob","floor":8,"turns":2}],"seed_played":"6949602975334167464","potions_obtained":[{"floor":6,"key":"Energy Potion"}],"is_trial":false,"path_per_floor":["M","?","?","$","M","E","R","E"],"character_chosen":"WATCHER","items_purchased":["BattleHymn"],"campfire_rested":0,"item_purchase_floors":[4],"current_hp_per_floor":[61,66,59,59,52,7,7,0,0],"gold":65,"neow_bonus":"BOSS_RELIC","is_daily":false,"chose_seed":false,"campfire_upgraded":1,"win_rate":0.0,"timestamp":1611996960,"path_taken":["M","?","?","$","M","E","R","E"],"items_purchased_type":["Card"],"build_version":"2020-12-22","purchased_purges":0,"victory":false,"max_hp_per_floor":[68,73,73,73,73,73,73,73,73],"relic_stats":{"counters":[4,18],"obtain_stats":[{"SacredBark":0,"Oddly Smooth Stone":6,"PureWater":0},{"SacredBark":0,"Oddly Smooth Stone":3,"PureWater":0},{"SacredBark":0,"Oddly Smooth Stone":16,"PureWater":0}]},"card_choices":[{"not_picked":["ThirdEye","PathToVictory"],"picked":"EmptyFist","floor":1},{"not_picked":["Study","ThirdEye"],"picked":"Fasting2","floor":5},{"not_picked":["PathToVictory","Swivel"],"picked":"Wallop","floor":6}],"player_experience":1264867,"relics_obtained":[{"floor":6,"key":"Oddly Smooth Stone"}],"event_choices":[{"damage_healed":0,"gold_gain":0,"player_choice":"Donut","damage_taken":0,"max_hp_gain":5,"max_hp_loss":0,"event_name":"Big Fish","floor":2,"gold_loss":0},{"cards_removed":["Strike_P"],"damage_healed":0,"gold_gain":0,"player_choice":"Card Removal","damage_taken":7,"max_hp_gain":0,"max_hp_loss":0,"event_name":"Golden Wing","floor":3,"gold_loss":0}],"is_beta":false,"boss_relics":[],"items_purged_floors":[],"is_endless":false,"potions_floor_spawned":[6],"killed_by":"Gremlin Nob","ascension_level":19}}