{"host":"ihp6kf8pnegdur9i","time":1611985449,"event":{"mods":["Act Like it!","BaseMod","Conspire","Gensokyo","GifTheSpireLib","Hallownest","Marisa£®ÏF”Í°°ƒß¿Ì…≥£©","Minty Spire (QoL Compilation)","Pale of the Ancients","Replay The Spire","StSLib","The Servant 0.9.4","Youmu£®ªÍ∆«—˝√Œ£©"],"gold_per_floor":[114,127,127,142,142,142,470,490,572,606,623,635,431,451,451,551,551,466,486,486,486],"floor_reached":20,"language":"ZHS","playtime":1854,"items_purged":["Defend_MRS"],"score":247,"play_id":"1870e130-142d-4217-b0ba-e65a3e8e5021","local_time":"20210130134409","is_ascension_mode":true,"campfire_choices":[{"data":"JA","floor":6,"key":"SMITH"},{"floor":15,"key":"REST"}],"circlet_count":0,"master_deck":["Strike_MRS+1","Strike_MRS+1","Strike_MRS+1","Strike_MRS+1","Defend_MRS","Defend_MRS","Defend_MRS","MasterSpark+1","UpSweep","Eruption","Survivor","FinalSpark+1","RefractionSpark+1","PowerUp","Clumsy","JA+1","SporeBomb","Panache","Finesse","Clumsy","ReplayTheSpireMod:Splinters","DoubleSpark+1"],"relics":["MiniHakkero","Gensokyo:NagashiBinaDoll","Old Coin","Mirror","Oddly Smooth Stone","ReplayTheSpireMod:ShopPack","Replay:Ancient Bell","Replay:Wax Seal","InkBottle","Ginger"],"acts_visited":["Gensokyo:Gensokyo","Gensokyo:Gensokyoer"],"potions_floor_usage":[2,12,16],"damage_taken":[{"damage":0,"enemies":"Gensokyo:3_Fairies","floor":1,"turns":3},{"damage":0,"enemies":"Gensokyo:Gryphon","floor":2,"turns":3},{"damage":0,"enemies":"Gensokyo:2_Kodama","floor":4,"turns":2},{"damage":11,"enemies":"Gensokyo:Aya","floor":7,"turns":5},{"damage":2,"enemies":"Gensokyo:Kitsune","floor":8,"turns":2},{"damage":13,"enemies":"Gensokyo:Cirno","floor":10,"turns":6},{"damage":0,"enemies":"Gensokyo:VengefulSpirit","floor":11,"turns":2},{"damage":0,"enemies":"Gensokyo:Gryphon_and_Rabbit","floor":12,"turns":3},{"damage":1,"enemies":"Gensokyo:CorruptedTreant","floor":14,"turns":1},{"damage":23,"enemies":"Gensokyo:Kokoro","floor":16,"turns":5},{"damage":17,"enemies":"Gensokyo:AngelMirror","floor":18,"turns":4},{"damage":13,"enemies":"Gensokyo:CosmicMonolith","floor":19,"turns":3},{"damage":35,"enemies":"Gensokyo:Wraith","floor":20,"turns":2}],"seed_played":"-1584352196026892052","potions_obtained":[{"floor":1,"key":"AttackPotion"},{"floor":4,"key":"Ancient Potion"},{"floor":8,"key":"DuplicationPotion"},{"floor":10,"key":"Fire Potion"},{"floor":16,"key":"Energy Potion"}],"is_trial":false,"path_per_floor":["M","M","?","M","?","R","E","M","T","E","M","M","$","M","R","B",null,"M","M","M"],"character_chosen":"MARISA","items_purchased":["ReplayTheSpireMod:ShopPack"],"campfire_rested":1,"item_purchase_floors":[13],"current_hp_per_floor":[68,68,68,68,46,46,35,33,33,20,20,20,20,19,41,18,61,44,31,0,0],"gold":486,"neow_bonus":"THREE_RARE_CARDS","is_daily":false,"chose_seed":false,"campfire_upgraded":1,"win_rate":0.0,"timestamp":1611985449,"path_taken":["M","M","?","?","?","R","E","M","T","E","?","M","$","M","R","BOSS","M","M","M"],"items_purchased_type":["Relic"],"build_version":"2020-12-22","purchased_purges":1,"victory":false,"max_hp_per_floor":[75,75,75,75,75,75,75,75,75,75,75,75,75,75,75,75,75,75,75,75,75],"card_choices":[{"not_picked":["SatelliteIllusion","ManaRampage"],"picked":"FinalSpark","floor":0},{"not_picked":["BlazeAway","Acceleration"],"picked":"RefractionSpark","floor":1},{"not_picked":["LuminesStrike","AsteroidBelt"],"picked":"PowerUp","floor":2},{"not_picked":["Acceleration","MilkyWay"],"picked":"JA","floor":4},{"not_picked":["AsteroidBelt","OpenUniverse"],"picked":"SporeBomb","floor":7},{"not_picked":["DragonMeteor","NonDirectionalLaser","DeepEcoloBomb"],"picked":"SKIP","floor":8},{"not_picked":["GrandCross","SuperPerseids","WitchOfGreed"],"picked":"SKIP","floor":10},{"not_picked":["GravityBeat","ManaRampage","DC"],"picked":"SKIP","floor":11},{"not_picked":["AsteroidBelt","ManaConvection","GalacticHalo"],"picked":"SKIP","floor":12},{"not_picked":["ReplayTheSpireMod:Brewmster","Secret Technique"],"picked":"Panache","floor":13},{"not_picked":["Panache","Replay:Parry"],"picked":"Finesse","floor":13},{"not_picked":["GravityBeat","SprinkleStarSeal","DC"],"picked":"SKIP","floor":14},{"not_picked":["Spreading Infection","conspire:Blindness"],"picked":"ReplayTheSpireMod:IOU","floor":17},{"not_picked":["Replay:Hysterical Blindness","Injury"],"picked":"Clumsy","floor":17},{"not_picked":["ReplayTheSpireMod:Faulty Equipment","conspire:Blindness"],"picked":"ReplayTheSpireMod:Splinters","floor":17},{"not_picked":["AsteroidBelt","EnergyRecoil","ChargingUp"],"picked":"SKIP","floor":18},{"not_picked":["ShootingEcho","Orbital"],"picked":"DoubleSpark+1","floor":19}],"player_experience":248674,"relics_obtained":[{"floor":7,"key":"Old Coin"},{"floor":9,"key":"Mirror"},{"floor":10,"key":"Oddly Smooth Stone"}],"event_choices":[],"is_beta":false,"boss_relics":[{"not_picked":["Ring of Chaos","Busted Crown"],"picked":"Replay:Ancient Bell"},{"not_picked":["Boot","Vajra"],"picked":"Replay:Wax Seal"},{"not_picked":["Replay:Bottled Eggs","Sundial"],"picked":"InkBottle"},{"not_picked":["Prayer Wheel","Incense Burner"],"picked":"Ginger"}],"items_purged_floors":[13],"is_endless":false,"potions_floor_spawned":[1,4,8,10,16],"killed_by":"Gensokyo:Wraith","ascension_level":7}}