{"host":"t4s40kl3r64vu0u6","time":1611981354,"event":{"mods":["BaseMod","Colored Map","Googly Eyes","Highlight Path","Minty Spire (QoL Compilation)","READ ME - Snecko Mod","StSLib","slay the spire mod where everything is the same but ironclad has a cowboy hat"],"gold_per_floor":[109,123,141,157,157,157,185,185,211,46,46,64,64,79,79,179,179,189,205,219,134,13,13,13,45,121,121,152,172,172,172,172],"floor_reached":31,"language":"ENG","playtime":1873,"items_purged":["Strike_B"],"score":374,"play_id":"09269237-b938-48fe-bb90-67fd7cbd3118","local_time":"20210129233554","is_ascension_mode":true,"campfire_choices":[{"data":"Consume","floor":6,"key":"SMITH"},{"data":"Static Discharge","floor":11,"key":"SMITH"},{"data":"White Noise","floor":13,"key":"SMITH"},{"floor":15,"key":"REST"},{"data":"Storm","floor":23,"key":"SMITH"},{"data":"Fusion","floor":27,"key":"SMITH"},{"floor":30,"key":"REST"}],"circlet_count":0,"master_deck":["Strike_B","Strike_B+1","Defend_B","Defend_B","Zap+1","Dualcast+1","Steam","Consume+1","Coolheaded","Cold Snap","Buffer","Static Discharge+1","Cold Snap","White Noise+1","Defragment","Reboot","Undo+1","Creative AI+1","Turbo+1","Storm+1","Static Discharge","Redo+1","Fusion+1","Conserve Battery","Zap","Fusion"],"relics":["Cracked Core","Akabeko","Bronze Scales","Astrolabe","MealTicket","Anchor","Frozen Egg 2","Ornamental Fan"],"acts_visited":["Exordium","TheCity"],"potions_floor_usage":[7,16,28],"damage_taken":[{"damage":1,"enemies":"Cultist","floor":1,"turns":3},{"damage":8,"enemies":"2 Louse","floor":2,"turns":3},{"damage":8,"enemies":"Small Slimes","floor":3,"turns":3},{"damage":9,"enemies":"Blue Slaver","floor":4,"turns":4},{"damage":4,"enemies":"Gremlin Nob","floor":7,"turns":4},{"damage":0,"enemies":"Exordium Thugs","floor":12,"turns":3},{"damage":13,"enemies":"Large Slime","floor":14,"turns":4},{"damage":0,"enemies":"Slime Boss","floor":16,"turns":11},{"damage":6,"enemies":"Shell Parasite","floor":18,"turns":6},{"damage":14,"enemies":"2 Thieves","floor":19,"turns":4},{"damage":9,"enemies":"Snecko","floor":20,"turns":4},{"damage":26,"enemies":"Book of Stabbing","floor":25,"turns":4},{"damage":18,"enemies":"Gremlin Leader","floor":28,"turns":4},{"damage":15,"enemies":"Cultist and Chosen","floor":29,"turns":4},{"damage":24,"enemies":"Shelled Parasite and Fungi","floor":31,"turns":2}],"seed_played":"3847566699781511604","potions_obtained":[{"floor":2,"key":"SpeedPotion"},{"floor":4,"key":"Energy Potion"},{"floor":12,"key":"FocusPotion"},{"floor":19,"key":"LiquidBronze"},{"floor":25,"key":"Strength Potion"},{"floor":28,"key":"LiquidBronze"}],"is_trial":false,"path_per_floor":["M","M","M","M","?","R","E","?","T","$","R","M","R","M","R","B",null,"M","M","M","?","$","R","?","E","T","R","E","M","R","M"],"character_chosen":"DEFECT","items_purchased":["Static Discharge","Cold Snap","Fusion","Conserve Battery"],"campfire_rested":2,"item_purchase_floors":[10,10,22,22],"current_hp_per_floor":[74,66,58,49,34,34,30,23,23,23,23,23,23,10,32,32,75,69,55,46,46,61,61,61,35,35,35,17,2,24,0,0],"gold":172,"neow_bonus":"UPGRADE_CARD","is_daily":false,"chose_seed":false,"campfire_upgraded":5,"win_rate":0.0,"timestamp":1611981354,"path_taken":["M","?","M","M","?","R","E","?","T","$","R","M","R","M","R","BOSS","M","M","?","?","$","R","?","E","T","R","E","?","R","M"],"items_purchased_type":["Card","Card","Card","Card"],"build_version":"2020-12-22","purchased_purges":1,"victory":false,"max_hp_per_floor":[75,75,75,75,75,75,75,75,75,75,75,75,75,75,75,75,75,75,75,75,75,75,75,75,75,75,75,75,75,75,75,75],"card_choices":[{"not_picked":["Stack","Streamline"],"picked":"Steam","floor":1},{"not_picked":["Coolheaded","Conserve Battery"],"picked":"Consume","floor":2},{"not_picked":["Conserve Battery","Compile Driver"],"picked":"Coolheaded","floor":3},{"not_picked":["Steam","Gash"],"picked":"Cold Snap","floor":4},{"not_picked":["FTL","Coolheaded"],"picked":"Buffer","floor":7},{"not_picked":["Cold Snap","Leap"],"picked":"White Noise","floor":12},{"not_picked":["Ball Lightning","Glacier"],"picked":"Defragment","floor":14},{"not_picked":["Hyperbeam","Meteor Strike"],"picked":"Reboot","floor":16},{"not_picked":["Cold Snap+1","Sweeping Beam+1"],"picked":"Storm","floor":18},{"not_picked":["Streamline+1","Beam Cell+1"],"picked":"Static Discharge","floor":19},{"not_picked":["Chill+1","Coolheaded+1"],"picked":"Redo+1","floor":20},{"not_picked":["Reinforced Body+1","Barrage","Doom and Gloom"],"picked":"SKIP","floor":25},{"not_picked":["Lockon","Scrape","Compile Driver"],"picked":"SKIP","floor":28},{"not_picked":["Sweeping Beam","Coolheaded"],"picked":"Fusion","floor":29}],"player_experience":236541,"relics_obtained":[{"floor":7,"key":"Akabeko"},{"floor":9,"key":"Bronze Scales"},{"floor":25,"key":"Anchor"},{"floor":26,"key":"Frozen Egg 2"},{"floor":28,"key":"Ornamental Fan"}],"event_choices":[{"damage_healed":0,"gold_gain":0,"player_choice":"Entered Light","damage_taken":15,"max_hp_gain":0,"max_hp_loss":0,"event_name":"Shining Light","floor":5,"gold_loss":0,"cards_upgraded":["Strike_B","Zap"]},{"damage_healed":0,"gold_gain":0,"player_choice":"Damaged","damage_taken":7,"max_hp_gain":0,"max_hp_loss":0,"event_name":"Wheel of Change","floor":8,"gold_loss":0},{"damage_healed":0,"gold_gain":0,"player_choice":"Obtained Relic","damage_taken":0,"relics_obtained":["MealTicket"],"max_hp_gain":0,"max_hp_loss":0,"event_name":"Addict","floor":21,"gold_loss":85},{"damage_healed":0,"gold_gain":0,"player_choice":"1 cards matched","damage_taken":0,"max_hp_gain":0,"max_hp_loss":0,"event_name":"Match and Keep!","floor":24,"gold_loss":0,"cards_obtained":["Zap"]}],"is_beta":false,"boss_relics":[{"not_picked":["Snecko Eye","Tiny House"],"picked":"Astrolabe"}],"items_purged_floors":[10],"is_endless":false,"potions_floor_spawned":[2,4,12,19,25,28],"killed_by":"Shelled Parasite and Fungi","ascension_level":3}}