{"host":"nnmmiiw4bez2c8ei","time":1611988633,"event":{"mods":["AchievementEnabler","BaseMod","Colored Map","Colored Powertips","Minty Spire (QoL Compilation)","Rare Cards Sparkle","StSLib"],"gold_per_floor":[114,74,149,149,167,197,209,554,592,629,641,682,713,745,757,866,878,909,937,949,961,973,973],"floor_reached":22,"language":"KOR","playtime":830,"items_purged":[],"score":296,"play_id":"d79d5c99-812a-4e6f-9e9c-29e0557bf9ca","local_time":"20210130153713","is_ascension_mode":true,"campfire_choices":[{"data":"Rupture","floor":7.0,"key":"SMITH"},{"floor":11.0,"key":"REST"},{"floor":15.0,"key":"REST"}],"circlet_count":0,"master_deck":["Bash","Rupture+1","Bloodletting","Evolve","Combust","Metallicize","Seeing Red","Exhume","Clash","Hemokinesis","Armaments","Feed","Reckless Charge","Armaments","Spot Weakness","Whirlwind","Cleave","Entrench","Wild Strike","Barricade","Rupture","Inflame"],"relics":["Burning Blood","NeowsBlessing","MawBank","Old Coin","Dream Catcher","Champion Belt","Pantograph","Pandora\u0027s Box"],"acts_visited":["Exordium","TheCity"],"potions_floor_usage":[],"damage_taken":[{"damage":0.0,"enemies":"Small Slimes","floor":1.0,"turns":1.0},{"damage":0.0,"enemies":"Jaw Worm","floor":5.0,"turns":1.0},{"damage":0.0,"enemies":"Gremlin Nob","floor":6.0,"turns":1.0},{"damage":33.0,"enemies":"Lagavulin","floor":8.0,"turns":6.0},{"damage":24.0,"enemies":"3 Sentries","floor":10.0,"turns":6.0},{"damage":24.0,"enemies":"Lagavulin","floor":12.0,"turns":6.0},{"damage":3.0,"enemies":"Cultist","floor":13.0,"turns":3.0},{"damage":21.0,"enemies":"2 Fungi Beasts","floor":14.0,"turns":3.0},{"damage":30.0,"enemies":"Slime Boss","floor":16.0,"turns":8.0},{"damage":28.0,"enemies":"Shell Parasite","floor":18.0,"turns":4.0},{"damage":18.0,"enemies":"Chosen","floor":19.0,"turns":3.0},{"damage":0,"enemies":"Masked Bandits","floor":22,"turns":1}],"seed_played":"2811089963496870882","potions_obtained":[{"floor":8.0,"key":"Block Potion"},{"floor":10.0,"key":"Swift Potion"},{"floor":13.0,"key":"DuplicationPotion"},{"floor":14.0,"key":"LiquidMemories"},{"floor":16.0,"key":"AttackPotion"},{"floor":19.0,"key":"Weak Potion"}],"is_trial":false,"path_per_floor":["M","$","?","?","M","E","R","E","T","E","R","E","M","M","R","B",null,"M","M","$","?","?"],"character_chosen":"IRONCLAD","items_purchased":["Bloodletting"],"campfire_rested":2,"item_purchase_floors":[2],"current_hp_per_floor":[80,80,69,69,75,80,80,53,53,35,59,41,44,29,53,54,74,52,40,40,40,40,40],"gold":973,"neow_bonus":"THREE_ENEMY_KILL","is_daily":false,"chose_seed":false,"campfire_upgraded":1,"win_rate":0.0,"timestamp":1611988633,"path_taken":["M","$","?","?","M","E","R","E","T","E","R","E","M","?","R","BOSS","M","M","$","?","?"],"items_purchased_type":["Card"],"build_version":"2020-12-22","purchased_purges":0,"victory":false,"max_hp_per_floor":[80,80,80,80,80,80,80,80,80,80,80,80,80,80,80,80,80,80,80,80,80,80,80],"card_choices":[{"not_picked":["Perfected Strike","Seeing Red"],"picked":"Rupture","floor":1.0},{"not_picked":["True Grit","Havoc"],"picked":"Evolve","floor":5.0},{"not_picked":["Warcry","Perfected Strike"],"picked":"Combust","floor":6.0},{"not_picked":["Anger","Twin Strike","Perfected Strike"],"picked":"SKIP","floor":8.0},{"not_picked":["True Grit","Iron Wave"],"picked":"Metallicize","floor":10.0},{"not_picked":["Heavy Blade","Bloodletting"],"picked":"Seeing Red","floor":11.0},{"not_picked":["Warcry","Flex"],"picked":"Exhume","floor":12.0},{"not_picked":["Dropkick","True Grit"],"picked":"Clash","floor":13.0},{"not_picked":["Iron Wave","Havoc"],"picked":"Hemokinesis","floor":14.0},{"not_picked":["Havoc","Carnage"],"picked":"Armaments","floor":15.0},{"not_picked":["Immolate","Impervious"],"picked":"Feed","floor":16.0},{"not_picked":["Heavy Blade","Anger"],"picked":"Wild Strike","floor":18.0},{"not_picked":["Sentinel","Iron Wave+1"],"picked":"Barricade","floor":19.0}],"player_experience":485801,"relics_obtained":[{"floor":6.0,"key":"MawBank"},{"floor":8.0,"key":"Old Coin"},{"floor":9.0,"key":"Dream Catcher"},{"floor":10.0,"key":"Champion Belt"},{"floor":12.0,"key":"Pantograph"}],"event_choices":[{"damage_healed":0.0,"max_hp_gain":0.0,"max_hp_loss":0.0,"gold_gain":75.0,"event_name":"World of Goop","player_choice":"Gather Gold","floor":3.0,"gold_loss":0.0,"damage_taken":11.0},{"cards_removed":["Strike_R"],"damage_healed":0.0,"max_hp_gain":0.0,"max_hp_loss":0.0,"gold_gain":0.0,"event_name":"Bonfire Elementals","player_choice":"Offered Basic","floor":4.0,"gold_loss":0.0,"damage_taken":0.0},{"damage_healed":0.0,"max_hp_gain":0.0,"max_hp_loss":0.0,"gold_gain":0.0,"cards_transformed":["Infernal Blade","Perfected Strike"],"event_name":"Drug Dealer","player_choice":"Became Test Subject","floor":21.0,"gold_loss":0.0,"damage_taken":0.0,"cards_obtained":["Rupture","Inflame"]},{"damage_healed":0,"gold_gain":0,"player_choice":"Fought Bandits","damage_taken":0,"max_hp_gain":0,"max_hp_loss":0,"event_name":"Masked Bandits","floor":22,"gold_loss":0}],"is_beta":false,"boss_relics":[{"not_picked":["Runic Pyramid","Tiny House"],"picked":"Pandora\u0027s Box"}],"items_purged_floors":[],"is_endless":false,"potions_floor_spawned":[8,10,13,14,16,19],"killed_by":"Masked Bandits","ascension_level":5}}