{"host":"snn1c4qsf0fj7fzf","time":1611988466,"event":{"mods":["AchievementEnabler","Aspiration","Astrologer","BaseMod","Colored Powertips","Downfall","Hermit","Infinite Spire","Lobotomy","Marisa????????","Minty Spire (QoL Compilation)","Random Character Button","Rare Cards Sparkle","Reimu??????","Reliquary","Replay The Spire","Shop Mod","Spire Arcade","StSLib","The Administrix","The Cursed","The Gatherer","The Hierophant","The Poker Player","The Runesmith","Wandering Minibosses"],"gold_per_floor":[110,110,160,85,144,189,189,89,135,135,177,202,217,241,241,352,352,375,405,405,443,60,60,109,109,109,140,140,140,168,200,200,323,323,349,349,372,405,405,457,457,488,570,570,615,615,661,690,690,702],"floor_reached":51,"language":"ENG","playtime":3481,"items_purged":["hermit:Defend_Hermit","hermit:Defend_Hermit","hermit:Strike_Hermit","hermit:Strike_Hermit","hermit:Vantage"],"score":1038,"play_id":"7303ea56-6633-4350-ab5a-63217616109b","local_time":"20210130143426","is_ascension_mode":false,"campfire_choices":[{"floor":7.0,"key":"REST"},{"data":"hermit:NoHoldsBarred","floor":10.0,"key":"SMITH"},{"data":"hermit:Defend_Hermit","floor":15.0,"key":"PURGE"},{"data":"hermit:Adapt","floor":28.0,"key":"SMITH"},{"data":"hermit:Combo","floor":32.0,"key":"SMITH"},{"data":"hermit:EyeOfTheStorm","floor":41.0,"key":"SMITH"}],"circlet_count":0,"master_deck":["hermit:Snapshot","hermit:Covet","hermit:Gambit+1","hermit:Scavenge","hermit:Scavenge","hermit:NoHoldsBarred+1","hermit:Combo+1","hermit:TrackingShot","hermit:Quickdraw","hermit:Adapt+1","hermit:EyeOfTheStorm+1","infinitespire:Collect","hermit:Scavenge","infinitespire:Collect"],"relics":["hermit:Momento","Iron Hammer","MealTicket","infinitespire:CursedDice","Sozu","TentaclePot:ReiMu","Busted Crown","Red Mask","wanderingMiniBosses:OtherGremlinHorn","hermit:Spyglass","Ring of Misfortune","ReplayTheSpireMod:Ring of Exchange","infinitespire:CheckeredPen","Garlic","Empty Cage","Singing Bowl","DollysMirror","infinitespire:Beetle Shell","hermit:Horseshoe","infinitespire:EmpoweringShard","Orichalcum"],"acts_visited":["Exordium","TheCity","TheBeyond"],"potions_floor_usage":[],"damage_taken":[{"damage":0.0,"enemies":"Cultist","floor":1.0,"turns":3.0},{"damage":49.0,"enemies":"3 Sentries","floor":6.0,"turns":13.0},{"damage":0.0,"enemies":"Gremlin Nob","floor":11.0,"turns":4.0},{"damage":1.0,"enemies":"Jaw Worm","floor":12.0,"turns":3.0},{"damage":0.0,"enemies":"Small Slimes","floor":13.0,"turns":2.0},{"damage":0.0,"enemies":"Gremlin Gang","floor":14.0,"turns":2.0},{"damage":2.0,"enemies":"Hexaghost","floor":16.0,"turns":10.0},{"damage":4.0,"enemies":"3 Byrds","floor":18.0,"turns":5.0},{"damage":0.0,"enemies":"Chosen","floor":19.0,"turns":2.0},{"damage":0.0,"enemies":"Masked Bandits","floor":21.0,"turns":5.0},{"damage":0.0,"enemies":"Book of Stabbing","floor":24.0,"turns":3.0},{"damage":0.0,"enemies":"Snecko","floor":27.0,"turns":1.0},{"damage":0.0,"enemies":"Snake Plant","floor":30.0,"turns":1.0},{"damage":0.0,"enemies":"Centurion and Healer","floor":31.0,"turns":3.0},{"damage":0.0,"enemies":"Automaton","floor":33.0,"turns":4.0},{"damage":0.0,"enemies":"Orb Walker","floor":35.0,"turns":1.0},{"damage":0.0,"enemies":"3 Shapes","floor":37.0,"turns":2.0},{"damage":0.0,"enemies":"Maw","floor":38.0,"turns":4.0},{"damage":0.0,"enemies":"Giant Head","floor":40.0,"turns":2.0},{"damage":0.0,"enemies":"4 Shapes","floor":42.0,"turns":2.0},{"damage":0.0,"enemies":"R_Hoarder","floor":45.0,"turns":5.0},{"damage":0.0,"enemies":"Nightmare","floor":47.0,"turns":6.0},{"damage":0.0,"enemies":"3 Darklings","floor":48.0,"turns":2.0},{"damage":0.0,"enemies":"Donu and Deca","floor":50.0,"turns":6.0}],"seed_played":"3264216604536025939","potions_obtained":[{"floor":5.0,"key":"Flashbang"},{"floor":5.0,"key":"Weak Potion"},{"floor":5.0,"key":"Milkshake"},{"floor":6.0,"key":"Flashbang"},{"floor":12.0,"key":"Block Potion"},{"floor":16.0,"key":"Adrenaline Potion"}],"is_trial":false,"path_per_floor":["M","?","?","$","?","E","R","$","T","R","E","M","M","M","R","B",null,"M","M","AVR","?","$","?","E","?","T","M","R","$","M","M","R","B",null,"M","?","M","M","AVR","E","R","M","T","?","E","?","NM","M","R","B",null],"character_chosen":"HERMIT","items_purchased":["hermit:Spyglass"],"campfire_rested":1,"item_purchase_floors":[22],"current_hp_per_floor":[75,75,75,75,57,8,30,30,30,30,30,29,29,29,29,27,75,71,71,71,71,75,75,75,61,61,61,61,76,76,76,76,76,80,80,90,90,90,90,92,92,94,94,96,98,76,78,80,104,104],"gold":702,"neow_bonus":"TRANSFORM_CARD","is_daily":false,"chose_seed":false,"campfire_upgraded":4,"win_rate":0.0,"timestamp":1611988466,"path_taken":["M","?","?","$","?","E","R","$","T","R","E","?","M","M","R","BOSS","M","M","AVR","?","$","?","E","?","T","M","R","?","?","M","R","BOSS","M","?","?","M","AVR","E","R","M","T","?","E","?","NM","M","R","BOSS"],"items_purchased_type":["Relic"],"build_version":"2020-12-22","purchased_purges":5,"victory":true,"max_hp_per_floor":[75,75,75,75,75,75,75,75,75,75,75,75,75,75,75,75,75,75,75,75,75,75,75,75,80,80,80,80,80,80,80,80,80,80,80,90,90,90,90,92,92,94,94,96,98,100,102,104,104,104],"card_choices":[{"not_picked":["hermit:Quickdraw","hermit:HoleUp"],"picked":"hermit:Scavenge","floor":1.0},{"not_picked":["hermit:TrackingShot","hermit:HighCaliber"],"picked":"hermit:Scavenge","floor":5.0},{"not_picked":["hermit:HoleUp","hermit:Quickdraw"],"picked":"hermit:NoHoldsBarred","floor":6.0},{"not_picked":["hermit:Enervate","hermit:HoleUp"],"picked":"hermit:Combo","floor":11.0},{"not_picked":["hermit:Roulette","hermit:Vantage"],"picked":"hermit:TrackingShot","floor":12.0},{"not_picked":["hermit:LuckOfTheDraw","hermit:PistolWhip"],"picked":"hermit:Quickdraw","floor":13.0},{"not_picked":["hermit:Quickdraw","hermit:Adapt"],"picked":"hermit:Vantage","floor":14.0},{"not_picked":["hermit:DeadOrAlive","hermit:HeroicBravado"],"picked":"hermit:Adapt","floor":16.0},{"not_picked":["hermit:SprayPray","hermit:Coalescence+1"],"picked":"hermit:EyeOfTheStorm","floor":18.0},{"not_picked":["hermit:Glare","hermit:Dive","hermit:Misfire+1"],"picked":"SKIP","floor":19.0},{"not_picked":[],"picked":"hermit:Scavenge","floor":21.0},{"not_picked":["hermit:Vantage"],"picked":"SKIP","floor":24.0},{"not_picked":["hermit:GhostlyPresence"],"picked":"SKIP","floor":27.0},{"not_picked":["hermit:Glare+1"],"picked":"SKIP","floor":30.0},{"not_picked":[],"picked":"hermit:HeroicBravado","floor":31.0},{"not_picked":["hermit:Horror"],"picked":"SKIP","floor":35.0},{"not_picked":["hermit:HighCaliber"],"picked":"SKIP","floor":37.0},{"not_picked":["hermit:Misfire+1"],"picked":"SKIP","floor":38.0},{"not_picked":["hermit:Desperado"],"picked":"Singing Bowl","floor":40.0},{"not_picked":["hermit:GoldenBullet"],"picked":"Singing Bowl","floor":42.0},{"not_picked":["Thinking Ahead"],"picked":"Singing Bowl","floor":44.0},{"not_picked":["hermit:Deadeye"],"picked":"Singing Bowl","floor":45.0},{"not_picked":["infinitespire:Menacing","infinitespire:Execution","infinitespire:DeathsTouch"],"picked":"Singing Bowl","floor":46.0},{"not_picked":["hermit:Midnight+1"],"picked":"Singing Bowl","floor":47.0},{"not_picked":["hermit:Misfire"],"picked":"Singing Bowl","floor":48.0}],"player_experience":359486,"relics_obtained":[{"floor":6.0,"key":"Iron Hammer"},{"floor":9.0,"key":"MealTicket"},{"floor":11.0,"key":"infinitespire:CursedDice"},{"floor":21.0,"key":"Red Mask"},{"floor":21.0,"key":"wanderingMiniBosses:OtherGremlinHorn"},{"floor":23.0,"key":"Ring of Misfortune"},{"floor":23.0,"key":"ReplayTheSpireMod:Ring of Exchange"},{"floor":24.0,"key":"infinitespire:CheckeredPen"},{"floor":26.0,"key":"Garlic"},{"floor":40.0,"key":"infinitespire:Beetle Shell"},{"floor":43.0,"key":"hermit:Horseshoe"},{"floor":45.0,"key":"infinitespire:EmpoweringShard"},{"floor":47.0,"key":"Orichalcum"}],"event_choices":[{"damage_healed":0.0,"max_hp_gain":0.0,"max_hp_loss":0.0,"gold_gain":0.0,"event_name":"Masked Bandits","player_choice":"Fought Bandits","floor":21.0,"gold_loss":0.0,"damage_taken":0.0},{"damage_healed":0.0,"max_hp_gain":5.0,"max_hp_loss":0.0,"gold_gain":0.0,"event_name":"Forgotten Altar","player_choice":"Shed Blood","floor":25.0,"gold_loss":0.0,"damage_taken":19.0},{"cards_removed":["hermit:HeroicBravado"],"damage_healed":0.0,"max_hp_gain":10.0,"max_hp_loss":0.0,"gold_gain":0.0,"event_name":"Bonfire Elementals","player_choice":"Offered Rare","floor":36.0,"gold_loss":0.0,"damage_taken":0.0},{"damage_healed":0.0,"max_hp_gain":0.0,"max_hp_loss":0.0,"gold_gain":0.0,"event_name":"SensoryStone","player_choice":"Memory 1","floor":44.0,"gold_loss":0.0,"damage_taken":0.0}],"is_beta":false,"boss_relics":[{"not_picked":["reliquary:WritOfMandamus","bronze:MakeshiftBattery"],"picked":"Sozu"},{"not_picked":["Sling","TentaclePot:ReiMu"],"picked":"Empty Cage"}],"items_purged_floors":[4,8,20,22,39],"is_endless":false,"potions_floor_spawned":[6,12,16,18,21,27,33,35,38,47],"ascension_level":0}}