{"host":"28bpuzdckreop5i0","time":1611997718,"event":{"mods":["Aspiration","BaseMod","Challenge The Spire","Conspire","Defuse TimeMaze Blight","Downfall","Energized Spire","GifTheSpireLib","Googly Eyes","Minty Spire (QoL Compilation)","Relic Stats","Shop Mod","Spicy Shops","StSLib","Stuff the Spire","The Awakened One except there are too many feathers","The IronCluck","Transform Curses","Wandering Minibosses","slay the spire mod where everything is the same but ironclad has a cowboy hat"],"gold_per_floor":[99,111,21,33,48,48,48,62,77,77,97,97,116,146,156,254,254,254,274,293,311,311,16,16,44,55,69,69,87,103,122,135,235,235,135,154,165,179,4,4,4,4,4,4,56,56,79,91,107,107],"floor_reached":51,"language":"ENG","playtime":2469,"items_purged":["Slimebound:Strike_Slimebound","downfall:Icky"],"score":779,"play_id":"ddb64a69-7c1a-4762-8f24-aac9b58e227f","local_time":"20210130030838","is_ascension_mode":false,"campfire_choices":[{"data":"Sadistic Nature","floor":1,"key":"SMITH"},{"data":"Slimebound:RejuvenatingLick","floor":6,"key":"SMITH"},{"data":"Slimebound:Schlurp","floor":12,"key":"SMITH"},{"data":"Slimebound:TongueLash","floor":18,"key":"SMITH"},{"data":"Slimebound:Schlurp","floor":28,"key":"SMITH"},{"data":"Slimebound:RejuvenatingLick","floor":35,"key":"SMITH"},{"floor":42,"key":"RECALL"},{"data":"Slimebound:SamplingLick","floor":46,"key":"SMITH"}],"circlet_count":0,"master_deck":["Slimebound:Defend_Slimebound","Slimebound:Defend_Slimebound","Slimebound:Defend_Slimebound","Slimebound:Defend_Slimebound","Slimebound:Split","Slimebound:CorrosiveSpit","Sadistic Nature+1","Slimebound:SpikyOuterGoop","Slimebound:TongueLash+1","Slimebound:RejuvenatingLick+1","Slimebound:Schlurp+1","Slimebound:HauntingLick","Slimebound:RejuvenatingLick+1","Slimebound:SamplingLick","Slimebound:DuplicatedForm","Slimebound:Schlurp","Slimebound:Schlurp+1","Slimebound:GoopSpray","Sadistic Nature+1","Slimebound:MegaLick","Slimebound:SamplingLick+1","Slimebound:Schlurp","Slimebound:WasteNot","Slimebound:SamplingLick","Slimebound:ComboTackle","Slimebound:MegaLick"],"relics":["Slimebound:AbsorbEndCombat","expansioncontent:StudyCardRelic","StuffTheSpire:DarkSteelAnvil","Slimebound:PotencyRelic","downfall:HeartBlessingGreen","MerchantsRug","Slimebound:SlimedSkullRelic","Slimebound:AggressiveSlimeRelic"],"acts_visited":["Exordium","TheCity","TheBeyond"],"potions_floor_usage":[14,23,23,23,38,50,50],"damage_taken":[{"damage":1,"enemies":"Jaw Worm","floor":2,"turns":3},{"damage":10,"enemies":"downfall:FleeingMerchant","floor":3,"turns":4},{"damage":0,"enemies":"conspire:RoseBush","floor":4,"turns":3},{"damage":0,"enemies":"Small Slimes","floor":5,"turns":3},{"damage":10,"enemies":"2 Fungi Beasts","floor":8,"turns":3},{"damage":5,"enemies":"Lots of Slimes","floor":9,"turns":4},{"damage":1,"enemies":"conspire:2 RoseBushes","floor":11,"turns":4},{"damage":2,"enemies":"3 Louse","floor":13,"turns":2},{"damage":12,"enemies":"Gremlin Nob","floor":14,"turns":3},{"damage":0,"enemies":"Blue Slaver","floor":15,"turns":1},{"damage":22,"enemies":"DF_ARCHETYPE_STREAMLINE","floor":16,"turns":6},{"damage":0,"enemies":"Chosen","floor":19,"turns":2},{"damage":0,"enemies":"Shell Parasite","floor":20,"turns":3},{"damage":16,"enemies":"Snake Plant","floor":21,"turns":2},{"damage":0,"enemies":"downfall:FleeingMerchant","floor":23,"turns":4},{"damage":0,"enemies":"Gremlin Leader","floor":25,"turns":2},{"damage":0,"enemies":"conspire:HollyBat","floor":26,"turns":3},{"damage":0,"enemies":"Snecko","floor":27,"turns":2},{"damage":0,"enemies":"Snake Plant","floor":29,"turns":2},{"damage":0,"enemies":"Chosen and Byrds","floor":30,"turns":2},{"damage":0,"enemies":"conspire:HollyBat","floor":31,"turns":6},{"damage":10,"enemies":"Centurion and Healer","floor":32,"turns":4},{"damage":15,"enemies":"SI_MIRROR_ARCHETYPE","floor":33,"turns":6},{"damage":14,"enemies":"3 Shapes","floor":36,"turns":3},{"damage":11,"enemies":"3 Darklings","floor":37,"turns":3},{"damage":7,"enemies":"Transient","floor":38,"turns":5},{"damage":0,"enemies":"Transient","floor":40,"turns":2},{"damage":0,"enemies":"Spire Growth","floor":48,"turns":2},{"damage":17,"enemies":"Jaw Worm Horde","floor":49,"turns":2},{"damage":31,"enemies":"WA_ARCHETYPE_DIVINITY","floor":50,"turns":6}],"seed_played":"5493990373284131427","potions_obtained":[{"floor":4,"key":"PowerPotion"},{"floor":8,"key":"ColorlessPotion"},{"floor":11,"key":"FearPotion"},{"floor":14,"key":"ColorlessPotion"},{"floor":19,"key":"Energy Potion"},{"floor":21,"key":"EntropicBrew"},{"floor":25,"key":"SteroidPotion"},{"floor":40,"key":"Regen Potion"},{"floor":49,"key":"DuplicationPotion"}],"is_trial":false,"path_per_floor":["R","M","$","M","M","R","T","M","M","?","M","R","M","E","M","B",null,"R","M","M","M","?","$","T","E","M","M","R","M","M","M","M","B",null,"R","M","M","M","$","?","T","R","?","?","$","R","T","M","M","B",null],"character_chosen":"SLIMEBOUND","items_purchased":["StuffTheSpire:DarkSteelAnvil","DollysMirror","ClockworkSouvenir","MerchantsRug","Slimebound:SlimedSkullRelic","Slimebound:SamplingLick","Slimebound:ComboTackle"],"campfire_rested":0,"item_purchase_floors":[23,23,23,39,39,45,45],"current_hp_per_floor":[59,59,57,59,59,59,59,53,52,57,58,58,62,54,56,40,64,64,64,64,50,50,58,58,62,64,64,64,64,64,64,56,45,64,64,52,41,42,42,48,48,48,48,48,48,48,48,50,37,19],"gold":107,"neow_bonus":"RANDOM_COLORLESS_2","is_daily":false,"chose_seed":false,"campfire_upgraded":7,"win_rate":0.0,"timestamp":1611997718,"path_taken":["R","M","$","M","M","R","T","M","M","?","M","R","M","E","M","BOSS","R","M","M","M","?","?","T","E","M","M","R","M","M","M","M","BOSS","R","M","M","M","$","?","T","R","?","?","$","R","?","M","M","BOSS"],"items_purchased_type":["Relic","Relic","Relic","Relic","Relic","Card","Card"],"build_version":"2020-12-22","purchased_purges":2,"victory":true,"max_hp_per_floor":[59,59,59,59,59,59,59,59,59,64,64,64,64,64,64,64,64,64,64,64,64,64,64,64,64,64,64,64,64,64,64,64,64,64,64,64,64,64,64,64,64,64,64,64,64,64,64,64,64,64],"relic_stats":{"counters":[30,97],"obtain_stats":[{"MerchantsRug":39,"Slimebound:AggressiveSlimeRelic":47,"aspiration:RunicSpoon":34,"downfall:HeartBlessingGreen":35,"expansioncontent:StudyCardRelic":17,"Question Card":24,"ClockworkSouvenir":23,"Slimebound:PotencyRelic":25,"Ornamental Fan":7,"DollysMirror":23,"StuffTheSpire:DarkSteelAnvil":23,"Slimebound:AbsorbEndCombat":0,"StuffTheSpire:RubySignet":14,"Slimebound:SlimedSkullRelic":39},{"MerchantsRug":26,"Slimebound:AggressiveSlimeRelic":27,"aspiration:RunicSpoon":23,"downfall:HeartBlessingGreen":23,"expansioncontent:StudyCardRelic":11,"Question Card":15,"ClockworkSouvenir":15,"Slimebound:PotencyRelic":16,"Ornamental Fan":4,"DollysMirror":15,"StuffTheSpire:DarkSteelAnvil":15,"Slimebound:AbsorbEndCombat":0,"StuffTheSpire:RubySignet":9,"Slimebound:SlimedSkullRelic":26},{"MerchantsRug":85,"Slimebound:AggressiveSlimeRelic":87,"aspiration:RunicSpoon":74,"downfall:HeartBlessingGreen":74,"expansioncontent:StudyCardRelic":36,"Question Card":47,"ClockworkSouvenir":47,"Slimebound:PotencyRelic":49,"Ornamental Fan":13,"DollysMirror":47,"StuffTheSpire:DarkSteelAnvil":47,"Slimebound:AbsorbEndCombat":0,"StuffTheSpire:RubySignet":29,"Slimebound:SlimedSkullRelic":85}]},"card_choices":[{"not_picked":["Metamorphosis","Apotheosis"],"picked":"Sadistic Nature","floor":0},{"not_picked":["Slimebound:Chomp","Slimebound:LivingWall"],"picked":"Slimebound:SpikyOuterGoop","floor":2},{"not_picked":["Slimebound:SplitSpecialist","Slimebound:SpikyOuterGoop"],"picked":"Slimebound:TongueLash","floor":3},{"not_picked":["Slimebound:SplitMire","Slimebound:FlameTackle","Slimebound:LeechEnergy"],"picked":"SKIP","floor":4},{"not_picked":["Slimebound:LivingWall","Slimebound:Nibble"],"picked":"Slimebound:RejuvenatingLick","floor":5},{"not_picked":["Slimebound:SplitAcid","Slimebound:FormOfPuddle","Slimebound:GoopTackle"],"picked":"SKIP","floor":8},{"not_picked":["Slimebound:Repurpose","Slimebound:HungryTackle"],"picked":"Slimebound:Schlurp","floor":9},{"not_picked":["Slimebound:LivingWall","Slimebound:LeechingTouch"],"picked":"Slimebound:HauntingLick","floor":11},{"not_picked":["Slimebound:HauntingLick","Slimebound:SlimeTap"],"picked":"Slimebound:RejuvenatingLick","floor":13},{"not_picked":["Slimebound:RollThrough","Slimebound:DisruptingSlam","Slimebound:PressTheAttack"],"picked":"SKIP","floor":14},{"not_picked":["Slimebound:GrowthPunch","Slimebound:SplitBruiser"],"picked":"Slimebound:SamplingLick","floor":15},{"not_picked":["Slimebound:Darklings","Slimebound:FirmFortitude"],"picked":"Slimebound:DuplicatedForm","floor":16},{"not_picked":["Slimebound:FinishingTackle","Slimebound:HungryTackle"],"picked":"Slimebound:Schlurp","floor":19},{"not_picked":["Slimebound:ServeAndProtect+1","Slimebound:Recollect"],"picked":"Slimebound:Schlurp","floor":20},{"not_picked":["Slimebound:SplitLeeching","Slimebound:ComboTackle"],"picked":"Slimebound:GoopSpray","floor":21},{"not_picked":["Slimebound:SlimeBarrage","Slimebound:GoopTackle","Slimebound:SlimeSpikes"],"picked":"SKIP","floor":23},{"not_picked":["Slimebound:Recollect+1","Slimebound:LivingWall","Slimebound:Prepare+1"],"picked":"Slimebound:MegaLick","floor":25},{"not_picked":["Slimebound:SplitAcid+1","Slimebound:SplitMire+1","Slimebound:FinishingTackle+1","Slimebound:ItLooksTasty+1"],"picked":"SKIP","floor":26},{"not_picked":["Slimebound:FinishingTackle+1","Slimebound:TongueLash","Slimebound:ProtectTheBoss","Slimebound:Overexert"],"picked":"SKIP","floor":27},{"not_picked":["Slimebound:SpikyOuterGoop","Slimebound:SplitAcid","Slimebound:FinishingTackle","Slimebound:Nibble+1"],"picked":"SKIP","floor":29},{"not_picked":["Slimebound:DisruptingSlam+1","Slimebound:RollThrough+1","Slimebound:LeechEnergy"],"picked":"Slimebound:SamplingLick","floor":30},{"not_picked":["Slimebound:RollThrough","Slimebound:DivideAndConquer+1","Slimebound:ItLooksTasty+1","Slimebound:GoopSpray"],"picked":"SKIP","floor":31},{"not_picked":["Slimebound:FirmFortitude","Slimebound:SplitBruiser","Slimebound:Chomp"],"picked":"Slimebound:Schlurp","floor":32},{"not_picked":["Slimebound:OneTwoCombo","Slimebound:Recycling","Slimebound:MassRepurpose"],"picked":"Slimebound:WasteNot","floor":33},{"not_picked":["Slimebound:Equalize","Slimebound:HungryTackle","Slimebound:Nibble+1","Slimebound:LeechEnergy"],"picked":"SKIP","floor":36},{"not_picked":["Slimebound:Prepare","Slimebound:SplitAcid","Slimebound:Overexert","Slimebound:Schlurp+1"],"picked":"SKIP","floor":37},{"not_picked":["Slimebound:FlameTackle","Slimebound:RollThrough+1","Slimebound:SlimeTap+1","Slimebound:DivideAndConquer"],"picked":"SKIP","floor":38},{"not_picked":["Slimebound:LeadByExample","Slimebound:SplitBruiser","Slimebound:SlimeTap+1"],"picked":"SKIP","floor":48},{"not_picked":["Slimebound:SplitMire+1","Slimebound:FinishingTackle+1"],"picked":"Slimebound:MegaLick","floor":49}],"player_experience":922846,"relics_obtained":[{"floor":7,"key":"Ornamental Fan"},{"floor":14,"key":"StuffTheSpire:RubySignet"},{"floor":24,"key":"Question Card"},{"floor":25,"key":"Slimebound:PotencyRelic"},{"floor":47,"key":"Slimebound:AggressiveSlimeRelic"}],"event_choices":[{"damage_healed":0,"gold_gain":0,"player_choice":"Donut","damage_taken":0,"max_hp_gain":5,"max_hp_loss":0,"event_name":"Big Fish","floor":10,"gold_loss":0},{"damage_healed":0,"gold_gain":0,"player_choice":"Ignored","damage_taken":0,"max_hp_gain":0,"max_hp_loss":0,"event_name":"Mysterious Sphere","floor":43,"gold_loss":0}],"is_beta":false,"boss_relics":[{"not_picked":["conspire:SeveredTorchhead","Slimebound:AbsorbEndCombatUpgraded"],"picked":"expansioncontent:StudyCardRelic"},{"not_picked":["aspiration:DefectSkillbook","StuffTheSpire:RunicConfusion"],"picked":"aspiration:RunicSpoon"}],"items_purged_floors":[3,23],"is_endless":false,"potions_floor_spawned":[4,8,11,14,15,19,21,25,26,37,40,49],"ascension_level":0}}