{"host":"nnmmiiw4bez2c8ei","time":1611986393,"event":{"mods":["AchievementEnabler","BaseMod","Colored Map","Colored Powertips","Minty Spire (QoL Compilation)","Rare Cards Sparkle","StSLib"],"gold_per_floor":[116,116,139,139,155,155,198,198,271,311,326,360,435,44,44,168,168,182,182,197,122,147,181,226,258,258,278,302,302,346,120,120,250,250,265,299,299,312,96,141,150,173,208,208,88,115,487,528,528,528],"floor_reached":51,"language":"KOR","playtime":2608,"items_purged":["Strike_B","Defend_B","Defend_B","Decay"],"score":980,"play_id":"2ec08cba-961e-40f8-84ab-73b5ebc4e173","local_time":"20210130145953","is_ascension_mode":true,"campfire_choices":[{"data":"Apotheosis","floor":6.0,"key":"SMITH"},{"data":"Electrodynamics","floor":8.0,"key":"SMITH"},{"floor":15.0,"key":"REST"},{"floor":29,"key":"REST"},{"floor":32,"key":"REST"},{"data":"White Noise","floor":44,"key":"SMITH"},{"data":"Self Repair","floor":49,"key":"SMITH"}],"circlet_count":0,"master_deck":["Strike_B","Strike_B","Defend_B","Zap","Dualcast","Apotheosis+1","Cold Snap","Redo","Sweeping Beam","Electrodynamics+1","FTL","Reprogram","Coolheaded","White Noise+1","Chill","Turbo","Loop","Meteor Strike","Self Repair+1","Defragment","Echo Form","CurseOfTheBell","Recycle+1","Capacitor","Glacier+1","Defragment","Consume+1","Leap","Conserve Battery","Biased Cognition","Go for the Eyes","Blizzard+1","Capacitor","Core Surge","Streamline"],"relics":["Cracked Core","Golden Idol","PreservedInsect","Bottled Lightning","Lantern","The Courier","Orrery","Bag of Marbles","Calling Bell","Orichalcum","Question Card","Unceasing Top","Vajra","CeramicFish","Darkstone Periapt","HornCleat","Strawberry","Cursed Key","DataDisk","Ancient Tea Set","Blue Candle","Akabeko","Old Coin","Nunchaku"],"acts_visited":["Exordium","TheCity","TheBeyond"],"potions_floor_usage":[27,42,50],"damage_taken":[{"damage":4.0,"enemies":"Jaw Worm","floor":1.0,"turns":3.0},{"damage":7.0,"enemies":"2 Louse","floor":3.0,"turns":2.0},{"damage":0.0,"enemies":"Cultist","floor":5.0,"turns":3.0},{"damage":10.0,"enemies":"Gremlin Nob","floor":7.0,"turns":3.0},{"damage":11.0,"enemies":"Lagavulin","floor":10.0,"turns":5.0},{"damage":0.0,"enemies":"Large Slime","floor":11.0,"turns":3.0},{"damage":0.0,"enemies":"Gremlin Nob","floor":12.0,"turns":2.0},{"damage":11.0,"enemies":"Hexaghost","floor":16.0,"turns":8.0},{"damage":0.0,"enemies":"Chosen","floor":18.0,"turns":4.0},{"damage":17.0,"enemies":"Spheric Guardian","floor":20.0,"turns":4.0},{"damage":29.0,"enemies":"Centurion and Healer","floor":22.0,"turns":7.0},{"damage":17.0,"enemies":"Gremlin Leader","floor":23.0,"turns":4.0},{"damage":20.0,"enemies":"Cultist and Chosen","floor":25.0,"turns":5.0},{"damage":10,"enemies":"Shelled Parasite and Fungi","floor":27,"turns":8},{"damage":1,"enemies":"Snake Plant","floor":28,"turns":4},{"damage":22,"enemies":"Slavers","floor":30,"turns":4},{"damage":15,"enemies":"Collector","floor":33,"turns":5},{"damage":5,"enemies":"Orb Walker","floor":35,"turns":3},{"damage":0,"enemies":"3 Shapes","floor":36,"turns":6},{"damage":6,"enemies":"Sphere and 2 Shapes","floor":38,"turns":5},{"damage":0,"enemies":"Giant Head","floor":40,"turns":8},{"damage":17,"enemies":"Jaw Worm Horde","floor":42,"turns":4},{"damage":0,"enemies":"3 Darklings","floor":46,"turns":1},{"damage":11,"enemies":"Mind Bloom Boss Battle","floor":47,"turns":7},{"damage":7,"enemies":"Nemesis","floor":48,"turns":5},{"damage":60,"enemies":"Awakened One","floor":50,"turns":9}],"seed_played":"3431829222611389426","potions_obtained":[{"floor":3.0,"key":"SneckoOil"},{"floor":5.0,"key":"AttackPotion"},{"floor":10.0,"key":"DuplicationPotion"},{"floor":16.0,"key":"FairyPotion"},{"floor":18.0,"key":"Block Potion"},{"floor":25.0,"key":"Fire Potion"},{"floor":30,"key":"LiquidBronze"},{"floor":38,"key":"Energy Potion"},{"floor":46,"key":"BlessingOfTheForge"},{"floor":47,"key":"Swift Potion"},{"floor":48,"key":"Energy Potion"}],"is_trial":false,"path_per_floor":["M","?","M","?","M","R","E","R","T","E","M","E","?","$","R","B",null,"M","?","M","?","M","E","T","M","T","M","M","R","E","$","R","B",null,"M","M","?","M","$","E","?","M","T","R","$","M","?","E","R","B",null],"character_chosen":"DEFECT","items_purchased":["Orrery","Bag of Marbles","Self Repair","Defragment","Conserve Battery","Strawberry","Ancient Tea Set"],"campfire_rested":3,"item_purchase_floors":[14,14,14,14,31,31,39],"current_hp_per_floor":[64,64,57,50,50,50,40,40,40,29,29,29,18,18,38,37,68,68,68,61,61,42,35,35,25,25,25,44,64,42,49,71,66,75,70,75,75,75,75,75,75,68,74,74,74,81,70,81,81,31],"gold":528,"neow_bonus":"RANDOM_COLORLESS_2","is_daily":false,"chose_seed":false,"campfire_upgraded":4,"win_rate":0.0,"timestamp":1611986393,"path_taken":["M","?","M","?","M","R","E","R","T","E","M","E","?","$","R","BOSS","M","?","?","?","M","E","?","M","T","M","M","R","E","$","R","BOSS","M","M","?","?","$","E","?","?","T","R","$","M","?","E","R","BOSS"],"items_purchased_type":["Relic","Relic","Card","Card","Card","Relic","Relic"],"build_version":"2020-12-22","purchased_purges":4,"victory":true,"max_hp_per_floor":[68,68,68,68,68,68,68,68,68,68,68,68,68,68,68,68,68,68,68,68,68,68,68,68,68,68,68,68,68,68,75,75,75,75,75,75,75,75,75,75,75,75,81,81,81,81,81,81,81,81],"card_choices":[{"not_picked":["HandOfGreed","Thinking Ahead"],"picked":"Apotheosis","floor":0.0},{"not_picked":["Steam Power","Force Field"],"picked":"Cold Snap","floor":1.0},{"not_picked":["Static Discharge","Barrage"],"picked":"Redo","floor":3.0},{"not_picked":["Rip and Tear","Beam Cell"],"picked":"Sweeping Beam","floor":5.0},{"not_picked":["Sweeping Beam","White Noise"],"picked":"Electrodynamics","floor":7.0},{"not_picked":["Compile Driver","Blizzard"],"picked":"FTL","floor":10.0},{"not_picked":["Redo","Stack"],"picked":"Reprogram","floor":11.0},{"not_picked":["Rainbow","Stack"],"picked":"Coolheaded","floor":12.0},{"not_picked":["Beam Cell","Blizzard"],"picked":"White Noise","floor":14.0},{"not_picked":["Sweeping Beam","Compile Driver"],"picked":"Chill","floor":14.0},{"not_picked":["Cold Snap","Glacier"],"picked":"Turbo","floor":14.0},{"not_picked":["Aggregate","BootSequence"],"picked":"Loop","floor":14.0},{"not_picked":["Reinforced Body","Sweeping Beam"],"picked":"Meteor Strike","floor":14.0},{"not_picked":["Hyperbeam","Thunder Strike"],"picked":"Echo Form","floor":16.0},{"not_picked":["Hello World","Ball Lightning","Go for the Eyes"],"picked":"Recycle+1","floor":18.0},{"not_picked":["Beam Cell","FTL","Recycle"],"picked":"Capacitor","floor":20.0},{"not_picked":["Hologram+1","Steam","Turbo+1"],"picked":"Glacier+1","floor":22.0},{"not_picked":["Hello World","Force Field","Gash"],"picked":"Defragment","floor":23.0},{"not_picked":["Turbo","Leap","Cold Snap"],"picked":"Consume+1","floor":25.0},{"not_picked":["Hologram+1","Thunder Strike","Ball Lightning+1","Reprogram"],"picked":"SKIP","floor":27},{"not_picked":["Stack","Steam Power","Force Field"],"picked":"Leap","floor":28},{"not_picked":["Stack","Sunder","Redo","Compile Driver"],"picked":"SKIP","floor":30},{"not_picked":["Reboot","Creative AI","Thunder Strike"],"picked":"Biased Cognition","floor":33},{"not_picked":["Rebound","Redo","Reinforced Body+1","Conserve Battery"],"picked":"SKIP","floor":35},{"not_picked":["FTL","Compile Driver+1","Leap+1"],"picked":"Go for the Eyes","floor":36},{"not_picked":["Compile Driver+1","Gash+1","Go for the Eyes+1","Turbo+1"],"picked":"SKIP","floor":38},{"not_picked":["Chaos","Multi-Cast","Ball Lightning+1"],"picked":"Blizzard+1","floor":40},{"not_picked":["Darkness+1","Lockon+1","Go for the Eyes+1","Coolheaded"],"picked":"SKIP","floor":42},{"not_picked":["BootSequence","Ball Lightning+1","Leap+1"],"picked":"Core Surge","floor":46},{"not_picked":["Darkness+1","Capacitor","Coolheaded+1"],"picked":"Streamline","floor":47},{"not_picked":["Leap+1","Streamline+1","Compile Driver","Loop+1"],"picked":"SKIP","floor":48}],"player_experience":482319,"relics_obtained":[{"floor":7.0,"key":"PreservedInsect"},{"floor":9.0,"key":"Bottled Lightning"},{"floor":10.0,"key":"Lantern"},{"floor":12.0,"key":"The Courier"},{"floor":17.0,"key":"Orichalcum"},{"floor":17.0,"key":"Question Card"},{"floor":17.0,"key":"Unceasing Top"},{"floor":23.0,"key":"Vajra"},{"floor":24.0,"key":"CeramicFish"},{"floor":26.0,"key":"Darkstone Periapt"},{"floor":30,"key":"HornCleat"},{"floor":40,"key":"Blue Candle"},{"floor":43,"key":"Akabeko"},{"floor":47,"key":"Old Coin"},{"floor":48,"key":"Nunchaku"}],"event_choices":[{"damage_healed":0.0,"max_hp_gain":0.0,"max_hp_loss":0.0,"gold_gain":0.0,"event_name":"Golden Idol","player_choice":"Take Wound","floor":2.0,"gold_loss":0.0,"damage_taken":0.0,"relics_obtained":["Golden Idol"],"cards_obtained":["Injury"]},{"cards_removed":["Injury"],"damage_healed":0.0,"max_hp_gain":0.0,"max_hp_loss":0.0,"gold_gain":0.0,"event_name":"Golden Wing","player_choice":"Card Removal","floor":4.0,"gold_loss":0.0,"damage_taken":7.0},{"damage_healed":0.0,"max_hp_gain":0.0,"max_hp_loss":0.0,"gold_gain":75.0,"event_name":"World of Goop","player_choice":"Gather Gold","floor":13.0,"gold_loss":0.0,"damage_taken":11.0},{"cards_removed":["Defend_B"],"damage_healed":0.0,"max_hp_gain":0.0,"max_hp_loss":0.0,"gold_gain":0.0,"event_name":"Purifier","player_choice":"Purged","floor":19.0,"gold_loss":0.0,"damage_taken":0.0},{"cards_removed":["Strike_B"],"damage_healed":0.0,"max_hp_gain":0.0,"max_hp_loss":0.0,"gold_gain":0.0,"event_name":"Beggar","player_choice":"Gave Gold","floor":21.0,"gold_loss":75.0,"damage_taken":0.0},{"damage_healed":0,"gold_gain":0,"player_choice":"Gave Potion","damage_taken":0,"relics_obtained":["DataDisk"],"max_hp_gain":0,"max_hp_loss":0,"event_name":"WeMeetAgain","floor":37,"gold_loss":0},{"damage_healed":0,"gold_gain":0,"player_choice":"Copied","damage_taken":0,"max_hp_gain":0,"max_hp_loss":0,"event_name":"Duplicator","floor":41,"gold_loss":0,"cards_obtained":["Capacitor"]},{"damage_healed":0,"gold_gain":0,"player_choice":"Fight","damage_taken":0,"max_hp_gain":0,"max_hp_loss":0,"event_name":"MindBloom","floor":47,"gold_loss":0}],"is_beta":false,"boss_relics":[{"not_picked":["Runic Pyramid","Velvet Choker"],"picked":"Calling Bell"},{"not_picked":["Sozu","Tiny House"],"picked":"Cursed Key"}],"items_purged_floors":[14,31,39,45],"is_endless":false,"potions_floor_spawned":[3,5,10,16,18,25,30,33,38,46,47,48],"ascension_level":3}}