{"host":"4evnc443c98ww2zl","time":1611970108,"event":{"mods":["BaseMod","Better Third Choice","Hermit","Koishi","Luminous","Minty Spire (QoL Compilation)","Remilia??????","Robot Space Explorer","StSLib","The Administrix","The Bug Knight","The Cursed","TheSwordswoman"],"gold_per_floor":[111,186,186,106,118,145,145,178,178,178,191,222,233,233,233,233,233],"floor_reached":16,"language":"ENG","playtime":1195,"items_purged":[],"score":118,"play_id":"bf8d6bee-6278-475f-aba4-e6a3affe6654","local_time":"20210129192828","daily_mods":["SealedDeck","Diverse","Colorless Cards","Heirloom","DeadlyEvents","Elite Swarm"],"is_ascension_mode":false,"campfire_choices":[{"floor":7,"key":"RECALL"},{"floor":10,"key":"REST"},{"floor":15,"key":"REST"}],"circlet_count":0,"master_deck":["SashWhip","Evaluate","Sweeping Beam","hermit:SprayPray","hermit:Feint","MastersStateliness","Ghostly Armor","RobotSpaceExplorer:StunGrenade","Koishi:StingingMind","FearNoEvil","hermit:WideOpen","TheCursedMod:AntiAging","Infernal Blade","blazmod:SureOfHand","hermit:Vantage"],"relics":["Unceasing Top","Lizard Tail","Shovel","StrikeDummy","Ginger","Turnip","Mummified Hand"],"acts_visited":["Exordium"],"potions_floor_usage":[1,8,11],"damage_taken":[{"damage":0,"enemies":"2 Louse","floor":1,"turns":1},{"damage":4,"enemies":"Jaw Worm","floor":5,"turns":3},{"damage":29,"enemies":"Lagavulin","floor":6,"turns":7},{"damage":25,"enemies":"Gremlin Nob","floor":8,"turns":4},{"damage":0,"enemies":"Small Slimes","floor":11,"turns":2},{"damage":34,"enemies":"3 Sentries","floor":12,"turns":9},{"damage":22,"enemies":"Gremlin Gang","floor":13,"turns":4},{"damage":45,"enemies":"Hexaghost","floor":16,"turns":10}],"seed_played":"6650235826947159636","potions_obtained":[{"floor":1,"key":"Fruit Juice"},{"floor":6,"key":"Swift Potion"},{"floor":8,"key":"AttackPotion"}],"is_trial":true,"path_per_floor":["M","?","?","$","M","E","R","E","T","R","M","E","M","T","R","B"],"character_chosen":"REMILIA","items_purchased":["TheCursedMod:AntiAging"],"campfire_rested":2,"item_purchase_floors":[4],"current_hp_per_floor":[80,69,69,69,69,53,53,34,34,59,63,39,25,25,50,7,7],"gold":233,"neow_bonus":"","is_daily":false,"chose_seed":false,"campfire_upgraded":0,"win_rate":0.0,"timestamp":1611970108,"path_taken":["M","?","?","$","M","E","R","E","T","R","?","E","M","?","R","BOSS"],"items_purchased_type":["Card"],"build_version":"2020-12-22","purchased_purges":0,"victory":false,"max_hp_per_floor":[80,80,80,80,80,82,82,84,84,84,84,86,86,86,86,88,88],"card_choices":[{"not_picked":["Wild Strike","Turbo"],"picked":"hermit:WideOpen","floor":1},{"not_picked":["blazmod:Trasient","Luminous:Dusk_Guard_Luminous"],"picked":"Infernal Blade","floor":5},{"not_picked":["HollowMod:NewInfectedGuardian","blazmod:DawnflutterDance","HollowMod:theNailsmith"],"picked":"SKIP","floor":6},{"not_picked":["Koishi:ConfinedInnocent","TheCursedMod:ParallelWorld","Ragnarok"],"picked":"SKIP","floor":8},{"not_picked":["Koishi:BloodcurdlingScream","blazmod:FlawlessDraw"],"picked":"blazmod:SureOfHand","floor":11},{"not_picked":["blazmod:PerennialBeauty","BloodyCatastrophe","Koishi:TerrifyingSpectre"],"picked":"SKIP","floor":12},{"not_picked":["Searing Blow","UnstableMagic"],"picked":"hermit:Vantage","floor":13}],"player_experience":1140455,"relics_obtained":[{"floor":6,"key":"Shovel"},{"floor":8,"key":"StrikeDummy"},{"floor":9,"key":"Ginger"},{"floor":12,"key":"Turnip"},{"floor":14,"key":"Mummified Hand"}],"event_choices":[{"damage_healed":0,"gold_gain":75,"player_choice":"Gold","damage_taken":11,"max_hp_gain":0,"max_hp_loss":0,"event_name":"betterThird:BetterGoop","floor":2,"gold_loss":0},{"damage_healed":0,"gold_gain":0,"player_choice":"Ignored","damage_taken":0,"max_hp_gain":0,"max_hp_loss":0,"event_name":"Golden Wing","floor":3,"gold_loss":0}],"is_beta":false,"boss_relics":[],"items_purged_floors":[],"is_endless":false,"potions_floor_spawned":[1,6,8],"killed_by":"Hexaghost","ascension_level":0}}