{"host":"jhy70w0yh8dayqay","time":1611990521,"event":{"mods":["AchievementEnabler","BaseMod","Colored Map","Colored Powertips","DeckTracker","Minty Spire (QoL Compilation)","Permanent Neow","SuperFastMode"],"gold_per_floor":[109,109,119,130,148,148,176,192,192,192,47,75,91,104,104,178,178,194,194,209,219,101,101,115,115,115,115,115],"floor_reached":27,"language":"KOR","playtime":632,"items_purged":["Bash"],"score":397,"play_id":"3edb6543-242e-440d-9259-9e69a0b23a31","local_time":"20210130160841","is_ascension_mode":true,"campfire_choices":[{"data":"Perfected Strike","floor":6,"key":"SMITH"},{"data":"Perfected Strike","floor":10,"key":"SMITH"},{"data":"Flame Barrier","floor":15,"key":"SMITH"},{"data":"Dual Wield","floor":23,"key":"SMITH"}],"circlet_count":0,"master_deck":["AscendersBane","Strike_R","Strike_R","Strike_R","Defend_R","Defend_R","Defend_R","Defend_R","Wild Strike+1","Perfected Strike+1","Disarm","Perfected Strike+1","Flame Barrier+1","Twin Strike","Inflame","Power Through","Offering","Dual Wield+1","Feel No Pain","Intimidate","Twin Strike","Pommel Strike+1"],"relics":["Burning Blood","Bottled Lightning","Charon\u0027s Ashes","StoneCalendar","Philosopher\u0027s Stone","Mummified Hand"],"acts_visited":["Exordium","TheCity"],"potions_floor_usage":[12,21],"damage_taken":[{"damage":9,"enemies":"2 Louse","floor":1,"turns":4},{"damage":1,"enemies":"Cultist","floor":3,"turns":3},{"damage":3,"enemies":"Small Slimes","floor":4,"turns":3},{"damage":8,"enemies":"2 Fungi Beasts","floor":5,"turns":4},{"damage":31,"enemies":"Lagavulin","floor":7,"turns":4},{"damage":9,"enemies":"3 Louse","floor":8,"turns":3},{"damage":15,"enemies":"3 Sentries","floor":12,"turns":4},{"damage":0,"enemies":"Exordium Wildlife","floor":13,"turns":3},{"damage":0,"enemies":"Large Slime","floor":14,"turns":4},{"damage":16,"enemies":"Hexaghost","floor":16,"turns":9},{"damage":6,"enemies":"Spheric Guardian","floor":18,"turns":1},{"damage":29,"enemies":"2 Thieves","floor":20,"turns":4},{"damage":9,"enemies":"3 Cultists","floor":21,"turns":4},{"damage":23,"enemies":"Snecko","floor":24,"turns":4},{"damage":15,"enemies":"Cultist and Chosen","floor":27,"turns":4}],"seed_played":"-1176092368953761223","potions_obtained":[{"floor":5,"key":"Explosive Potion"},{"floor":12,"key":"Strength Potion"},{"floor":14,"key":"Explosive Potion"}],"is_trial":false,"path_per_floor":["M","?","M","M","M","R","E","M","T","R","$","E","M","M","R","B",null,"M","?","M","M","$","R","M","?","T","M"],"character_chosen":"IRONCLAD","items_purchased":["Inflame","Intimidate","Twin Strike"],"campfire_rested":0,"item_purchase_floors":[11,22,22],"current_hp_per_floor":[65,65,68,68,66,66,41,38,38,38,38,29,35,41,41,31,59,59,55,32,29,29,29,12,12,12,0,0],"gold":115,"neow_bonus":"REMOVE_TWO","is_daily":false,"chose_seed":false,"campfire_upgraded":4,"win_rate":0.0,"timestamp":1611990521,"path_taken":["M","?","M","M","M","R","E","M","T","R","$","E","M","M","R","BOSS","M","?","?","M","$","R","M","?","T","M"],"items_purchased_type":["Card","Card","Card"],"build_version":"2020-12-22","purchased_purges":1,"victory":false,"max_hp_per_floor":[68,68,68,68,68,68,68,68,68,68,68,68,68,68,68,68,68,68,68,68,68,68,68,68,68,68,68,68],"card_choices":[{"not_picked":["Armaments","Shrug It Off"],"picked":"Wild Strike","floor":1},{"not_picked":["Wild Strike","Sentinel"],"picked":"Perfected Strike","floor":3},{"not_picked":["Anger","Sentinel"],"picked":"Disarm","floor":4},{"not_picked":["Shockwave","Cleave"],"picked":"Perfected Strike","floor":5},{"not_picked":["Body Slam","Corruption"],"picked":"Flame Barrier","floor":7},{"not_picked":["Whirlwind","Fire Breathing"],"picked":"Twin Strike","floor":8},{"not_picked":["Combust","Heavy Blade","Warcry"],"picked":"SKIP","floor":12},{"not_picked":["Searing Blow","Sentinel","True Grit"],"picked":"SKIP","floor":13},{"not_picked":["Clash","Hemokinesis"],"picked":"Power Through","floor":14},{"not_picked":["Feed","Demon Form"],"picked":"Offering","floor":16},{"not_picked":["Infernal Blade","True Grit"],"picked":"Dual Wield","floor":18},{"not_picked":["Intimidate","Clothesline"],"picked":"Feel No Pain","floor":20},{"not_picked":["Sword Boomerang","Brutality","Flame Barrier"],"picked":"SKIP","floor":21},{"not_picked":["True Grit","Wild Strike"],"picked":"Pommel Strike","floor":24}],"player_experience":462403,"relics_obtained":[{"floor":7,"key":"Bottled Lightning"},{"floor":9,"key":"Charon\u0027s Ashes"},{"floor":12,"key":"StoneCalendar"},{"floor":26,"key":"Mummified Hand"}],"event_choices":[{"damage_healed":0,"gold_gain":0,"player_choice":"Grow","damage_taken":0,"max_hp_gain":0,"max_hp_loss":0,"event_name":"Living Wall","floor":2,"gold_loss":0,"cards_upgraded":["Wild Strike"]},{"damage_healed":0,"gold_gain":0,"player_choice":"Bought 0 Potions","damage_taken":0,"max_hp_gain":0,"max_hp_loss":0,"event_name":"The Woman in Blue","floor":19,"gold_loss":0},{"damage_healed":0,"gold_gain":0,"player_choice":"Forge","damage_taken":0,"max_hp_gain":0,"max_hp_loss":0,"event_name":"Accursed Blacksmith","floor":25,"gold_loss":0,"cards_upgraded":["Pommel Strike"]}],"is_beta":false,"boss_relics":[{"not_picked":["Tiny House","Calling Bell"],"picked":"Philosopher\u0027s Stone"}],"items_purged_floors":[11],"is_endless":false,"potions_floor_spawned":[5,12,14,16,18,20],"killed_by":"Cultist and Chosen","ascension_level":15}}