{"host":"f3vxwlz1n3azqp6q","time":1611973488,"event":{"mods":["Aspiration","BaseMod","BetterRewards","Conspire","Hubris","Infinite Spire","Ironclad Rager","Minty Spire (QoL Compilation)","Permanent Neow","Replay The Spire","Shop Mod","StSLib","The Construct","The Hierophant","The Necromancer","The Servant 0.9.4","Transform Curses"],"gold_per_floor":[113,113,113,113,150,164,164,164,181,181,181,181,213,239,239,271,271,391,391,425,425,434,446,887,935,955,313,338,338,364,364,364,390,390,515,515,541,559,568,346,346,346,81,98,98,142,159,183,123,23,23,33,33,33,33,65,77],"floor_reached":58,"language":"ENG","playtime":3393,"items_purged":["conspire:NecroticWound","Defend_G","Defend_G","Defend_G","Defend_G","Strike_G","Strike_G","Strike_G","Neutralize","Bane","Strike_G+1","Madness","Strike_G+1","Survivor+1","ReplayTheSpireMod:Speed Training+1","hubris:Counter","Finesse","infinitespire:Punishment"],"score":2157,"play_id":"7f99e33f-1d58-4f93-b64b-1a0d8480002f","local_time":"20210129182448","is_ascension_mode":false,"campfire_choices":[{"floor":8,"key":"RECALL"},{"data":"Specialist","floor":10,"key":"SMITH"},{"data":"ReplayUltimateDefense","floor":12,"key":"SMITH"},{"data":"ReplayUltimateDefense","floor":17,"key":"SMITH"},{"data":"ReplayUltimateDefense","floor":29,"key":"SMITH"},{"data":"ReplayUltimateDefense","floor":31,"key":"SMITH"},{"data":"Tools of the Trade","floor":34,"key":"SMITH"},{"data":"A Thousand Cuts","floor":42,"key":"SMITH"},{"data":"ReplayTheSpireMod:Chaos Vortex","floor":51,"key":"SMITH"},{"data":"Specialist","floor":54,"key":"SMITH"}],"circlet_count":0,"master_deck":["Footwork","Replay:Sssssssssstrike","Footwork","ReplayUltimateDefense+1","Backstab","Endless Agony","Specialist+1","Well Laid Plans","Draining Mist","Caltrops","hubris:EnhanceAbility","Noxious Fumes","Infinite Blades","Footwork","Sadistic Nature","Footwork","Riddle With Holes","Infinite Blades","Poisoned Strike","Backstab","Noxious Fumes","Magnetism","Well Laid Plans","Mayhem","ReplayTheSpireMod:Scrap Shanks","Accuracy","ReplayUltimateDefense+1","Infinite Blades","Noxious Fumes","Mayhem","Accuracy","Poisoned Strike","ReplayTheSpireMod:Scrap Shanks","ReplayTheSpireMod:Scrap Shanks","Mayhem","Well Laid Plans","Footwork","Noxious Fumes","Infinite Blades","hubris:EnhanceAbility","Mayhem","Accuracy","ReplayTheSpireMod:Tripwire","ReplayTheSpireMod:Shiv Toss","Sneak Up","Night Terror","Sneak Up","Footwork","Replay:Sssssssssstrike","Footwork","ReplayUltimateDefense+1","Backstab","Endless Agony","Specialist+1","Well Laid Plans","Draining Mist","Caltrops","ReplayUltimateDefense+1","hubris:EnhanceAbility","Noxious Fumes","Infinite Blades","Footwork","Sadistic Nature","Footwork","Riddle With Holes","Infinite Blades","Poisoned Strike","Backstab","Noxious Fumes","Magnetism","Well Laid Plans","Mayhem","ReplayTheSpireMod:Scrap Shanks","Accuracy","Infinite Blades","Noxious Fumes","Mayhem","Accuracy","Poisoned Strike","ReplayTheSpireMod:Scrap Shanks","ReplayTheSpireMod:Scrap Shanks","Mayhem","Well Laid Plans","Footwork","Noxious Fumes","Infinite Blades","hubris:EnhanceAbility","Mayhem","Accuracy","ReplayTheSpireMod:Tripwire","ReplayTheSpireMod:Shiv Toss","Sneak Up","Night Terror","Sneak Up","infinitespire:Punishment","Noxious Fumes","Tools of the Trade+1","ReplayTheSpireMod:From All Sides","A Thousand Cuts+1","Pain","Corpse Explosion","Midas Touch","Specialist+1","Sadistic Nature","ReplayTheSpireMod:Chaos Vortex+1"],"relics":["Ring of the Snake","infinitespire:EmpoweringShard","BargainBundle","StoneCalendar","Tough Bandages","War Paint","MerchantsRug","Vajra","Replay:Towering Pillar of Hats","Sling","CeramicFish","Orichalcum","Ninja Scroll","Unceasing Top","hubris:OldNail","Bag of Marbles","ClockworkSouvenir","hubris:Spice","DollysMirror","Potion Belt","hubris:BundleOfHerbs","conspire:TreasureMap","Counterbalance","Mummified Hand","Lee\u0027s Waffle","hubris:SlimyHat","aspiration:AnachronicSnailShell","hubris:HerbalPaste","Vampiric Spirits","infinitespire:Magic Flask","Toolbox","Simple Rune","hubris:ToyBattleship","Girya","Pondfish Scales","Tiny Chest","hubris:MedicalManual","Strawberry","conspire:GlowingRock","Letter Opener","aspiration:HatOfInfinitePower","aspiration:Nostalgia","Vampire_Amulet","Blood Vial","ReplayTheSpireMod:Shallot","Incense Burner","Snack Pack","hubris:EmptyBottle","infinitespire:Joker Card","Replay:Bandana","aspiration:SneckoTail","Peace Pipe","TheAbacus","infinitespire:FocusingShard","ReplayTheSpireMod:TigerMarble","Akabeko","White Beast Statue","Calipers","Frozen Eye","Centennial Puzzle","aspiration:KaomsHeart"],"acts_visited":["Exordium","TheCity","TheBeyond","TheEnding"],"potions_floor_usage":[0,0,0,0,20,46,57,57,57,57,57,57,57,57,57],"damage_taken":[{"damage":0,"enemies":"Jaw Worm","floor":1,"turns":1},{"damage":0,"enemies":"Small Slimes","floor":5,"turns":1},{"damage":0,"enemies":"conspire:RoseBush","floor":6,"turns":1},{"damage":0,"enemies":"Exordium Thugs","floor":9,"turns":1},{"damage":0,"enemies":"Replay:BlueRogue","floor":13,"turns":1},{"damage":0,"enemies":"2 Fungi Beasts","floor":14,"turns":1},{"damage":0,"enemies":"Lots of Slimes","floor":16,"turns":1},{"damage":0,"enemies":"Hexaghost","floor":18,"turns":1},{"damage":0,"enemies":"2 Thieves","floor":20,"turns":2},{"damage":0,"enemies":"3 Byrds","floor":23,"turns":2},{"damage":0,"enemies":"conspire:Head Lice","floor":25,"turns":2},{"damage":0,"enemies":"Snake Plant","floor":26,"turns":1},{"damage":0,"enemies":"Snecko","floor":30,"turns":1},{"damage":0,"enemies":"Cultist and Chosen","floor":33,"turns":1},{"damage":0,"enemies":"hubris:MusketHawk","floor":35,"turns":1},{"damage":0,"enemies":"3 Darklings","floor":37,"turns":3},{"damage":0,"enemies":"3 Shapes","floor":38,"turns":2},{"damage":0,"enemies":"Maw","floor":44,"turns":2},{"damage":0,"enemies":"Nightmare","floor":46,"turns":5},{"damage":0,"enemies":"Jaw Worm Horde","floor":47,"turns":1},{"damage":0,"enemies":"3 Darklings","floor":48,"turns":3},{"damage":0,"enemies":"hubris:GrandSnecko","floor":52,"turns":1},{"damage":6,"enemies":"Shield and Spear","floor":56,"turns":1},{"damage":6,"enemies":"The Heart","floor":57,"turns":3}],"seed_played":"1079155121679626781","potions_obtained":[{"floor":20,"key":"PowerPotion"},{"floor":30,"key":"Fire Potion"},{"floor":33,"key":"Strength Potion"},{"floor":35,"key":"SkillPotion"},{"floor":37,"key":"EssenceOfSteel"},{"floor":38,"key":"PowerPotion"},{"floor":46,"key":"Languid Potion"},{"floor":56,"key":"Elixir"}],"is_trial":false,"path_per_floor":["M","?","PTL","PTL","M","M","?","R","M","R","T","R","E","M","?","M","R","B",null,"M","T","AVR","M","?","E","M","$","T","R","M","R","T","M","R","B",null,"M","M","?","$","T","R","$","M","T","NM","M","M","$","NS","R","B",null,"R","$","E","B",null],"character_chosen":"THE_SILENT","items_purchased":["Footwork","Replay:Sssssssssstrike","ReplayTheSpireMod:Speed Training","infinitespire:EmpoweringShard","Block Potion","Block Potion","Elixir","BargainBundle","War Paint","MerchantsRug","Footwork","ReplayUltimateDefense","Backstab","Endless Agony","Sling","CeramicFish","Orichalcum","Specialist","hubris:OldNail","Bag of Marbles","ClockworkSouvenir","Well Laid Plans","Draining Mist","Reflective Coating","Caltrops","DollysMirror","hubris:EnhanceAbility","Potion Belt","LifebloodPotion","hubris:BundleOfHerbs","conspire:TreasureMap","Noxious Fumes","Infinite Blades","Mummified Hand","Lee\u0027s Waffle","hubris:SlimyHat","Regen Potion","hubris:HerbalPaste","Vampiric Spirits","infinitespire:Magic Flask","Doom Potion","Venom Potion","Footwork","Sadistic Nature","Finesse","hubris:Counter","Toolbox","Simple Rune","hubris:ToyBattleship","Footwork","Riddle With Holes","Infinite Blades","DistilledChaos","Poisoned Strike","Backstab","hubris:Spice","Tiny Chest","hubris:MedicalManual","Noxious Fumes","hubris:Spice","Strawberry","hubris:Spice","Magnetism","Well Laid Plans","hubris:Spice","hubris:Spice","hubris:Spice","hubris:Spice","hubris:Spice","Letter Opener","Mayhem","ReplayTheSpireMod:Scrap Shanks","aspiration:Nostalgia","Blood Vial","ReplayTheSpireMod:Shallot","Accuracy","ReplayUltimateDefense","hubris:Spice","infinitespire:BlackPotion","hubris:Spice","hubris:Spice","Snack Pack","hubris:Spice","hubris:Spice","Infinite Blades","Noxious Fumes","Mayhem","hubris:EmptyBottle","hubris:Spice","hubris:Spice","Replay:Bandana","Fruit Juice","Accuracy","Poisoned Strike","ReplayTheSpireMod:Scrap Shanks","TheAbacus","infinitespire:FocusingShard","ReplayTheSpireMod:TigerMarble","Mayhem","Akabeko","White Beast Statue","Fruit Juice","CunningPotion","Well Laid Plans","Footwork","Frozen Eye","Centennial Puzzle","Noxious Fumes","aspiration:KaomsHeart","Nunchaku","Infinite Blades","hubris:EnhanceAbility","aspiration:KMNothing","aspiration:KMNothing","aspiration:KMNothing","Mayhem","Accuracy","Tools of the Trade","ReplayTheSpireMod:From All Sides","Corpse Explosion","Midas Touch","Specialist","Sadistic Nature","DistilledChaos","aspiration:KMNothing","aspiration:KMNothing"],"campfire_rested":0,"item_purchase_floors":[0,0,0,0,0,0,0,0,0,0,0,0,0,0,0,0,0,0,0,0,0,0,0,0,0,0,0,0,0,0,0,0,0,0,0,0,0,0,0,0,0,0,0,0,0,0,0,0,0,0,0,0,0,0,0,0,0,0,0,0,0,0,0,0,0,0,0,0,0,0,0,0,0,0,0,0,0,0,0,0,0,0,0,0,0,0,0,0,0,0,0,0,0,0,0,0,0,0,0,0,0,0,0,0,0,0,0,0,0,0,0,0,0,0,0,0,0,27,27,40,40,43,43,49,55,55],"current_hp_per_floor":[184,184,184,184,184,184,166,166,176,176,176,176,168,168,155,155,155,155,147,147,139,131,131,131,131,131,131,123,123,115,115,115,115,115,115,107,107,107,107,107,107,107,107,107,107,91,91,91,91,91,91,91,91,91,91,83,83],"gold":77,"neow_bonus":"","is_daily":false,"chose_seed":false,"campfire_upgraded":9,"win_rate":0.0,"timestamp":1611973488,"path_taken":["M","?","PTL","PTL","M","M","?","R","M","R","T","R","E","M","?","M","R","BOSS","M","?","AVR","?","?","E","M","$","T","R","?","R","?","?","R","BOSS","M","M","?","?","?","R","$","M","T","NM","M","M","$","NS","R","BOSS","R","$","E","BOSS"],"items_purchased_type":["Card","Card","Card","Relic","Potion","Potion","Potion","Relic","Relic","Relic","Card","Card","Card","Card","Relic","Relic","Relic","Card","Relic","Relic","Relic","Card","Card","Potion","Card","Relic","Card","Relic","Potion","Relic","Relic","Card","Card","Relic","Relic","Relic","Potion","Relic","Relic","Relic","Potion","Potion","Card","Card","Card","Card","Relic","Relic","Relic","Card","Card","Card","Potion","Card","Card","Relic","Relic","Relic","Card","Relic","Relic","Relic","Card","Card","Relic","Relic","Relic","Relic","Relic","Relic","Card","Card","Relic","Relic","Relic","Card","Card","Relic","Potion","Relic","Relic","Relic","Relic","Relic","Card","Card","Card","Relic","Relic","Relic","Relic","Potion","Card","Card","Card","Relic","Relic","Relic","Card","Relic","Relic","Potion","Potion","Card","Card","Relic","Relic","Card","Relic","Relic","Card","Card","Relic","Relic","Relic","Card","Card","Card","Card","Card","Card","Card","Card","Potion","Relic","Relic"],"build_version":"2020-12-22","purchased_purges":18,"victory":true,"max_hp_per_floor":[184,184,184,184,184,184,176,176,176,176,176,176,168,168,155,155,155,155,147,147,139,131,131,131,131,131,131,123,123,115,115,115,115,115,115,107,107,107,107,107,107,107,107,107,107,91,91,91,91,91,91,91,91,91,91,83,83],"card_choices":[{"not_picked":["Dodge and Roll","Acrobatics","Quick Slash"],"picked":"SKIP","floor":1},{"not_picked":["hubris:SpiceAddiction","Prepared"],"picked":"ReplayTheSpireMod:Tripwire","floor":5},{"not_picked":["Prepared","Dodge and Roll","Flechettes"],"picked":"SKIP","floor":6},{"not_picked":["ReplayTheSpireMod:Exploit Weakness","Replay:Poison Smokescreen","Flechettes"],"picked":"SKIP","floor":9},{"not_picked":["Dagger Spray","Bane","hubris:SpiceAddiction"],"picked":"SKIP","floor":13},{"not_picked":["Prepared","Blade Dance"],"picked":"ReplayTheSpireMod:Shiv Toss","floor":14},{"not_picked":["Terror","Masterful Stab"],"picked":"Sneak Up","floor":16},{"not_picked":["Adrenaline","hubris:SpiceAddiction"],"picked":"Night Terror","floor":18},{"not_picked":["Predator+1","hubris:SlightOfHand+1"],"picked":"Sneak Up","floor":20},{"not_picked":["Flying Knee","hubris:SlightOfHand","PiercingWail"],"picked":"SKIP","floor":23},{"not_picked":["Expertise","Dagger Spray"],"picked":"Noxious Fumes","floor":25},{"not_picked":["All Out Attack+1","Dodge and Roll","ReplayTheSpireMod:Speed Training"],"picked":"SKIP","floor":26},{"not_picked":["Underhanded Strike","Blur"],"picked":"hubris:SpiceAddiction","floor":30},{"not_picked":["Dodge and Roll+1","hubris:SpiceAddiction","Replay:Poison Smokescreen"],"picked":"SKIP","floor":33},{"not_picked":["hubris:SpiceAddiction","Burst"],"picked":"A Thousand Cuts","floor":35},{"not_picked":["Underhanded Strike","Cloak And Dagger","Dodge and Roll"],"picked":"SKIP","floor":37},{"not_picked":["Leg Sweep+1","Cloak And Dagger","Prepared"],"picked":"SKIP","floor":38},{"not_picked":["Tactician","Underhanded Strike","Crippling Poison"],"picked":"SKIP","floor":44},{"not_picked":["ReplayTheSpireMod:The Works","Dodge and Roll+1"],"picked":"hubris:SpiceAddiction","floor":46},{"not_picked":["hubris:InfiniteBlow","ReplayTheSpireMod:Black Plague"],"picked":"ReplayTheSpireMod:Chaos Vortex","floor":46},{"not_picked":["Distraction","Blur","Bane+1"],"picked":"SKIP","floor":47},{"not_picked":["Hidden Blade","Dagger Spray","hubris:SpiceAddiction"],"picked":"SKIP","floor":48},{"not_picked":["Endless Agony","Underhanded Strike","Toxin Wave"],"picked":"SKIP","floor":56}],"player_experience":293537,"relics_obtained":[{"floor":13,"key":"hubris:Spice"},{"floor":21,"key":"hubris:Spice"},{"floor":25,"key":"aspiration:KMNothing"},{"floor":28,"key":"hubris:Spice"},{"floor":32,"key":"aspiration:KMNothing"},{"floor":41,"key":"aspiration:KMNothing"},{"floor":45,"key":"aspiration:KMNothing"},{"floor":46,"key":"hubris:Spice"},{"floor":56,"key":"hubris:Spice"}],"event_choices":[{"damage_healed":0,"gold_gain":0,"player_choice":"Leave","damage_taken":0,"max_hp_gain":0,"max_hp_loss":0,"event_name":"conspire:Investor","floor":2,"gold_loss":0},{"damage_healed":0,"gold_gain":0,"player_choice":"Success","damage_taken":18,"relics_obtained":["hubris:Spice"],"max_hp_gain":0,"max_hp_loss":0,"event_name":"Scrap Ooze","floor":7,"gold_loss":0},{"damage_healed":0,"gold_gain":0,"player_choice":"Lose Max HP","damage_taken":0,"relics_obtained":["Golden Idol"],"max_hp_gain":0,"max_hp_loss":13,"event_name":"Golden Idol","floor":15,"gold_loss":0},{"damage_healed":0,"gold_gain":0,"player_choice":"Rummage","damage_taken":0,"relics_obtained":["WarpedTongs"],"max_hp_gain":0,"max_hp_loss":0,"event_name":"Accursed Blacksmith","floor":39,"gold_loss":0,"cards_obtained":["Pain"]}],"is_beta":false,"boss_relics":[{"not_picked":["aspiration:KMNothing","aspiration:KMNothing"],"picked":"hubris:Spice"},{"not_picked":["aspiration:KMNothing","aspiration:KMNothing"],"picked":"hubris:Spice"}],"items_purged_floors":[0,0,0,0,0,0,0,0,0,0,0,0,0,0,0,0,22,27],"is_endless":false,"potions_floor_spawned":[1,5,6,9,13,14,16,18,20,23,25,26,30,33,35,37,38,44,46,47,48,56],"ascension_level":0}}