{"host":"iittsup1ixgwip8e","time":1611974788,"event":{"mods":["A Magickal Journey","Aspiration","BaseMod","Challenge The Spire","Clockwork Mod","Colored Powertips","Conspire","Downfall","Energized Spire","Exacting","GifTheSpireLib","Halation","Hermit","Hubris","Infinite Spire","Mari Mod (Legacy)","Mari\u0027s V1 Patch","Marisa????????","Mimic Mod","Minty Spire (QoL Compilation)","Quick Restart","READ ME - Guardian Mod","Replay The Spire","Shop Mod","Spikes Relics","Spire Arcade","StSLib","Stuff the Spire","The Animator","The Cursed","The Disciple","The Jungle","The Marked","The Runesmith","The Servant 0.9.4","The Valiant","The Vixen"],"gold_per_floor":[112,16,28,39,39,39,54,54,81,91,41,56,18,18,18,118,118,128,146,146,146],"floor_reached":20,"language":"ENG","playtime":3822,"items_purged":[],"score":166,"play_id":"8e726704-b679-4177-a9e9-371ca6f6605e","local_time":"20210129214628","is_ascension_mode":false,"campfire_choices":[{"floor":6,"key":"REST"},{"floor":8,"key":"REST"},{"floor":15,"key":"RECALL"}],"circlet_count":0,"master_deck":["hermit:Strike_Hermit","hermit:Strike_Hermit","hermit:Strike_Hermit","hermit:Strike_Hermit","hermit:Defend_Hermit","hermit:Defend_Hermit","hermit:Defend_Hermit","hermit:Defend_Hermit","hermit:Snapshot","hermit:Covet","hermit:Midnight","hermit:Midnight","hermit:Determination","hermit:Snipe","hermit:GoldenBullet","hermit:ShadowCloak","hermit:TakeCover","hermit:Reprieve","hermit:Quickdraw+1","hermit:Ricochet"],"relics":["hermit:Momento","NeowsBlessing","Thread and Needle","aspiration:Nostalgia","Slimebound:AbsorbEndCombat","StuffTheSpire:ForceGauntlet","hubris:EvacipatedBox","energizedSpire:RedRose"],"acts_visited":["Exordium","TheCity"],"potions_floor_usage":[10,12,16,16,19,20,20],"damage_taken":[{"damage":0,"enemies":"2 Louse","floor":1,"turns":1},{"damage":0,"enemies":"Cultist","floor":3,"turns":1},{"damage":0,"enemies":"Small Slimes","floor":4,"turns":1},{"damage":0,"enemies":"3 Louse","floor":7,"turns":4},{"damage":0,"enemies":"2 Fungi Beasts","floor":10,"turns":3},{"damage":16,"enemies":"Looter","floor":12,"turns":3},{"damage":43,"enemies":"The Guardian","floor":16,"turns":12},{"damage":24,"enemies":"conspire:FuzzyDice","floor":18,"turns":6},{"damage":11,"enemies":"3 Byrds","floor":19,"turns":4},{"damage":48,"enemies":"Centurion and Healer","floor":20,"turns":4}],"seed_played":"-560989257472308072","potions_obtained":[{"floor":3,"key":"FearPotion"},{"floor":4,"key":"Strength Potion"},{"floor":7,"key":"Energy Potion"},{"floor":14,"key":"Elixir"},{"floor":14,"key":"DistilledChaos"},{"floor":16,"key":"Languid Potion"},{"floor":18,"key":"Weak Potion"},{"floor":19,"key":"Swift Potion"},{"floor":19,"key":"sneckomod:MuddlingPotion"}],"is_trial":false,"path_per_floor":["M","?","M","M","$","R","M","R","T","M","$","M","$","?","R","B",null,"M","M","M"],"character_chosen":"HERMIT","items_purchased":["aspiration:Nostalgia","StuffTheSpire:ForceGauntlet","hubris:EvacipatedBox","Block Potion","hermit:TakeCover"],"campfire_rested":2,"item_purchase_floors":[5,5,5,11,13],"current_hp_per_floor":[75,75,75,75,30,52,52,74,74,74,74,58,58,58,58,15,75,51,44,0,0],"gold":146,"neow_bonus":"THREE_ENEMY_KILL","is_daily":false,"chose_seed":false,"campfire_upgraded":0,"win_rate":0.0,"timestamp":1611974788,"path_taken":["M","?","?","?","?","R","M","R","T","?","$","M","$","?","R","BOSS","M","?","M"],"items_purchased_type":["Relic","Relic","Relic","Potion","Card"],"build_version":"2020-12-22","purchased_purges":0,"victory":false,"max_hp_per_floor":[75,75,75,75,75,75,75,75,75,75,75,75,75,75,75,75,75,75,75,75,75],"card_choices":[{"not_picked":["hermit:LowProfile","hermit:NoHoldsBarred"],"picked":"hermit:Midnight","floor":1},{"not_picked":["hermit:WideOpen","hermit:LuckOfTheDraw"],"picked":"hermit:Midnight","floor":3},{"not_picked":["hermit:Misfire","hermit:WideOpen"],"picked":"hermit:Determination","floor":4},{"not_picked":["hermit:SprayPray","hermit:ItchyTrigger"],"picked":"hermit:Snipe","floor":7},{"not_picked":["hermit:BodyArmor","hermit:Feint"],"picked":"hermit:GoldenBullet","floor":10},{"not_picked":["hermit:Vantage","hermit:CursedWeapon"],"picked":"hermit:ShadowCloak","floor":12},{"not_picked":["hermit:BlackWind","hermit:FinalCanter"],"picked":"hermit:Reprieve","floor":16},{"not_picked":["hermit:SprayPray","hermit:Showdown"],"picked":"hermit:Quickdraw+1","floor":18},{"not_picked":["hermit:WideOpen","hermit:TakeAim"],"picked":"hermit:Ricochet","floor":19}],"player_experience":106751,"relics_obtained":[],"event_choices":[{"damage_healed":0,"gold_gain":0,"player_choice":"Paid Gold","damage_taken":0,"relics_obtained":["Thread and Needle"],"max_hp_gain":0,"max_hp_loss":0,"event_name":"WeMeetAgain","floor":2,"gold_loss":96},{"damage_healed":0,"gold_gain":0,"player_choice":"Got Potions","damage_taken":0,"max_hp_gain":0,"max_hp_loss":0,"event_name":"Lab","floor":14,"gold_loss":0}],"is_beta":false,"boss_relics":[{"not_picked":["hubris:CrackedHourglass","Ectoplasm","Runic Pyramid"],"picked":"energizedSpire:RedRose"}],"items_purged_floors":[],"is_endless":false,"potions_floor_spawned":[3,4,7,16,18,19],"killed_by":"Centurion and Healer","ascension_level":0}}