{"host":"2se5dq1do2gp0x9k","time":1611992983,"event":{"mods":["AchievementEnabler","BaseMod","Block Reminder","Colored Map","Colored Powertips","Minty Spire (QoL Compilation)","Relic Stats","StSLib","SuperFastMode"],"gold_per_floor":[113,113,137,22,22,22,55,79,79,79,102,120,120,144,144,233,233,256,70,94,94,94],"floor_reached":21,"language":"ENG","playtime":603,"items_purged":["Strike_B","Reprogram"],"score":362,"play_id":"8780a9f4-aa95-44e1-b2d0-d8bff147bd2f","local_time":"20210129234943","is_ascension_mode":true,"campfire_choices":[{"data":"Sunder","floor":6.0,"key":"SMITH"},{"data":"Conserve Battery","floor":10.0,"key":"SMITH"},{"floor":15.0,"key":"REST"}],"circlet_count":0,"master_deck":["AscendersBane","Zap","Dualcast","Core Surge","Ball Lightning","Sunder+1","Conserve Battery+1","Hologram","Conserve Battery","Go for the Eyes","Biased Cognition","BootSequence","Recycle","Barrage","Melter","Rebound","Sweeping Beam","Hologram","Defragment"],"relics":["Cracked Core","Golden Idol","Pantograph","InkBottle","Pandora\u0027s Box"],"acts_visited":["Exordium","TheCity"],"potions_floor_usage":[],"damage_taken":[{"damage":1.0,"enemies":"2 Louse","floor":1.0,"turns":2.0},{"damage":12.0,"enemies":"Jaw Worm","floor":3.0,"turns":3.0},{"damage":15.0,"enemies":"3 Sentries","floor":7.0,"turns":6.0},{"damage":0.0,"enemies":"Cultist","floor":8.0,"turns":2.0},{"damage":0.0,"enemies":"Red Slaver","floor":11.0,"turns":2.0},{"damage":11.0,"enemies":"Exordium Thugs","floor":12.0,"turns":4.0},{"damage":0.0,"enemies":"Blue Slaver","floor":14.0,"turns":3.0},{"damage":14.0,"enemies":"The Guardian","floor":16.0,"turns":11.0},{"damage":0.0,"enemies":"3 Byrds","floor":18.0,"turns":3.0},{"damage":0,"enemies":"Spheric Guardian","floor":20,"turns":2},{"damage":62,"enemies":"Masked Bandits","floor":21,"turns":3}],"seed_played":"-7700250950055957000","potions_obtained":[{"floor":3.0,"key":"SteroidPotion"},{"floor":5.0,"key":"PotionOfCapacity"},{"floor":16.0,"key":"DistilledChaos"},{"floor":18.0,"key":"GamblersBrew"}],"is_trial":false,"path_per_floor":["M","?","M","$","?","R","E","M","T","R","M","M","$","M","R","B",null,"M","$","M","?"],"character_chosen":"DEFECT","items_purchased":["Sunder","Defragment"],"campfire_rested":1,"item_purchase_floors":[4,19],"current_hp_per_floor":[45,45,33,33,33,33,18,18,18,18,18,7,7,7,26,37,57,57,57,57,0,0],"gold":94,"neow_bonus":"THREE_RARE_CARDS","is_daily":false,"chose_seed":false,"campfire_upgraded":2,"win_rate":0.0,"timestamp":1611992983,"path_taken":["M","?","M","$","?","R","E","M","T","R","?","M","?","M","R","BOSS","M","$","M","?"],"items_purchased_type":["Card","Card"],"build_version":"2020-12-22","purchased_purges":2,"victory":false,"max_hp_per_floor":[71,64,64,64,64,64,64,64,64,64,64,64,64,64,64,64,64,64,64,64,64,64],"relic_stats":{"counters":[11,41],"Golden Idol":67,"Pantograph":25,"Pandora\u0027s Box":["BootSequence","Reprogram","Recycle","Barrage","Melter","Rebound","Sweeping Beam"],"obtain_stats":[{"Golden Idol":2,"Pantograph":7,"Pandora\u0027s Box":17,"Cracked Core":0,"InkBottle":9},{"Golden Idol":1,"Pantograph":3,"Pandora\u0027s Box":8,"Cracked Core":0,"InkBottle":4},{"Golden Idol":2,"Pantograph":11,"Pandora\u0027s Box":33,"Cracked Core":0,"InkBottle":13}],"InkBottle":[9]},"card_choices":[{"not_picked":["Amplify","Creative AI"],"picked":"Core Surge","floor":0.0},{"not_picked":["Barrage","Compile Driver"],"picked":"Ball Lightning","floor":1.0},{"not_picked":["Recycle","Rip and Tear","Heatsinks"],"picked":"SKIP","floor":3.0},{"not_picked":["Turbo","Compile Driver"],"picked":"Conserve Battery","floor":7.0},{"not_picked":["Static Discharge","Scrape"],"picked":"Hologram","floor":8.0},{"not_picked":["Auto Shields","Heatsinks"],"picked":"Conserve Battery","floor":11.0},{"not_picked":["Turbo","Rebound"],"picked":"Go for the Eyes","floor":12.0},{"not_picked":["Streamline","Rebound","Barrage"],"picked":"SKIP","floor":14.0},{"not_picked":["Meteor Strike","All For One"],"picked":"Biased Cognition","floor":16.0},{"not_picked":["Go for the Eyes","Gash"],"picked":"Hologram","floor":18.0},{"not_picked":["Streamline","Rebound","Turbo"],"picked":"SKIP","floor":20}],"player_experience":3987377,"relics_obtained":[{"floor":7.0,"key":"Pantograph"},{"floor":9.0,"key":"InkBottle"}],"event_choices":[{"damage_healed":0.0,"max_hp_gain":0.0,"max_hp_loss":7.0,"gold_gain":0.0,"event_name":"Golden Idol","player_choice":"Lose Max HP","floor":2.0,"gold_loss":0.0,"damage_taken":0.0,"relics_obtained":["Golden Idol"]},{"damage_healed":0.0,"max_hp_gain":0.0,"max_hp_loss":0.0,"gold_gain":0.0,"event_name":"Lab","player_choice":"Got Potions","floor":5.0,"gold_loss":0.0,"damage_taken":0.0},{"damage_healed":0,"gold_gain":0,"player_choice":"Fought Bandits","damage_taken":0,"max_hp_gain":0,"max_hp_loss":0,"event_name":"Masked Bandits","floor":21,"gold_loss":0}],"is_beta":false,"boss_relics":[{"not_picked":["Black Star","Busted Crown"],"picked":"Pandora\u0027s Box"}],"items_purged_floors":[4,19],"is_endless":false,"potions_floor_spawned":[3,7,12,16,18,20],"killed_by":"Masked Bandits","ascension_level":20}}