{"host":"Ryley","time":1611975468,"event":{"mods":["BaseMod","Downfall","Minty Spire (QoL Compilation)","StSLib"],"gold_per_floor":[99,116,116,126,59,44,44,44,71,371,371,114,114,114,114],"floor_reached":13,"language":"ENG","playtime":483,"items_purged":["downfall:Malfunctioning"],"score":79,"play_id":"45358733-00f7-4101-83a9-8defc696854a","local_time":"20210129205748","is_ascension_mode":false,"campfire_choices":[{"data":"bronze:Mutator","floor":1,"key":"SMITH"},{"data":"bronze:OilSpill","floor":8,"key":"SMITH"},{"data":"bronze:Iterate","floor":11,"key":"SMITH"}],"circlet_count":0,"master_deck":["bronze:Strike+1","bronze:Strike","bronze:Strike","bronze:Strike+1","bronze:Defend+1","bronze:Defend","bronze:Defend","bronze:Defend","bronze:Replicate","bronze:Goto","bronze:Mutator+1","bronze:Iterate+1","bronze:WhirlingStrike","bronze:OilSpill+1","bronze:WildBeam","bronze:BitShift","downfall:Icky","downfall:Icky","bronze:FollowUp","bronze:WhirlingStrike"],"relics":["bronze:BronzeCore","Blue Candle","Oddly Smooth Stone","Bag of Marbles"],"acts_visited":["Exordium"],"potions_floor_usage":[],"damage_taken":[{"damage":0,"enemies":"Small Slimes","floor":2,"turns":3},{"damage":3,"enemies":"Jaw Worm","floor":4,"turns":4},{"damage":0,"enemies":"downfall:FleeingMerchant","floor":5,"turns":4},{"damage":10,"enemies":"downfall:FleeingMerchant","floor":6,"turns":4},{"damage":19,"enemies":"3 Sentries","floor":9,"turns":6},{"damage":15,"enemies":"downfall:FleeingMerchant","floor":12,"turns":4},{"damage":24,"enemies":"Lagavulin","floor":13,"turns":3}],"seed_played":"-6229841955115327234","potions_obtained":[{"floor":2,"key":"Dexterity Potion"}],"is_trial":false,"path_per_floor":["R","M","?","M","$","$","T","R","E","?","R","$","E"],"character_chosen":"THE_AUTOMATON","items_purchased":["bronze:WildBeam","Bag of Marbles","bronze:WhirlingStrike"],"campfire_rested":0,"item_purchase_floors":[5,12,12],"current_hp_per_floor":[70,70,70,67,67,57,57,57,38,38,38,23,0,0,0],"gold":114,"neow_bonus":"ONE_RANDOM_RARE_CARD","is_daily":false,"chose_seed":false,"campfire_upgraded":3,"win_rate":0.0,"timestamp":1611975468,"path_taken":["R","M","?","M","?","$","T","R","E","?","R","$","E"],"items_purchased_type":["Card","Relic","Card"],"build_version":"2020-12-18","purchased_purges":1,"victory":false,"max_hp_per_floor":[70,70,70,70,70,70,70,70,70,70,70,70,70,70,70],"card_choices":[{"not_picked":["bronze:ChosenStrike","bronze:BuggyMess"],"picked":"bronze:Iterate","floor":2},{"not_picked":["bronze:NullPointer","bronze:FineTuning"],"picked":"bronze:WhirlingStrike","floor":4},{"not_picked":["bronze:Safeguard","bronze:DelayedGuard"],"picked":"bronze:OilSpill","floor":5},{"not_picked":["bronze:Assembly","bronze:Invalidate"],"picked":"bronze:BitShift","floor":6},{"not_picked":["bronze:WildBeam","bronze:Flail","bronze:Safeguard"],"picked":"SKIP","floor":9},{"not_picked":["bronze:Shield","bronze:Turbo"],"picked":"bronze:FollowUp","floor":12}],"player_experience":357742,"relics_obtained":[{"floor":7,"key":"Blue Candle"},{"floor":9,"key":"Oddly Smooth Stone"}],"event_choices":[],"is_beta":true,"boss_relics":[],"items_purged_floors":[12],"is_endless":false,"potions_floor_spawned":[2],"killed_by":"Lagavulin","ascension_level":0}}