{"host":"5kuyqt569m09uheu","time":1611992268,"event":{"mods":["BaseMod","Downfall","Minty Spire (QoL Compilation)","StSLib"],"gold_per_floor":[99,113,128,18,118,185,185,185,185,185],"floor_reached":8,"language":"ENG","playtime":565,"items_purged":[],"score":46,"play_id":"bc8f1d6e-6994-45d9-bb6d-544f7bfa2795","local_time":"20210130083748","is_ascension_mode":false,"campfire_choices":[{"data":"sneckomod:Unknown","floor":1,"key":"SMITH"}],"circlet_count":0,"master_deck":["sneckomod:Strike","sneckomod:Strike","sneckomod:Strike","sneckomod:Defend","sneckomod:Defend","sneckomod:Defend","sneckomod:TailWhip","sneckomod:SnekBite","sneckomod:Unknown+1","sneckomod:Unknown","sneckomod:SoulDraw","sneckomod:UnknownClassBLUE","sneckomod:UnknownUncommonPower","sneckomod:UnknownUncommonPower","sneckomod:QuickBite","sneckomod:UnknownClassBLUE","sneckomod:UnknownCommonAttack"],"relics":["sneckomod:SneckoSoul","downfall:CloakOfManyFaces","CultistMask","FaceOfCleric","NlothsMask","GremlinMask","SsserpentHead"],"acts_visited":["Exordium"],"potions_floor_usage":[5,8],"damage_taken":[{"damage":3,"enemies":"Jaw Worm","floor":2,"turns":3},{"damage":0,"enemies":"Cultist","floor":3,"turns":2},{"damage":5,"enemies":"downfall:FleeingMerchant","floor":4,"turns":4},{"damage":75,"enemies":"downfall:FaceTrader","floor":5,"turns":11},{"damage":11,"enemies":"2 Louse","floor":6,"turns":2},{"damage":13,"enemies":"3 Sentries","floor":8,"turns":2}],"seed_played":"5550951808875969900","potions_obtained":[{"floor":2,"key":"PowerPotion"},{"floor":5,"key":"AttackPotion"},{"floor":5,"key":"SmokeBomb"}],"is_trial":false,"path_per_floor":["R","M","M","$","?","M","T","E"],"character_chosen":"THE_SNECKO","items_purchased":["sneckomod:UnknownUncommonPower","sneckomod:QuickBite"],"campfire_rested":0,"item_purchase_floors":[4,4],"current_hp_per_floor":[99,96,96,91,16,6,6,0,0,0],"gold":185,"neow_bonus":"TEN_PERCENT_HP_BONUS","is_daily":false,"chose_seed":false,"campfire_upgraded":1,"win_rate":0.0,"timestamp":1611992268,"path_taken":["R","M","M","$","?","?","T","E"],"items_purchased_type":["Card","Card"],"build_version":"2020-12-22","purchased_purges":0,"victory":false,"max_hp_per_floor":[99,99,99,99,99,100,100,100,100,100],"card_choices":[{"not_picked":["sneckomod:IronFang","sneckomod:DiceBlock"],"picked":"sneckomod:SoulDraw","floor":2},{"not_picked":["sneckomod:MasterEye","sneckomod:UnknownClassGUARDIAN"],"picked":"sneckomod:UnknownClassBLUE","floor":3},{"not_picked":["sneckomod:SoulCleanse","sneckomod:Unknown1Cost"],"picked":"sneckomod:UnknownUncommonPower","floor":4},{"not_picked":["sneckomod:DiceBoulder","sneckomod:UnknownClassGUARDIAN"],"picked":"sneckomod:UnknownClassBLUE","floor":5},{"not_picked":["sneckomod:UnknownClassTHE_BRONZE_AUTOMATON","sneckomod:WideSting"],"picked":"sneckomod:UnknownCommonAttack","floor":6}],"player_experience":3918213,"relics_obtained":[{"floor":5,"key":"downfall:CloakOfManyFaces"}],"event_choices":[],"is_beta":false,"boss_relics":[],"items_purged_floors":[],"is_endless":false,"potions_floor_spawned":[2,5],"killed_by":"3 Sentries","ascension_level":0}}