{"host":"uu8qcv8llpcbwyus","time":1611992261,"event":{"mods":["100% Spire Juice","BaseMod","CapriCore","Conspire","Downfall","HololiveMod","Hubris","Marisa（霧雨　魔理沙）","Minty Spire (QoL Compilation)","Reimu（博??梦）","Remilia（蕾米莉?）","Replay The Spire","StSLib","The Administrix","The Animator","The Gatherer","The Immortal","The Servant 0.9.4","TheSwordswoman","WarShipGirlsR/??少女R mod","Yakumo Yukari mod"],"gold_per_floor":[66,85,106,122,122,136,136,153,185,185,185,225,125,147,170,282,282,282,297,223,223,247,258,258],"floor_reached":23,"language":"ENG","playtime":2776,"items_purged":["downfall:Malfunctioning"],"score":409,"play_id":"ccfe42c5-398b-4956-994b-78ea133dffdc","local_time":"20210129233741","is_ascension_mode":true,"campfire_choices":[{"data":"Hololive_CallSpadeEcho","floor":1.0,"key":"SMITH"},{"data":"Hololive_MaximGun","floor":11,"key":"SMITH"},{"data":"Hololive_CallShiroganeNoel","floor":13,"key":"SMITH"},{"floor":18,"key":"DIG"}],"circlet_count":0,"master_deck":["Hololive_Strike","Hololive_Strike","Hololive_Defend","Hololive_Defend","Hololive_Sequa+1","Hololive_CallSpadeEcho+1","Hololive_CallMoonaHoshinova","Hololive_CallYuzukiChoco+1","Hololive_CallYogiri+1","Hololive_CallShiroganeNoel+1","Hololive_Thief","Hololive_CallNakiriAyame","Hololive_MaximGun+1","Hololive_FlyingPonyTail","Hololive_Rebirth","Hololive_FlyingPonyTail","Hololive_CallCivia","Hololive_HuntDinosaur"],"relics":["Hololive_TheStar","ScarletDevilRocket","hubris:MysteriousPyramids","Gambling Chip","Replay:Multitool","downfall:HeartBlessingGreen","Honey Jar","Matryoshka"],"acts_visited":["Exordium","TheCity"],"potions_floor_usage":[23,23],"damage_taken":[{"damage":0.0,"enemies":"Cultist","floor":2.0,"turns":3.0},{"damage":0.0,"enemies":"Small Slimes","floor":3.0,"turns":2.0},{"damage":0.0,"enemies":"2 Louse","floor":4.0,"turns":2.0},{"damage":0.0,"enemies":"Lots of Slimes","floor":6.0,"turns":3.0},{"damage":0.0,"enemies":"Exordium Wildlife","floor":8.0,"turns":2.0},{"damage":0.0,"enemies":"3 Sentries","floor":9.0,"turns":4.0},{"damage":0,"enemies":"Gremlin Nob","floor":12,"turns":3},{"damage":0,"enemies":"3 Louse","floor":14,"turns":2},{"damage":0,"enemies":"Large Slime","floor":15,"turns":2},{"damage":0,"enemies":"WA_ARCHETYPE_RETAIN","floor":16,"turns":4},{"damage":0,"enemies":"Spheric Guardian","floor":19,"turns":2},{"damage":0,"enemies":"downfall:FleeingMerchant","floor":20,"turns":4},{"damage":0,"enemies":"Cultist and Chosen","floor":22,"turns":3},{"damage":41,"enemies":"Slavers","floor":23,"turns":5}],"seed_played":"-5717156455026194429","potions_obtained":[{"floor":3.0,"key":"AttackPotion"},{"floor":4.0,"key":"Fruit Juice"},{"floor":8.0,"key":"SteroidPotion"},{"floor":9.0,"key":"FearPotion"}],"is_trial":false,"path_per_floor":["R","M","M","M","?","M","T","M","E","?","R","E","R","M","M","B",null,"R","M","$","?","M","E"],"character_chosen":"Hololive_HololiveCharacter","items_purchased":[],"campfire_rested":0,"item_purchase_floors":[],"current_hp_per_floor":[32,32,32,37,37,37,37,37,37,37,37,37,37,37,37,37,39,39,39,39,40,40,0,0],"gold":258,"neow_bonus":"RANDOM_COMMON_RELIC","is_daily":false,"chose_seed":false,"campfire_upgraded":3,"win_rate":0.0,"timestamp":1611992261,"path_taken":["R","M","?","M","?","M","T","M","E","?","R","E","R","M","M","BOSS","R","M","$","?","?","E"],"items_purchased_type":[],"build_version":"2020-12-22","purchased_purges":1,"victory":false,"max_hp_per_floor":[35,35,35,40,40,40,40,40,40,40,40,40,40,40,40,40,40,40,40,40,40,40,40,40],"card_choices":[{"not_picked":["Hololive_LuckPotion","Hololive_CallHoushouMarine","Hololive_Yoholoon"],"picked":"Hololive_CallShiroganeNoel","floor":2.0},{"not_picked":["Hololive_Drill","Hololive_Breathe","Hololive_Trident","Hololive_CallOkamiMio"],"picked":"SKIP","floor":3.0},{"not_picked":["Hololive_CallInugamiKorone","Hololive_CallAyundaRisu","Hololive_CallAZKi","Hololive_RevenueBasedLive"],"picked":"SKIP","floor":4.0},{"not_picked":["Hololive_CallSpadeEcho","Hololive_Sequa","Hololive_FlyingPonyTail"],"picked":"Hololive_Thief","floor":6.0},{"not_picked":["Hololive_HuntDinosaur","Hololive_Sequa","Hololive_Rebound"],"picked":"Hololive_CallNakiriAyame","floor":8.0},{"not_picked":["Hololive_Drill","Hololive_CallAyundaRisu","Hololive_CallNatsuiroMatsuri"],"picked":"Hololive_MaximGun","floor":9.0},{"not_picked":["Hololive_Psychosis","Hololive_StrengthChampion","Hololive_Breathe","Hololive_Rebound"],"picked":"SKIP","floor":12},{"not_picked":["Hololive_Sequa","Hololive_LuckPotion","Hololive_Breathe"],"picked":"Hololive_FlyingPonyTail","floor":14},{"not_picked":["Hololive_LuckPotion","Hololive_CallAiraniIofifteen","Hololive_OvertimeWork","Hololive_CallTokinoSora"],"picked":"SKIP","floor":15},{"not_picked":["Hololive_IdolExercise","Hololive_ASMR","Hololive_BeCareful"],"picked":"Hololive_Rebirth","floor":16},{"not_picked":["Hololive_Psychosis","Hololive_CallYukihanaLamy+1","Hololive_Sequa","Hololive_CocoNews+1"],"picked":"Hololive_FlyingPonyTail","floor":19},{"not_picked":["Hololive_RevenueBasedLive","Hololive_CallTokinoSora","Hololive_CallSakuraMiko","Hololive_CocoNews"],"picked":"Hololive_CallCivia","floor":20},{"not_picked":["Hololive_LuckPotion+1","Hololive_Sequa","Hololive_Psychosis","Hololive_Drill+1"],"picked":"Hololive_HuntDinosaur","floor":22}],"player_experience":1153206,"relics_obtained":[{"floor":7.0,"key":"hubris:MysteriousPyramids"},{"floor":9.0,"key":"Gambling Chip"},{"floor":12,"key":"Replay:Multitool"},{"floor":18,"key":"Matryoshka"}],"event_choices":[{"cards_removed":["Hololive_CallAmaneKanata"],"damage_healed":1,"gold_gain":0,"player_choice":"Offered Uncommon","damage_taken":0,"max_hp_gain":0,"max_hp_loss":0,"event_name":"Bonfire Elementals","floor":21,"gold_loss":0}],"is_beta":false,"boss_relics":[{"not_picked":["conspire:RunicOctahedron","Hololive_ChaosS"],"picked":"Honey Jar"}],"items_purged_floors":[20],"is_endless":false,"potions_floor_spawned":[3,4,8,9,15],"killed_by":"Slavers","ascension_level":7}}