{"host":"zrwwt1jjq0fpdjej","time":1611980448,"event":{"mods":["AchievementEnabler","BaseMod","Colored Map","Minty Spire (QoL Compilation)","StSLib","SuperFastMode"],"gold_per_floor":[109,384,401,412,412,439,78,78,78,78,91,91,119,130,130,226,226,226],"floor_reached":17,"language":"KOR","playtime":676,"items_purged":["Strike_R"],"score":248,"play_id":"b2461cbd-14e7-444f-ba10-cee9e6e1869d","local_time":"20210130132048","is_ascension_mode":true,"campfire_choices":[{"data":"Armaments","floor":8.0,"key":"SMITH"},{"data":"Armaments","floor":10.0,"key":"SMITH"},{"data":"Barricade","floor":12.0,"key":"SMITH"},{"data":"Feed","floor":15.0,"key":"SMITH"}],"circlet_count":0,"master_deck":["AscendersBane","Strike_R","Strike_R","Strike_R","Strike_R","Defend_R","Defend_R","Defend_R","Defend_R","Bash","Armaments+1","Seeing Red","Carnage","Barricade+1","Armaments+1","Blood for Blood","Feed+1","Disarm","Reaper"],"relics":["Burning Blood","NeowsBlessing","White Beast Statue","Self Forming Clay","Question Card","Magic Flower","Sozu"],"acts_visited":["Exordium","TheCity"],"potions_floor_usage":[16,16],"damage_taken":[{"damage":0.0,"enemies":"Small Slimes","floor":1.0,"turns":2.0},{"damage":0.0,"enemies":"Cultist","floor":3.0,"turns":1.0},{"damage":0.0,"enemies":"2 Louse","floor":4.0,"turns":1.0},{"damage":29.0,"enemies":"Gremlin Nob","floor":6.0,"turns":4.0},{"damage":8.0,"enemies":"Exordium Thugs","floor":11.0,"turns":4.0},{"damage":24.0,"enemies":"3 Sentries","floor":13.0,"turns":10.0},{"damage":0.0,"enemies":"Exordium Wildlife","floor":14.0,"turns":5.0},{"damage":14,"enemies":"The Guardian","floor":16,"turns":8}],"seed_played":"293530614603602004","potions_obtained":[{"floor":1.0,"key":"SteroidPotion"},{"floor":11.0,"key":"FearPotion"},{"floor":13.0,"key":"PowerPotion"},{"floor":14.0,"key":"ElixirPotion"},{"floor":16,"key":"BlessingOfTheForge"}],"is_trial":false,"path_per_floor":["M","?","M","M","?","E","$","R","T","R","M","R","E","M","R","B",null],"character_chosen":"IRONCLAD","items_purchased":["Self Forming Clay","Armaments"],"campfire_rested":0,"item_purchase_floors":[7,7],"current_hp_per_floor":[78,78,80,80,80,57,57,57,57,57,55,55,37,51,51,46,74,74],"gold":226,"neow_bonus":"THREE_ENEMY_KILL","is_daily":false,"chose_seed":false,"campfire_upgraded":4,"win_rate":0.0,"timestamp":1611980448,"path_taken":["M","?","M","?","?","E","$","R","T","R","M","R","E","M","R","BOSS"],"items_purchased_type":["Relic","Card"],"build_version":"2020-12-22","purchased_purges":1,"victory":false,"max_hp_per_floor":[80,80,80,80,80,80,80,80,80,80,80,80,80,83,83,83,83,83],"card_choices":[{"not_picked":["Hemokinesis","Clothesline"],"picked":"Armaments","floor":1.0},{"not_picked":["Pummel","Headbutt"],"picked":"Seeing Red","floor":3.0},{"not_picked":["Headbutt","Shrug It Off"],"picked":"Carnage","floor":4.0},{"not_picked":["Metallicize","Clash"],"picked":"Barricade","floor":6.0},{"not_picked":["Burning Pact","Headbutt","Dark Embrace"],"picked":"Blood for Blood","floor":11.0},{"not_picked":["True Grit","Blood for Blood","Clothesline"],"picked":"Feed","floor":13.0},{"not_picked":["Sword Boomerang","Pommel Strike","Hemokinesis"],"picked":"Disarm","floor":14.0},{"not_picked":["Offering","Juggernaut","Barricade"],"picked":"Reaper","floor":16}],"player_experience":245639,"relics_obtained":[{"floor":6.0,"key":"White Beast Statue"},{"floor":9.0,"key":"Question Card"},{"floor":13.0,"key":"Magic Flower"}],"event_choices":[{"damage_healed":0.0,"max_hp_gain":0.0,"max_hp_loss":0.0,"gold_gain":275.0,"event_name":"Golden Shrine","player_choice":"Desecrate","floor":2.0,"gold_loss":0.0,"damage_taken":0.0,"cards_obtained":["Regret"]},{"cards_removed":["Regret"],"damage_healed":0.0,"max_hp_gain":0.0,"max_hp_loss":0.0,"gold_gain":0.0,"event_name":"Purifier","player_choice":"Purged","floor":5.0,"gold_loss":0.0,"damage_taken":0.0}],"is_beta":false,"boss_relics":[{"not_picked":["Fusion Hammer","Coffee Dripper"],"picked":"Sozu"}],"items_purged_floors":[7],"is_endless":false,"potions_floor_spawned":[1,11,13,14,16],"ascension_level":10}}